{"host":"pesfwaef25r60kxm","time":1612193657,"event":{"mods":["ATMod(阿瑾Mod)","Act Like it!","Arknights","BaseMod","Colored Powertips","Downfall","Gensokyo","Minty Spire (QoL Compilation)","Pale of the Ancients","Replay The Spire","RumiaBox-露米娅的神秘盒子","Shop Mod","Spicy Shops","StSLib","Waifu the Spire","WarShipGirlsR/战舰少女R mod","[IsaacMod]以撒尖塔","noobMod","【功能Mod】聪明的最终Boss","【遗物卡牌】REMEMod"],"gold_per_floor":[99,119,129,129,129,129,210,228,303,373,383,400,400,45,65,164,164,164,380,397,482,492,45,123,142,142,162,174,208,208,208,227,1079,1079,1079,1096,688,749,45,58,130,130,164,164,164,195,195,210,222,222],"floor_reached":51,"language":"ZHS","playtime":2116,"items_purged":["sneckomod:Strike","sneckomod:Strike","Regret"],"score":1069,"play_id":"eef9fdcb-30d6-4bb4-9222-295dd2a59245","local_time":"20210201233417","is_ascension_mode":false,"campfire_choices":[{"floor":1,"key":"DIG"},{"data":"AT_FamilyPortrait","floor":13,"key":"SMITH"},{"data":"sneckomod:UnknownRarePower","floor":18,"key":"SMITH"},{"data":"expansioncontent:StudyTheSpire","floor":26,"key":"SMITH"},{"data":"sneckomod:UnknownUncommonPower","floor":30,"key":"SMITH"},{"data":"Pain","floor":35,"key":"PURGE"},{"data":"Magnetism","floor":44,"key":"SMITH"},{"data":"sneckomod:DiceBoulder","floor":47,"key":"SMITH"}],"circlet_count":0,"master_deck":["sneckomod:TailWhip+1","sneckomod:SnekBite+1","sneckomod:Unknown","sneckomod:Unknown","AT_FamilyPortrait+1","sneckomod:UnknownUncommonPower+1","sneckomod:UnknownUncommonPower","bronze:HardenedForm+1","sneckomod:WideSting","sneckomod:UnknownRarePower+1","sneckomod:UnknownClassLunar+1","sneckomod:UnendingSupply+1","expansioncontent:StudyTheSpire+1","sneckomod:SoulCleanse+1","sneckomod:UnknownUncommonPower","sneckomod:UnknownUncommonPower","sneckomod:UnknownRareSkill","sneckomod:UnknownStrike+1","Magnetism+1","Discovery","REME_PuzzleBox+1","sneckomod:UnknownUncommonPower+1","sneckomod:UnknownDraw+1","sneckomod:DiceBoulder+1","sneckomod:Unknown2Cost+1"],"relics":["sneckomod:SneckoSoul","HushsDoor","ice","REME_ComplimentaryCards","AT_ATBox","NeowsBlessing","Quantum Egg","GuppysTail","Gensokyo:OccultBall","GodSword6","Ornamental Fan","NineVolt","Bag of Marbles","MagicMushroom","SSSystem","TungstenRod","ReplayFunnel","Replay:Accelerometer","ats:Originium","Ancient Tea Set","Peace Pipe","Kintsugi","MegaBlast","PreservedInsect","Orichalcum","HandDrill","ReplayTheSpireMod:ShopPack","ZombieArmy","Whetstone","Guide Book","Toolbox","Nunchaku","Kunai","TheBible","Replay:Baseball","AT_RedTearstoneRing","InkBottle"],"acts_visited":["Exordium","TheCity","TheBeyond"],"potions_floor_usage":[16,22,23,33,33],"damage_taken":[{"damage":4,"enemies":"Gensokyo:2_Kodama","floor":2,"turns":2},{"damage":0,"enemies":"Gensokyo:Gryphon","floor":3,"turns":1},{"damage":0,"enemies":"Gensokyo:Python","floor":8,"turns":1},{"damage":16,"enemies":"Gensokyo:5_Fairies","floor":11,"turns":4},{"damage":18,"enemies":"Gensokyo:Kitsune","floor":12,"turns":3},{"damage":33,"enemies":"Gensokyo:Gryphon_and_Rabbit","floor":15,"turns":6},{"damage":23,"enemies":"DF_ARCHETYPE_STREAMLINE","floor":16,"turns":10},{"damage":5,"enemies":"3 Byrds","floor":19,"turns":3},{"damage":41,"enemies":"Centurion and Healer","floor":20,"turns":7},{"damage":11,"enemies":"Cultist and Chosen","floor":22,"turns":5},{"damage":0,"enemies":"downfall:FleeingMerchant","floor":23,"turns":4},{"damage":32,"enemies":"Shelled Parasite and Fungi","floor":25,"turns":5},{"damage":1,"enemies":"Centurion and Healer","floor":27,"turns":4},{"damage":0,"enemies":"3 Cultists","floor":28,"turns":3},{"damage":0,"enemies":"REME_1_Revenger","floor":29,"turns":1},{"damage":0,"enemies":"Snake Plant","floor":32,"turns":2},{"damage":75,"enemies":"SI_MIRROR_ARCHETYPE","floor":33,"turns":3},{"damage":0,"enemies":"3 Darklings","floor":36,"turns":1},{"damage":0,"enemies":"downfall:FleeingMerchant","floor":37,"turns":1},{"damage":2,"enemies":"3 Shapes","floor":40,"turns":1},{"damage":0,"enemies":"R_Hoarder","floor":43,"turns":2},{"damage":9,"enemies":"Reptomancer","floor":46,"turns":1},{"damage":0,"enemies":"Transient","floor":48,"turns":3},{"damage":0,"enemies":"Maw","floor":49,"turns":1},{"damage":0,"enemies":"WA_ARCHETYPE_DIVINITY","floor":50,"turns":2}],"seed_played":"-8289750476288421822","potions_obtained":[{"floor":2,"key":"sneckomod:DiceRollPotion"},{"floor":16,"key":"Energy Potion"},{"floor":19,"key":"Swift Potion"},{"floor":22,"key":"SkillPotion"},{"floor":25,"key":"SteroidPotion"},{"floor":29,"key":"sneckomod:DiceRollPotion"},{"floor":32,"key":"Milkshake"},{"floor":38,"key":"Guardian:BlockOnCardUsePotion"}],"is_trial":false,"path_per_floor":["R","M","M","?","?","R","T","M","?","T","M","M","R","COS","M","B",null,"R","M","M","?","M","$","T","M","R","M","M","E","R","T","M","B",null,"R","M","$","?","$","M","T","?","E","R","?","E","R","M","M","B",null],"character_chosen":"THE_SNECKO","items_purchased":["ReplayFunnel","expansioncontent:StudyTheSpire","MegaBlast","PreservedInsect","Orichalcum","HandDrill","ReplayTheSpireMod:ShopPack","ZombieArmy","Guide Book","Toolbox","Nunchaku","Kunai"],"campfire_rested":0,"item_purchase_floors":[23,23,34,37,37,37,37,37,39,39,39,39],"current_hp_per_floor":[90,86,86,86,86,86,86,86,71,71,55,40,40,40,7,67,104,104,99,59,45,35,36,36,5,5,149,150,150,150,150,152,78,110,110,110,110,67,67,65,65,65,66,66,52,43,43,53,56,111],"gold":222,"neow_bonus":"THREE_ENEMY_KILL","is_daily":false,"chose_seed":false,"campfire_upgraded":6,"win_rate":0.0,"timestamp":1612193657,"path_taken":["R","M","M","?","?","R","T","M","?","?","M","M","R","COS","M","BOSS","R","M","M","?","?","$","T","M","R","M","M","E","R","?","M","BOSS","R","M","$","?","?","M","T","?","E","R","?","E","R","?","M","BOSS"],"items_purchased_type":["Relic","Card","Relic","Relic","Relic","Relic","Relic","Relic","Relic","Relic","Relic","Relic"],"build_version":"2020-12-22","purchased_purges":3,"victory":true,"max_hp_per_floor":[90,90,90,90,90,90,90,90,90,90,90,90,90,90,90,97,104,104,124,132,132,136,141,141,148,148,150,152,152,152,152,152,155,110,110,110,110,110,110,112,112,112,112,112,112,112,112,114,114,111],"card_choices":[{"not_picked":["sneckomod:DiceBlock","sneckomod:Unknown1Cost"],"picked":"sneckomod:UnknownUncommonPower","floor":2},{"not_picked":["sneckomod:Unknown1Cost","sneckomod:SnakeSap"],"picked":"sneckomod:UnknownUncommonPower","floor":3},{"not_picked":[],"picked":"sneckomod:UnknownRarePower","floor":4},{"not_picked":["sneckomod:Unknown1Cost","sneckomod:UnknownUncommonAttack","sneckomod:RainOfDice"],"picked":"SKIP","floor":8},{"not_picked":["sneckomod:UnknownUncommonAttack","sneckomod:RainOfDice"],"picked":"sneckomod:WideSting","floor":11},{"not_picked":["sneckomod:Nope","sneckomod:UnknownCommonSkill","sneckomod:DiceBlock"],"picked":"SKIP","floor":12},{"not_picked":["sneckomod:Restock","sneckomod:UnknownUncommonAttack","sneckomod:Nope"],"picked":"SKIP","floor":15},{"not_picked":["sneckomod:Unknown3Cost","sneckomod:Cheat"],"picked":"sneckomod:UnknownRarePower","floor":16},{"not_picked":["sneckomod:SoulCleanse","sneckomod:RainOfDice+1"],"picked":"sneckomod:UnknownClassLunar+1","floor":19},{"not_picked":["sneckomod:UnknownClassLunar+1","sneckomod:UnknownStrike"],"picked":"sneckomod:SoulCleanse+1","floor":20},{"not_picked":["sneckomod:UnknownClassTHE_BRONZE_AUTOMATON","sneckomod:QuickBite","sneckomod:UnknownX+1"],"picked":"SKIP","floor":22},{"not_picked":["sneckomod:UnknownClassLunar","sneckomod:QuickBite"],"picked":"sneckomod:UnendingSupply+1","floor":23},{"not_picked":["sneckomod:SlitherStrike","sneckomod:DiceCrush+1"],"picked":"sneckomod:SoulCleanse+1","floor":25},{"not_picked":["sneckomod:UnknownClassLunar","sneckomod:QuickMove","sneckomod:UnknownWeak+1"],"picked":"SKIP","floor":27},{"not_picked":["sneckomod:SerpentIdol","sneckomod:UnknownCommonAttack","sneckomod:UnknownBlock+1"],"picked":"SKIP","floor":28},{"not_picked":["sneckomod:DiceBlock","sneckomod:IronFang+1"],"picked":"sneckomod:UnknownUncommonPower","floor":29},{"not_picked":["sneckomod:WideSting","sneckomod:SerpentMind"],"picked":"sneckomod:UnknownUncommonPower","floor":32},{"not_picked":["sneckomod:Restock","sneckomod:Cheat"],"picked":"sneckomod:UnknownRareSkill","floor":33},{"not_picked":["sneckomod:MasterEye","sneckomod:UnknownClassDOCTOR_COLOR+1","sneckomod:UnknownUncommonAttack+1"],"picked":"SKIP","floor":36},{"not_picked":["sneckomod:ImprovisedAttack+1","sneckomod:DiceCrush"],"picked":"sneckomod:UnknownStrike+1","floor":37},{"not_picked":["ReplayTheSpireMod:Necrogeddon","REME_ProfessionalPlagiarism"],"picked":"Magnetism","floor":37},{"not_picked":["Transmutation","Replay:Sssssssssstrike"],"picked":"Discovery","floor":37},{"not_picked":["Trip","AT_TearsDenial"],"picked":"REME_PuzzleBox","floor":37},{"not_picked":["sneckomod:UnknownStrike+1","sneckomod:UnknownWeak"],"picked":"sneckomod:UnknownUncommonPower+1","floor":38},{"not_picked":["sneckomod:WideSting","sneckomod:DiceCrush"],"picked":"sneckomod:UnknownDraw+1","floor":40},{"not_picked":["sneckomod:ImprovisedAttack+1","sneckomod:UnknownDraw+1","sneckomod:UnknownClassTHE_BRONZE_AUTOMATON+1"],"picked":"SKIP","floor":43},{"not_picked":["sneckomod:UnknownStrike","sneckomod:ImprovisedGuard"],"picked":"sneckomod:DiceBoulder","floor":46},{"not_picked":["sneckomod:UnknownUncommonAttack","sneckomod:DiceBlock+1","sneckomod:Unknown0Cost+1"],"picked":"SKIP","floor":48},{"not_picked":["sneckomod:UnknownCommonAttack+1","sneckomod:Cheat"],"picked":"sneckomod:Unknown2Cost+1","floor":49}],"player_experience":128514,"relics_obtained":[{"floor":1,"key":"Quantum Egg"},{"floor":7,"key":"GodSword6"},{"floor":10,"key":"Ornamental Fan"},{"floor":11,"key":"Gensokyo:OccultBall"},{"floor":16,"key":"Gensokyo:OccultBall"},{"floor":24,"key":"Replay:Accelerometer"},{"floor":29,"key":"ats:Originium"},{"floor":29,"key":"Ancient Tea Set"},{"floor":31,"key":"Peace Pipe"},{"floor":33,"key":"Gensokyo:OccultBall"},{"floor":38,"key":"Whetstone"},{"floor":41,"key":"TheBible"},{"floor":43,"key":"Gensokyo:OccultBall"},{"floor":43,"key":"ats:Originium"},{"floor":43,"key":"Replay:Baseball"},{"floor":46,"key":"ats:Originium"},{"floor":46,"key":"InkBottle"}],"event_choices":[],"is_beta":false,"boss_relics":[{"not_picked":["REME_DuelDisc","Busted Crown"],"picked":"MagicMushroom"},{"not_picked":[]},{"not_picked":["Coffee Dripper","Honey Jar"],"picked":"Kintsugi"},{"not_picked":[]}],"items_purged_floors":[23,23,34],"is_endless":false,"potions_floor_spawned":[2,16,19,22,25,29,32,40,48],"ascension_level":0}}