{"host":"mnpd8gh7cwxsn5kh","time":1612169482,"event":{"mods":["BaseMod","Bestiary","Block Reminder","Colored Map","Colored Powertips","Highlight Path","Minty Spire (QoL Compilation)","Relic Sorter","Relic Stats"],"gold_per_floor":[113,132,148,148,19,52,52,71,71,97,97,128,145,173,173,278,278,293,323,323,295,295,295,295],"floor_reached":23,"language":"ENG","playtime":2152,"items_purged":[],"score":282,"play_id":"04de02b4-050a-40a0-a844-59b70dccb2b1","local_time":"20210201095122","is_ascension_mode":true,"campfire_choices":[{"data":"Bash","floor":7,"key":"SMITH"},{"floor":11,"key":"REST"},{"data":"True Grit","floor":15,"key":"SMITH"}],"circlet_count":0,"master_deck":["Strike_R","Strike_R","Strike_R","Strike_R","Defend_R","Defend_R","Defend_R","Defend_R","Bash+1","Shrug It Off","Cleave","Battle Trance","Iron Wave","Anger","Pummel","Clothesline","Shrug It Off","True Grit+1","Demon Form","Reaper","Rage","Combust","Iron Wave+1","Decay"],"relics":["Burning Blood","NeowsBlessing","White Beast Statue","Mummified Hand","Odd Mushroom","Pen Nib","Smiling Mask","Runic Pyramid","Red Mask"],"acts_visited":["Exordium","TheCity"],"potions_floor_usage":[10,10,10,10,14,14,16,16,19,19,21,23],"damage_taken":[{"damage":0,"enemies":"Small Slimes","floor":1,"turns":1},{"damage":0,"enemies":"2 Louse","floor":2,"turns":1},{"damage":0,"enemies":"Jaw Worm","floor":3,"turns":1},{"damage":58,"enemies":"Lagavulin","floor":6,"turns":12},{"damage":12,"enemies":"Exordium Thugs","floor":8,"turns":6},{"damage":2,"enemies":"The Mushroom Lair","floor":10,"turns":5},{"damage":2,"enemies":"Gremlin Nob","floor":12,"turns":3},{"damage":3,"enemies":"Red Slaver","floor":13,"turns":5},{"damage":15,"enemies":"Lagavulin","floor":14,"turns":5},{"damage":3,"enemies":"Hexaghost","floor":16,"turns":7},{"damage":12,"enemies":"Chosen","floor":18,"turns":4},{"damage":62,"enemies":"Masked Bandits","floor":19,"turns":6},{"damage":25,"enemies":"2 Thieves","floor":21,"turns":5},{"damage":28,"enemies":"Book of Stabbing","floor":23,"turns":6}],"seed_played":"922566741338790349","potions_obtained":[{"floor":3,"key":"Ancient Potion"},{"floor":6,"key":"EntropicBrew"},{"floor":8,"key":"BlessingOfTheForge"},{"floor":10,"key":"SpeedPotion"},{"floor":12,"key":"PowerPotion"},{"floor":14,"key":"DuplicationPotion"},{"floor":16,"key":"Weak Potion"},{"floor":18,"key":"LiquidMemories"},{"floor":19,"key":"Energy Potion"},{"floor":21,"key":"Block Potion"}],"is_trial":false,"path_per_floor":["M","M","M","?","$","E","R","M","T","?","R","E","M","E","R","B",null,"M","?","?","M","?","E"],"character_chosen":"IRONCLAD","items_purchased":["Battle Trance","Iron Wave"],"campfire_rested":1,"item_purchase_floors":[5,5],"current_hp_per_floor":[78,80,80,73,73,21,21,15,15,19,43,47,50,41,41,44,71,80,35,35,24,24,0,0],"gold":295,"neow_bonus":"THREE_ENEMY_KILL","is_daily":false,"chose_seed":false,"campfire_upgraded":2,"win_rate":0.0,"timestamp":1612169482,"path_taken":["M","M","M","?","$","E","R","M","T","?","R","E","M","E","R","BOSS","M","?","?","M","?","E"],"items_purchased_type":["Card","Card"],"build_version":"2020-12-22","purchased_purges":0,"victory":false,"max_hp_per_floor":[80,80,80,80,80,80,80,80,80,80,80,80,80,80,80,80,80,80,80,80,80,80,80,80],"relic_stats":{"counters":[14,67],"Mummified Hand":[7],"Pen Nib":[7],"Smiling Mask":0,"obtain_stats":[{"NeowsBlessing":0,"Mummified Hand":9,"Pen Nib":12,"Red Mask":19,"Odd Mushroom":10,"Smiling Mask":14,"Burning Blood":0,"White Beast Statue":6,"Runic Pyramid":17},{"NeowsBlessing":0,"Mummified Hand":5,"Pen Nib":7,"Red Mask":12,"Odd Mushroom":6,"Smiling Mask":9,"Burning Blood":0,"White Beast Statue":4,"Runic Pyramid":10},{"NeowsBlessing":0,"Mummified Hand":21,"Pen Nib":29,"Red Mask":56,"Odd Mushroom":26,"Smiling Mask":39,"Burning Blood":0,"White Beast Statue":15,"Runic Pyramid":46}],"Burning Blood":62},"card_choices":[{"not_picked":["Clash","Evolve","Blood for Blood"],"picked":"SKIP","floor":1},{"not_picked":["Pommel Strike","Flame Barrier"],"picked":"Shrug It Off","floor":2},{"not_picked":["Thunderclap","Power Through"],"picked":"Cleave","floor":3},{"not_picked":["Perfected Strike","Iron Wave"],"picked":"Anger","floor":6},{"not_picked":["Evolve","Anger"],"picked":"Pummel","floor":8},{"not_picked":["Bloodletting","Pommel Strike"],"picked":"Clothesline","floor":10},{"not_picked":["Clash","Twin Strike"],"picked":"Shrug It Off","floor":12},{"not_picked":["Cleave","Flex"],"picked":"True Grit","floor":13},{"not_picked":["Flame Barrier","Sever Soul"],"picked":"Demon Form","floor":14},{"not_picked":["Immolate","Offering"],"picked":"Reaper","floor":16},{"not_picked":["Warcry+1","Pummel"],"picked":"Rage","floor":18},{"not_picked":["Perfected Strike+1","Anger"],"picked":"Combust","floor":19},{"not_picked":["Clothesline+1","Clash"],"picked":"Iron Wave+1","floor":21}],"player_experience":230305,"relics_obtained":[{"floor":6,"key":"White Beast Statue"},{"floor":9,"key":"Mummified Hand"},{"floor":10,"key":"Odd Mushroom"},{"floor":12,"key":"Pen Nib"},{"floor":14,"key":"Smiling Mask"},{"floor":19,"key":"Red Mask"}],"event_choices":[{"cards_removed":["Strike_R"],"damage_healed":0,"gold_gain":0,"player_choice":"Card Removal","damage_taken":7,"max_hp_gain":0,"max_hp_loss":0,"event_name":"Golden Wing","floor":4,"gold_loss":0},{"damage_healed":0,"gold_gain":0,"player_choice":"Fought Mushrooms","damage_taken":0,"max_hp_gain":0,"max_hp_loss":0,"event_name":"Mushrooms","floor":10,"gold_loss":0},{"damage_healed":0,"gold_gain":0,"player_choice":"Fought Bandits","damage_taken":0,"max_hp_gain":0,"max_hp_loss":0,"event_name":"Masked Bandits","floor":19,"gold_loss":0},{"damage_healed":0,"gold_gain":0,"player_choice":"Ignored","damage_taken":0,"max_hp_gain":0,"max_hp_loss":0,"event_name":"The Mausoleum","floor":20,"gold_loss":0},{"damage_healed":0,"gold_gain":0,"player_choice":"Smashed Altar","damage_taken":0,"max_hp_gain":0,"max_hp_loss":0,"event_name":"Forgotten Altar","floor":22,"gold_loss":0,"cards_obtained":["Decay"]}],"is_beta":false,"boss_relics":[{"not_picked":["Astrolabe","Pandora\u0027s Box"],"picked":"Runic Pyramid"}],"items_purged_floors":[],"is_endless":false,"potions_floor_spawned":[3,6,8,10,12,13,14,16,18,19,21],"killed_by":"Book of Stabbing","ascension_level":7}}