{"host":"5jyeqch4fosnsiz2","time":1612148045,"event":{"mods":["BaseMod","Bestiary","Colored Map","Colored Powertips","Filter the Spire","Minty Spire (QoL Compilation)","Relic Stats","StSLib","Waifu the Spire","ojb\u0027s Better Paths Mod","ojb\u0027s Info Mod"],"gold_per_floor":[112,129,141,141,61,61,76,110,156,186,198,11,27,53,53,149,149,160,160,130,148,167,197,216,249,249,199,199,80,97,116,116,215,215,225,3,103,19,39,74,74,103,130,130,130,18,18,30,30,30,30],"floor_reached":50,"language":"ENG","playtime":1395,"items_purged":["Expertise","Distraction","Sucker Punch"],"score":610,"play_id":"adc99d93-f748-4c0c-a787-a1b855643e87","local_time":"20210131215405","is_ascension_mode":false,"campfire_choices":[{"data":"Dagger Spray","floor":6,"key":"SMITH"},{"data":"Catalyst","floor":15,"key":"SMITH"},{"data":"Envenom","floor":28,"key":"SMITH"},{"data":"Accuracy","floor":32,"key":"SMITH"},{"floor":41,"key":"REST"},{"floor":44,"key":"REST"},{"floor":49,"key":"RECALL"}],"circlet_count":0,"master_deck":["Survivor","Neutralize","Dagger Spray+1","Slice","Backstab","Caltrops","Infinite Blades","Adrenaline","Envenom+1","Riddle With Holes","Leg Sweep","Catalyst+1","Poisoned Stab","Phantasmal Killer","Bane","Slice+1","Backflip","Accuracy+1","Blade Dance","Blade Dance+1","Cloak And Dagger","Bane","Well Laid Plans","Noxious Fumes","Catalyst","Outmaneuver","Backflip","Storm of Steel","Blade Dance","Accuracy","Well Laid Plans+1","After Image","Crippling Poison+1","PiercingWail"],"relics":["SacredBark","Ninja Scroll","Bag of Marbles","Toy Ornithopter","Akabeko","Happy Flower","WristBlade","Blood Vial","Shuriken","Pantograph","Pandora\u0027s Box","Membership Card","Orichalcum","Bottled Lightning","Boot"],"acts_visited":["Exordium","TheCity","TheBeyond"],"potions_floor_usage":[8,14,16,16,22,23,25,33,33,40,40,42,50],"damage_taken":[{"damage":10,"enemies":"Cultist","floor":1,"turns":6},{"damage":2,"enemies":"Jaw Worm","floor":2,"turns":3},{"damage":0,"enemies":"Small Slimes","floor":3,"turns":4},{"damage":6,"enemies":"2 Fungi Beasts","floor":7,"turns":3},{"damage":4,"enemies":"3 Sentries","floor":8,"turns":4},{"damage":8,"enemies":"Lagavulin","floor":10,"turns":4},{"damage":0,"enemies":"Lots of Slimes","floor":11,"turns":1},{"damage":0,"enemies":"Large Slime","floor":13,"turns":1},{"damage":18,"enemies":"3 Sentries","floor":14,"turns":4},{"damage":1,"enemies":"Hexaghost","floor":16,"turns":5},{"damage":0,"enemies":"Shell Parasite","floor":18,"turns":1},{"damage":0,"enemies":"Chosen","floor":21,"turns":1},{"damage":0,"enemies":"Snake Plant","floor":22,"turns":1},{"damage":0,"enemies":"Book of Stabbing","floor":23,"turns":1},{"damage":5,"enemies":"Chosen and Byrds","floor":24,"turns":3},{"damage":0,"enemies":"Slavers","floor":25,"turns":1},{"damage":0,"enemies":"Sentry and Sphere","floor":30,"turns":1},{"damage":2,"enemies":"Centurion and Healer","floor":31,"turns":2},{"damage":15,"enemies":"Champ","floor":33,"turns":4},{"damage":3,"enemies":"3 Darklings","floor":35,"turns":2},{"damage":34,"enemies":"3 Shapes","floor":39,"turns":2},{"damage":21,"enemies":"Reptomancer","floor":40,"turns":3},{"damage":40,"enemies":"Nemesis","floor":42,"turns":5},{"damage":11,"enemies":"3 Darklings","floor":48,"turns":4},{"damage":74,"enemies":"Awakened One","floor":50,"turns":5}],"seed_played":"-1533145406231975702","potions_obtained":[{"floor":1,"key":"Ancient Potion"},{"floor":3,"key":"Explosive Potion"},{"floor":10,"key":"SkillPotion"},{"floor":11,"key":"LiquidMemories"},{"floor":14,"key":"FearPotion"},{"floor":16,"key":"DuplicationPotion"},{"floor":20,"key":"CunningPotion"},{"floor":22,"key":"CunningPotion"},{"floor":24,"key":"FearPotion"},{"floor":25,"key":"Explosive Potion"},{"floor":31,"key":"Explosive Potion"},{"floor":35,"key":"Dexterity Potion"},{"floor":39,"key":"DistilledChaos"}],"is_trial":false,"path_per_floor":["M","M","M","?","$","R","M","E","T","E","M","$","M","E","R","B",null,"M","?","?","M","M","E","M","E","T","?","R","$","M","M","R","B",null,"M","$","?","$","M","E","R","E","T","R","?","$","?","M","R","B"],"character_chosen":"THE_SILENT","items_purchased":["Infinite Blades","Akabeko","Catalyst","Accuracy","Blade Dance","Membership Card","Blade Dance","Accuracy","GhostInAJar"],"campfire_rested":2,"item_purchase_floors":[5,12,12,29,29,36,36,38,46],"current_hp_per_floor":[60,58,58,58,58,58,52,48,48,40,40,40,40,27,27,36,70,70,70,70,70,70,70,65,70,70,70,70,70,70,68,68,59,70,67,67,67,67,35,26,47,14,14,35,35,35,35,26,26,0,0],"gold":30,"neow_bonus":"BOSS_RELIC","is_daily":false,"chose_seed":false,"campfire_upgraded":4,"win_rate":0.0,"timestamp":1612148045,"path_taken":["M","M","?","?","$","R","M","E","T","E","?","$","M","E","R","BOSS","M","?","?","M","M","E","?","E","T","?","R","$","M","M","R","BOSS","M","?","?","$","?","E","R","E","T","R","?","$","?","M","R","BOSS"],"items_purchased_type":["Card","Relic","Card","Card","Card","Relic","Card","Card","Potion"],"build_version":"2020-12-22","purchased_purges":3,"victory":false,"max_hp_per_floor":[70,70,70,70,70,70,70,70,70,70,70,70,70,70,70,70,70,70,70,70,70,70,70,70,70,70,70,70,70,70,70,70,70,70,70,70,70,70,70,70,70,70,70,70,70,70,70,70,70,70,70],"relic_stats":{"Blood Vial":12,"Happy Flower":[13],"counters":[25,71],"Shuriken":[24],"Pantograph":27,"Pandora\u0027s Box":["Bane","Distraction","Well Laid Plans","Noxious Fumes","Expertise","Catalyst","Outmaneuver","Backflip","Storm of Steel"],"Orichalcum":[18],"Boot":[0],"obtain_stats":[{"Happy Flower":14,"SacredBark":0,"Orichalcum":40,"Boot":47,"Akabeko":12,"Blood Vial":23,"WristBlade":17,"Ninja Scroll":8,"Shuriken":25,"Pantograph":26,"Pandora\u0027s Box":34,"Bag of Marbles":9,"Membership Card":36,"Bottled Lightning":42,"Toy Ornithopter":10,"Ring of the Snake":0},{"Happy Flower":9,"SacredBark":0,"Orichalcum":22,"Boot":23,"Akabeko":7,"Blood Vial":14,"WristBlade":10,"Ninja Scroll":5,"Shuriken":16,"Pantograph":16,"Pandora\u0027s Box":19,"Bag of Marbles":5,"Membership Card":20,"Bottled Lightning":23,"Toy Ornithopter":6,"Ring of the Snake":0},{"Happy Flower":30,"SacredBark":0,"Orichalcum":57,"Boot":62,"Akabeko":25,"Blood Vial":39,"WristBlade":35,"Ninja Scroll":20,"Shuriken":43,"Pantograph":43,"Pandora\u0027s Box":50,"Bag of Marbles":20,"Membership Card":52,"Bottled Lightning":62,"Toy Ornithopter":24,"Ring of the Snake":0}],"Toy Ornithopter":42},"card_choices":[{"not_picked":["Footwork","Prepared"],"picked":"Dagger Spray","floor":1},{"not_picked":["Quick Slash","Outmaneuver"],"picked":"Slice","floor":2},{"not_picked":["Bane","Dagger Spray"],"picked":"Backstab","floor":3},{"not_picked":["Prepared","Dodge and Roll"],"picked":"Adrenaline","floor":7},{"not_picked":["Acrobatics","Outmaneuver"],"picked":"Envenom","floor":8},{"not_picked":["Acrobatics","Prepared"],"picked":"Riddle With Holes","floor":10},{"not_picked":["Cloak And Dagger","Dodge and Roll"],"picked":"Leg Sweep","floor":11},{"not_picked":["Endless Agony","Dagger Throw","Deflect"],"picked":"SKIP","floor":13},{"not_picked":["Flechettes","Eviscerate"],"picked":"Poisoned Stab","floor":14},{"not_picked":["Tools of the Trade","After Image"],"picked":"Phantasmal Killer","floor":16},{"not_picked":["Catalyst","Prepared"],"picked":"Sucker Punch","floor":18},{"not_picked":["PiercingWail","Dagger Spray","All Out Attack+1"],"picked":"SKIP","floor":21},{"not_picked":["Concentrate","Bane"],"picked":"Slice+1","floor":22},{"not_picked":["Underhanded Strike","All Out Attack+1","Catalyst"],"picked":"SKIP","floor":23},{"not_picked":["Concentrate","Sucker Punch+1","Deflect"],"picked":"SKIP","floor":24},{"not_picked":["Acrobatics+1","Dodge and Roll"],"picked":"Backflip","floor":25},{"not_picked":["Finisher","Bouncing Flask+1"],"picked":"Blade Dance+1","floor":30},{"not_picked":["Leg Sweep","Poisoned Stab"],"picked":"Cloak And Dagger","floor":31},{"not_picked":["Malaise","Unload"],"picked":"After Image","floor":33},{"not_picked":["Dash+1","Acrobatics+1","Flechettes+1"],"picked":"SKIP","floor":35},{"not_picked":["Flying Knee","Acrobatics"],"picked":"Well Laid Plans+1","floor":39},{"not_picked":["Finisher","Sucker Punch"],"picked":"After Image","floor":40},{"not_picked":["Quick Slash+1","Underhanded Strike"],"picked":"Crippling Poison+1","floor":42},{"not_picked":["Underhanded Strike","Deadly Poison"],"picked":"PiercingWail","floor":48}],"player_experience":352817,"relics_obtained":[{"floor":8,"key":"Ninja Scroll"},{"floor":9,"key":"Bag of Marbles"},{"floor":10,"key":"Toy Ornithopter"},{"floor":14,"key":"Happy Flower"},{"floor":23,"key":"Blood Vial"},{"floor":25,"key":"Shuriken"},{"floor":26,"key":"Pantograph"},{"floor":40,"key":"Orichalcum"},{"floor":42,"key":"Bottled Lightning"}],"event_choices":[{"damage_healed":0,"gold_gain":0,"cards_transformed":["Defend_G"],"player_choice":"Transformed","damage_taken":0,"max_hp_gain":0,"max_hp_loss":0,"event_name":"Transmorgrifier","floor":4,"gold_loss":0,"cards_obtained":["Caltrops"]},{"damage_healed":0,"gold_gain":0,"player_choice":"Read","damage_taken":0,"max_hp_gain":0,"max_hp_loss":0,"event_name":"The Library","floor":19,"gold_loss":0,"cards_obtained":["Bane"]},{"damage_healed":0,"gold_gain":0,"player_choice":"Bought 2 Potions","damage_taken":0,"max_hp_gain":0,"max_hp_loss":0,"event_name":"The Woman in Blue","floor":20,"gold_loss":0},{"damage_healed":0,"gold_gain":0,"player_choice":"Bet on Murderer","damage_taken":0,"max_hp_gain":0,"max_hp_loss":0,"event_name":"The Joust","floor":27,"gold_loss":50},{"damage_healed":0,"gold_gain":100,"player_choice":"Pray","damage_taken":0,"max_hp_gain":0,"max_hp_loss":0,"event_name":"Golden Shrine","floor":37,"gold_loss":0},{"damage_healed":0,"gold_gain":0,"player_choice":"Ignored","damage_taken":0,"max_hp_gain":0,"max_hp_loss":0,"event_name":"Tomb of Lord Red Mask","floor":45,"gold_loss":0},{"cards_removed":["After Image"],"damage_healed":0,"gold_gain":0,"player_choice":"Gave Card","damage_taken":0,"relics_obtained":["Boot"],"max_hp_gain":0,"max_hp_loss":0,"event_name":"WeMeetAgain","floor":47,"gold_loss":0}],"is_beta":false,"boss_relics":[{"not_picked":["Sozu","Calling Bell"],"picked":"WristBlade"},{"not_picked":["HoveringKite","SlaversCollar"],"picked":"Pandora\u0027s Box"}],"items_purged_floors":[36,38,46],"is_endless":false,"potions_floor_spawned":[1,3,10,11,14,16,22,24,25,31,35,39],"killed_by":"Awakened One","ascension_level":0}}