{"host":"nptej036rrbiurf5","time":1612143138,"event":{"mods":["BaseMod","Colored Map","Colored Powertips","DeckTracker","Minty Spire (QoL Compilation)","StSLib","SuperFastMode"],"gold_per_floor":[121,143,167,38,63,63,93,93,146,168,183,66,90,116,116,198,198,227,227,236,250,270,270,312,312,361,361,361],"floor_reached":27,"language":"KOR","playtime":704,"items_purged":["Strike_G"],"score":534,"play_id":"7be4fa35-8669-4493-bb3d-dacdc5706c9a","local_time":"20210201103218","is_ascension_mode":true,"campfire_choices":[{"data":"Choke","floor":6.0,"key":"SMITH"},{"floor":8.0,"key":"REST"},{"data":"Accuracy","floor":15.0,"key":"SMITH"},{"data":"Footwork","floor":23,"key":"SMITH"},{"floor":25,"key":"REST"}],"circlet_count":0,"master_deck":["AscendersBane","Strike_G","Strike_G","Strike_G","Strike_G","Defend_G","Defend_G","Defend_G","Defend_G","Defend_G","Survivor","Neutralize","Blade Dance","Blade Dance","Choke+1","Leg Sweep","Masterful Stab","Acrobatics","Outmaneuver","Accuracy+1","Die Die Die","PiercingWail+1","Necronomicurse","Footwork+1","Reflex"],"relics":["Ring of the Snake","CeramicFish","Letter Opener","MealTicket","Happy Flower","Sozu","Necronomicon","Red Mask","Bag of Preparation"],"acts_visited":["Exordium","TheCity"],"potions_floor_usage":[22],"damage_taken":[{"damage":13.0,"enemies":"Small Slimes","floor":1.0,"turns":4.0},{"damage":0.0,"enemies":"Cultist","floor":2.0,"turns":3.0},{"damage":0.0,"enemies":"2 Louse","floor":3.0,"turns":4.0},{"damage":4.0,"enemies":"Looter","floor":5.0,"turns":3.0},{"damage":34.0,"enemies":"Lagavulin","floor":7.0,"turns":8.0},{"damage":11.0,"enemies":"Large Slime","floor":10.0,"turns":5.0},{"damage":0.0,"enemies":"Exordium Wildlife","floor":11.0,"turns":2.0},{"damage":3.0,"enemies":"3 Louse","floor":13.0,"turns":2.0},{"damage":0.0,"enemies":"Large Slime","floor":14.0,"turns":5.0},{"damage":0.0,"enemies":"Slime Boss","floor":16.0,"turns":5.0},{"damage":1.0,"enemies":"Chosen","floor":18.0,"turns":5.0},{"damage":0.0,"enemies":"3 Byrds","floor":21.0,"turns":4.0},{"damage":14,"enemies":"Centurion and Healer","floor":22,"turns":5},{"damage":17,"enemies":"Masked Bandits","floor":24,"turns":4},{"damage":23,"enemies":"Sentry and Sphere","floor":27,"turns":3}],"seed_played":"8553158638452983245","potions_obtained":[{"floor":3.0,"key":"SteroidPotion"},{"floor":7.0,"key":"PowerPotion"},{"floor":13.0,"key":"DistilledChaos"},{"floor":16.0,"key":"PowerPotion"}],"is_trial":false,"path_per_floor":["M","M","M","?","M","R","E","R","T","M","M","$","M","M","R","B",null,"M","?","?","M","M","R","?","R","T","M"],"character_chosen":"THE_SILENT","items_purchased":["Acrobatics"],"campfire_rested":2,"item_purchase_floors":[12],"current_hp_per_floor":[46,46,46,46,42,42,8,27,27,16,16,31,28,28,28,28,57,56,56,35,35,21,21,4,23,23,0,0],"gold":361,"neow_bonus":"RANDOM_COMMON_RELIC","is_daily":false,"chose_seed":false,"campfire_upgraded":3,"win_rate":0.0,"timestamp":1612143138,"path_taken":["M","M","M","?","M","R","E","R","T","M","?","?","M","M","R","BOSS","M","?","?","M","M","R","?","R","T","M"],"items_purchased_type":["Card"],"build_version":"2020-12-22","purchased_purges":1,"victory":false,"max_hp_per_floor":[66,66,66,66,66,66,66,66,66,66,66,66,66,66,66,66,66,66,66,66,66,66,66,66,66,66,66,66],"card_choices":[{"not_picked":["Heel Hook","Infinite Blades"],"picked":"Blade Dance","floor":1.0},{"not_picked":["Sucker Punch","Deflect"],"picked":"Blade Dance","floor":2.0},{"not_picked":["Masterful Stab","Bullet Time"],"picked":"Choke","floor":3.0},{"not_picked":["Backflip","Underhanded Strike"],"picked":"Leg Sweep","floor":5.0},{"not_picked":["Quick Slash","Setup","Bane"],"picked":"SKIP","floor":7.0},{"not_picked":["Flying Knee","Slice"],"picked":"Masterful Stab","floor":10.0},{"not_picked":["Choke","Blade Dance","Dagger Throw"],"picked":"SKIP","floor":11.0},{"not_picked":["Sucker Punch","Slice"],"picked":"Outmaneuver","floor":13.0},{"not_picked":["Setup","Sucker Punch"],"picked":"Accuracy","floor":14.0},{"not_picked":["Wraith Form v2","Storm of Steel"],"picked":"Die Die Die","floor":16.0},{"not_picked":["Bane","Dodge and Roll"],"picked":"PiercingWail+1","floor":18.0},{"not_picked":["Blur","Heel Hook","Catalyst"],"picked":"SKIP","floor":21.0},{"not_picked":["Backflip","Bane"],"picked":"Footwork","floor":22},{"not_picked":["Prepared","Backflip"],"picked":"Reflex","floor":24}],"player_experience":897001,"relics_obtained":[{"floor":7.0,"key":"MealTicket"},{"floor":9.0,"key":"Happy Flower"},{"floor":20.0,"key":"Necronomicon"},{"floor":24,"key":"Red Mask"},{"floor":26,"key":"Bag of Preparation"}],"event_choices":[{"damage_healed":0.0,"max_hp_gain":0.0,"max_hp_loss":0.0,"gold_gain":0.0,"event_name":"WeMeetAgain","player_choice":"Paid Gold","floor":4.0,"gold_loss":129.0,"damage_taken":0.0,"relics_obtained":["Letter Opener"]},{"damage_healed":0.0,"max_hp_gain":0.0,"max_hp_loss":0.0,"gold_gain":0.0,"event_name":"The Mausoleum","player_choice":"Ignored","floor":19.0,"gold_loss":0.0,"damage_taken":0.0},{"damage_healed":0.0,"max_hp_gain":0.0,"max_hp_loss":0.0,"gold_gain":0.0,"event_name":"Cursed Tome","player_choice":"Obtained Book","floor":20.0,"gold_loss":0.0,"damage_taken":21.0},{"damage_healed":0,"gold_gain":0,"player_choice":"Fought Bandits","damage_taken":0,"max_hp_gain":0,"max_hp_loss":0,"event_name":"Masked Bandits","floor":24,"gold_loss":0}],"is_beta":false,"boss_relics":[{"not_picked":["Cursed Key","Pandora\u0027s Box"],"picked":"Sozu"}],"items_purged_floors":[12],"is_endless":false,"potions_floor_spawned":[3,7,13,14,16,18],"killed_by":"Sentry and Sphere","ascension_level":20}}