{"host":"gsef4mntx4mq50d0","time":1612191590,"event":{"mods":["Act Like it!","Aspiration","BaseMod","Downfall","GifTheSpireLib","Hallownest","HololiveMod","Hubris","Infinite Spire","MarisaÅiñ∂âJÅ@ñÇóùçπÅj","Minty Spire (QoL Compilation)","SIMod","StSLib","The Alterego","The Bug Knight","The Exalted","The Forsaken","The Servant 0.9.4","TheSwordswoman"],"gold_per_floor":[78,78,101,101,115,140,140,65,65,75,100,118,141,158,158,158,158],"floor_reached":16,"language":"ENG","playtime":934,"items_purged":[],"score":127,"play_id":"bcb05d38-bad2-4092-8be4-ae0958fd1df8","local_time":"20210202005950","is_ascension_mode":false,"campfire_choices":[{"data":"Hololive_CallTsunomakiWatame","floor":7,"key":"SMITH"},{"data":"Hololive_CallShiroganeNoel","floor":15,"key":"SMITH"}],"circlet_count":0,"master_deck":["Hololive_Defend","Hololive_DevilCharm","Hololive_CallShirakamiFubuki","Hololive_CallOzoraSubaru","Hololive_CallShiroganeNoel+1","Hololive_CallFriendA","Hololive_CallTsunomakiWatame+1","Hololive_LuckPotion","aspiration:Lunge","Glass Knife","Storm of Steel","Hololive_Rebound","Hololive_ILoveYou","Hallownest:skillGreenpathMap","Hololive_Breathe","Hololive_RevenueBasedLive","Hololive_Sequa","Hololive_CallYogiri"],"relics":["Hololive_TheStar","NeowsBlessing","Hallownest:SheosBrushRelic","Tiny Chest","Blood Vial","Ornamental Fan","infinitespire:Beetle Shell"],"acts_visited":["Hallownest:Greenpath"],"potions_floor_usage":[],"damage_taken":[{"damage":0,"enemies":"Hallownest:monsterHuskGuard","floor":1,"turns":1},{"damage":0,"enemies":"Hallownest:2_MossCreeps","floor":5,"turns":1},{"damage":0,"enemies":"Hallownest:eliteMossKnight","floor":6,"turns":1},{"damage":0,"enemies":"2_ Uuma","floor":10,"turns":3},{"damage":0,"enemies":"Hallownest:Wandering_and_Horned","floor":12,"turns":3},{"damage":0,"enemies":"Hallownest:monsterMossCharger","floor":13,"turns":4},{"damage":0,"enemies":"Hallownest:monsterFoolEater","floor":14,"turns":3},{"damage":45,"enemies":"Hallownest:BossHornet","floor":16,"turns":6}],"seed_played":"-4661868778940602359","potions_obtained":[{"floor":5,"key":"BlessingOfTheForge"},{"floor":12,"key":"hexamod:SoulburnPotion"},{"floor":14,"key":"Energy Potion"}],"is_trial":false,"path_per_floor":["M","?","T","?","M","E","R","?","T","M","T","M","M","M","R","B"],"character_chosen":"Hololive_HololiveCharacter","items_purchased":[],"campfire_rested":0,"item_purchase_floors":[],"current_hp_per_floor":[35,35,35,35,35,35,35,35,35,35,35,35,35,35,35,0,0],"gold":158,"neow_bonus":"THREE_ENEMY_KILL","is_daily":false,"chose_seed":false,"campfire_upgraded":2,"win_rate":0.0,"timestamp":1612191590,"path_taken":["M","?","?","?","?","E","R","?","T","M","?","M","M","M","R","BOSS"],"items_purchased_type":[],"build_version":"2020-12-22","purchased_purges":0,"victory":false,"max_hp_per_floor":[35,35,35,35,35,35,35,35,35,35,35,35,35,35,35,35,35],"card_choices":[{"not_picked":["Hololive_CallAZKi","Hololive_Breathe","Hololive_CocoNews"],"picked":"Hololive_LuckPotion","floor":1},{"not_picked":["Hololive_RevenueBasedLive","Hololive_LuckPotion","Hololive_HuntDinosaur"],"picked":"Hololive_Rebound","floor":5},{"not_picked":["Hololive_StrengthChampion","Hololive_Drill","Hololive_RevenueBasedLive"],"picked":"Hololive_ILoveYou","floor":6},{"not_picked":["Hololive_ILoveYou","Hololive_CallAiraniIofifteen","Hololive_CallMoonaHoshinova"],"picked":"Hololive_Breathe","floor":10},{"not_picked":["Hololive_SummonFox","Hololive_OvertimeWork","Hololive_CallRosalyn"],"picked":"Hololive_RevenueBasedLive","floor":12},{"not_picked":["Hololive_LuckPotion","Hololive_CallTokoyamiTowa","Hololive_Breathe"],"picked":"Hololive_Sequa","floor":13},{"not_picked":["Hololive_Breathe","Hololive_Thief","Hololive_Sequa"],"picked":"Hololive_CallYogiri","floor":14}],"player_experience":171184,"relics_obtained":[{"floor":3,"key":"Tiny Chest"},{"floor":6,"key":"Blood Vial"},{"floor":9,"key":"Ornamental Fan"},{"floor":11,"key":"infinitespire:Beetle Shell"}],"event_choices":[],"is_beta":false,"boss_relics":[],"items_purged_floors":[],"is_endless":false,"potions_floor_spawned":[5,12,14],"killed_by":"Hallownest:BossHornet","ascension_level":0}}