{"host":"8xzc7f3sd104n9ql","time":1612222641,"event":{"mods":["Ascension Reborn","Aspiration","BaseMod","Better Altar","Better Match","Better Note","Better Sensory Stone","Better Skull","Better Third Choice","Better Vampires","Colored Map","Colored Powertips","Colorless Booster Pack","Conspire","DeckTracker","Downfall","Energized Spire","Halation","Highlight Path","Hubris","Infinite Spire","Minty Spire (QoL Compilation)","Rare Cards Sparkle","RatMod","Reliquary","Replay The Spire","Spicy Shops","Spikes Relics","StSLib","The Blue Laboratory","Transform Curses","Unceasing Turn Reminder","UnlockEverythingMod"],"gold_per_floor":[112,130,130,130,155,195,105,120,146,146,146,146,167,183,183,303,303,321,321,334,354,435,471,492,492,492,107,143,143,166,181,181,181,181],"floor_reached":33,"language":"ENG","playtime":2114,"items_purged":["Strike_B"],"score":289,"play_id":"b387583f-54df-4788-9d82-c24011ce1f70","local_time":"20210201173721","is_ascension_mode":false,"campfire_choices":[{"floor":11,"key":"REST"},{"floor":15,"key":"REST"},{"floor":29,"key":"REST"}],"circlet_count":0,"master_deck":["Strike_B","Strike_B","Strike_B","Defend_B","Defend_B","Defend_B","Defend_B","Auto Shields","Turbo","Vigilance","Eruption","Gash","Reboot","Trip+1","Go for the Eyes","Auto Shields","Scrape","Seek","Beam Cell+1","Rebound","Beam Cell","Turbo","Turbo","Panache","Beam Cell+1"],"relics":["Cracked Core","Golden Idol","SpikesRelics:ToyHorsey","Smiling Mask","infinitespire:WardingShard","aspiration:RitualDagger","infinitespire:BottledMercury","reliquary:Aerogel","halation:OrihimeAndHikoboshiSamaAndTears","halation:Thesaurus","reliquary:BallBearing","aspiration:TomeofQuesting"],"acts_visited":["Exordium","TheCity"],"potions_floor_usage":[33],"damage_taken":[{"damage":1,"enemies":"2 Louse","floor":1,"turns":3},{"damage":0,"enemies":"conspire:RoseBush","floor":2,"turns":3},{"damage":0,"enemies":"Jaw Worm","floor":5,"turns":3},{"damage":52,"enemies":"Gremlin Nob","floor":6,"turns":6},{"damage":8,"enemies":"3 Louse","floor":8,"turns":2},{"damage":6,"enemies":"Large Slime","floor":13,"turns":4},{"damage":1,"enemies":"Looter","floor":14,"turns":3},{"damage":22,"enemies":"The Guardian","floor":16,"turns":7},{"damage":19,"enemies":"Chosen","floor":18,"turns":6},{"damage":54,"enemies":"Spheric Guardian","floor":20,"turns":4},{"damage":18,"enemies":"Snecko","floor":21,"turns":3},{"damage":20,"enemies":"conspire:Head Lice","floor":23,"turns":6},{"damage":44,"enemies":"3 Cultists","floor":24,"turns":5},{"damage":55,"enemies":"Book of Stabbing","floor":28,"turns":5},{"damage":22,"enemies":"Centurion and Healer","floor":30,"turns":4},{"damage":25,"enemies":"Snake Plant","floor":31,"turns":3},{"damage":81,"enemies":"Automaton","floor":33,"turns":6}],"seed_played":"-2811906915075833717","potions_obtained":[{"floor":6,"key":"blueLaboratory:SystemWipe"},{"floor":13,"key":"blueLaboratory:LouseDecoction"},{"floor":14,"key":"Milkshake"}],"is_trial":false,"path_per_floor":["M","M","?","?","M","E","$","M","T","?","R","T","M","M","R","B",null,"M","?","M","M","T","E","M","AVR","T","$","E","R","M","M","R_BF","B"],"character_chosen":"DEFECT","items_purchased":["Trip","halation:Thesaurus","Panache"],"campfire_rested":3,"item_purchase_floors":[7,27,27],"current_hp_per_floor":[81,81,61,61,61,9,9,1,1,1,25,25,19,18,42,20,82,63,63,9,82,82,79,52,52,52,52,14,38,38,23,47,0,0],"gold":181,"neow_bonus":"TEN_PERCENT_HP_BONUS","is_daily":false,"chose_seed":false,"campfire_upgraded":0,"win_rate":0.0,"timestamp":1612222641,"path_taken":["M","M","?","?","M","E","?","M","T","?","R","?","M","M","R","BOSS","M","?","M","?","?","E","M","AVR","T","$","E","R","?","M","R_BF","BOSS"],"items_purchased_type":["Card","Relic","Card"],"build_version":"2020-12-22","purchased_purges":1,"victory":false,"max_hp_per_floor":[82,82,82,82,82,82,82,82,82,82,82,82,82,82,82,82,82,82,82,82,82,82,82,82,82,82,82,82,82,82,82,82,82,82],"card_choices":[{"not_picked":["Steam","ReplayTheSpireMod:GoodbyeWorld"],"picked":"Auto Shields","floor":1},{"not_picked":["Barrage","Melter"],"picked":"Turbo","floor":2},{"not_picked":["Barrage","Turbo"],"picked":"Gash","floor":5},{"not_picked":["ReplayTheSpireMod:Dual Polarity","Compile Driver"],"picked":"Reboot","floor":6},{"not_picked":["Cold Snap","Redo","Hello World"],"picked":"SKIP","floor":8},{"not_picked":["Time Bomb","Redo"],"picked":"Auto Shields","floor":13},{"not_picked":["Ball Lightning","Conserve Battery"],"picked":"Scrape","floor":14},{"not_picked":["Core Surge","Rainbow"],"picked":"Seek","floor":16},{"not_picked":["hubris:PowerSurge","Go for the Eyes"],"picked":"Beam Cell+1","floor":18},{"not_picked":["Sunder","Steam+1"],"picked":"Rebound","floor":20},{"not_picked":["ReplayTheSpireMod:Repulse","BasicCrystalCard"],"picked":"Beam Cell","floor":21},{"not_picked":["Stack+1","Panic Button"],"picked":"Turbo","floor":23},{"not_picked":["Mirror Shield","Rebound"],"picked":"Turbo","floor":24},{"not_picked":["Sweeping Beam","Redo"],"picked":"Beam Cell+1","floor":28},{"not_picked":["Stack","Sweeping Beam","Steam"],"picked":"SKIP","floor":30},{"not_picked":["Undo","Compile Driver","Steam"],"picked":"SKIP","floor":31}],"player_experience":424755,"relics_obtained":[{"floor":6,"key":"SpikesRelics:ToyHorsey"},{"floor":9,"key":"Smiling Mask"},{"floor":12,"key":"infinitespire:WardingShard"},{"floor":22,"key":"infinitespire:BottledMercury"},{"floor":23,"key":"hubris:CrystalStatue"},{"floor":26,"key":"halation:OrihimeAndHikoboshiSamaAndTears"},{"floor":28,"key":"aspiration:TomeofQuesting"}],"event_choices":[{"damage_healed":0,"gold_gain":0,"player_choice":"Take Damage","damage_taken":20,"relics_obtained":["Golden Idol"],"max_hp_gain":0,"max_hp_loss":0,"event_name":"Golden Idol","floor":3,"gold_loss":0},{"damage_healed":0,"gold_gain":0,"player_choice":"Bought 0 Potions","damage_taken":0,"max_hp_gain":0,"max_hp_loss":0,"event_name":"The Woman in Blue","floor":19,"gold_loss":0}],"is_beta":false,"boss_relics":[{"not_picked":["reliquary:RedCape","Coffee Dripper"],"picked":"aspiration:RitualDagger"}],"items_purged_floors":[27],"is_endless":false,"potions_floor_spawned":[6,13,14,16,18,21,30,31],"killed_by":"Automaton","ascension_level":0}}