{"host":"po0gzr6h085cygwo","time":1612195057,"event":{"mods":["AchievementEnabler","BaseMod","Colored Map","KOR Keyword Fix","Minty Spire (QoL Compilation)","Rare Cards Sparkle","Replay The Spire","StSLib","SuperFastMode"],"gold_per_floor":[111,8089,8100,8111,8131,8162,8162,8196,8221,8221,8243,8266,7666,7698,7698,7808,7808,7829,7829,7850,7876,7307,7307,7247,7281,7281,7316,6471,5838,5867,5898,5898,5914,5914],"floor_reached":33,"language":"KOR","playtime":2013,"items_purged":["Defend_G","Strike_G","Atom Bomb","ReplayTheSpireMod:Scrap Shanks"],"score":535,"play_id":"ce769d0e-6c98-44af-9eae-a06b7b22f706","local_time":"20210202005737","is_ascension_mode":true,"campfire_choices":[{"data":"Midas Touch","floor":7.0,"key":"SMITH"},{"data":"Sneak Up","floor":10.0,"key":"SMITH"},{"floor":15.0,"key":"REST"},{"floor":23.0,"key":"RECALL"},{"floor":32.0,"key":"REST"}],"circlet_count":0,"master_deck":["Survivor+1","Neutralize","Bane","Poison Darts+1","Midas Touch+1","Sneak Up+1","Leg Sweep","Replay:Poison Smokescreen+1","ReplayTheSpireMod:Necrosis","Tools of the Trade","Escape Plan","Deadly Poison","Poison Darts","Deadly Poison","Accuracy","Eviscerate","Cloak And Dagger","Underhanded Strike","Crippling Poison","Riddle With Holes+1","Secret Technique+1"],"relics":["Ring of the Snake","Singing Bowl","HornCleat","Strange Spoon","Juzu Bracelet","Replay:Wax Seal","Replay:Bandana","Replay:Towering Pillar of Hats","Toolbox","Gremlin Food","Pandora\u0027s Box","OrangePellets","WingedGreaves","Molten Egg 2","Calipers","Golden Egg","Onion Ring","Vajra","HandDrill","Shuriken","ReplayTheSpireMod:Shallot","ReplayTheSpireMod:ShopPack","Ornamental Fan"],"acts_visited":["Exordium","TheCity"],"potions_floor_usage":[33,33,33],"damage_taken":[{"damage":0.0,"enemies":"Small Slimes","floor":1.0,"turns":4.0},{"damage":3.0,"enemies":"Jaw Worm","floor":3.0,"turns":4.0},{"damage":8.0,"enemies":"2 Louse","floor":4.0,"turns":2.0},{"damage":0.0,"enemies":"2 Fungi Beasts","floor":5.0,"turns":2.0},{"damage":23.0,"enemies":"Lagavulin","floor":6.0,"turns":7.0},{"damage":0.0,"enemies":"Gremlin Nob","floor":8.0,"turns":3.0},{"damage":0.0,"enemies":"Exordium Wildlife","floor":11.0,"turns":1.0},{"damage":0.0,"enemies":"Blue Slaver","floor":12.0,"turns":3.0},{"damage":8.0,"enemies":"Lagavulin","floor":14.0,"turns":5.0},{"damage":16.0,"enemies":"Hexaghost","floor":16.0,"turns":6.0},{"damage":0.0,"enemies":"Chosen","floor":18.0,"turns":4.0},{"damage":0.0,"enemies":"Spheric Guardian","floor":20.0,"turns":2.0},{"damage":5.0,"enemies":"Gremlin Leader","floor":25.0,"turns":5.0},{"damage":24.0,"enemies":"Slavers","floor":27.0,"turns":4.0},{"damage":23.0,"enemies":"Shelled Parasite and Fungi","floor":30.0,"turns":4.0},{"damage":9.0,"enemies":"Book of Stabbing","floor":31.0,"turns":6.0},{"damage":27,"enemies":"Champ","floor":33,"turns":7}],"seed_played":"7566093553544522292","potions_obtained":[{"floor":4.0,"key":"FearPotion"},{"floor":6.0,"key":"BlessingOfTheForge"},{"floor":8.0,"key":"Venom Potion"},{"floor":20.0,"key":"SkillPotion"}],"is_trial":false,"path_per_floor":["M","$","M","M","M","E","R","E","T","R","M","M","$","E","R","B",null,"M","?","M","T","$","R","?","E","T","E","$","$","M","E","R","B"],"character_chosen":"THE_SILENT","items_purchased":["Poison Darts+1","Singing Bowl","HornCleat","Strange Spoon","Midas Touch","Replay:Towering Pillar of Hats","Toolbox","ReplayTheSpireMod:Scrap Shanks","OrangePellets","WingedGreaves","Onion Ring","Vajra","HandDrill","Riddle With Holes+1","Venom Potion","Shuriken","ReplayTheSpireMod:Shallot","ReplayTheSpireMod:ShopPack"],"campfire_rested":2,"item_purchase_floors":[2,2,2,2,2,13,13,13,22,22,28,28,28,28,28,29,29,29],"current_hp_per_floor":[70,70,69,63,65,44,44,44,44,44,44,44,44,38,62,46,72,72,72,74,74,74,74,74,71,71,47,47,51,30,23,50,23,23],"gold":5914,"neow_bonus":"ONE_RANDOM_RARE_CARD","is_daily":false,"chose_seed":false,"campfire_upgraded":2,"win_rate":0.0,"timestamp":1612195057,"path_taken":["M","$","M","M","M","E","R","E","T","R","M","M","$","E","R","BOSS","M","?","M","?","$","R","?","E","T","E","$","$","M","E","R","BOSS"],"items_purchased_type":["Card","Relic","Relic","Relic","Card","Relic","Relic","Card","Relic","Relic","Relic","Relic","Relic","Card","Potion","Relic","Relic","Relic"],"build_version":"2020-12-22","purchased_purges":4,"victory":false,"max_hp_per_floor":[70,70,72,74,76,78,78,78,78,78,78,78,78,80,80,80,80,80,80,82,82,82,82,82,84,84,84,84,88,90,92,92,92,92],"card_choices":[{"not_picked":["Outmaneuver","Flying Knee"],"picked":"Bane","floor":1.0},{"not_picked":["Dagger Throw","Dodge and Roll","Prepared"],"picked":"Singing Bowl","floor":3.0},{"not_picked":["Slice","Underhanded Strike","Eviscerate"],"picked":"Singing Bowl","floor":4.0},{"not_picked":["Blade Dance","ReplayTheSpireMod:Tripwire","Slice"],"picked":"Singing Bowl","floor":5.0},{"not_picked":["ReplayTheSpireMod:Shiv Toss","Deadly Poison","Blade Dance"],"picked":"Singing Bowl","floor":6.0},{"not_picked":["Deflect","Well Laid Plans"],"picked":"Sneak Up","floor":8.0},{"not_picked":["Bouncing Flask","ReplayTheSpireMod:Tripwire"],"picked":"Leg Sweep","floor":11.0},{"not_picked":["Flying Knee","Quick Slash"],"picked":"Replay:Poison Smokescreen","floor":12.0},{"not_picked":["Deflect","Footwork","Acrobatics"],"picked":"Singing Bowl","floor":14.0},{"not_picked":["Phantasmal Killer","Bullet Time"],"picked":"ReplayTheSpireMod:Necrosis","floor":16.0},{"not_picked":["Sneak Up","ReplayTheSpireMod:Scrap Shanks+1"],"picked":"Underhanded Strike","floor":18.0},{"not_picked":["Fluid Movement","Predator","Terror"],"picked":"Singing Bowl","floor":20.0},{"not_picked":["Cloak And Dagger","ReplayTheSpireMod:Speed Training","Setup"],"picked":"Singing Bowl","floor":25.0},{"not_picked":["Backflip+1","Eviscerate+1"],"picked":"Crippling Poison","floor":27.0},{"not_picked":["Replay:Parry","Blind"],"picked":"Secret Technique","floor":29.0},{"not_picked":["Dark Shackles","Survey Options","Dramatic Entrance"],"picked":"Singing Bowl","floor":29.0},{"not_picked":["Sadistic Nature","The Bomb","Violence"],"picked":"Singing Bowl","floor":29.0},{"not_picked":["Cloak And Dagger","ReplayTheSpireMod:Speed Training","Replay:Poison Smokescreen"],"picked":"Singing Bowl","floor":30.0},{"not_picked":["Night Terror","Cloak And Dagger","Replay:Poison Smokescreen"],"picked":"Singing Bowl","floor":31.0}],"player_experience":88433,"relics_obtained":[{"floor":6.0,"key":"Juzu Bracelet"},{"floor":8.0,"key":"Replay:Wax Seal"},{"floor":9.0,"key":"Replay:Bandana"},{"floor":14.0,"key":"Gremlin Food"},{"floor":25.0,"key":"Molten Egg 2"},{"floor":26.0,"key":"Calipers"},{"floor":27.0,"key":"Golden Egg"},{"floor":31.0,"key":"Ornamental Fan"}],"event_choices":[{"damage_healed":0.0,"max_hp_gain":0.0,"max_hp_loss":0.0,"gold_gain":0.0,"event_name":"Vampires","player_choice":"Ignored","floor":19.0,"gold_loss":0.0,"damage_taken":0.0}],"is_beta":false,"boss_relics":[{"not_picked":["Painkiller Herb","Snecko Eye"],"picked":"Pandora\u0027s Box"}],"items_purged_floors":[2,13,22,28],"is_endless":false,"potions_floor_spawned":[4,6,8,11,20,30],"killed_by":"Champ","ascension_level":5}}