{"host":"jwbw4f4imxd0v0b0","time":1612139810,"event":{"mods":["BaseMod","Colored Map","Highlight Path","Minty Spire (QoL Compilation)","Relic Stats","StSLib"],"gold_per_floor":[119,119,119,134,59,59,92,92,92,92,111,136,211,211,211,211,211],"floor_reached":16,"language":"ENG","playtime":430,"items_purged":[],"score":191,"play_id":"a8da17b7-94ba-4c3a-bbab-7b29e51725c5","local_time":"20210131183650","is_ascension_mode":true,"campfire_choices":[{"data":"Rip and Tear","floor":6,"key":"SMITH"},{"data":"Static Discharge","floor":8,"key":"SMITH"},{"data":"Ball Lightning","floor":15,"key":"SMITH"}],"circlet_count":0,"master_deck":["AscendersBane","Strike_B","Strike_B","Defend_B","Defend_B","Defend_B","Defend_B","Zap","Dualcast","Rip and Tear+1","FTL","Static Discharge+1","Ball Lightning+1"],"relics":["Cracked Core","Golden Idol","Art of War","Frozen Egg 2","Centennial Puzzle"],"acts_visited":["Exordium"],"potions_floor_usage":[7,16],"damage_taken":[{"damage":5,"enemies":"Small Slimes","floor":1,"turns":3},{"damage":0,"enemies":"2 Louse","floor":4,"turns":2},{"damage":30,"enemies":"Lagavulin","floor":7,"turns":5},{"damage":0,"enemies":"Cultist","floor":11,"turns":3},{"damage":13,"enemies":"Large Slime","floor":12,"turns":4},{"damage":13,"enemies":"Slime Boss","floor":16,"turns":4}],"seed_played":"-3420777221309728614","potions_obtained":[{"floor":1,"key":"Swift Potion"},{"floor":4,"key":"AttackPotion"},{"floor":11,"key":"Explosive Potion"},{"floor":12,"key":"Strength Potion"}],"is_trial":false,"path_per_floor":["M","?","?","M","?","R","E","R","T","?","M","M","?","?","R","B"],"character_chosen":"DEFECT","items_purchased":[],"campfire_rested":0,"item_purchase_floors":[],"current_hp_per_floor":[66,66,66,66,66,66,36,36,36,36,36,23,12,12,12,0,0],"gold":211,"neow_bonus":"TEN_PERCENT_HP_BONUS","is_daily":false,"chose_seed":false,"campfire_upgraded":3,"win_rate":0.0,"timestamp":1612139810,"path_taken":["M","?","?","M","?","R","E","R","T","?","M","?","?","?","R","BOSS"],"items_purchased_type":[],"build_version":"2020-12-22","purchased_purges":0,"victory":false,"max_hp_per_floor":[78,78,71,71,71,71,71,71,71,71,71,71,71,71,71,71,71],"relic_stats":{"Centennial Puzzle":[0],"counters":[6,21],"Golden Idol":19,"Art of War":[1],"obtain_stats":[{"Centennial Puzzle":14,"Golden Idol":3,"Art of War":7,"Frozen Egg 2":9,"Cracked Core":0},{"Centennial Puzzle":5,"Golden Idol":1,"Art of War":3,"Frozen Egg 2":3,"Cracked Core":0},{"Centennial Puzzle":17,"Golden Idol":3,"Art of War":10,"Frozen Egg 2":10,"Cracked Core":0}]},"card_choices":[{"not_picked":["Consume","Redo"],"picked":"Rip and Tear","floor":1},{"not_picked":["Rip and Tear","Fusion"],"picked":"FTL","floor":4},{"not_picked":["Turbo","Leap"],"picked":"Static Discharge","floor":7},{"not_picked":["Beam Cell","Compile Driver"],"picked":"Ball Lightning","floor":11},{"not_picked":["Chaos","Compile Driver","Skim"],"picked":"SKIP","floor":12}],"player_experience":1192708,"relics_obtained":[{"floor":7,"key":"Art of War"},{"floor":9,"key":"Frozen Egg 2"}],"event_choices":[{"damage_healed":0,"gold_gain":0,"player_choice":"Ignored","damage_taken":0,"max_hp_gain":0,"max_hp_loss":0,"event_name":"Liars Game","floor":2,"gold_loss":0},{"damage_healed":0,"gold_gain":0,"player_choice":"Lose Max HP","damage_taken":0,"relics_obtained":["Golden Idol"],"max_hp_gain":0,"max_hp_loss":7,"event_name":"Golden Idol","floor":3,"gold_loss":0},{"cards_removed":["Strike_B"],"damage_healed":0,"gold_gain":0,"player_choice":"Card Removal","damage_taken":0,"max_hp_gain":0,"max_hp_loss":0,"event_name":"The Cleric","floor":5,"gold_loss":75},{"cards_removed":["Strike_B"],"damage_healed":0,"gold_gain":0,"player_choice":"Purged","damage_taken":0,"max_hp_gain":0,"max_hp_loss":0,"event_name":"Purifier","floor":10,"gold_loss":0},{"damage_healed":0,"gold_gain":75,"player_choice":"Gather Gold","damage_taken":11,"max_hp_gain":0,"max_hp_loss":0,"event_name":"World of Goop","floor":13,"gold_loss":0},{"damage_healed":0,"gold_gain":0,"player_choice":"Gave Potion","damage_taken":0,"relics_obtained":["Centennial Puzzle"],"max_hp_gain":0,"max_hp_loss":0,"event_name":"WeMeetAgain","floor":14,"gold_loss":0}],"is_beta":false,"boss_relics":[],"items_purged_floors":[],"is_endless":false,"potions_floor_spawned":[1,4,11,12],"killed_by":"Slime Boss","ascension_level":19}}