{"host":"klrvvo16pazy794l","time":1612154825,"event":{"mods":["BaseMod","Minty Spire (QoL Compilation)"],"gold_per_floor":[117,127,140,156,167,167,13,44,95,124,124,299,299,299,299,402,402,342,267,112,112,112,112,112,112,112,112,112,112,112,112,112,112,112,112,112,112,112,112,112,112,112,112,112,112,112,112,112,112,112,112],"floor_reached":50,"language":"ENG","playtime":1838,"items_purged":["Doubt"],"score":575,"play_id":"da9853ba-e215-4c43-8d1a-0c303950c026","local_time":"20210131224705","is_ascension_mode":true,"campfire_choices":[{"data":"Armaments","floor":6,"key":"SMITH"},{"data":"Seeing Red","floor":11,"key":"SMITH"},{"data":"Bludgeon","floor":13,"key":"SMITH"},{"data":"Warcry","floor":15,"key":"SMITH"},{"floor":23,"key":"REST"},{"data":"Double Tap","floor":25,"key":"SMITH"},{"data":"RitualDagger","floor":29,"key":"SMITH"},{"floor":32,"key":"REST"},{"data":"Madness","floor":40,"key":"SMITH"},{"data":"Madness","floor":42,"key":"SMITH"},{"floor":45,"key":"REST"},{"floor":49,"key":"RECALL"}],"circlet_count":0,"master_deck":["Strike_R","Strike_R","Strike_R","Strike_R","Strike_R","Defend_R","Defend_R","Defend_R","Defend_R","Bash","Armaments+1","Warcry+1","Seeing Red+1","Thunderclap+1","Bludgeon+1","Double Tap+1","Pommel Strike","RitualDagger+1","Inflame+1","Headbutt","Brutality+1","Rage","Master of Strategy","Madness+1","Madness+1","Shrug It Off","Cleave+1","Parasite"],"relics":["Burning Blood","Nunchaku","Oddly Smooth Stone","Bronze Scales","Darkstone Periapt","Ectoplasm","Ancient Tea Set","Red Mask","MealTicket","Frozen Egg 2","Cursed Key","FossilizedHelix"],"acts_visited":["Exordium","TheCity","TheBeyond"],"potions_floor_usage":[10,16,22,28,31,48,50,50,50],"damage_taken":[{"damage":6,"enemies":"Cultist","floor":1,"turns":3},{"damage":2,"enemies":"Small Slimes","floor":2,"turns":4},{"damage":7,"enemies":"Jaw Worm","floor":3,"turns":3},{"damage":5,"enemies":"2 Fungi Beasts","floor":4,"turns":4},{"damage":7,"enemies":"Looter","floor":5,"turns":4},{"damage":43,"enemies":"3 Sentries","floor":8,"turns":10},{"damage":12,"enemies":"Gremlin Nob","floor":10,"turns":2},{"damage":41,"enemies":"The Guardian","floor":16,"turns":9},{"damage":29,"enemies":"2 Thieves","floor":18,"turns":4},{"damage":42,"enemies":"Masked Bandits","floor":22,"turns":5},{"damage":15,"enemies":"Gremlin Leader","floor":24,"turns":4},{"damage":0,"enemies":"3 Byrds","floor":27,"turns":3},{"damage":6,"enemies":"3 Cultists","floor":28,"turns":3},{"damage":0,"enemies":"Snecko","floor":30,"turns":2},{"damage":16,"enemies":"Centurion and Healer","floor":31,"turns":4},{"damage":33,"enemies":"Collector","floor":33,"turns":5},{"damage":21,"enemies":"Orb Walker","floor":35,"turns":3},{"damage":22,"enemies":"3 Darklings","floor":38,"turns":5},{"damage":29,"enemies":"Reptomancer","floor":41,"turns":4},{"damage":26,"enemies":"Sphere and 2 Shapes","floor":44,"turns":4},{"damage":5,"enemies":"Spire Growth","floor":46,"turns":3},{"damage":31,"enemies":"Writhing Mass","floor":48,"turns":4},{"damage":44,"enemies":"Time Eater","floor":50,"turns":5}],"seed_played":"2553978269202809774","potions_obtained":[{"floor":1,"key":"PowerPotion"},{"floor":4,"key":"BlessingOfTheForge"},{"floor":10,"key":"FearPotion"},{"floor":16,"key":"SteroidPotion"},{"floor":18,"key":"Energy Potion"},{"floor":22,"key":"EssenceOfSteel"},{"floor":28,"key":"Ancient Potion"},{"floor":33,"key":"Strength Potion"},{"floor":48,"key":"LiquidMemories"}],"is_trial":false,"path_per_floor":["M","M","M","M","M","R","$","E","T","E","R","?","R","?","R","B",null,"M","$","$","?","?","R","E","R","T","M","M","R","M","M","R","B",null,"M","$","?","M","?","R","E","R","T","M","R","M","?","M","R","B"],"character_chosen":"IRONCLAD","items_purchased":["Nunchaku","Ancient Tea Set"],"campfire_rested":3,"item_purchase_floors":[7,20],"current_hp_per_floor":[88,88,87,88,87,87,87,50,50,44,44,50,50,50,50,15,94,71,71,71,65,29,57,48,48,48,54,54,54,60,50,78,51,94,79,94,94,78,66,66,43,43,49,29,59,60,60,41,41,0,0],"gold":112,"neow_bonus":"TEN_PERCENT_HP_BONUS","is_daily":false,"chose_seed":false,"campfire_upgraded":8,"win_rate":0.0,"timestamp":1612154825,"path_taken":["M","?","M","M","M","R","$","E","T","E","R","?","R","?","R","BOSS","M","?","$","?","?","R","E","R","T","M","M","R","M","M","R","BOSS","M","$","?","M","?","R","E","R","T","M","R","M","?","M","R","BOSS"],"items_purchased_type":["Relic","Relic"],"build_version":"2020-12-22","purchased_purges":1,"victory":false,"max_hp_per_floor":[88,88,88,88,88,88,88,88,88,88,88,94,94,94,94,94,94,94,94,94,94,94,94,94,94,94,94,94,94,94,94,94,94,94,94,94,94,94,94,94,94,94,100,100,100,100,97,103,103,103,103],"card_choices":[{"not_picked":["Disarm","Iron Wave"],"picked":"Armaments","floor":1},{"not_picked":["Havoc","True Grit","Heavy Blade"],"picked":"SKIP","floor":2},{"not_picked":["Body Slam","Wild Strike"],"picked":"Warcry","floor":3},{"not_picked":["Armaments","Hemokinesis"],"picked":"Seeing Red","floor":4},{"not_picked":["Bloodletting","Second Wind"],"picked":"Thunderclap","floor":5},{"not_picked":["Rage","Warcry"],"picked":"Bludgeon","floor":8},{"not_picked":["Twin Strike","Wild Strike","Rupture"],"picked":"SKIP","floor":10},{"not_picked":["Demon Form","Juggernaut"],"picked":"Double Tap","floor":16},{"not_picked":["Armaments","Heavy Blade"],"picked":"Pommel Strike","floor":18},{"not_picked":["Reckless Charge","Twin Strike+1","Feed"],"picked":"SKIP","floor":24},{"not_picked":["Flame Barrier","Metallicize+1"],"picked":"Inflame+1","floor":27},{"not_picked":["Armaments","Wild Strike","Thunderclap"],"picked":"SKIP","floor":28},{"not_picked":["Disarm","Ghostly Armor"],"picked":"Headbutt","floor":30},{"not_picked":["Clothesline","Anger","Headbutt"],"picked":"SKIP","floor":31},{"not_picked":["Bludgeon","Double Tap"],"picked":"Brutality+1","floor":33},{"not_picked":["Wild Strike","Heavy Blade","Rage"],"picked":"SKIP","floor":35},{"not_picked":["Wild Strike","Heavy Blade"],"picked":"Rage","floor":35},{"not_picked":["Bandage Up","Purity"],"picked":"Master of Strategy","floor":37},{"not_picked":["True Grit+1","Heavy Blade+1","Entrench+1"],"picked":"SKIP","floor":38},{"not_picked":["Bludgeon","Perfected Strike+1"],"picked":"Shrug It Off","floor":41},{"not_picked":["Twin Strike","Warcry"],"picked":"Cleave+1","floor":44},{"not_picked":["Cleave","Shrug It Off","Brutality+1"],"picked":"SKIP","floor":46},{"not_picked":["Dual Wield","Feel No Pain+1","Iron Wave"],"picked":"SKIP","floor":48}],"player_experience":482559,"relics_obtained":[{"floor":8,"key":"Oddly Smooth Stone"},{"floor":9,"key":"Bronze Scales"},{"floor":10,"key":"Darkstone Periapt"},{"floor":22,"key":"Red Mask"},{"floor":24,"key":"MealTicket"},{"floor":26,"key":"Frozen Egg 2"},{"floor":41,"key":"FossilizedHelix"}],"event_choices":[{"damage_healed":0,"gold_gain":175,"player_choice":"AGREE","damage_taken":0,"max_hp_gain":0,"max_hp_loss":0,"event_name":"Liars Game","floor":12,"gold_loss":0,"cards_obtained":["Doubt"]},{"damage_healed":0,"gold_gain":0,"player_choice":"Upgraded","damage_taken":0,"max_hp_gain":0,"max_hp_loss":0,"event_name":"Upgrade Shrine","floor":14,"gold_loss":0,"cards_upgraded":["Thunderclap"]},{"damage_healed":0,"gold_gain":0,"player_choice":"Joined the Cult","damage_taken":6,"max_hp_gain":0,"max_hp_loss":0,"event_name":"Nest","floor":21,"gold_loss":0,"cards_obtained":["RitualDagger"]},{"damage_healed":0,"gold_gain":0,"player_choice":"Fought Bandits","damage_taken":0,"max_hp_gain":0,"max_hp_loss":0,"event_name":"Masked Bandits","floor":22,"gold_loss":0},{"damage_healed":0,"gold_gain":0,"player_choice":"Memory 1","damage_taken":0,"max_hp_gain":0,"max_hp_loss":0,"event_name":"SensoryStone","floor":37,"gold_loss":0},{"damage_healed":0,"gold_gain":0,"player_choice":"Embrace Madness","damage_taken":12,"max_hp_gain":0,"max_hp_loss":0,"event_name":"Winding Halls","floor":39,"gold_loss":0,"cards_obtained":["Madness","Madness"]},{"cards_removed":["Parasite"],"damage_healed":0,"gold_gain":0,"player_choice":"Purged","damage_taken":0,"max_hp_gain":0,"max_hp_loss":0,"event_name":"Purifier","floor":47,"gold_loss":0}],"is_beta":false,"boss_relics":[{"not_picked":["Runic Cube","Astrolabe"],"picked":"Ectoplasm"},{"not_picked":["Runic Pyramid","SacredBark"],"picked":"Cursed Key"}],"items_purged_floors":[19],"is_endless":false,"potions_floor_spawned":[1,4,10,16,18,22,27,28,33,44,48],"killed_by":"Time Eater","ascension_level":2}}