{"host":"3jhxjeq8h3mqaq9s","time":1612147493,"event":{"mods":["BaseMod","Bestiary","Colored Map","Highlight Path","Minty Spire (QoL Compilation)","Rare Cards Sparkle","Relic Stats","StSLib","everything is the same but u backflip on backflip","slay the spire mod where everything is the same but ironclad has a cowboy hat"],"gold_per_floor":[114,129,143,93,112,144,144,144,170,197,229,241,261,278,278,374,374,388,402,10,27,0,0,0],"floor_reached":23,"language":"ENG","playtime":752,"items_purged":["Strike_R"],"score":332,"play_id":"3826627b-36d8-4642-827c-b012de5d7a97","local_time":"20210131214453","is_ascension_mode":true,"campfire_choices":[{"data":"Bash","floor":7,"key":"SMITH"},{"data":"Whirlwind","floor":15,"key":"SMITH"}],"circlet_count":0,"master_deck":["Strike_R","Strike_R","Strike_R","Defend_R","Defend_R","Defend_R","Defend_R","Bash+1","Carnage","Whirlwind+1","Cleave","True Grit","Disarm","Battle Trance","Cleave","Pummel","Demon Form","CurseOfTheBell","Pommel Strike+1"],"relics":["Burning Blood","Ancient Tea Set","Bag of Preparation","Smiling Mask","Calling Bell","Red Skull","Singing Bowl","WingedGreaves","Membership Card","Pen Nib","Strawberry"],"acts_visited":["Exordium","TheCity"],"potions_floor_usage":[13,16,18,21],"damage_taken":[{"damage":6,"enemies":"Cultist","floor":1,"turns":4},{"damage":3,"enemies":"2 Louse","floor":2,"turns":3},{"damage":7,"enemies":"Jaw Worm","floor":3,"turns":3},{"damage":12,"enemies":"Red Slaver","floor":5,"turns":4},{"damage":32,"enemies":"Gremlin Nob","floor":6,"turns":4},{"damage":33,"enemies":"3 Sentries","floor":11,"turns":6},{"damage":12,"enemies":"3 Louse","floor":12,"turns":3},{"damage":1,"enemies":"Blue Slaver","floor":13,"turns":2},{"damage":0,"enemies":"2 Fungi Beasts","floor":14,"turns":2},{"damage":0,"enemies":"Slime Boss","floor":16,"turns":3},{"damage":16,"enemies":"Spheric Guardian","floor":18,"turns":4},{"damage":52,"enemies":"2 Thieves","floor":19,"turns":4},{"damage":14,"enemies":"Centurion and Healer","floor":21,"turns":4},{"damage":20,"enemies":"Slavers","floor":23,"turns":1}],"seed_played":"2375267071841012990","potions_obtained":[{"floor":0,"key":"Energy Potion"},{"floor":0,"key":"SteroidPotion"},{"floor":0,"key":"Dexterity Potion"},{"floor":5,"key":"Block Potion"},{"floor":16,"key":"LiquidMemories"},{"floor":21,"key":"GamblersBrew"}],"is_trial":false,"path_per_floor":["M","M","M","?","M","E","R","?","T","T","E","M","M","M","R","B",null,"M","M","$","M","?","E"],"character_chosen":"IRONCLAD","items_purchased":["Membership Card","Pen Nib","Strawberry","LiquidMemories"],"campfire_rested":0,"item_purchase_floors":[20,20,20,20],"current_hp_per_floor":[72,75,74,74,68,42,42,68,68,68,41,35,40,46,46,52,73,65,21,28,20,20,0,0],"gold":0,"neow_bonus":"THREE_SMALL_POTIONS","is_daily":false,"chose_seed":false,"campfire_upgraded":2,"win_rate":0.0,"timestamp":1612147493,"path_taken":["M","M","M","?","M","E","R","?","T","?","E","M","M","M","R","BOSS","M","M","$","M","?","E"],"items_purchased_type":["Relic","Relic","Relic","Potion"],"build_version":"2020-12-22","purchased_purges":1,"victory":false,"max_hp_per_floor":[80,80,80,80,80,80,80,80,80,80,80,80,80,80,80,80,80,82,84,91,91,91,91,91],"relic_stats":{"Singing Bowl":4,"counters":[14,47],"Pen Nib":[0],"Bag of Preparation":[18],"Smiling Mask":-12,"obtain_stats":[{"Calling Bell":17,"Singing Bowl":17,"Strawberry":20,"WingedGreaves":17,"Pen Nib":20,"Bag of Preparation":9,"Membership Card":20,"Ancient Tea Set":6,"Smiling Mask":11,"Burning Blood":0,"Red Skull":17},{"Calling Bell":10,"Singing Bowl":10,"Strawberry":12,"WingedGreaves":10,"Pen Nib":12,"Bag of Preparation":5,"Membership Card":12,"Ancient Tea Set":5,"Smiling Mask":6,"Burning Blood":0,"Red Skull":10},{"Calling Bell":34,"Singing Bowl":34,"Strawberry":42,"WingedGreaves":34,"Pen Nib":42,"Bag of Preparation":18,"Membership Card":42,"Ancient Tea Set":18,"Smiling Mask":24,"Burning Blood":0,"Red Skull":34}],"Burning Blood":78},"card_choices":[{"not_picked":["Spot Weakness","Rupture"],"picked":"Carnage","floor":1},{"not_picked":["Havoc","Wild Strike"],"picked":"Whirlwind","floor":2},{"not_picked":["Clash","Rage"],"picked":"Cleave","floor":3},{"not_picked":["Sword Boomerang","Warcry"],"picked":"True Grit","floor":5},{"not_picked":["Fiend Fire","Cleave"],"picked":"Disarm","floor":6},{"not_picked":["Flex","Dropkick","Metallicize"],"picked":"SKIP","floor":11},{"not_picked":["Dropkick","Armaments"],"picked":"Battle Trance","floor":12},{"not_picked":["Thunderclap","Flex"],"picked":"Cleave","floor":13},{"not_picked":["Evolve","Bloodletting"],"picked":"Pummel","floor":14},{"not_picked":["Fiend Fire","Impervious"],"picked":"Demon Form","floor":16},{"not_picked":["Bloodletting","Blood for Blood","Wild Strike"],"picked":"Singing Bowl","floor":18},{"not_picked":["Second Wind","Dark Embrace+1","Reckless Charge"],"picked":"Singing Bowl","floor":19},{"not_picked":["Thunderclap","Anger"],"picked":"Pommel Strike+1","floor":21}],"player_experience":2473524,"relics_obtained":[{"floor":6,"key":"Ancient Tea Set"},{"floor":9,"key":"Bag of Preparation"},{"floor":11,"key":"Smiling Mask"},{"floor":17,"key":"Red Skull"},{"floor":17,"key":"Singing Bowl"},{"floor":17,"key":"WingedGreaves"}],"event_choices":[{"cards_removed":["Strike_R"],"damage_healed":0,"gold_gain":0,"player_choice":"Card Removal","damage_taken":0,"max_hp_gain":0,"max_hp_loss":0,"event_name":"The Cleric","floor":4,"gold_loss":50},{"damage_healed":26,"gold_gain":0,"player_choice":"Banana","damage_taken":0,"max_hp_gain":0,"max_hp_loss":0,"event_name":"Big Fish","floor":8,"gold_loss":0},{"damage_healed":0,"gold_gain":0,"player_choice":"Paid Fearfully","damage_taken":0,"max_hp_gain":0,"max_hp_loss":0,"event_name":"Masked Bandits","floor":22,"gold_loss":27}],"is_beta":false,"boss_relics":[{"not_picked":["Coffee Dripper","Mark of Pain"],"picked":"Calling Bell"}],"items_purged_floors":[20],"is_endless":false,"potions_floor_spawned":[3,5,6,16,21],"killed_by":"Slavers","ascension_level":6}}