{"host":"oehe2dxjvdgux73m","time":1612191019,"event":{"mods":["AchievementEnabler","BaseMod","Colored Map","Colored Powertips","DeckTracker","Keyboard Shortcuts","Minty Spire (QoL Compilation)","Permanent Neow","Quick Restart","StSLib","SuperFastMode"],"gold_per_floor":[214,214,228,246,117,149,161,173,211,223,255,342,369,381,393,405,405],"floor_reached":16,"language":"KOR","playtime":365,"items_purged":["Strike_G"],"score":196,"play_id":"29358df7-140d-4bfc-9679-989af319ef0d","local_time":"20210201235019","is_ascension_mode":true,"campfire_choices":[{"data":"Noxious Fumes","floor":8.0,"key":"SMITH"},{"data":"Noxious Fumes","floor":10.0,"key":"SMITH"},{"data":"Neutralize","floor":15.0,"key":"SMITH"}],"circlet_count":0,"master_deck":["AscendersBane","Strike_G","Strike_G","Strike_G","Strike_G","Defend_G","Defend_G","Defend_G","Defend_G","Defend_G","Survivor","Neutralize+1","Noxious Fumes+1","Bane","Backstab","Dagger Spray","Noxious Fumes+1","Slice"],"relics":["Ring of the Snake","MawBank","Boot","Odd Mushroom"],"acts_visited":["Exordium"],"potions_floor_usage":[16,16],"damage_taken":[{"damage":6.0,"enemies":"Jaw Worm","floor":1.0,"turns":6.0},{"damage":3.0,"enemies":"2 Louse","floor":3.0,"turns":4.0},{"damage":0.0,"enemies":"Small Slimes","floor":4.0,"turns":4.0},{"damage":13.0,"enemies":"3 Sentries","floor":6.0,"turns":6.0},{"damage":21.0,"enemies":"The Mushroom Lair","floor":11.0,"turns":4.0},{"damage":0.0,"enemies":"3 Louse","floor":13.0,"turns":2.0},{"damage":28,"enemies":"Slime Boss","floor":16,"turns":8}],"seed_played":"-4121800709875787610","potions_obtained":[{"floor":1.0,"key":"BlessingOfTheForge"},{"floor":4.0,"key":"Regen Potion"},{"floor":11.0,"key":"DistilledChaos"},{"floor":14.0,"key":"Dexterity Potion"}],"is_trial":false,"path_per_floor":["M","?","M","M","$","E","$","R","T","R","?","?","M","?","R","B"],"character_chosen":"THE_SILENT","items_purchased":["Dagger Spray"],"campfire_rested":0,"item_purchase_floors":[5],"current_hp_per_floor":[53,58,55,55,55,57,57,57,57,57,36,25,25,25,25,0,0],"gold":405,"neow_bonus":"HUNDRED_GOLD","is_daily":false,"chose_seed":false,"campfire_upgraded":3,"win_rate":0.0,"timestamp":1612191019,"path_taken":["M","?","M","M","$","E","$","R","T","R","?","?","M","?","R","BOSS"],"items_purchased_type":["Card"],"build_version":"2020-12-22","purchased_purges":1,"victory":false,"max_hp_per_floor":[66,71,71,71,71,71,71,71,71,71,71,71,71,71,71,71,71],"card_choices":[{"not_picked":["Well Laid Plans","Footwork"],"picked":"Noxious Fumes","floor":1.0},{"not_picked":["Accuracy","Acrobatics"],"picked":"Bane","floor":3.0},{"not_picked":["Catalyst","Reflex"],"picked":"Backstab","floor":4.0},{"not_picked":["Backflip","Underhanded Strike"],"picked":"Noxious Fumes","floor":6.0},{"not_picked":["Quick Slash","Sucker Punch"],"picked":"Slice","floor":11.0},{"not_picked":["Reflex","Dagger Throw","Heel Hook"],"picked":"SKIP","floor":13.0}],"player_experience":338333,"relics_obtained":[{"floor":6.0,"key":"MawBank"},{"floor":9.0,"key":"Boot"},{"floor":11.0,"key":"Odd Mushroom"}],"event_choices":[{"damage_healed":0.0,"max_hp_gain":5.0,"max_hp_loss":0.0,"gold_gain":0.0,"event_name":"Big Fish","player_choice":"Donut","floor":2.0,"gold_loss":0.0,"damage_taken":0.0},{"damage_healed":0.0,"max_hp_gain":0.0,"max_hp_loss":0.0,"gold_gain":0.0,"event_name":"Mushrooms","player_choice":"Fought Mushrooms","floor":11.0,"gold_loss":0.0,"damage_taken":0.0},{"damage_healed":0.0,"max_hp_gain":0.0,"max_hp_loss":0.0,"gold_gain":75.0,"event_name":"World of Goop","player_choice":"Gather Gold","floor":12.0,"gold_loss":0.0,"damage_taken":11.0},{"damage_healed":0.0,"max_hp_gain":0.0,"max_hp_loss":0.0,"gold_gain":0.0,"event_name":"Lab","player_choice":"Got Potions","floor":14.0,"gold_loss":0.0,"damage_taken":0.0}],"is_beta":false,"boss_relics":[],"items_purged_floors":[5],"is_endless":false,"potions_floor_spawned":[1,4,11],"killed_by":"Slime Boss","ascension_level":20}}