{"host":"i29s15dsg0c43zmx","time":1612214944,"event":{"mods":["AchievementEnabler","BaseMod","Colored Map","Minty Spire (QoL Compilation)","StSLib"],"gold_per_floor":[116,66,66,66,66,100,100,118,118,118,129,159,178,193,193,193,193],"floor_reached":16,"language":"ENG","playtime":524,"items_purged":[],"score":110,"play_id":"3f71c82f-f986-4c7f-b010-0b91539627b4","local_time":"20210201222904","is_ascension_mode":false,"campfire_choices":[{"data":"MasterReality","floor":7,"key":"SMITH"},{"floor":15,"key":"REST"}],"circlet_count":0,"master_deck":["Strike_P","Strike_P","Strike_P","Strike_P","Defend_P","Defend_P","Defend_P","Defend_P","Eruption","Vigilance","MasterReality+1","CarveReality","ThirdEye","Meditate","Weave","Bandage Up","Eruption","Prostrate","Prostrate","FollowUp","Weave"],"relics":["PureWater","Matryoshka","Juzu Bracelet","Bag of Marbles","InkBottle"],"acts_visited":["Exordium"],"potions_floor_usage":[12,16,16],"damage_taken":[{"damage":3,"enemies":"Jaw Worm","floor":1,"turns":7},{"damage":28,"enemies":"Gremlin Nob","floor":6,"turns":3},{"damage":0,"enemies":"2 Louse","floor":8,"turns":3},{"damage":0,"enemies":"Cultist","floor":11,"turns":3},{"damage":45,"enemies":"3 Sentries","floor":12,"turns":6},{"damage":5,"enemies":"Red Slaver","floor":13,"turns":3},{"damage":8,"enemies":"Exordium Thugs","floor":14,"turns":3},{"damage":40,"enemies":"The Guardian","floor":16,"turns":5}],"seed_played":"-7655238274912380272","potions_obtained":[{"floor":1,"key":"Ancient Potion"},{"floor":5,"key":"EssenceOfSteel"},{"floor":5,"key":"Fruit Juice"},{"floor":5,"key":"BottledMiracle"},{"floor":12,"key":"Ancient Potion"}],"is_trial":false,"path_per_floor":["M","$","?","?","?","E","R","M","T","?","M","E","M","M","R","B"],"character_chosen":"WATCHER","items_purchased":["ThirdEye"],"campfire_rested":1,"item_purchase_floors":[2],"current_hp_per_floor":[69,69,74,74,74,46,46,46,46,46,50,14,13,9,33,0,0],"gold":193,"neow_bonus":"ONE_RANDOM_RARE_CARD","is_daily":false,"chose_seed":false,"campfire_upgraded":1,"win_rate":0.0,"timestamp":1612214944,"path_taken":["M","$","?","?","?","E","R","M","T","?","M","E","M","M","R","BOSS"],"items_purchased_type":["Card"],"build_version":"2020-12-22","purchased_purges":0,"victory":false,"max_hp_per_floor":[72,72,77,77,77,77,77,77,77,77,77,82,82,82,82,82,82],"card_choices":[{"not_picked":["Nirvana","Halt"],"picked":"CarveReality","floor":1},{"not_picked":["SignatureMove","Adaptation"],"picked":"Meditate","floor":6},{"not_picked":["PathToVictory","Vengeance"],"picked":"Weave","floor":8},{"not_picked":["WaveOfTheHand","Evaluate"],"picked":"Prostrate","floor":11},{"not_picked":["LikeWater","FollowUp"],"picked":"Prostrate","floor":12},{"not_picked":["FlyingSleeves","PathToVictory"],"picked":"FollowUp","floor":13},{"not_picked":["BowlingBash","DeceiveReality"],"picked":"Weave","floor":14}],"player_experience":103879,"relics_obtained":[{"floor":6,"key":"Matryoshka"},{"floor":9,"key":"Juzu Bracelet"},{"floor":9,"key":"Bag of Marbles"},{"floor":12,"key":"InkBottle"}],"event_choices":[{"damage_healed":0,"gold_gain":0,"player_choice":"Donut","damage_taken":0,"max_hp_gain":5,"max_hp_loss":0,"event_name":"Big Fish","floor":3,"gold_loss":0},{"damage_healed":0,"gold_gain":0,"player_choice":"Ignored","damage_taken":0,"max_hp_gain":0,"max_hp_loss":0,"event_name":"Liars Game","floor":4,"gold_loss":0},{"damage_healed":0,"gold_gain":0,"player_choice":"Got Potions","damage_taken":0,"max_hp_gain":0,"max_hp_loss":0,"event_name":"Lab","floor":5,"gold_loss":0},{"damage_healed":0,"gold_gain":0,"player_choice":"2 cards matched","damage_taken":0,"max_hp_gain":0,"max_hp_loss":0,"event_name":"Match and Keep!","floor":10,"gold_loss":0,"cards_obtained":["Bandage Up","Eruption"]}],"is_beta":false,"boss_relics":[],"items_purged_floors":[],"is_endless":false,"potions_floor_spawned":[1,11,12,13],"killed_by":"The Guardian","ascension_level":0}}