{"host":"i9wanet4r0ff4t9y","time":1612185741,"event":{"mods":["2.2 Compatiblity","Act Like it!","BaseMod","Bestiary","Better Altar","Better Match","Better Note","Better Sensory Stone","Better Skull","Better Third Choice","Better Vampires","BetterRewards","CapriCore","Colored Map","Curses Come First","Downfall","Minty Spire (QoL Compilation)","Quick Restart","READ ME - Guardian Mod","READ ME - Snecko Mod","Relic Stats","Reliquary","Say the Spire","Spicy Shops","StSLib","The Disciple","The Gatherer","Waifu the Spire"],"gold_per_floor":[127,29,29,56,21,21,21,49,72,72,72,72],"floor_reached":11,"language":"POL","playtime":246,"items_purged":["Normality"],"score":119,"play_id":"846dc8b1-5060-47bb-a925-210fe67ffdf4","local_time":"20210201142221","is_ascension_mode":true,"campfire_choices":[{"data":"Armaments","floor":6,"key":"SMITH"}],"circlet_count":0,"master_deck":["AscendersBane","Strike_R","Strike_R","Strike_R","Strike_R","Strike_R","Defend_R","Defend_R","Defend_R","Defend_R","Bash","Mind Blast","Armaments+1","Flex","Pummel","Shrug It Off","Intimidate"],"relics":["Burning Blood","Membership Card","reliquary:Firecrackers","reliquary:Knoch","CeramicFish","Juzu Bracelet","Calipers","reliquary:Tamtam","Anchor"],"acts_visited":["Exordium"],"potions_floor_usage":[],"damage_taken":[{"damage":3,"enemies":"Small Slimes","floor":1,"turns":3},{"damage":0,"enemies":"Cultist","floor":4,"turns":3},{"damage":0,"enemies":"2 Louse","floor":8,"turns":3},{"damage":50,"enemies":"Gremlin Nob","floor":11,"turns":5}],"seed_played":"4733132105551714270","potions_obtained":[],"is_trial":false,"path_per_floor":["M","$","?","M","?","R","?","M","T","?","E"],"character_chosen":"IRONCLAD","items_purchased":["Membership Card","reliquary:Firecrackers","Sling","reliquary:Knoch","CeramicFish","Juzu Bracelet","Mind Blast","Armaments","Feel No Pain","reliquary:Tamtam","Pummel"],"campfire_rested":0,"item_purchase_floors":[0,0,0,0,0,0,0,0,0,2,2],"current_hp_per_floor":[36,36,25,31,49,49,49,55,55,55,5,5],"gold":72,"neow_bonus":"","is_daily":false,"chose_seed":false,"campfire_upgraded":1,"win_rate":0.0,"timestamp":1612185741,"path_taken":["M","$","?","M","?","R","?","M","T","?","E"],"items_purchased_type":["Relic","Relic","Relic","Relic","Relic","Relic","Card","Card","Card","Relic","Card"],"build_version":"2020-12-22","purchased_purges":1,"victory":false,"max_hp_per_floor":[75,75,75,75,75,75,75,75,75,75,75,75],"relic_stats":{"counters":[102,463],"CeramicFish":81,"Juzu Bracelet":2,"obtain_stats":[{"Calipers":0,"reliquary:PartyBalloon":14,"CeramicFish":0,"Vajra":15,"Whetstone":0,"reliquary:Tamtam":2,"Sling":0,"Boot":17,"Old Coin":23,"Blood Vial":38,"Sozu":17,"Centennial Puzzle":24,"Lizard Tail":0,"HornCleat":13,"HandDrill":0,"Pear":0,"Blue Candle":0,"Oddly Smooth Stone":0,"Charon\u0027s Ashes":0,"Letter Opener":24,"War Paint":0,"WarpedTongs":30,"reliquary:Bookmark":0,"reliquary:JackalopeAntler":26,"Shuriken":9,"Molten Egg 2":31,"reliquary:BallBearing":12,"Mark of Pain":17,"reliquary:SculptingSteel":26,"Black Star":34,"reliquary:MedicineBall":0,"reliquary:Knoch":0,"Unceasing Top":22,"Pocketwatch":27,"Darkstone Periapt":10,"Lantern":0,"Regal Pillow":3,"reliquary:SilkGlove":9,"Singing Bowl":43,"reliquary:PrincelyHelmet":7,"reliquary:Aerogel":25,"reliquary:Firecrackers":31,"Magic Flower":0,"Enchiridion":25,"Mango":0,"Incense Burner":19,"Bag of Preparation":7,"Juzu Bracelet":0,"hubris:EmptyBottle":0,"Cursed Key":17,"Smiling Mask":9,"Burning Blood":0,"ClockworkSouvenir":0,"Dream Catcher":9,"hubris:Icosahedron":2,"Shovel":7,"Gambling Chip":17,"Toolbox":0,"Tiny Chest":0,"reliquary:Buckler":0,"hubris:IronBody":26,"WingedGreaves":26,"Red Mask":39,"downfall:ExtraCursedBell":7,"hexamod:CandleOfCauterizing":9,"Lee\u0027s Waffle":11,"Golden Idol":2,"Omamori":11,"hubris:Towel":47,"reliquary:RosewoodLute":0,"Orichalcum":0,"Odd Mushroom":8,"Frozen Egg 2":9,"White Beast Statue":17,"reliquary:IridiumChain":0,"Mercury Hourglass":32,"Calling Bell":17,"reliquary:ExpiredCoupon":0,"Anchor":9,"Ornamental Fan":0,"betterThird:SlimedRelic":4,"Bloody Idol":24,"Orrery":0,"reliquary:Stiletto":11,"reliquary:TuningFork":0,"Champion Belt":0,"Membership Card":0,"hubris:Potato":6,"Toy Ornithopter":10},{"Calipers":98,"reliquary:PartyBalloon":45,"CeramicFish":98,"Vajra":64,"Whetstone":0,"reliquary:Tamtam":99,"Sling":3,"Boot":46,"Old Coin":38,"Blood Vial":21,"Sozu":35,"Centennial Puzzle":69,"Lizard Tail":85,"HornCleat":91,"HandDrill":39,"Pear":26,"Blue Candle":59,"Oddly Smooth Stone":39,"Charon\u0027s Ashes":26,"Letter Opener":17,"War Paint":0,"WarpedTongs":18,"reliquary:Bookmark":26,"reliquary:JackalopeAntler":97,"Shuriken":57,"Molten Egg 2":19,"reliquary:BallBearing":62,"Mark of Pain":65,"reliquary:SculptingSteel":69,"Black Star":20,"reliquary:MedicineBall":39,"reliquary:Knoch":80,"Unceasing Top":68,"Pocketwatch":69,"Darkstone Periapt":31,"Lantern":0,"Regal Pillow":1,"reliquary:SilkGlove":42,"Singing Bowl":23,"reliquary:PrincelyHelmet":61,"reliquary:Aerogel":97,"reliquary:Firecrackers":72,"Magic Flower":3,"Enchiridion":49,"Mango":85,"Incense Burner":14,"Bag of Preparation":61,"Juzu Bracelet":98,"hubris:EmptyBottle":0,"Cursed Key":13,"Smiling Mask":30,"Burning Blood":0,"ClockworkSouvenir":3,"Dream Catcher":61,"hubris:Icosahedron":1,"Shovel":61,"Gambling Chip":46,"Toolbox":80,"Tiny Chest":50,"reliquary:Buckler":59,"hubris:IronBody":17,"WingedGreaves":49,"Red Mask":21,"downfall:ExtraCursedBell":61,"hexamod:CandleOfCauterizing":10,"Lee\u0027s Waffle":61,"Golden Idol":27,"Omamori":11,"hubris:Towel":24,"reliquary:RosewoodLute":39,"Orichalcum":85,"Odd Mushroom":90,"Frozen Egg 2":90,"White Beast Statue":46,"reliquary:IridiumChain":85,"Mercury Hourglass":72,"Calling Bell":46,"reliquary:ExpiredCoupon":53,"Anchor":101,"Ornamental Fan":80,"betterThird:SlimedRelic":28,"Bloody Idol":49,"Orrery":0,"reliquary:Stiletto":43,"reliquary:TuningFork":53,"Champion Belt":53,"Membership Card":98,"hubris:Potato":9,"Toy Ornithopter":11},{"Calipers":449,"reliquary:PartyBalloon":207,"CeramicFish":449,"Vajra":288,"Whetstone":0,"reliquary:Tamtam":452,"Sling":10,"Boot":217,"Old Coin":178,"Blood Vial":105,"Sozu":166,"Centennial Puzzle":310,"Lizard Tail":370,"HornCleat":396,"HandDrill":184,"Pear":133,"Blue Candle":267,"Oddly Smooth Stone":184,"Charon\u0027s Ashes":133,"Letter Opener":82,"War Paint":0,"WarpedTongs":88,"reliquary:Bookmark":133,"reliquary:JackalopeAntler":444,"Shuriken":258,"Molten Egg 2":92,"reliquary:BallBearing":278,"Mark of Pain":295,"reliquary:SculptingSteel":310,"Black Star":100,"reliquary:MedicineBall":184,"reliquary:Knoch":354,"Unceasing Top":307,"Pocketwatch":310,"Darkstone Periapt":146,"Lantern":0,"Regal Pillow":4,"reliquary:SilkGlove":192,"Singing Bowl":113,"reliquary:PrincelyHelmet":273,"reliquary:Aerogel":444,"reliquary:Firecrackers":319,"Magic Flower":10,"Enchiridion":231,"Mango":370,"Incense Burner":66,"Bag of Preparation":273,"Juzu Bracelet":449,"hubris:EmptyBottle":0,"Cursed Key":60,"Smiling Mask":144,"Burning Blood":0,"ClockworkSouvenir":10,"Dream Catcher":273,"hubris:Icosahedron":4,"Shovel":273,"Gambling Chip":217,"Toolbox":354,"Tiny Chest":235,"reliquary:Buckler":267,"hubris:IronBody":82,"WingedGreaves":231,"Red Mask":105,"downfall:ExtraCursedBell":273,"hexamod:CandleOfCauterizing":42,"Lee\u0027s Waffle":273,"Golden Idol":135,"Omamori":47,"hubris:Towel":117,"reliquary:RosewoodLute":184,"Orichalcum":370,"Odd Mushroom":390,"Frozen Egg 2":390,"White Beast Statue":217,"reliquary:IridiumChain":370,"Mercury Hourglass":319,"Calling Bell":217,"reliquary:ExpiredCoupon":243,"Anchor":458,"Ornamental Fan":354,"betterThird:SlimedRelic":138,"Bloody Idol":231,"Orrery":0,"reliquary:Stiletto":196,"reliquary:TuningFork":243,"Champion Belt":243,"Membership Card":449,"hubris:Potato":36,"Toy Ornithopter":47}],"Burning Blood":604},"card_choices":[{"not_picked":["Havoc","Clash"],"picked":"Flex","floor":1},{"not_picked":["Headbutt","True Grit"],"picked":"Shrug It Off","floor":4},{"not_picked":["Perfected Strike","Warcry"],"picked":"Intimidate","floor":8}],"player_experience":465374,"relics_obtained":[{"floor":9,"key":"Anchor"}],"event_choices":[{"damage_healed":0,"gold_gain":0,"player_choice":"Damaged","damage_taken":11,"max_hp_gain":0,"max_hp_loss":0,"event_name":"Wheel of Change","floor":3,"gold_loss":0},{"damage_healed":18,"gold_gain":0,"player_choice":"Healed","damage_taken":0,"max_hp_gain":0,"max_hp_loss":0,"event_name":"The Cleric","floor":5,"gold_loss":35},{"cards_removed":["Clumsy"],"damage_healed":0,"gold_gain":0,"player_choice":"Removed Curses","damage_taken":0,"max_hp_gain":0,"max_hp_loss":0,"event_name":"Fountain of Cleansing","floor":7,"gold_loss":0},{"damage_healed":0,"gold_gain":0,"player_choice":"Ignored","damage_taken":0,"max_hp_gain":0,"max_hp_loss":0,"event_name":"Golden Wing","floor":10,"gold_loss":0}],"is_beta":false,"boss_relics":[],"items_purged_floors":[2],"is_endless":false,"potions_floor_spawned":[],"killed_by":"Gremlin Nob","ascension_level":19}}