{"host":"phyc2c04sehl2isi","time":1612188115,"event":{"mods":["A Magickal Journey","Act Like it!","BaseMod","Better Note","Colored Powertips","Elementarium","Hermit","Hunter ??","Minty Spire (QoL Compilation)","Nova Terra(??·??)","Prisma Mod","Quick Restart","StSLib","The Death Knight","The Jungle","The Necromancer","The Sage","The Vixen"],"gold_per_floor":[111,130,146,42,56,56,70,70,97,131,144,173,186,205,205,205,205],"floor_reached":16,"language":"ENG","playtime":1239,"items_purged":[],"score":141,"play_id":"53cb3d20-3106-410a-b47a-45e6d06fcab9","local_time":"20210201150155","is_ascension_mode":false,"campfire_choices":[{"data":"DeathKnight:Hysteria","floor":6,"key":"SMITH"},{"floor":15,"key":"REST"}],"circlet_count":0,"master_deck":["DeathKnight:Strike_DeathKnight","DeathKnight:Strike_DeathKnight","DeathKnight:Strike_DeathKnight","DeathKnight:Strike_DeathKnight","DeathKnight:Strike_DeathKnight","DeathKnight:Defend_DeathKnight","DeathKnight:Defend_DeathKnight","DeathKnight:Defend_DeathKnight","DeathKnight:Defend_DeathKnight","DeathKnight:Defend_DeathKnight","DeathKnight:RuneTap","DeathKnight:RuneStrike","DeathKnight:GargoyleSkin","DeathKnight:ThirstingStrike","DeathKnight:IcyTouch","DeathKnight:Hysteria+1","DeathKnight:UnholyAssault","DeathKnight:BloodStrike","DeathKnight:GargoyleSkin","DeathKnight:BoneSpear","DeathKnight:Contagion","DeathKnight:DeathRune","DeathKnight:IceboundArmor","DeathKnight:MutagenicPlague"],"relics":["DeathKnight:BrokenRuneblade","NeowsBlessing","Bag of Marbles","Bronze Scales","Happy Flower"],"acts_visited":["Exordium"],"potions_floor_usage":[12,12,12,12,12,14],"damage_taken":[{"damage":0,"enemies":"Small Slimes","floor":1,"turns":1},{"damage":0,"enemies":"Cultist","floor":2,"turns":1},{"damage":0,"enemies":"Jaw Worm","floor":3,"turns":1},{"damage":9,"enemies":"Blue Slaver","floor":5,"turns":6},{"damage":15,"enemies":"Exordium Thugs","floor":7,"turns":5},{"damage":43,"enemies":"3 Sentries","floor":10,"turns":9},{"damage":0,"enemies":"2 Fungi Beasts","floor":11,"turns":4},{"damage":0,"enemies":"Gremlin Nob","floor":12,"turns":3},{"damage":1,"enemies":"Looter","floor":13,"turns":3},{"damage":0,"enemies":"Gremlin Gang","floor":14,"turns":3},{"damage":34,"enemies":"The Guardian","floor":16,"turns":8}],"seed_played":"-137904808442402741","potions_obtained":[{"floor":1,"key":"DeathKnight:BottledBloodEchoes"},{"floor":7,"key":"BlessingOfTheForge"},{"floor":10,"key":"EntropicBrew"},{"floor":11,"key":"DeathKnight:VirulencePotion"}],"is_trial":false,"path_per_floor":["M","M","M","$","M","R","M","?","T","E","M","E","M","M","R","B"],"character_chosen":"DEATH_KNIGHT","items_purchased":["DeathKnight:Hysteria","DeathKnight:UnholyAssault"],"campfire_rested":1,"item_purchase_floors":[4,4],"current_hp_per_floor":[75,75,75,75,66,66,51,51,51,8,8,8,7,7,29,0,0],"gold":205,"neow_bonus":"THREE_ENEMY_KILL","is_daily":false,"chose_seed":false,"campfire_upgraded":1,"win_rate":0.0,"timestamp":1612188115,"path_taken":["M","M","M","$","M","R","M","?","T","E","M","E","?","M","R","BOSS"],"items_purchased_type":["Card","Card"],"build_version":"2020-12-22","purchased_purges":0,"victory":false,"max_hp_per_floor":[75,75,75,75,75,75,75,75,75,75,75,75,75,75,75,75,75],"card_choices":[{"not_picked":["DeathKnight:DeathGrip","DeathKnight:Pestilence"],"picked":"DeathKnight:GargoyleSkin","floor":1},{"not_picked":["DeathKnight:FrosPresence","DeathKnight:DeathStrike"],"picked":"DeathKnight:ThirstingStrike","floor":2},{"not_picked":["DeathKnight:Hemostasis","DeathKnight:Ossuary"],"picked":"DeathKnight:IcyTouch","floor":3},{"not_picked":["DeathKnight:Rot","DeathKnight:Runeguard"],"picked":"DeathKnight:BloodStrike","floor":5},{"not_picked":["DeathKnight:Parry","DeathKnight:ShatteringStrikes"],"picked":"DeathKnight:GargoyleSkin","floor":7},{"not_picked":["DeathKnight:Hysteria","DeathKnight:HornOfWinter"],"picked":"DeathKnight:BoneSpear","floor":10},{"not_picked":["DeathKnight:MarkOfBlood","DeathKnight:WraithWalk"],"picked":"DeathKnight:Contagion","floor":11},{"not_picked":["DeathKnight:ShatteringStrikes","DeathKnight:Parry"],"picked":"DeathKnight:DeathRune","floor":12},{"not_picked":["DeathKnight:RaiseAlly","DeathKnight:UnholyFrenzy"],"picked":"DeathKnight:IceboundArmor","floor":13},{"not_picked":["DeathKnight:FrosPresence","DeathKnight:ShatteringStrikes"],"picked":"DeathKnight:MutagenicPlague","floor":14}],"player_experience":1570433,"relics_obtained":[{"floor":9,"key":"Bag of Marbles"},{"floor":10,"key":"Bronze Scales"},{"floor":12,"key":"Happy Flower"}],"event_choices":[{"cards_removed":["DeathKnight:Hysteria"],"damage_healed":0,"gold_gain":0,"player_choice":"Give","damage_taken":0,"max_hp_gain":0,"max_hp_loss":0,"event_name":"betterNote:BetterNote","floor":8,"gold_loss":0,"cards_obtained":["Strike_R"]}],"is_beta":false,"boss_relics":[],"items_purged_floors":[],"is_endless":false,"potions_floor_spawned":[1,7,10,11],"killed_by":"The Guardian","ascension_level":0}}