{"host":"soyfmymeou4emntr","time":1612160037,"event":{"mods":["BaseMod","BetterRewards","Minty Spire (QoL Compilation)","Relic Sorter","Relic Stats","StSLib"],"gold_per_floor":[110,35,35,48,60,88,88,113,113,127,140,140,171,11,11,82,82,98,117,117,133,13,13,30,30,77,77,110,210,241,253,253,331,331,344,360,143,161,40,65,65,97,97,129,129,129,148,148,148,148,148],"floor_reached":52,"language":"ENG","playtime":4982,"items_purged":["Strike_R"],"score":2146,"play_id":"416afd35-82c0-4e4b-b9d1-2f633f8040d0","local_time":"20210131231357","is_ascension_mode":true,"campfire_choices":[{"floor":7.0,"key":"REST"},{"floor":12.0,"key":"REST"},{"data":"Berserk","floor":15.0,"key":"SMITH"},{"data":"Double Tap","floor":23.0,"key":"SMITH"},{"data":"Limit Break","floor":25.0,"key":"SMITH"},{"floor":32.0,"key":"REST"},{"data":"Entrench","floor":41.0,"key":"SMITH"},{"data":"Juggernaut","floor":46.0,"key":"SMITH"},{"data":"Rage","floor":49.0,"key":"SMITH"}],"circlet_count":0,"master_deck":["AscendersBane","Defend_R","Defend_R","Defend_R","Defend_R","Bash","Anger","Carnage","Clothesline","Spot Weakness","Berserk+1","Thunderclap","Pommel Strike+1","Battle Trance","Limit Break+1","Sword Boomerang","Rage+1","Shrug It Off","Double Tap+1","Bite","Bite","Bite+1","Bite","Bite","Entrench+1","Juggernaut+1","Inflame+1","Reaper","Shrug It Off+1","Burning Pact+1","Dark Shackles","Sentinel+1","Flame Barrier","Flame Barrier","Pummel+1","Shockwave+1"],"relics":["Sozu","Lizard Tail","FossilizedHelix","Mango","Du-Vu Doll","Membership Card","Runic Dome","Pen Nib","Red Skull","Turnip","Bottled Lightning","Question Card","Runic Pyramid","Bag of Preparation","ClockworkSouvenir","Sling","Juzu Bracelet","Whetstone","Incense Burner","Centennial Puzzle"],"acts_visited":["Exordium","TheCity","TheBeyond"],"potions_floor_usage":[],"damage_taken":[{"damage":6.0,"enemies":"2 Louse","floor":1.0,"turns":3.0},{"damage":1.0,"enemies":"Cultist","floor":4.0,"turns":3.0},{"damage":5.0,"enemies":"Small Slimes","floor":5.0,"turns":3.0},{"damage":42.0,"enemies":"3 Sentries","floor":6.0,"turns":8.0},{"damage":29.0,"enemies":"Gremlin Nob","floor":8.0,"turns":4.0},{"damage":0.0,"enemies":"3 Louse","floor":10.0,"turns":3.0},{"damage":2.0,"enemies":"Exordium Thugs","floor":11.0,"turns":4.0},{"damage":10.0,"enemies":"Lagavulin","floor":13.0,"turns":5.0},{"damage":12.0,"enemies":"The Guardian","floor":16.0,"turns":9.0},{"damage":0.0,"enemies":"Chosen","floor":18.0,"turns":3.0},{"damage":7.0,"enemies":"3 Byrds","floor":19.0,"turns":3.0},{"damage":11.0,"enemies":"Centurion and Healer","floor":21.0,"turns":6.0},{"damage":0.0,"enemies":"Snecko","floor":24.0,"turns":4.0},{"damage":0.0,"enemies":"Book of Stabbing","floor":28.0,"turns":3.0},{"damage":14.0,"enemies":"Colosseum Slavers","floor":29.0,"turns":2.0},{"damage":0.0,"enemies":"Colosseum Nobs","floor":29.0,"turns":3.0},{"damage":36.0,"enemies":"Slavers","floor":30.0,"turns":5.0},{"damage":17.0,"enemies":"Sentry and Sphere","floor":31.0,"turns":4.0},{"damage":48.0,"enemies":"Automaton","floor":33.0,"turns":6.0},{"damage":60.0,"enemies":"3 Darklings","floor":35.0,"turns":4.0},{"damage":21.0,"enemies":"Orb Walker","floor":36.0,"turns":3.0},{"damage":0.0,"enemies":"Jaw Worm Horde","floor":38.0,"turns":3.0},{"damage":0.0,"enemies":"Giant Head","floor":40.0,"turns":5.0},{"damage":27.0,"enemies":"Nemesis","floor":42.0,"turns":7.0},{"damage":0.0,"enemies":"Reptomancer","floor":44.0,"turns":4.0},{"damage":1.0,"enemies":"3 Darklings","floor":47.0,"turns":3.0},{"damage":79,"enemies":"Donu and Deca","floor":50,"turns":10},{"damage":61,"enemies":"Awakened One","floor":51,"turns":11}],"seed_played":"1425318736469883614","potions_obtained":[],"is_trial":false,"path_per_floor":["M","?","?","M","M","E","R","E","T","M","M","R","E","$","R","B",null,"M","M","?","M","$","R","M","R","T","?","E","?","E","M","R","B",null,"M","M","$","M","$","E","R","E","T","E","?","R","M","?","R","B","B",null],"character_chosen":"IRONCLAD","items_purchased":["Membership Card","Double Tap","Bag of Preparation","ClockworkSouvenir","Dark Shackles","Flame Barrier","Sling"],"campfire_rested":3,"item_purchase_floors":[14,22,37,37,37,39,39],"current_hp_per_floor":[62,62,62,61,56,14,36,7,21,21,19,45,35,35,35,23,73,73,66,66,55,55,55,55,55,55,55,59,56,32,27,45,9,49,14,25,25,37,37,62,62,62,62,62,62,62,62,59,59,26,15],"gold":148,"neow_bonus":"BOSS_RELIC","is_daily":false,"chose_seed":false,"campfire_upgraded":6,"win_rate":0.0,"timestamp":1612160037,"path_taken":["M","?","?","M","M","E","R","E","T","?","M","R","E","?","R","BOSS","M","M","?","M","$","R","M","R","T","?","E","?","E","M","R","BOSS","M","M","$","M","$","E","R","E","T","E","?","R","M","?","R","BOSS","BOSS"],"items_purchased_type":["Relic","Card","Relic","Relic","Card","Card","Relic"],"build_version":"2020-12-22","purchased_purges":1,"victory":true,"max_hp_per_floor":[75,75,75,75,75,75,75,75,89,89,89,89,89,89,89,89,89,89,89,89,89,89,89,89,89,89,62,62,62,62,62,62,62,62,62,62,62,62,62,62,62,62,62,62,62,62,62,59,59,59,59],"relic_stats":{"Sozu":12,"Lizard Tail":0,"Centennial Puzzle":[9],"counters":[28,131],"Pen Nib":[19],"Turnip":[5],"Bag of Preparation":[14],"Juzu Bracelet":1,"Whetstone":["Pommel Strike","Bite"],"Question Card":9,"obtain_stats":[{"Mango":9,"Pen Nib":26,"Bag of Preparation":37,"Juzu Bracelet":40,"Incense Burner":43,"Whetstone":42,"Question Card":30,"Sling":39,"Burning Blood":0,"ClockworkSouvenir":37,"Sozu":0,"Du-Vu Doll":13,"Runic Dome":17,"Lizard Tail":6,"Centennial Puzzle":44,"Turnip":29,"Membership Card":14,"Bottled Lightning":29,"FossilizedHelix":8,"Red Skull":28,"Runic Pyramid":34},{"Mango":5,"Pen Nib":13,"Bag of Preparation":21,"Juzu Bracelet":23,"Incense Burner":24,"Whetstone":24,"Question Card":17,"Sling":22,"Burning Blood":0,"ClockworkSouvenir":21,"Sozu":0,"Du-Vu Doll":8,"Runic Dome":9,"Lizard Tail":4,"Centennial Puzzle":25,"Turnip":16,"Membership Card":8,"Bottled Lightning":16,"FossilizedHelix":5,"Red Skull":14,"Runic Pyramid":19},{"Mango":21,"Pen Nib":58,"Bag of Preparation":88,"Juzu Bracelet":96,"Incense Burner":103,"Whetstone":103,"Question Card":71,"Sling":91,"Burning Blood":0,"ClockworkSouvenir":88,"Sozu":0,"Du-Vu Doll":33,"Runic Dome":42,"Lizard Tail":17,"Centennial Puzzle":107,"Turnip":66,"Membership Card":33,"Bottled Lightning":66,"FossilizedHelix":21,"Red Skull":61,"Runic Pyramid":81}]},"card_choices":[{"not_picked":["Shrug It Off","Havoc"],"picked":"Anger","floor":1.0},{"not_picked":["Flex","Dark Embrace"],"picked":"Carnage","floor":4.0},{"not_picked":["True Grit","Hemokinesis"],"picked":"Clothesline","floor":5.0},{"not_picked":["Havoc","Warcry"],"picked":"Spot Weakness","floor":6.0},{"not_picked":["Warcry","Seeing Red"],"picked":"Berserk","floor":8.0},{"not_picked":["Rupture","Entrench"],"picked":"Thunderclap","floor":10.0},{"not_picked":["Burning Pact","Thunderclap"],"picked":"Pommel Strike","floor":11.0},{"not_picked":["Perfected Strike","Spot Weakness"],"picked":"Battle Trance","floor":13.0},{"not_picked":["Exhume","Double Tap"],"picked":"Limit Break","floor":16.0},{"not_picked":["Heavy Blade","Dropkick"],"picked":"Sword Boomerang","floor":18.0},{"not_picked":["Cleave","Heavy Blade"],"picked":"Rage","floor":19.0},{"not_picked":["Power Through","Searing Blow"],"picked":"Shrug It Off","floor":21.0},{"not_picked":["Pommel Strike","Clothesline","Blood for Blood"],"picked":"SKIP","floor":24.0},{"not_picked":["Headbutt","Havoc"],"picked":"Entrench","floor":28.0},{"not_picked":["Twin Strike","Headbutt"],"picked":"Juggernaut","floor":30.0},{"not_picked":["Bloodletting","Infernal Blade","Cleave"],"picked":"Inflame+1","floor":31.0},{"not_picked":["Double Tap","Bludgeon","Juggernaut"],"picked":"Reaper","floor":33.0},{"not_picked":["Twin Strike","Combust","Headbutt"],"picked":"Shrug It Off+1","floor":35.0},{"not_picked":["Warcry","Sever Soul+1","Sword Boomerang"],"picked":"Burning Pact+1","floor":36.0},{"not_picked":["Uppercut","Perfected Strike","Anger"],"picked":"Sentinel+1","floor":38.0},{"not_picked":["Clash","Flex","Combust+1","Rupture+1"],"picked":"SKIP","floor":40.0},{"not_picked":["Twin Strike+1","Clothesline","Juggernaut"],"picked":"Flame Barrier","floor":42.0},{"not_picked":["Sword Boomerang","Rampage","Perfected Strike"],"picked":"Pummel+1","floor":44.0},{"not_picked":["Power Through","Bloodletting","Sentinel+1"],"picked":"Shockwave+1","floor":47.0}],"player_experience":2966382,"relics_obtained":[{"floor":6.0,"key":"Lizard Tail"},{"floor":8.0,"key":"FossilizedHelix"},{"floor":9.0,"key":"Mango"},{"floor":13.0,"key":"Du-Vu Doll"},{"floor":26.0,"key":"Pen Nib"},{"floor":28.0,"key":"Red Skull"},{"floor":29.0,"key":"Turnip"},{"floor":29.0,"key":"Bottled Lightning"},{"floor":30.0,"key":"Question Card"},{"floor":40.0,"key":"Juzu Bracelet"},{"floor":42.0,"key":"Whetstone"},{"floor":43.0,"key":"Incense Burner"},{"floor":44.0,"key":"Centennial Puzzle"}],"event_choices":[{"cards_removed":["Strike_R"],"damage_healed":0.0,"max_hp_gain":0.0,"max_hp_loss":0.0,"gold_gain":0.0,"event_name":"The Cleric","player_choice":"Card Removal","floor":2.0,"gold_loss":75.0,"damage_taken":0.0},{"cards_removed":["Strike_R"],"damage_healed":0.0,"max_hp_gain":0.0,"max_hp_loss":0.0,"gold_gain":0.0,"event_name":"Purifier","player_choice":"Purged","floor":3.0,"gold_loss":0.0,"damage_taken":0.0},{"damage_healed":0.0,"max_hp_gain":0.0,"max_hp_loss":0.0,"gold_gain":0.0,"event_name":"Ghosts","player_choice":"Ignored","floor":20.0,"gold_loss":0.0,"damage_taken":0.0},{"damage_healed":0.0,"max_hp_gain":0.0,"max_hp_loss":27.0,"gold_gain":0.0,"event_name":"Vampires","player_choice":"Became a vampire","floor":27.0,"gold_loss":0.0,"damage_taken":0.0,"cards_obtained":["Bite","Bite","Bite","Bite","Bite"]},{"damage_healed":0.0,"max_hp_gain":0.0,"max_hp_loss":0.0,"gold_gain":0.0,"event_name":"Colosseum","player_choice":"Fight","floor":29.0,"gold_loss":0.0,"damage_taken":0.0},{"damage_healed":0.0,"max_hp_gain":0.0,"max_hp_loss":0.0,"gold_gain":0.0,"event_name":"Colosseum","player_choice":"Fought Nobs","floor":29.0,"gold_loss":0.0,"damage_taken":0.0},{"damage_healed":0.0,"max_hp_gain":0.0,"max_hp_loss":0.0,"gold_gain":0.0,"event_name":"WeMeetAgain","player_choice":"Ignored","floor":45.0,"gold_loss":0.0,"damage_taken":0.0},{"damage_healed":0.0,"max_hp_gain":0.0,"max_hp_loss":3.0,"gold_gain":0.0,"event_name":"Winding Halls","player_choice":"Max HP","floor":48.0,"gold_loss":0.0,"damage_taken":0.0}],"is_beta":false,"boss_relics":[{"not_picked":["Pandora\u0027s Box","Mark of Pain"],"picked":"Runic Dome"},{"not_picked":["Astrolabe","Busted Crown"],"picked":"Runic Pyramid"}],"items_purged_floors":[22],"is_endless":false,"potions_floor_spawned":[4,11,13,16,18,19,29,31,33,36,42,44],"ascension_level":20}}