{"host":"spoxbmo2txwgdxt2","time":1612212283,"event":{"mods":["AchievementEnabler","Act Like it!","BaseMod","Colored Powertips","Hallownest","Minty Spire (QoL Compilation)","Quick Restart","Remilia£®¿Ÿ√◊¿Ú—«£©","Shop Mod","StSLib","The Administrix","The Bug Knight"],"gold_per_floor":[114,124,44,9,9,41,41,41,67,87,97,112,112,147,147,147,147],"floor_reached":16,"language":"ENG","playtime":1351,"items_purged":[],"score":110,"play_id":"27f3ec98-e4ae-4802-8d32-71b5539805d1","local_time":"20210202044443","is_ascension_mode":false,"campfire_choices":[{"data":"AdministrixMod:BegetEternity","floor":7.0,"key":"SMITH"},{"data":"AdministrixMod:NewbornDivinity","floor":13,"key":"SMITH"},{"data":"AdministrixMod:WifeLightning","floor":15,"key":"SMITH"}],"circlet_count":0,"master_deck":["AdministrixMod:Strike_Administrix","AdministrixMod:Strike_Administrix","AdministrixMod:Strike_Administrix","AdministrixMod:Strike_Administrix","AdministrixMod:RedCloak","AdministrixMod:Defend_Administrix","AdministrixMod:Defend_Administrix","AdministrixMod:Defend_Administrix","AdministrixMod:Defend_Administrix","AdministrixMod:BlueCloak","Panache","AdministrixMod:BegetEternity+1","AdministrixMod:NewbornDivinity+1","AdministrixMod:LightOfYourLife","AdministrixMod:WifeLightning+1","AdministrixMod:Metempsychosis","AdministrixMod:TenDesires"],"relics":["AdministrixMod:ConductorRitualBaton","Hallownest:SheosBrushRelic","Tiny Chest","The Courier","Bronze Scales","Bag of Marbles"],"acts_visited":["Hallownest:Greenpath"],"potions_floor_usage":[12,16],"damage_taken":[{"damage":0.0,"enemies":"Hallownest:monsterHuskGuard","floor":1.0,"turns":4.0},{"damage":3.0,"enemies":"2_ Uuma","floor":2.0,"turns":4.0},{"damage":8.0,"enemies":"Hallownest:eliteVengeflyKing","floor":6.0,"turns":4.0},{"damage":3.0,"enemies":"Hallownest:monsterHuskWarrior","floor":10.0,"turns":3.0},{"damage":10,"enemies":"Hallownest:Wandering_and_Horned","floor":11,"turns":4},{"damage":0,"enemies":"Hallownest:monsterAspidMother","floor":12,"turns":4},{"damage":13,"enemies":"Hallownest:eliteMossKnight","floor":14,"turns":9},{"damage":17,"enemies":"Hallownest:BossHornet","floor":16,"turns":3}],"seed_played":"3776719511690187078","potions_obtained":[{"floor":2.0,"key":"Explosive Potion"},{"floor":11,"key":"SkillPotion"},{"floor":12,"key":"DuplicationPotion"},{"floor":14,"key":"Explosive Potion"}],"is_trial":false,"path_per_floor":["M","M","$","?","?","E","R","T","T","M","M","M","R","E","R","B"],"character_chosen":"TheAdministrix","items_purchased":["AdministrixMod:NewbornDivinity"],"campfire_rested":0,"item_purchase_floors":[3],"current_hp_per_floor":[47,44,44,49,49,41,41,41,41,38,28,28,28,15,15,0,0],"gold":147,"neow_bonus":"RANDOM_COLORLESS_2","is_daily":false,"chose_seed":false,"campfire_upgraded":3,"win_rate":0.0,"timestamp":1612212283,"path_taken":["M","M","$","?","?","E","R","?","T","M","M","M","R","E","R","BOSS"],"items_purchased_type":["Card"],"build_version":"2020-12-22","purchased_purges":0,"victory":false,"max_hp_per_floor":[65,65,65,70,70,70,70,70,70,70,70,70,70,70,70,70,70],"card_choices":[{"not_picked":["Master of Strategy","Transmutation"],"picked":"Panache","floor":0.0},{"not_picked":["AdministrixMod:ShadowPlay","AdministrixMod:TouchOfCinnabar"],"picked":"AdministrixMod:BegetEternity","floor":1.0},{"not_picked":["AdministrixMod:QuietConspiracy","AdministrixMod:DiversionaryTactic","AdministrixMod:PlateOfAntiquity"],"picked":"SKIP","floor":2.0},{"not_picked":["AdministrixMod:NoblePath","AdministrixMod:TouchOfCinnabar"],"picked":"AdministrixMod:LightOfYourLife","floor":6.0},{"not_picked":["AdministrixMod:CenturiesAscent","AdministrixMod:LightOfYourLife"],"picked":"AdministrixMod:WifeLightning","floor":10.0},{"not_picked":["AdministrixMod:Transition","AdministrixMod:NoblePath","AdministrixMod:ImmortalPurity"],"picked":"SKIP","floor":11},{"not_picked":["AdministrixMod:ImmortalGrace","AdministrixMod:DreamsMausoleum"],"picked":"AdministrixMod:Metempsychosis","floor":12},{"not_picked":["AdministrixMod:BishamonBlessing","AdministrixMod:ArmillarySphere"],"picked":"AdministrixMod:TenDesires","floor":14}],"player_experience":329764,"relics_obtained":[{"floor":6.0,"key":"Tiny Chest"},{"floor":8.0,"key":"The Courier"},{"floor":9.0,"key":"Bronze Scales"},{"floor":14,"key":"Bag of Marbles"}],"event_choices":[],"is_beta":false,"boss_relics":[],"items_purged_floors":[],"is_endless":false,"potions_floor_spawned":[2,11,12,14],"killed_by":"Hallownest:BossHornet","ascension_level":0}}