{"host":"28bpuzdckreop5i0","time":1612190685,"event":{"mods":["BaseMod","Challenge The Spire","Defuse TimeMaze Blight","Downfall","Energized Spire","Googly Eyes","Minty Spire (QoL Compilation)","Relic Stats","Shop Mod","Spicy Shops","StSLib","The Awakened One except there are too many feathers","The IronCluck","Transform Curses","slay the spire mod where everything is the same but ironclad has a cowboy hat"],"gold_per_floor":[99,59,59,59,59,91,170,193,193,293,293,15,115,125,140,239,239,239,255,255,255,267,267,267,286,286,286,303,323,323,323,337,337,337,337],"floor_reached":33,"language":"ENG","playtime":2612,"items_purged":["hexamod:Strike"],"score":253,"play_id":"5661d57a-1b00-4908-8dcf-d73eea1a5766","local_time":"20210201084445","is_ascension_mode":true,"campfire_choices":[{"data":"hexamod:Sear","floor":1,"key":"SMITH"},{"data":"hexamod:RadiantFlame","floor":11,"key":"SMITH"},{"data":"hexamod:RadiantFlame","floor":18,"key":"SMITH"},{"floor":27,"key":"REST"},{"floor":30,"key":"REST"}],"circlet_count":0,"master_deck":["hexamod:Strike","hexamod:Strike","hexamod:Strike","hexamod:Defend","hexamod:Defend","hexamod:Defend","hexamod:Defend","hexamod:Sear+1","hexamod:Float","hexamod:RadiantFlame+1","hexamod:SpectralSpark","hexamod:NecessarySacrifice","hexamod:DynamicBlow","hexamod:PhantomCloak","hexamod:RadiantFlame+1","hexamod:Haunt","hexamod:SearingWound","hexamod:Hexaguard"],"relics":["hexamod:SpiritBrand","downfall:HeartsMalice","Bottled Lightning","Gremlin Horn","Odd Mushroom","Membership Card","expansioncontent:StudyCardRelic","Nilry\u0027s Codex","Pear","downfall:RedIOU"],"acts_visited":["Exordium","TheCity"],"potions_floor_usage":[16,29,33,33],"damage_taken":[{"damage":0,"enemies":"downfall:FleeingMerchant","floor":2,"turns":1},{"damage":0,"enemies":"Jaw Worm","floor":3,"turns":1},{"damage":0,"enemies":"Small Slimes","floor":4,"turns":1},{"damage":30,"enemies":"3 Sentries","floor":6,"turns":10},{"damage":15,"enemies":"The Mushroom Lair","floor":8,"turns":4},{"damage":0,"enemies":"downfall:FleeingMerchant","floor":12,"turns":4},{"damage":7,"enemies":"2 Louse","floor":14,"turns":2},{"damage":6,"enemies":"2 Fungi Beasts","floor":15,"turns":4},{"damage":18,"enemies":"SI_SHIV_ARCHETYPE","floor":16,"turns":10},{"damage":17,"enemies":"3 Byrds","floor":19,"turns":6},{"damage":0,"enemies":"Chosen","floor":21,"turns":1},{"damage":7,"enemies":"Centurion and Healer","floor":22,"turns":4},{"damage":26,"enemies":"Snake Plant","floor":25,"turns":3},{"damage":11,"enemies":"Snecko","floor":28,"turns":6},{"damage":17,"enemies":"Centurion and Healer","floor":29,"turns":8},{"damage":12,"enemies":"Shelled Parasite and Fungi","floor":32,"turns":4},{"damage":29,"enemies":"DF_ARCHETYPE_CLAW","floor":33,"turns":5}],"seed_played":"1896830313900954156","potions_obtained":[{"floor":6,"key":"DuplicationPotion"},{"floor":8,"key":"Weak Potion"},{"floor":14,"key":"Dexterity Potion"},{"floor":25,"key":"Swift Potion"},{"floor":32,"key":"hexamod:SoulburnPotion"}],"is_trial":false,"path_per_floor":["R","$","M","M","?","E","T","?","?","?","R","$","?","M","M","B",null,"R","M","?","M","M","?","T","M","?","R","M","M","R","?","M","B"],"character_chosen":"THE_SPIRIT","items_purchased":["hexamod:SpectralSpark","Membership Card","Orichalcum"],"campfire_rested":2,"item_purchase_floors":[2,12,12],"current_hp_per_floor":[70,70,70,70,70,40,40,25,48,48,48,48,48,41,35,17,70,70,53,53,53,46,30,40,14,14,38,27,10,34,34,22,0,0,0],"gold":337,"neow_bonus":"THREE_ENEMY_KILL","is_daily":false,"chose_seed":false,"campfire_upgraded":3,"win_rate":0.0,"timestamp":1612190685,"path_taken":["R","$","M","M","?","E","T","?","?","?","R","$","?","M","M","BOSS","R","M","?","?","M","?","T","M","?","R","M","M","R","?","M","BOSS"],"items_purchased_type":["Card","Relic","Relic"],"build_version":"2020-12-22","purchased_purges":1,"victory":false,"max_hp_per_floor":[70,70,70,70,70,70,70,70,70,70,70,70,70,70,70,70,70,70,70,70,70,70,70,80,80,80,80,80,80,80,80,80,80,80,80],"relic_stats":{"Gremlin Horn":[10,10],"counters":[17,71],"obtain_stats":[{"downfall:BrokenWingStatue":5,"Pear":24,"Gremlin Horn":7,"Nilry\u0027s Codex":23,"downfall:HeartsMalice":0,"downfall:RedIOU":26,"expansioncontent:StudyCardRelic":17,"Bottled Lightning":6,"Membership Card":12,"Odd Mushroom":8,"Orichalcum":12,"hexamod:SpiritBrand":0},{"downfall:BrokenWingStatue":3,"Pear":12,"Gremlin Horn":4,"Nilry\u0027s Codex":12,"downfall:HeartsMalice":0,"downfall:RedIOU":13,"expansioncontent:StudyCardRelic":9,"Bottled Lightning":4,"Membership Card":6,"Odd Mushroom":5,"Orichalcum":6,"hexamod:SpiritBrand":0},{"downfall:BrokenWingStatue":0,"Pear":45,"Gremlin Horn":10,"Nilry\u0027s Codex":45,"downfall:HeartsMalice":0,"downfall:RedIOU":48,"expansioncontent:StudyCardRelic":34,"Bottled Lightning":10,"Membership Card":18,"Odd Mushroom":14,"Orichalcum":18,"hexamod:SpiritBrand":0}]},"card_choices":[{"not_picked":["hexamod:FlamesFromBeyond","hexamod:ShieldOfDarkness"],"picked":"hexamod:RadiantFlame","floor":2},{"not_picked":["hexamod:FastForward","hexamod:GhostShield","hexamod:SecondSeal"],"picked":"SKIP","floor":3},{"not_picked":["hexamod:NightmareGuise","hexamod:AdvancingGuard"],"picked":"hexamod:NecessarySacrifice","floor":4},{"not_picked":["hexamod:Hexaguard","hexamod:AdvancingGuard"],"picked":"hexamod:DynamicBlow","floor":6},{"not_picked":["hexamod:BacktrackSmack","hexamod:GhostflameBarrier"],"picked":"hexamod:PhantomCloak","floor":8},{"not_picked":["hexamod:SpectersWail","hexamod:FastForward"],"picked":"hexamod:RadiantFlame","floor":12},{"not_picked":["hexamod:FlamesFromBeyond","hexamod:FirstSeal"],"picked":"hexamod:Haunt","floor":14},{"not_picked":["hexamod:Incineration","hexamod:SuperheatedStrike","hexamod:SpectersWail"],"picked":"SKIP","floor":15},{"not_picked":["hexamod:ApocalypseNow","hexamod:TimeWarp"],"picked":"hexamod:SearingWound","floor":16},{"not_picked":["hexamod:RecurringNightmare","hexamod:GhostflameBarrier","hexamod:GhostShield"],"picked":"SKIP","floor":19},{"not_picked":["hexamod:HeatMetal","hexamod:BacktrackSmack","hexamod:GhostShield"],"picked":"SKIP","floor":21},{"not_picked":["hexamod:HauntingEcho","hexamod:RetreatToShadows","hexamod:GhostOfSpirePast"],"picked":"SKIP","floor":22},{"not_picked":["hexamod:GhostflameInferno","hexamod:SwordOfDarkness+1","hexamod:FlamesFromBeyond"],"picked":"SKIP","floor":25},{"not_picked":["hexamod:Firestarter","hexamod:GhostflameBarrier+1","hexamod:Haunt"],"picked":"SKIP","floor":28},{"not_picked":["hexamod:SuperheatedStrike","hexamod:HauntingEcho+1"],"picked":"hexamod:Hexaguard","floor":29},{"not_picked":["hexamod:ThermalTransfer+1","hexamod:ShieldOfDarkness+1","hexamod:NightmareGuise+1"],"picked":"SKIP","floor":32}],"player_experience":932944,"relics_obtained":[{"floor":6,"key":"Bottled Lightning"},{"floor":7,"key":"Gremlin Horn"},{"floor":8,"key":"Odd Mushroom"},{"floor":23,"key":"Nilry\u0027s Codex"},{"floor":24,"key":"Pear"}],"event_choices":[{"damage_healed":0,"gold_gain":0,"player_choice":"Fought Mushrooms","damage_taken":0,"max_hp_gain":0,"max_hp_loss":0,"event_name":"Mushrooms","floor":8,"gold_loss":0},{"damage_healed":23,"gold_gain":0,"player_choice":"Banana","damage_taken":0,"max_hp_gain":0,"max_hp_loss":0,"event_name":"Big Fish","floor":9,"gold_loss":0}],"is_beta":false,"boss_relics":[{"not_picked":["energizedSpire:StickyHand","energizedSpire:OgreHead"],"picked":"expansioncontent:StudyCardRelic"}],"items_purged_floors":[12],"is_endless":false,"potions_floor_spawned":[6,8,14,25,28,32],"killed_by":"DF_ARCHETYPE_CLAW","ascension_level":1}}