{"host":"y3h3n3f7seyagppx","time":1612148007,"event":{"mods":["AlwaysNeverKeys","BaseMod","Better Vampires","Colored Powertips","DeckTracker","Emptier Cage","Minty Spire (QoL Compilation)","Permanent Neow","Quick Restart","Rare Cards Sparkle","Relic Sorter","Relic Stats","StSLib","Transform Curses"],"gold_per_floor":[119,139,139,149,149,178,195,230,277,294,328,328,339,349,349,421,421,436,436,436,1,1,1,1],"floor_reached":23,"language":"ENG","playtime":1339,"items_purged":[],"score":422,"play_id":"9e913f3e-d747-491d-a313-1d61adb6e01c","local_time":"20210131215327","is_ascension_mode":true,"campfire_choices":[{"data":"Inflame","floor":12,"key":"SMITH"},{"data":"Bash","floor":15,"key":"SMITH"}],"circlet_count":0,"master_deck":["AscendersBane","Strike_R","Strike_R+1","Strike_R+1","Strike_R","Defend_R","Defend_R","Defend_R","Defend_R","Bash+1","Thunderclap","Pommel Strike","Inflame+1","Ghostly Armor","Reaper","Corruption","RitualDagger","Berserk"],"relics":["Burning Blood","Whetstone","Question Card","Meat on the Bone","Torii","Strawberry","StoneCalendar","Snecko Eye","MealTicket","Ornamental Fan"],"acts_visited":["Exordium","TheCity"],"potions_floor_usage":[6,23],"damage_taken":[{"damage":1,"enemies":"Cultist","floor":1,"turns":3},{"damage":7,"enemies":"Jaw Worm","floor":2,"turns":3},{"damage":0,"enemies":"Small Slimes","floor":4,"turns":4},{"damage":30,"enemies":"3 Sentries","floor":6,"turns":10},{"damage":7,"enemies":"Exordium Wildlife","floor":7,"turns":3},{"damage":32,"enemies":"Gremlin Nob","floor":8,"turns":4},{"damage":9,"enemies":"Blue Slaver","floor":10,"turns":4},{"damage":22,"enemies":"3 Sentries","floor":11,"turns":7},{"damage":12,"enemies":"Lots of Slimes","floor":13,"turns":3},{"damage":2,"enemies":"Gremlin Gang","floor":14,"turns":4},{"damage":28,"enemies":"Slime Boss","floor":16,"turns":7},{"damage":11,"enemies":"Chosen","floor":18,"turns":4},{"damage":54,"enemies":"Book of Stabbing","floor":23,"turns":4}],"seed_played":"6357860079226305365","potions_obtained":[{"floor":2,"key":"SteroidPotion"},{"floor":10,"key":"Explosive Potion"},{"floor":13,"key":"FearPotion"}],"is_trial":false,"path_per_floor":["M","M","?","M","T","E","M","E","T","M","E","R","M","M","R","B",null,"M","?","?","$","?","E"],"character_chosen":"IRONCLAD","items_purchased":["MealTicket","Ornamental Fan"],"campfire_rested":0,"item_purchase_floors":[21,21],"current_hp_per_floor":[73,72,65,71,71,47,46,32,39,48,44,44,50,66,66,54,75,74,50,44,44,44,0,0],"gold":1,"neow_bonus":"RANDOM_COMMON_RELIC","is_daily":false,"chose_seed":false,"campfire_upgraded":2,"win_rate":0.0,"timestamp":1612148007,"path_taken":["M","M","?","M","?","E","M","E","T","?","E","R","M","M","R","BOSS","M","?","?","$","?","E"],"items_purchased_type":["Relic","Relic"],"build_version":"2020-12-22","purchased_purges":0,"victory":false,"max_hp_per_floor":[75,75,75,75,75,75,75,75,82,82,82,82,82,82,82,82,82,82,87,87,87,87,87,87],"relic_stats":{"Torii":27,"counters":[13,60],"Ornamental Fan":[8],"Snecko Eye":[11,12,13,16],"StoneCalendar":[69],"MealTicket":0,"Whetstone":["Strike_R","Strike_R"],"Question Card":9,"obtain_stats":[{"Torii":8,"Ornamental Fan":21,"Strawberry":9,"Snecko Eye":17,"StoneCalendar":11,"MealTicket":21,"Whetstone":0,"Question Card":5,"Burning Blood":0,"Meat on the Bone":6},{"Torii":6,"Ornamental Fan":12,"Strawberry":6,"Snecko Eye":11,"StoneCalendar":8,"MealTicket":12,"Whetstone":0,"Question Card":3,"Burning Blood":0,"Meat on the Bone":4},{"Torii":27,"Ornamental Fan":56,"Strawberry":27,"Snecko Eye":52,"StoneCalendar":38,"MealTicket":56,"Whetstone":0,"Question Card":10,"Burning Blood":0,"Meat on the Bone":20}],"Burning Blood":72,"Meat on the Bone":48},"card_choices":[{"not_picked":["Cleave","Infernal Blade"],"picked":"Thunderclap","floor":1},{"not_picked":["Metallicize","Iron Wave","Reckless Charge"],"picked":"SKIP","floor":2},{"not_picked":["Thunderclap","Power Through"],"picked":"Pommel Strike","floor":4},{"not_picked":["Flex","Cleave","Body Slam","Burning Pact"],"picked":"SKIP","floor":6},{"not_picked":["Disarm","Sword Boomerang","Entrench"],"picked":"Anger","floor":7},{"not_picked":["Anger","Armaments","Juggernaut"],"picked":"Inflame","floor":8},{"not_picked":["Cleave","Twin Strike","Anger"],"picked":"Ghostly Armor","floor":10},{"not_picked":["Blood for Blood","Body Slam","Thunderclap","Anger"],"picked":"SKIP","floor":11},{"not_picked":["Iron Wave","Armaments","Havoc"],"picked":"Reaper","floor":13},{"not_picked":["Bloodletting","Seeing Red","Infernal Blade","Rupture"],"picked":"SKIP","floor":14},{"not_picked":["Bludgeon","Offering","Brutality"],"picked":"Corruption","floor":16},{"not_picked":["Sword Boomerang","Havoc","Body Slam","Rupture"],"picked":"SKIP","floor":18}],"player_experience":21871181,"relics_obtained":[{"floor":5,"key":"Question Card"},{"floor":6,"key":"Meat on the Bone"},{"floor":8,"key":"Torii"},{"floor":9,"key":"Strawberry"},{"floor":11,"key":"StoneCalendar"}],"event_choices":[{"cards_removed":["Strike_R"],"damage_healed":0,"gold_gain":0,"player_choice":"Card Removal","damage_taken":7,"max_hp_gain":0,"max_hp_loss":0,"event_name":"Golden Wing","floor":3,"gold_loss":0},{"damage_healed":0,"gold_gain":0,"player_choice":"Shed Blood","damage_taken":29,"max_hp_gain":5,"max_hp_loss":0,"event_name":"Forgotten Altar","floor":19,"gold_loss":0},{"damage_healed":0,"gold_gain":0,"player_choice":"Joined the Cult","damage_taken":6,"max_hp_gain":0,"max_hp_loss":0,"event_name":"Nest","floor":20,"gold_loss":0,"cards_obtained":["RitualDagger"]},{"damage_healed":0,"gold_gain":0,"cards_transformed":["Anger"],"player_choice":"Transformed","damage_taken":0,"max_hp_gain":0,"max_hp_loss":0,"event_name":"Transmorgrifier","floor":22,"gold_loss":0,"cards_obtained":["Berserk"]}],"is_beta":false,"boss_relics":[{"not_picked":["Calling Bell","Pandora\u0027s Box"],"picked":"Snecko Eye"}],"items_purged_floors":[],"is_endless":false,"potions_floor_spawned":[2,10,13,14],"killed_by":"Book of Stabbing","ascension_level":20}}