{"host":"ibtxpp7hbhk6t4eo","time":1612173672,"event":{"mods":["BaseMod","Downfall","Minty Spire (QoL Compilation)","StSLib","Waifu the Spire"],"gold_per_floor":[112,127,30,51,70,82,133,182,217,254,341,395,483,520,532,650,662,689,801,323,323,351,351,376,376,430,448,448,448,485,520,520,625,625,635,309,309,309,159,194,227,255,280,316,316,316],"floor_reached":47,"language":"ZHS","playtime":3179,"items_purged":["hexamod:CatchUp","Regret","hexamod:ChargedBarrage+1","hexamod:Toasty+1"],"score":1449,"play_id":"a260826a-ee8a-4fae-882e-34b6f338a8ed","local_time":"20210201180112","daily_mods":["Draft","Vintage","Heirloom","Time Dilation","Flight","downfall:ChampStances","DeadlyEvents","Elite Swarm"],"is_ascension_mode":false,"campfire_choices":[{"floor":15.0,"key":"DIG"},{"floor":23.0,"key":"DIG"},{"data":"hexamod:BacktrackSmack","floor":25.0,"key":"PURGE"},{"data":"Normality","floor":28.0,"key":"PURGE"},{"data":"downfall:Malfunctioning","floor":29.0,"key":"PURGE"},{"data":"Shame","floor":32.0,"key":"PURGE"}],"circlet_count":0,"master_deck":["hexamod:SwordOfDarkness+1","hexamod:FlamesFromBeyond+1","hexamod:NightmareGuise+1","hexamod:HeatCrush+1","hexamod:ShieldOfDarkness+1","hexamod:ShieldOfDarkness+1","hexamod:RainOfEmbers+1","hexamod:HeatCrush+1","hexamod:HeatShield+1","hexamod:ShieldOfDarkness+1","hexamod:SwordOfDarkness+1","hexamod:GiftsFromTheDead+1","hexamod:UnleashSpirits+1","hexamod:SixthSeal","hexamod:HexaLevel+1","hexamod:SixthSeal","hexamod:UnlimitedPower+1","hexamod:HeatCrush+1","hexamod:FifthSeal","hexamod:SecondSeal","hexamod:SearingWound+1","hexamod:ParanormalForm+1","hexamod:ThirdSeal","hexamod:ShieldOfDarkness+1","hexamod:ThirdSeal","hexamod:SixthSeal","hexamod:GiftsFromTheDead+1","hexamod:HeatCrush","hexamod:UnlimitedPower+1","Apotheosis+1","hexamod:HexaLevel+1","hexamod:FifthSeal","hexamod:UnlimitedPower","Pain","Regret","hexamod:UnlimitedPower"],"relics":["Snecko Eye","champ:ChampStancesModRelic","hexamod:SoulOfChaos","Anchor","Akabeko","Happy Flower","MawBank","Question Card","hexamod:SoulConsumer","Lantern","Shovel","bronze:BronzeIdol","Bottled Flame","Blood Vial","Centennial Puzzle","Fusion Hammer","White Beast Statue","downfall:ExtraCursedKey","Torii","hexamod:Sixitude","Toy Ornithopter","Peace Pipe","MealTicket","Kunai","War Paint","expansioncontent:StudyCardRelic","Ornamental Fan","Nunchaku","Bottled Tornado","FossilizedHelix","Strawberry","hexamod:TheBrokenSeal","Prayer Wheel"],"acts_visited":["Exordium","TheCity","TheBeyond"],"potions_floor_usage":[],"damage_taken":[{"damage":0.0,"enemies":"Cultist","floor":1.0,"turns":2.0},{"damage":0.0,"enemies":"2 Louse","floor":2.0,"turns":2.0},{"damage":0.0,"enemies":"Jaw Worm","floor":4.0,"turns":2.0},{"damage":0.0,"enemies":"3 Louse","floor":5.0,"turns":1.0},{"damage":0.0,"enemies":"Gremlin Nob","floor":7.0,"turns":3.0},{"damage":0.0,"enemies":"3 Sentries","floor":8.0,"turns":3.0},{"damage":0.0,"enemies":"Gremlin Nob","floor":10.0,"turns":2.0},{"damage":0.0,"enemies":"Lagavulin","floor":12.0,"turns":3.0},{"damage":0.0,"enemies":"3 Sentries","floor":14.0,"turns":3.0},{"damage":0.0,"enemies":"Slime Boss","floor":16.0,"turns":4.0},{"damage":0.0,"enemies":"2 Thieves","floor":18.0,"turns":2.0},{"damage":1.0,"enemies":"Slavers","floor":22.0,"turns":3.0},{"damage":0.0,"enemies":"Gremlin Leader","floor":24.0,"turns":3.0},{"damage":0.0,"enemies":"Shell Parasite","floor":27.0,"turns":2.0},{"damage":0.0,"enemies":"Slavers","floor":30.0,"turns":4.0},{"damage":0.0,"enemies":"Book of Stabbing","floor":31.0,"turns":3.0},{"damage":13.0,"enemies":"Collector","floor":33.0,"turns":4.0},{"damage":18.0,"enemies":"3 Darklings","floor":35.0,"turns":4.0},{"damage":0,"enemies":"Nemesis","floor":40,"turns":3},{"damage":0,"enemies":"Giant Head","floor":41,"turns":4},{"damage":17,"enemies":"Nemesis","floor":42,"turns":3},{"damage":6,"enemies":"Reptomancer","floor":44,"turns":2},{"damage":11,"enemies":"Time Eater","floor":46,"turns":3}],"seed_played":"-1670772946687636891","potions_obtained":[{"floor":8.0,"key":"hexamod:EctoCoolerPotion"},{"floor":12.0,"key":"GamblersBrew"},{"floor":14.0,"key":"Swift Potion"},{"floor":40,"key":"SteroidPotion"},{"floor":41,"key":"Energy Potion"}],"is_trial":true,"path_per_floor":["M","M","$","M","M","?","E","E","T","E","?","E","T","E","R","B",null,"M","?","$","?","E","R","E","R","T","M","R","R","E","E","R","B",null,"M","$","?","?","$","E","E","E","T","E","?","B",null],"character_chosen":"THE_SPIRIT","items_purchased":["hexamod:SwordOfDarkness","hexamod:Toasty","Torii","hexamod:HeatCrush","hexamod:UnlimitedPower"],"campfire_rested":0,"item_purchase_floors":[3,20,20,36,36],"current_hp_per_floor":[70,70,70,70,70,63,63,63,63,63,52,52,52,56,56,58,70,70,75,75,75,74,74,75,75,75,75,75,75,75,75,75,66,75,57,72,65,55,70,72,75,58,65,92,92,81],"gold":316,"neow_bonus":"","is_daily":false,"chose_seed":false,"campfire_upgraded":0,"win_rate":0.0,"timestamp":1612173672,"path_taken":["M","M","$","?","M","?","E","?","T","E","?","E","?","?","R","BOSS","M","?","$","?","?","R","?","R","T","?","R","R","E","?","R","BOSS","M","$","?","?","$","E","E","E","T","?","?","BOSS"],"items_purchased_type":["Card","Card","Relic","Card","Card"],"build_version":"2020-12-22","purchased_purges":4,"victory":true,"max_hp_per_floor":[70,70,70,70,70,70,70,70,70,70,70,70,70,70,70,70,70,70,75,75,75,75,75,75,75,75,75,75,75,75,75,75,75,75,75,75,75,75,75,75,75,75,82,92,92,92],"card_choices":[{"not_picked":["hexamod:ShieldOfDarkness","hexamod:PhantomFireball"],"picked":"hexamod:SwordOfDarkness","floor":0.0},{"not_picked":["hexamod:FirstSeal","hexamod:SkipABeat"],"picked":"hexamod:Hexaguard","floor":0.0},{"not_picked":["hexamod:RecurringNightmare","hexamod:RetreatToShadows"],"picked":"hexamod:CatchUp","floor":0.0},{"not_picked":["hexamod:BacktrackSmack","hexamod:InspiringFlames"],"picked":"hexamod:FlamesFromBeyond","floor":0.0},{"not_picked":["hexamod:RadiantFlame","hexamod:Again"],"picked":"hexamod:NightmareGuise","floor":0.0},{"not_picked":["hexamod:HauntingEcho","hexamod:FastForward"],"picked":"hexamod:SecondSeal","floor":0.0},{"not_picked":["hexamod:RecurringNightmare","hexamod:GhostLash"],"picked":"hexamod:BacktrackSmack","floor":0.0},{"not_picked":["hexamod:SuperheatedStrike","hexamod:HeatShield"],"picked":"hexamod:HeatCrush","floor":0.0},{"not_picked":["hexamod:SwordOfDarkness","hexamod:HeatMetal"],"picked":"hexamod:ShieldOfDarkness","floor":0.0},{"not_picked":["hexamod:SkipABeat","hexamod:ThermalTransfer"],"picked":"hexamod:ShieldOfDarkness","floor":0.0},{"not_picked":["hexamod:SoulSteal","hexamod:ThermalTransfer"],"picked":"hexamod:ChargedBarrage","floor":0.0},{"not_picked":["hexamod:NightmareGuise","hexamod:GhostShield"],"picked":"hexamod:RainOfEmbers","floor":0.0},{"not_picked":["hexamod:GhostOfSpirePast","hexamod:FastForward"],"picked":"hexamod:HeatCrush","floor":0.0},{"not_picked":["hexamod:StepThrough","hexamod:DynamicBlow"],"picked":"hexamod:HeatShield","floor":0.0},{"not_picked":["hexamod:FirstSeal","hexamod:GhostShield"],"picked":"hexamod:ShieldOfDarkness","floor":0.0},{"not_picked":["hexamod:SearingWound","hexamod:GhostflameInferno"],"picked":"hexamod:GiftsFromTheDead","floor":7.0},{"not_picked":["hexamod:GhostflameInferno","hexamod:GiftsFromTheDead","hexamod:ApocalypseNow"],"picked":"hexamod:SixthSeal","floor":8.0},{"not_picked":["hexamod:SearingWound","hexamod:TimeOfNeed","hexamod:WildfireWeapon"],"picked":"hexamod:FifthSeal","floor":10.0},{"not_picked":["hexamod:SecondSeal","hexamod:FirstSeal"],"picked":"hexamod:ThirdSeal","floor":12.0},{"not_picked":["hexamod:WildfireWeapon","hexamod:ApocalypseNow","hexamod:ApocalypticArmor"],"picked":"hexamod:UnleashSpirits","floor":12.0},{"not_picked":["hexamod:FourthSeal","hexamod:FirstSeal"],"picked":"hexamod:SixthSeal","floor":14.0},{"not_picked":["hexamod:FlameSwitch","hexamod:ApocalypseNow","hexamod:VolcanoVisage"],"picked":"hexamod:HexaLevel","floor":14.0},{"not_picked":["hexamod:FirstSeal","hexamod:FourthSeal"],"picked":"hexamod:SixthSeal","floor":16.0},{"not_picked":["hexamod:FifthSeal","hexamod:WildfireWeapon","hexamod:GhostflameInferno"],"picked":"hexamod:UnlimitedPower","floor":16.0},{"not_picked":["hexamod:TimeWarp","hexamod:UnlimitedPower","hexamod:SixthSeal"],"picked":"hexamod:FifthSeal","floor":22.0},{"not_picked":["hexamod:FirstSeal","hexamod:FourthSeal"],"picked":"hexamod:SecondSeal","floor":22.0},{"not_picked":["hexamod:ForkedFlame","hexamod:GhostflameInferno","hexamod:WildfireWeapon"],"picked":"hexamod:SearingWound","floor":24.0},{"not_picked":["hexamod:TurnItUp","hexamod:TimeWarp","hexamod:TimeOfNeed"],"picked":"hexamod:ParanormalForm","floor":24.0},{"not_picked":["hexamod:FirstSeal","hexamod:FourthSeal"],"picked":"hexamod:ThirdSeal","floor":27.0},{"not_picked":["hexamod:SuperheatedStrike","hexamod:Firestarter","hexamod:InspiringFlames+1"],"picked":"hexamod:ShieldOfDarkness","floor":27.0},{"not_picked":["hexamod:FirstSeal","hexamod:SecondSeal"],"picked":"hexamod:ThirdSeal","floor":30.0},{"not_picked":["hexamod:SearingWound","hexamod:TimeOfNeed","hexamod:UnleashSpirits"],"picked":"hexamod:SixthSeal","floor":30.0},{"not_picked":["hexamod:SearingWound","hexamod:WildfireWeapon","hexamod:SixthSeal","hexamod:ForkedFlame"],"picked":"SKIP","floor":30.0},{"not_picked":["hexamod:SearingWound","hexamod:WildfireWeapon","hexamod:SixthSeal","hexamod:ForkedFlame"],"picked":"SKIP","floor":30.0},{"not_picked":["hexamod:Toasty","hexamod:ApocalypseNow","hexamod:SearingWound","hexamod:GhostflameInferno"],"picked":"SKIP","floor":31.0},{"not_picked":["hexamod:FlameSwitch","hexamod:FifthSeal","hexamod:GhostflameInferno"],"picked":"hexamod:GiftsFromTheDead","floor":33.0},{"not_picked":["Discovery","Trip","Good Instincts"],"picked":"Apotheosis","floor":38.0},{"not_picked":["hexamod:ParanormalForm","hexamod:GhostOfSpirePresent","hexamod:SixthSeal"],"picked":"hexamod:HexaLevel","floor":40},{"not_picked":["hexamod:GhostflameInferno","hexamod:TimeOfNeed","hexamod:WildfireWeapon"],"picked":"hexamod:FifthSeal","floor":41},{"not_picked":["hexamod:TurnItUp","hexamod:TimeWarp","hexamod:ApocalypticArmor"],"picked":"hexamod:UnlimitedPower","floor":41},{"not_picked":["hexamod:TimeWarp","hexamod:ParanormalForm","hexamod:SearingWound","hexamod:ApocalypticArmor"],"picked":"SKIP","floor":42},{"not_picked":["hexamod:WildfireWeapon","hexamod:ParanormalForm","hexamod:TimeWarp"],"picked":"hexamod:UnlimitedPower","floor":44},{"not_picked":["hexamod:SixthSeal","hexamod:GhostflameInferno","hexamod:SearingWound","hexamod:UnleashSpirits"],"picked":"SKIP","floor":44}],"player_experience":85917,"relics_obtained":[{"floor":1.0,"key":"Anchor"},{"floor":2.0,"key":"Akabeko"},{"floor":4.0,"key":"Happy Flower"},{"floor":5.0,"key":"MawBank"},{"floor":7.0,"key":"Question Card"},{"floor":8.0,"key":"hexamod:SoulConsumer"},{"floor":9.0,"key":"Lantern"},{"floor":10.0,"key":"Shovel"},{"floor":12.0,"key":"bronze:BronzeIdol"},{"floor":13.0,"key":"Bottled Flame"},{"floor":14.0,"key":"Blood Vial"},{"floor":15.0,"key":"Centennial Puzzle"},{"floor":18.0,"key":"White Beast Statue"},{"floor":22.0,"key":"hexamod:Sixitude"},{"floor":23.0,"key":"Toy Ornithopter"},{"floor":24.0,"key":"Peace Pipe"},{"floor":27.0,"key":"MealTicket"},{"floor":30.0,"key":"Kunai"},{"floor":31.0,"key":"War Paint"},{"floor":35.0,"key":"Ornamental Fan"},{"floor":40,"key":"Nunchaku"},{"floor":41,"key":"Bottled Tornado"},{"floor":42,"key":"FossilizedHelix"},{"floor":43,"key":"Strawberry"},{"floor":44,"key":"Prayer Wheel"}],"event_choices":[{"cards_removed":["hexamod:Hexaguard"],"damage_healed":0.0,"max_hp_gain":0.0,"max_hp_loss":0.0,"gold_gain":0.0,"event_name":"Golden Wing","player_choice":"Card Removal","floor":6.0,"gold_loss":0.0,"damage_taken":7.0},{"damage_healed":0.0,"max_hp_gain":0.0,"max_hp_loss":0.0,"gold_gain":75.0,"event_name":"World of Goop","player_choice":"Gather Gold","floor":11.0,"gold_loss":0.0,"damage_taken":11.0},{"damage_healed":0.0,"max_hp_gain":0.0,"max_hp_loss":0.0,"gold_gain":0.0,"event_name":"Duplicator","player_choice":"Copied","floor":21.0,"gold_loss":0.0,"damage_taken":0.0,"cards_obtained":["hexamod:HeatCrush"]},{"damage_healed":0.0,"max_hp_gain":0.0,"max_hp_loss":0.0,"gold_gain":0.0,"event_name":"SensoryStone","player_choice":"Memory 3","floor":38.0,"gold_loss":0.0,"damage_taken":10.0},{"damage_healed":0,"gold_gain":0,"player_choice":"Took Portal","damage_taken":0,"max_hp_gain":0,"max_hp_loss":0,"event_name":"SecretPortal","floor":45,"gold_loss":0}],"is_beta":false,"boss_relics":[{"not_picked":["Ectoplasm","sneckomod:SneckoTalon"],"picked":"Fusion Hammer"},{"not_picked":["Tiny House","SacredBark"],"picked":"expansioncontent:StudyCardRelic"}],"items_purged_floors":[3,20,36,39],"is_endless":false,"potions_floor_spawned":[8,12,14,22,24,27,30,31,33,35,40,41,42,44],"ascension_level":0}}