{"host":"sian7qp8a9pc9xwd","time":1612139265,"event":{"mods":["BaseMod","Minty Spire (QoL Compilation)","StSLib","SuperFastMode"],"gold_per_floor":[109,121,71,98,115,115,144,144,144,144,144,34,53,82,82,177,177,189,189,202,102,102,129,144,144,144],"floor_reached":25,"language":"ENG","playtime":782,"items_purged":["Strike_R","Defend_R"],"score":339,"play_id":"d3a9ff65-d0d3-4a21-85df-e43f5c99651e","local_time":"20210131192745","is_ascension_mode":true,"campfire_choices":[{"data":"Fire Breathing","floor":6.0,"key":"SMITH"},{"data":"Infernal Blade","floor":8.0,"key":"SMITH"},{"data":"Wild Strike","floor":10.0,"key":"SMITH"},{"data":"Uppercut","floor":15.0,"key":"SMITH"}],"circlet_count":0,"master_deck":["AscendersBane","Strike_R","Strike_R","Defend_R+1","Defend_R","Defend_R","Bash","Fire Breathing+1","Battle Trance+1","Wild Strike+1","Infernal Blade+1","Uppercut+1","Shrug It Off","Shrug It Off","Immolate","Warcry","Writhe","Warcry","Evolve"],"relics":["Burning Blood","Anchor","Red Skull","Juzu Bracelet","Odd Mushroom","Black Star","Matryoshka","Omamori","Blue Candle"],"acts_visited":["Exordium","TheCity"],"potions_floor_usage":[25],"damage_taken":[{"damage":1.0,"enemies":"Cultist","floor":1.0,"turns":4.0},{"damage":7.0,"enemies":"Jaw Worm","floor":2.0,"turns":3.0},{"damage":12.0,"enemies":"Small Slimes","floor":5.0,"turns":4.0},{"damage":26.0,"enemies":"Gremlin Nob","floor":7.0,"turns":4.0},{"damage":0.0,"enemies":"2 Fungi Beasts","floor":13.0,"turns":3.0},{"damage":20.0,"enemies":"The Mushroom Lair","floor":14.0,"turns":3.0},{"damage":12.0,"enemies":"Hexaghost","floor":16.0,"turns":7.0},{"damage":17.0,"enemies":"3 Byrds","floor":18.0,"turns":4.0},{"damage":0.0,"enemies":"Chosen","floor":20.0,"turns":3.0},{"damage":14.0,"enemies":"Gremlin Leader","floor":23.0,"turns":5.0},{"damage":18.0,"enemies":"Snake Plant","floor":24.0,"turns":4.0},{"damage":43,"enemies":"Book of Stabbing","floor":25,"turns":5}],"seed_played":"439433645716724179","potions_obtained":[{"floor":5.0,"key":"Dexterity Potion"},{"floor":7.0,"key":"Ancient Potion"},{"floor":16.0,"key":"Strength Potion"},{"floor":18.0,"key":"CultistPotion"}],"is_trial":false,"path_per_floor":["M","M","?","T","M","R","E","R","T","R","?","$","M","?","R","B",null,"M","?","M","$","?","E","M","E"],"character_chosen":"IRONCLAD","items_purchased":["Uppercut"],"campfire_rested":0,"item_purchase_floors":[12],"current_hp_per_floor":[77,76,76,76,70,70,50,50,50,50,34,34,40,26,26,20,65,54,54,60,60,60,52,40,0,0],"gold":144,"neow_bonus":"TRANSFORM_CARD","is_daily":false,"chose_seed":false,"campfire_upgraded":4,"win_rate":0.0,"timestamp":1612139265,"path_taken":["M","M","?","?","?","R","E","R","T","R","?","$","M","?","R","BOSS","M","?","M","$","?","E","M","E"],"items_purchased_type":["Card"],"build_version":"2020-12-22","purchased_purges":2,"victory":false,"max_hp_per_floor":[80,80,80,80,80,80,80,80,80,80,80,80,80,80,80,80,80,80,80,80,80,80,80,80,80,80],"card_choices":[{"not_picked":["Warcry","Entrench"],"picked":"Battle Trance","floor":1.0},{"not_picked":["Thunderclap","Headbutt"],"picked":"Wild Strike","floor":2.0},{"not_picked":["Headbutt","Clash","Sword Boomerang"],"picked":"SKIP","floor":5.0},{"not_picked":["Sword Boomerang","Bloodletting"],"picked":"Infernal Blade","floor":7.0},{"not_picked":["Pommel Strike","Twin Strike"],"picked":"Shrug It Off","floor":13.0},{"not_picked":["Sever Soul","Thunderclap"],"picked":"Shrug It Off","floor":14.0},{"not_picked":["Limit Break","Feed"],"picked":"Immolate","floor":16.0},{"not_picked":["Havoc","Body Slam+1"],"picked":"Warcry","floor":18.0},{"not_picked":["True Grit","Cleave+1"],"picked":"Warcry","floor":20.0},{"not_picked":["Infernal Blade","Burning Pact","Dual Wield"],"picked":"SKIP","floor":23.0},{"not_picked":["Rage","Clothesline","Sentinel"],"picked":"SKIP","floor":24.0}],"player_experience":855960,"relics_obtained":[{"floor":4.0,"key":"Anchor"},{"floor":7.0,"key":"Red Skull"},{"floor":9.0,"key":"Juzu Bracelet"},{"floor":14.0,"key":"Odd Mushroom"},{"floor":23.0,"key":"Omamori"},{"floor":23.0,"key":"Blue Candle"}],"event_choices":[{"cards_removed":["Strike_R"],"damage_healed":0.0,"max_hp_gain":0.0,"max_hp_loss":0.0,"gold_gain":0.0,"event_name":"The Cleric","player_choice":"Card Removal","floor":3.0,"gold_loss":50.0,"damage_taken":0.0},{"damage_healed":0.0,"max_hp_gain":0.0,"max_hp_loss":0.0,"gold_gain":0.0,"event_name":"Shining Light","player_choice":"Entered Light","floor":11.0,"gold_loss":0.0,"damage_taken":16.0,"cards_upgraded":["Battle Trance","Defend_R"]},{"damage_healed":0.0,"max_hp_gain":0.0,"max_hp_loss":0.0,"gold_gain":0.0,"event_name":"Mushrooms","player_choice":"Fought Mushrooms","floor":14.0,"gold_loss":0.0,"damage_taken":0.0},{"damage_healed":0.0,"max_hp_gain":0.0,"max_hp_loss":0.0,"gold_gain":0.0,"event_name":"The Mausoleum","player_choice":"Opened","floor":19.0,"gold_loss":0.0,"damage_taken":0.0,"relics_obtained":["Matryoshka"],"cards_obtained":["Writhe"]},{"damage_healed":0.0,"max_hp_gain":0.0,"max_hp_loss":0.0,"gold_gain":0.0,"event_name":"The Library","player_choice":"Read","floor":22.0,"gold_loss":0.0,"damage_taken":0.0,"cards_obtained":["Evolve"]}],"is_beta":false,"boss_relics":[{"not_picked":["Runic Cube","Astrolabe"],"picked":"Black Star"}],"items_purged_floors":[12,21],"is_endless":false,"potions_floor_spawned":[5,7,16,18],"killed_by":"Book of Stabbing","ascension_level":11}}