{"host":"4par9lyhj7bf4dsa","time":1612218948,"event":{"mods":["AchievementEnabler","BaseMod","Colored Map","Minty Spire (QoL Compilation)","Relic Stats","StSLib"],"gold_per_floor":[114,124,142,9,20,20,50,50,75,87,87,101,136,158,170,259,271,299,329,100,100,110,110,135,135,135],"floor_reached":25,"language":"ENG","playtime":1442,"items_purged":["Strike_B"],"score":447,"play_id":"1cd692a2-c11c-4db9-9a9a-f6e34fe525c6","local_time":"20210202093548","is_ascension_mode":true,"campfire_choices":[{"data":"Rip and Tear","floor":6,"key":"SMITH"},{"data":"Scrape","floor":8,"key":"SMITH"},{"floor":15,"key":"REST"},{"data":"Defragment","floor":23,"key":"SMITH"}],"circlet_count":0,"master_deck":["AscendersBane","Strike_B","Strike_B","Defend_B","Defend_B","Defend_B","Defend_B","Zap","Dualcast","Beam Cell","Gash","Rip and Tear+1","Scrape+1","Gash","Coolheaded","Gash","Defragment+1","Undo","Buffer","Loop","Hologram","Ball Lightning+1"],"relics":["SacredBark","Strawberry","Toy Ornithopter","MawBank","Runic Pyramid","Eternal Feather"],"acts_visited":["Exordium","TheCity"],"potions_floor_usage":[3,5,7,13,18,19,22,22,22,24,24],"damage_taken":[{"damage":7,"enemies":"2 Louse","floor":1,"turns":3},{"damage":6,"enemies":"Cultist","floor":2,"turns":3},{"damage":7,"enemies":"Jaw Worm","floor":3,"turns":4},{"damage":0,"enemies":"2 Fungi Beasts","floor":5,"turns":2},{"damage":5,"enemies":"3 Sentries","floor":7,"turns":3},{"damage":16,"enemies":"Exordium Wildlife","floor":10,"turns":5},{"damage":4,"enemies":"Blue Slaver","floor":12,"turns":3},{"damage":4,"enemies":"Lagavulin","floor":13,"turns":5},{"damage":16,"enemies":"Lots of Slimes","floor":14,"turns":5},{"damage":14,"enemies":"Hexaghost","floor":16,"turns":9},{"damage":3,"enemies":"Chosen","floor":18,"turns":6},{"damage":6,"enemies":"2 Thieves","floor":19,"turns":3},{"damage":21,"enemies":"Shelled Parasite and Fungi","floor":22,"turns":6},{"damage":38,"enemies":"Slavers","floor":24,"turns":5},{"damage":19,"enemies":"3 Cultists","floor":25,"turns":3}],"seed_played":"-468534186352844239","potions_obtained":[{"floor":2,"key":"EssenceOfSteel"},{"floor":3,"key":"AttackPotion"},{"floor":10,"key":"FocusPotion"},{"floor":14,"key":"BlessingOfTheForge"},{"floor":16,"key":"ColorlessPotion"},{"floor":18,"key":"Explosive Potion"},{"floor":22,"key":"EssenceOfDarkness"}],"is_trial":false,"path_per_floor":["M","M","M","$","M","R","E","R","T","M","?","M","E","M","R","B",null,"M","M","$","?","M","R","E","M"],"character_chosen":"DEFECT","items_purchased":["Rip and Tear","Explosive Potion","EntropicBrew","Hologram"],"campfire_rested":1,"item_purchase_floors":[4,4,20,20],"current_hp_per_floor":[57,51,44,44,44,44,46,46,46,30,30,26,27,11,34,20,64,66,65,65,43,37,37,9,0,0],"gold":135,"neow_bonus":"BOSS_RELIC","is_daily":false,"chose_seed":false,"campfire_upgraded":3,"win_rate":0.0,"timestamp":1612218948,"path_taken":["M","M","M","$","M","R","E","R","T","M","?","M","E","M","R","BOSS","M","M","$","?","M","R","E","M"],"items_purchased_type":["Card","Potion","Potion","Card"],"build_version":"2020-12-22","purchased_purges":1,"victory":false,"max_hp_per_floor":[71,71,71,71,71,71,78,78,78,78,78,78,78,78,78,78,78,78,78,78,83,83,83,83,83,83],"relic_stats":{"counters":[15,65],"Eternal Feather":0,"MawBank":84,"obtain_stats":[{"SacredBark":0,"Strawberry":7,"Eternal Feather":24,"Cracked Core":0,"MawBank":13,"Toy Ornithopter":9,"Runic Pyramid":17},{"SacredBark":0,"Strawberry":5,"Eternal Feather":14,"Cracked Core":0,"MawBank":8,"Toy Ornithopter":5,"Runic Pyramid":10},{"SacredBark":0,"Strawberry":15,"Eternal Feather":62,"Cracked Core":0,"MawBank":28,"Toy Ornithopter":15,"Runic Pyramid":42}],"Toy Ornithopter":40},"card_choices":[{"not_picked":["Steam","Force Field"],"picked":"Beam Cell","floor":1},{"not_picked":["Conserve Battery","Beam Cell"],"picked":"Gash","floor":2},{"not_picked":["Steam","Consume","Conserve Battery"],"picked":"SKIP","floor":3},{"not_picked":["Meteor Strike","Glacier"],"picked":"Scrape","floor":5},{"not_picked":["Storm","Cold Snap"],"picked":"Gash","floor":7},{"not_picked":["Streamline","Barrage"],"picked":"Coolheaded","floor":10},{"not_picked":["Barrage","Defragment"],"picked":"Gash","floor":12},{"not_picked":["Gash","Coolheaded"],"picked":"Defragment","floor":13},{"not_picked":["Rebound","Redo"],"picked":"Undo","floor":14},{"not_picked":["Meteor Strike","Multi-Cast"],"picked":"Buffer","floor":16},{"not_picked":["Cold Snap","Gash"],"picked":"Loop","floor":18},{"not_picked":["Consume","Cold Snap","Force Field+1"],"picked":"SKIP","floor":19},{"not_picked":["Stack+1","Rip and Tear+1","Rebound"],"picked":"SKIP","floor":22},{"not_picked":["Doom and Gloom","Beam Cell"],"picked":"Ball Lightning+1","floor":24}],"player_experience":910836,"relics_obtained":[{"floor":7,"key":"Strawberry"},{"floor":9,"key":"Toy Ornithopter"},{"floor":13,"key":"MawBank"},{"floor":24,"key":"Eternal Feather"}],"event_choices":[{"cards_removed":["Strike_B"],"damage_healed":0,"gold_gain":0,"player_choice":"Purged","damage_taken":0,"max_hp_gain":0,"max_hp_loss":0,"event_name":"Purifier","floor":11,"gold_loss":0},{"damage_healed":0,"gold_gain":0,"player_choice":"Shed Blood","damage_taken":27,"max_hp_gain":5,"max_hp_loss":0,"event_name":"Forgotten Altar","floor":21,"gold_loss":0}],"is_beta":false,"boss_relics":[{"not_picked":["Coffee Dripper","Inserter"],"picked":"Runic Pyramid"}],"items_purged_floors":[20],"is_endless":false,"potions_floor_spawned":[2,3,10,14,16,18,22],"killed_by":"3 Cultists","ascension_level":18}}