{"host":"lly094a91h6n5nv5","time":1612141442,"event":{"mods":["AchievementEnabler","BaseMod","Block Reminder","Colored Map","Minty Spire (QoL Compilation)"],"gold_per_floor":[115,125,137,148,168,195,205,205,229,262,212,244,244,133,133,235,235,245,245,160,160,180,180,207,207,207,217,228,228,228,247,247,247,247],"floor_reached":33,"language":"ENG","playtime":2419,"items_purged":["Defend_R"],"score":369,"play_id":"ddd2e090-01d6-468c-b304-f52170a10f22","local_time":"20210131190402","is_ascension_mode":true,"campfire_choices":[{"data":"Warcry","floor":8.0,"key":"SMITH"},{"data":"Flame Barrier","floor":15.0,"key":"SMITH"},{"data":"Shockwave","floor":23,"key":"SMITH"},{"data":"Entrench","floor":25,"key":"SMITH"},{"data":"Entrench","floor":30,"key":"SMITH"},{"data":"Metallicize","floor":32,"key":"SMITH"}],"circlet_count":0,"master_deck":["Strike_R","Strike_R","Strike_R","Defend_R","Defend_R","Bash","Shrug It Off","Iron Wave","Pommel Strike","Warcry+1","Flame Barrier+1","Metallicize","Pommel Strike","Entrench+1","Combust","Metallicize+1","Immolate","Shockwave+1","Ghostly","Ghostly","Ghostly","Ghostly","Ghostly","Entrench+1","Decay","Whirlwind+1","Rampage+1"],"relics":["Burning Blood","Juzu Bracelet","Blood Vial","InkBottle","Potion Belt","Cursed Key","Happy Flower","Gambling Chip","Letter Opener"],"acts_visited":["TheCity"],"potions_floor_usage":[33],"damage_taken":[{"damage":6.0,"enemies":"Cultist","floor":1.0,"turns":3.0},{"damage":6.0,"enemies":"Small Slimes","floor":2.0,"turns":5.0},{"damage":6.0,"enemies":"2 Louse","floor":3.0,"turns":3.0},{"damage":8.0,"enemies":"Blue Slaver","floor":4.0,"turns":4.0},{"damage":9.0,"enemies":"Large Slime","floor":5.0,"turns":6.0},{"damage":27.0,"enemies":"Gremlin Nob","floor":6.0,"turns":4.0},{"damage":11.0,"enemies":"Looter","floor":7.0,"turns":3.0},{"damage":16.0,"enemies":"3 Sentries","floor":10.0,"turns":11.0},{"damage":23.0,"enemies":"Lagavulin","floor":12.0,"turns":9.0},{"damage":33.0,"enemies":"Hexaghost","floor":16.0,"turns":13.0},{"damage":15.0,"enemies":"2 Thieves","floor":18.0,"turns":3.0},{"damage":0,"enemies":"3 Byrds","floor":22,"turns":1},{"damage":12,"enemies":"Book of Stabbing","floor":24,"turns":8},{"damage":6,"enemies":"Cultist and Chosen","floor":27,"turns":6},{"damage":5,"enemies":"Sentry and Sphere","floor":28,"turns":7},{"damage":2,"enemies":"Centurion and Healer","floor":31,"turns":6},{"damage":43,"enemies":"Champ","floor":33,"turns":13}],"seed_played":"-6138544867928016266","potions_obtained":[{"floor":2.0,"key":"AttackPotion"},{"floor":4.0,"key":"Explosive Potion"},{"floor":7.0,"key":"BloodPotion"},{"floor":10.0,"key":"ColorlessPotion"},{"floor":16.0,"key":"Block Potion"},{"floor":18.0,"key":"BloodPotion"},{"floor":27,"key":"PowerPotion"},{"floor":31,"key":"Explosive Potion"}],"is_trial":false,"path_per_floor":["M","M","M","M","M","E","M","R","T","E","?","E","?","$","R","B",null,"M","?","?","?","M","R","E","R","T","M","M","$","R","M","R","B"],"character_chosen":"IRONCLAD","items_purchased":["Metallicize"],"campfire_rested":0,"item_purchase_floors":[14],"current_hp_per_floor":[80,80,80,78,75,54,49,49,49,41,41,26,19,19,19,10,80,71,40,40,40,40,40,34,34,34,36,39,39,39,40,40,0,0],"gold":247,"neow_bonus":"REMOVE_CARD","is_daily":false,"chose_seed":false,"campfire_upgraded":6,"win_rate":0.0,"timestamp":1612141442,"path_taken":["M","M","?","M","M","E","M","R","T","E","?","E","?","$","R","BOSS","M","?","?","?","M","R","E","R","T","M","M","$","R","M","R","BOSS"],"items_purchased_type":["Card"],"build_version":"2020-12-22","purchased_purges":1,"victory":false,"max_hp_per_floor":[80,80,80,80,80,80,80,80,80,80,80,80,80,80,80,80,80,80,40,40,40,40,40,40,40,40,40,40,40,40,40,40,40,40],"card_choices":[{"not_picked":["Feel No Pain","Warcry"],"picked":"Shrug It Off","floor":1.0},{"not_picked":["Heavy Blade","Power Through"],"picked":"Iron Wave","floor":2.0},{"not_picked":["Pummel","Anger"],"picked":"Pommel Strike","floor":3.0},{"not_picked":["Wild Strike","Infernal Blade"],"picked":"Warcry","floor":4.0},{"not_picked":["Cleave","Intimidate"],"picked":"Flame Barrier","floor":5.0},{"not_picked":["Heavy Blade","Brutality"],"picked":"Metallicize","floor":6.0},{"not_picked":["Reckless Charge","Bloodletting"],"picked":"Pommel Strike","floor":7.0},{"not_picked":["Bloodletting","Carnage"],"picked":"Entrench","floor":10.0},{"not_picked":["Havoc","Pummel"],"picked":"Combust","floor":12.0},{"not_picked":["Berserk","Bludgeon"],"picked":"Immolate","floor":16.0},{"not_picked":["Seeing Red","Clash"],"picked":"Shockwave","floor":18.0},{"not_picked":["Metallicize","Thunderclap"],"picked":"Entrench","floor":22},{"not_picked":["Entrench","Perfected Strike","Headbutt"],"picked":"SKIP","floor":24},{"not_picked":["Flex","Power Through+1"],"picked":"Whirlwind+1","floor":27},{"not_picked":["Reckless Charge","Combust","Thunderclap"],"picked":"SKIP","floor":28},{"not_picked":["Heavy Blade","Bloodletting"],"picked":"Rampage+1","floor":31}],"player_experience":96696,"relics_obtained":[{"floor":6.0,"key":"Juzu Bracelet"},{"floor":9.0,"key":"Blood Vial"},{"floor":10.0,"key":"InkBottle"},{"floor":12.0,"key":"Potion Belt"},{"floor":24,"key":"Gambling Chip"},{"floor":26,"key":"Letter Opener"}],"event_choices":[{"cards_removed":["Defend_R"],"damage_healed":0.0,"max_hp_gain":0.0,"max_hp_loss":0.0,"gold_gain":0.0,"event_name":"The Cleric","player_choice":"Card Removal","floor":11.0,"gold_loss":50.0,"damage_taken":0.0},{"cards_removed":["Strike_R"],"damage_healed":0.0,"max_hp_gain":0.0,"max_hp_loss":0.0,"gold_gain":0.0,"event_name":"Golden Wing","player_choice":"Card Removal","floor":13.0,"gold_loss":0.0,"damage_taken":7.0},{"damage_healed":0.0,"max_hp_gain":0.0,"max_hp_loss":40.0,"gold_gain":0.0,"event_name":"Ghosts","player_choice":"Became a Ghost","floor":19.0,"gold_loss":0.0,"damage_taken":0.0,"cards_obtained":["Ghostly","Ghostly","Ghostly","Ghostly","Ghostly"]},{"damage_healed":0.0,"max_hp_gain":0.0,"max_hp_loss":0.0,"gold_gain":0.0,"event_name":"Addict","player_choice":"Obtained Relic","floor":20.0,"gold_loss":85.0,"damage_taken":0.0,"relics_obtained":["Happy Flower"]},{"damage_healed":0.0,"max_hp_gain":0.0,"max_hp_loss":0.0,"gold_gain":0.0,"event_name":"Vampires","player_choice":"Ignored","floor":21.0,"gold_loss":0.0,"damage_taken":0.0}],"is_beta":false,"boss_relics":[{"not_picked":["Runic Pyramid","Ectoplasm"],"picked":"Cursed Key"}],"items_purged_floors":[14],"is_endless":false,"potions_floor_spawned":[2,4,7,10,16,18,27,31],"killed_by":"Champ","ascension_level":4}}