{"host":"m3vxb3sx8jkm6leb","time":1612175834,"event":{"mods":["Arknights","BaseMod","Gremlin Skip","Grow up Mod","KinomotoSakuraMod(Ä¾Ö®±¾Ó£)","Marisa£¨ìFÓê¡¡Ä§ÀíÉ³£©","Minty Spire (QoL Compilation)","Quick Restart","Reimu£¨²©ÀöÁéÃÎ£©","Remove Card Discount Mod","Replay The Spire","RumiaBox-Â¶Ã×æ«µÄÉñÃØºÐ×Ó","Shop Mod","StSLib","SuperFastMode","Td1madao Mod","The Alterego","The Animator","TheSwordswoman","UnlockEverythingMod","Yakumo Yukari mod","Youmu£¨»êÆÇÑýÃÎ£©","¡¾¹¦ÄÜMod¡¿´ÏÃ÷µÄ×îÖÕBoss"],"gold_per_floor":[118,1,32,32,32,32,82,31,31,74,109,109,143,186,186,331,394,429,389,428,428,61,156,156,212,236,305,249,249,7,46,46,237,237,310,379,37,90,90,90,164,164,189,336,429,567,712,303,303,363,363,363,75,147,147],"floor_reached":56,"language":"ZHS","playtime":4576,"items_purged":["Strike_MRS","Strike_MRS","Defend_MRS","Defend_MRS","Strike_MRS","Strike_MRS","Delirium","Defend_MRS","Defend_MRS","DoubleSpark","OrrerysSun","MilkyWay","DarkMatter+1","TreasureHunter","WitchOfGreed"],"score":1597,"play_id":"fab537a8-aed3-451e-9cb5-fb0d87ac9c88","local_time":"20210201183714","is_ascension_mode":false,"campfire_choices":[{"floor":6,"key":"RECALL"},{"data":"1","floor":15,"key":"LIFT"},{"data":"2","floor":29,"key":"LIFT"},{"data":"3","floor":32,"key":"LIFT"},{"data":"UltimateShortwave","floor":40,"key":"SMITH"},{"data":"UpSweep","floor":42,"key":"SMITH"},{"data":"PowerUp","floor":49,"key":"SMITH"},{"data":"PowerUp","floor":52,"key":"SMITH"}],"circlet_count":0,"master_deck":["MasterSpark+1","UpSweep+1","PowerUp+1","LuminesStrike","TreasureHunter","MilkyWay+1","Robbery","PowerUp+1","Parasite","Parasite","DoubleSpark+1","UltimateShortwave+1","OrrerysSun+1","Apotheosis+1","Pot Of Greed","Pot Of Greed","MilkyWay+1","ManaRampage"],"relics":["MiniHakkero","NeowsBlessing","Ring of Panic","Ring of Searing","Golden Idol","Girya","Replay:Bottled Eggs","Incense Burner","Tiny House","ZunR:ReiMu","Nilry\u0027s Codex","Replay:Wax Seal","Darkstone Periapt","Replay:Rubber Ducky","Pen Nib","Nunchaku","ShroomBag","Mummified Hand","EasyGame_NEW","TentaclePot:ReiMu","CeramicFish","Dream Catcher","RuthlessExorcism:ReiMu","Orichalcum","Grinning Jar","Bag of Marbles","Mirror","Centennial Puzzle","FossilizedHelix"],"acts_visited":["Exordium","TheCity","TheBeyond","TheEnding"],"potions_floor_usage":[33],"damage_taken":[{"damage":0,"enemies":"Cultist","floor":1,"turns":1},{"damage":0,"enemies":"Small Slimes","floor":3,"turns":1},{"damage":5,"enemies":"3 Sentries","floor":7,"turns":2},{"damage":11,"enemies":"Jaw Worm","floor":10,"turns":2},{"damage":9,"enemies":"Exordium Thugs","floor":11,"turns":3},{"damage":2,"enemies":"Large Slime","floor":13,"turns":4},{"damage":31,"enemies":"Lots of Slimes","floor":14,"turns":3},{"damage":38,"enemies":"The Guardian","floor":16,"turns":6},{"damage":40,"enemies":"Spheric Guardian","floor":18,"turns":4},{"damage":37,"enemies":"Chosen","floor":20,"turns":5},{"damage":47,"enemies":"Book of Stabbing","floor":23,"turns":6},{"damage":6,"enemies":"Snake Plant","floor":25,"turns":4},{"damage":88,"enemies":"Gremlin Leader","floor":27,"turns":9},{"damage":16,"enemies":"Centurion and Healer","floor":31,"turns":4},{"damage":94,"enemies":"Pondfish","floor":33,"turns":9},{"damage":38,"enemies":"3 Darklings","floor":35,"turns":4},{"damage":10,"enemies":"3 Shapes","floor":36,"turns":3},{"damage":5,"enemies":"Writhing Mass","floor":38,"turns":2},{"damage":33,"enemies":"R_Hoarder","floor":41,"turns":6},{"damage":76,"enemies":"Reptomancer","floor":44,"turns":3},{"damage":14,"enemies":"Sphere and 2 Shapes","floor":45,"turns":5},{"damage":14,"enemies":"Maw","floor":46,"turns":8},{"damage":3,"enemies":"Writhing Mass","floor":47,"turns":3},{"damage":80,"enemies":"Awakened One","floor":50,"turns":11},{"damage":88,"enemies":"Shield and Spear","floor":54,"turns":4},{"damage":146,"enemies":"The Heart","floor":55,"turns":8}],"seed_played":"-3592122608345406909","potions_obtained":[{"floor":3,"key":"ShroomBrew"},{"floor":3,"key":"SteroidPotion"},{"floor":7,"key":"Block Potion"},{"floor":10,"key":"Languid Potion"},{"floor":10,"key":"BlessingOfTheForge"},{"floor":18,"key":"SkillPotion"},{"floor":31,"key":"DuplicationPotion"},{"floor":33,"key":"PanachePotion"}],"is_trial":false,"path_per_floor":["M","$","M","?","?","R","E","$","T","M","M","?","M","M","R","B",null,"M","?","M","?","$","E","?","M","T","E","$","R","$","M","R","B",null,"M","M","$","M","?","R","E","R","T","E","M","M","M","$","R","B",null,"R","$","E","B",null],"character_chosen":"MARISA","items_purchased":["LuminesStrike","WitchOfGreed","MilkyWay","Replay:Wax Seal","Darkstone Periapt","OrrerysSun","DarkMatter+1","Mummified Hand","Apotheosis","TentaclePot:ReiMu","Bag of Marbles","Mirror","Centennial Puzzle","ManaRampage"],"campfire_rested":0,"item_purchase_floors":[2,2,8,22,22,22,28,30,37,37,48,48,53,53],"current_hp_per_floor":[95,105,115,125,104,114,119,129,139,138,139,149,157,136,146,118,260,230,240,213,207,217,180,190,194,204,138,148,158,168,166,176,96,442,418,422,432,437,447,457,438,448,458,396,396,394,405,415,425,359,612,622,632,558,426],"gold":147,"neow_bonus":"THREE_ENEMY_KILL","is_daily":false,"chose_seed":false,"campfire_upgraded":4,"win_rate":0.0,"timestamp":1612175834,"path_taken":["M","$","M","?","?","R","E","?","T","M","?","?","?","M","R","BOSS","M","?","M","?","$","E","?","M","T","E","$","R","$","M","R","BOSS","M","M","$","?","?","R","E","R","T","E","M","M","M","$","R","BOSS","R","$","E","BOSS"],"items_purchased_type":["Card","Card","Card","Relic","Relic","Card","Card","Relic","Card","Relic","Relic","Relic","Relic","Card"],"build_version":"2020-12-22","purchased_purges":15,"victory":true,"max_hp_per_floor":[95,105,115,125,135,145,155,165,175,185,195,205,215,225,235,245,260,270,280,290,300,310,320,330,340,350,372,382,392,402,412,422,432,442,452,462,472,482,492,502,512,522,532,542,552,562,572,582,592,602,612,622,632,642,652],"card_choices":[{"not_picked":["AsteroidBelt","WitchLeyline"],"picked":"PowerUp","floor":1},{"not_picked":["RefractionSpark","NonDirectionalLaser"],"picked":"MilkyWay","floor":3},{"not_picked":["BlazingStar","GrandCross"],"picked":"TreasureHunter","floor":7},{"not_picked":["WitchOfGreed","GravityBeat","ShootingEcho"],"picked":"SKIP","floor":10},{"not_picked":["DC","NonDirectionalLaser"],"picked":"DoubleSpark","floor":11},{"not_picked":["Acceleration","MysteriousBeam","IllusionStar"],"picked":"SKIP","floor":13},{"not_picked":["DC","MysteriousBeam","SporeBomb"],"picked":"SKIP","floor":14},{"not_picked":["MaximisePower","StarDustReverie"],"picked":"TreasureHunter","floor":16},{"not_picked":["ShootingEcho+1","MeteoricShower","GravityBeat+1"],"picked":"SKIP","floor":18},{"not_picked":["GravityBeat+1","GalacticHalo+1"],"picked":"Robbery","floor":20},{"not_picked":["ShootTheMoon","ManaConvection","GasGiant"],"picked":"SKIP","floor":23},{"not_picked":["WitchLeyline","GalacticHalo"],"picked":"PowerUp","floor":25},{"not_picked":["GalacticHalo","RefractionSpark+1"],"picked":"DoubleSpark+1","floor":27},{"not_picked":["DeepEcoloBomb","AbsoluteMagnitude","WitchOfGreed"],"picked":"SKIP","floor":31},{"not_picked":["TreasureHunter","BigCrunch"],"picked":"UltimateShortwave","floor":33},{"not_picked":["ChargeUpSpray","DeepEcoloBomb+1"],"picked":"OrrerysSun+1","floor":35},{"not_picked":["SporeBomb+1","WitchLeyline","ShootTheMoon+1"],"picked":"SKIP","floor":36},{"not_picked":["PowerUp","UnstableBomb+1","DeepEcoloBomb"],"picked":"SKIP","floor":38},{"not_picked":["GasGiant","ManaRampage","6A+1"],"picked":"SKIP","floor":41},{"not_picked":["FairyDestructionRay+1","ShootTheMoon","GalacticHalo"],"picked":"SKIP","floor":44},{"not_picked":["LuminesStrike","MeteoricShower+1"],"picked":"MilkyWay+1","floor":45},{"not_picked":["Acceleration+1","MilkyWay+1","AsteroidBelt"],"picked":"SKIP","floor":46},{"not_picked":["RefractionSpark","WitchOfGreed+1","EventHorizon+1"],"picked":"SKIP","floor":47},{"not_picked":["NonDirectionalLaser+1","PropBag","GravityBeat+1"],"picked":"SKIP","floor":54}],"player_experience":77552,"relics_obtained":[{"floor":4,"key":"Ring of Panic"},{"floor":4,"key":"Ring of Searing"},{"floor":7,"key":"Girya"},{"floor":9,"key":"Replay:Bottled Eggs"},{"floor":16,"key":"Incense Burner"},{"floor":21,"key":"Nilry\u0027s Codex"},{"floor":23,"key":"Replay:Rubber Ducky"},{"floor":23,"key":"Pen Nib"},{"floor":27,"key":"Nunchaku"},{"floor":27,"key":"ShroomBag"},{"floor":41,"key":"CeramicFish"},{"floor":41,"key":"Dream Catcher"},{"floor":43,"key":"RuthlessExorcism:ReiMu"},{"floor":44,"key":"Orichalcum"},{"floor":44,"key":"Grinning Jar"},{"floor":54,"key":"FossilizedHelix"}],"event_choices":[{"damage_healed":0,"gold_gain":0,"player_choice":"Take Damage","damage_taken":31,"relics_obtained":["Golden Idol"],"max_hp_gain":0,"max_hp_loss":0,"event_name":"Golden Idol","floor":5,"gold_loss":0},{"damage_healed":0,"gold_gain":0,"player_choice":"Bought 0 Potions","damage_taken":0,"max_hp_gain":0,"max_hp_loss":0,"event_name":"The Woman in Blue","floor":12,"gold_loss":0},{"damage_healed":0,"gold_gain":0,"player_choice":"¹ºÂòÉñ¾Æ","damage_taken":0,"relics_obtained":["ZunR:ReiMu"],"max_hp_gain":0,"max_hp_loss":0,"event_name":"ZunEvent","floor":19,"gold_loss":40},{"damage_healed":0,"gold_gain":0,"player_choice":"Obtained Book","damage_taken":16,"max_hp_gain":0,"max_hp_loss":0,"event_name":"Cursed Tome","floor":21,"gold_loss":0},{"damage_healed":0,"gold_gain":0,"player_choice":"Ignored","damage_taken":0,"max_hp_gain":0,"max_hp_loss":0,"event_name":"Purifier","floor":24,"gold_loss":0},{"damage_healed":0,"gold_gain":0,"player_choice":"Upgraded","damage_taken":0,"max_hp_gain":0,"max_hp_loss":0,"event_name":"Upgrade Shrine","floor":39,"gold_loss":0,"cards_upgraded":["Apotheosis"]}],"is_beta":false,"boss_relics":[{"not_picked":["Pandora\u0027s Box","Replay:Bronze Core"],"picked":"Tiny House"},{"not_picked":["Sozu","ChewingGum"],"picked":"EasyGame_NEW"}],"items_purged_floors":[2,2,2,2,2,2,8,8,8,28,37,48,48,53,53],"is_endless":false,"potions_floor_spawned":[3,10,11,16,27,31,33,44,45,46,54],"ascension_level":0}}