{"host":"Bilverbakes","time":1612138729,"event":{"mods":["2.2 Compatiblity","AchievementEnabler","BaseMod","Bestiary","Colored Map","Minty Spire (QoL Compilation)","Relic Stats","StSLib","ojb\u0027s Info Mod"],"gold_per_floor":[113,113,113,125,138,49,76,76,100,111,176,203,203,215,215,289,289,307,307,68,68,68,68,78,78,105,105,137,93,123,140,140,214,214,234,277,327,362,362,362,395,414,494,494,521,521,532,532,532,532,532,532],"floor_reached":51,"language":"ENG","playtime":2536,"items_purged":["Strike_P"],"score":1652,"play_id":"92f44f7f-c3c5-4c4d-88f7-f7e3ab63c004","local_time":"20210131181849","is_ascension_mode":true,"campfire_choices":[{"data":"Eruption","floor":8,"key":"SMITH"},{"data":"Conclude","floor":13,"key":"SMITH"},{"data":"Adaptation","floor":15,"key":"SMITH"},{"data":"Blasphemy","floor":23,"key":"SMITH"},{"data":"EmptyFist","floor":25,"key":"SMITH"},{"floor":27,"key":"REST"},{"data":"SandsOfTime","floor":32,"key":"SMITH"},{"data":"Wireheading","floor":40,"key":"SMITH"},{"floor":44,"key":"REST"},{"floor":49,"key":"RECALL"}],"circlet_count":0,"master_deck":["AscendersBane","Strike_P","Strike_P","Strike_P","Defend_P","Defend_P","Defend_P+1","Eruption+1","Vigilance","Adaptation+1","Collect","EmptyFist+1","Wallop","Conclude+1","SandsOfTime+1","Indignation","CutThroughFate","EmptyMind","Blasphemy+1","CutThroughFate","WheelKick","Wireheading+1","Conclude+1","FearNoEvil","CutThroughFate+1","Tantrum","Wish","FlurryOfBlows","Evaluate+1","Decay","Nirvana","TalkToTheHand"],"relics":["SlaversCollar","Ornamental Fan","Oddly Smooth Stone","War Paint","Pen Nib","Anchor","Philosopher\u0027s Stone","Regal Pillow","Vajra","MealTicket","Cursed Key","Turnip","Boot","Omamori"],"acts_visited":["Exordium","TheCity","TheBeyond"],"potions_floor_usage":[11,11,24,38,41,50,50],"damage_taken":[{"damage":0,"enemies":"Cultist","floor":1,"turns":3},{"damage":4,"enemies":"Small Slimes","floor":4,"turns":5},{"damage":10,"enemies":"2 Louse","floor":5,"turns":3},{"damage":8,"enemies":"Lagavulin","floor":7,"turns":6},{"damage":0,"enemies":"Blue Slaver","floor":10,"turns":4},{"damage":19,"enemies":"Lagavulin Event","floor":11,"turns":4},{"damage":1,"enemies":"3 Sentries","floor":12,"turns":3},{"damage":0,"enemies":"2 Fungi Beasts","floor":14,"turns":2},{"damage":0,"enemies":"Slime Boss","floor":16,"turns":3},{"damage":0,"enemies":"Chosen","floor":18,"turns":2},{"damage":0,"enemies":"3 Byrds","floor":24,"turns":1},{"damage":0,"enemies":"Book of Stabbing","floor":28,"turns":3},{"damage":0,"enemies":"Gremlin Leader","floor":30,"turns":3},{"damage":4,"enemies":"Shelled Parasite and Fungi","floor":31,"turns":2},{"damage":10,"enemies":"Champ","floor":33,"turns":6},{"damage":3,"enemies":"3 Darklings","floor":35,"turns":2},{"damage":0,"enemies":"3 Shapes","floor":36,"turns":2},{"damage":0,"enemies":"Mind Bloom Boss Battle","floor":37,"turns":3},{"damage":0,"enemies":"Spire Growth","floor":38,"turns":2},{"damage":32,"enemies":"Nemesis","floor":41,"turns":3},{"damage":0,"enemies":"3 Darklings","floor":42,"turns":2},{"damage":28,"enemies":"Giant Head","floor":45,"turns":5},{"damage":0,"enemies":"4 Shapes","floor":47,"turns":5},{"damage":24,"enemies":"Awakened One","floor":50,"turns":8},{"damage":46,"enemies":"Time Eater","floor":51,"turns":4}],"seed_played":"-7047126441188628950","potions_obtained":[{"floor":4,"key":"DuplicationPotion"},{"floor":5,"key":"FearPotion"},{"floor":16,"key":"EssenceOfSteel"},{"floor":18,"key":"Swift Potion"},{"floor":28,"key":"SkillPotion"},{"floor":39,"key":"Ambrosia"},{"floor":41,"key":"LiquidMemories"}],"is_trial":false,"path_per_floor":["M","T","?","M","M","$","E","R","T","M","?","E","R","M","R","B",null,"M","?","$","?","?","R","M","R","T","R","E","$","E","M","R","B",null,"M","M","?","M","?","R","E","M","T","R","E","?","M","?","R","B","B"],"character_chosen":"WATCHER","items_purchased":["Conclude","WheelKick","Wireheading","Tantrum"],"campfire_rested":2,"item_purchase_floors":[6,20,20,29],"current_hp_per_floor":[61,61,61,57,47,47,39,39,39,39,20,19,19,19,19,19,56,56,37,37,37,37,37,37,37,37,73,73,73,73,69,69,59,70,67,67,67,67,67,67,35,35,35,71,43,43,43,43,43,19,0,0],"gold":532,"neow_bonus":"BOSS_RELIC","is_daily":false,"chose_seed":false,"campfire_upgraded":7,"win_rate":0.0,"timestamp":1612138729,"path_taken":["M","?","?","M","?","$","E","R","T","M","?","E","R","M","R","BOSS","M","?","$","?","?","R","?","R","T","R","E","$","E","M","R","BOSS","M","M","?","M","?","R","E","?","T","R","E","?","M","?","R","BOSS","BOSS"],"items_purchased_type":["Card","Card","Card","Card"],"build_version":"2020-12-18","purchased_purges":1,"victory":false,"max_hp_per_floor":[68,68,68,68,68,68,68,68,68,68,68,68,68,68,68,68,68,68,73,73,73,73,73,73,73,73,73,73,73,73,73,73,73,73,73,73,73,73,73,73,73,73,73,73,73,73,73,73,73,73,73,73],"relic_stats":{"Regal Pillow":30,"counters":[25,86],"Ornamental Fan":[172],"MealTicket":0,"Pen Nib":[17],"Turnip":[0],"War Paint":["Defend_P","Defend_P"],"Cursed Key":1,"Boot":[9],"obtain_stats":[{"Regal Pillow":26,"Oddly Smooth Stone":7,"Vajra":28,"Pen Nib":11,"Omamori":45,"War Paint":9,"Cursed Key":34,"Boot":41,"SlaversCollar":0,"Anchor":12,"Ornamental Fan":2,"Philosopher\u0027s Stone":17,"MealTicket":30,"Turnip":37,"PureWater":0},{"Regal Pillow":11,"Oddly Smooth Stone":4,"Vajra":12,"Pen Nib":6,"Omamori":22,"War Paint":4,"Cursed Key":15,"Boot":20,"SlaversCollar":0,"Anchor":7,"Ornamental Fan":1,"Philosopher\u0027s Stone":9,"MealTicket":13,"Turnip":18,"PureWater":0},{"Regal Pillow":36,"Oddly Smooth Stone":17,"Vajra":39,"Pen Nib":25,"Omamori":69,"War Paint":17,"Cursed Key":50,"Boot":62,"SlaversCollar":0,"Anchor":28,"Ornamental Fan":3,"Philosopher\u0027s Stone":33,"MealTicket":42,"Turnip":57,"PureWater":0}]},"card_choices":[{"not_picked":["CrushJoints","SashWhip"],"picked":"Adaptation","floor":1},{"not_picked":["Wireheading","FlurryOfBlows"],"picked":"EmptyFist","floor":4},{"not_picked":["Consecrate","FollowUp"],"picked":"Wallop","floor":5},{"not_picked":["Worship","SignatureMove"],"picked":"SandsOfTime","floor":7},{"not_picked":["PathToVictory","FlyingSleeves"],"picked":"Indignation","floor":10},{"not_picked":["MentalFortress","Crescendo"],"picked":"CutThroughFate","floor":11},{"not_picked":["BowlingBash","ClearTheMind"],"picked":"EmptyMind","floor":12},{"not_picked":["SignatureMove","PathToVictory","BowlingBash"],"picked":"SKIP","floor":14},{"not_picked":["SpiritShield","Omniscience"],"picked":"Blasphemy","floor":16},{"not_picked":["Perseverance","Conclude"],"picked":"CutThroughFate","floor":18},{"not_picked":["EmptyBody","PathToVictory"],"picked":"FearNoEvil","floor":24},{"not_picked":["EmptyBody","MasterReality"],"picked":"CutThroughFate+1","floor":28},{"not_picked":["PathToVictory","EmptyBody","FollowUp"],"picked":"SKIP","floor":30},{"not_picked":["FlyingSleeves","ThirdEye","CrushJoints"],"picked":"SKIP","floor":31},{"not_picked":["Establishment","Devotion"],"picked":"Wish","floor":33},{"not_picked":["WaveOfTheHand","Prostrate","WheelKick"],"picked":"SKIP","floor":35},{"not_picked":["Vengeance","EmptyBody","Prostrate"],"picked":"SKIP","floor":36},{"not_picked":["ClearTheMind","ReachHeaven+1"],"picked":"FlurryOfBlows","floor":37},{"not_picked":["BattleHymn","Alpha","FollowUp"],"picked":"SKIP","floor":38},{"not_picked":["WaveOfTheHand","EmptyBody"],"picked":"Evaluate+1","floor":41},{"not_picked":["SashWhip","FollowUp","Prostrate"],"picked":"SKIP","floor":42},{"not_picked":["FlyingSleeves","SpiritShield"],"picked":"Nirvana","floor":45},{"not_picked":["Consecrate","CrushJoints"],"picked":"TalkToTheHand","floor":47}],"player_experience":870659,"relics_obtained":[{"floor":2,"key":"Ornamental Fan"},{"floor":7,"key":"Oddly Smooth Stone"},{"floor":9,"key":"War Paint"},{"floor":11,"key":"Pen Nib"},{"floor":12,"key":"Anchor"},{"floor":26,"key":"Regal Pillow"},{"floor":28,"key":"Vajra"},{"floor":30,"key":"MealTicket"},{"floor":37,"key":"Turnip"},{"floor":41,"key":"Boot"},{"floor":45,"key":"Omamori"}],"event_choices":[{"damage_healed":0,"gold_gain":0,"player_choice":"1 cards matched","damage_taken":0,"max_hp_gain":0,"max_hp_loss":0,"event_name":"Match and Keep!","floor":3,"gold_loss":0,"cards_obtained":["Collect"]},{"damage_healed":0,"gold_gain":30,"player_choice":"Searched \u00272\u0027 times","damage_taken":0,"max_hp_gain":0,"max_hp_loss":0,"event_name":"Dead Adventurer","floor":11,"gold_loss":0},{"damage_healed":0,"gold_gain":0,"player_choice":"Shed Blood","damage_taken":24,"max_hp_gain":5,"max_hp_loss":0,"event_name":"Forgotten Altar","floor":19,"gold_loss":0},{"damage_healed":0,"gold_gain":0,"player_choice":"Copied","damage_taken":0,"max_hp_gain":0,"max_hp_loss":0,"event_name":"Duplicator","floor":22,"gold_loss":0,"cards_obtained":["Conclude"]},{"damage_healed":0,"gold_gain":0,"player_choice":"Fight","damage_taken":0,"max_hp_gain":0,"max_hp_loss":0,"event_name":"MindBloom","floor":37,"gold_loss":0},{"damage_healed":0,"gold_gain":0,"player_choice":"Got Potions","damage_taken":0,"max_hp_gain":0,"max_hp_loss":0,"event_name":"Lab","floor":39,"gold_loss":0},{"damage_healed":0,"gold_gain":0,"player_choice":"Ignored","damage_taken":0,"max_hp_gain":0,"max_hp_loss":0,"event_name":"Tomb of Lord Red Mask","floor":46,"gold_loss":0},{"cards_removed":["Defend_P"],"damage_healed":0,"gold_gain":0,"player_choice":"Removed Skill","damage_taken":0,"max_hp_gain":0,"max_hp_loss":0,"event_name":"Falling","floor":48,"gold_loss":0}],"is_beta":true,"boss_relics":[{"not_picked":["SacredBark","Black Star"],"picked":"Philosopher\u0027s Stone"},{"not_picked":["Runic Pyramid","Tiny House"],"picked":"Cursed Key"}],"items_purged_floors":[20],"is_endless":false,"potions_floor_spawned":[4,5,7,10,16,18,28,33,41,42,47],"killed_by":"Time Eater","ascension_level":20}}