{"host":"67d7yvf7wgk1klfn","time":1612144724,"event":{"mods":["Aspiration","BaseMod","Colored Powertips","Conspire","Dark Map","Downfall","Energized Spire","Hubris","Infinite Spire","Minty Spire (QoL Compilation)","Relic Stats","Reliquary","Replay The Spire","Slay the Relics Exporter","Smile Girya","Spire Arcade","StS++","StSLib","ojb\u0027s Better Paths Mod","ojb\u0027s Info Mod"],"gold_per_floor":[199,212,226,226,15,15,15,27,12,44,60,60,60,122,184,184,184,184],"floor_reached":16,"language":"ENG","playtime":1003,"items_purged":[],"score":102,"play_id":"4a46643e-2881-45f3-87b2-17d7a9483ba4","local_time":"20210131205844","is_ascension_mode":false,"campfire_choices":[{"data":"hexamod:Float","floor":1,"key":"SMITH"},{"data":"hexamod:Sear","floor":6,"key":"SMITH"},{"floor":12,"key":"REST"}],"circlet_count":0,"master_deck":["hexamod:Strike","hexamod:Strike","hexamod:Strike","hexamod:Strike","hexamod:Defend","hexamod:Defend","hexamod:Defend","hexamod:Defend","hexamod:Sear+1","hexamod:Float+1","hexamod:SwordOfDarkness","hexamod:FastForward","hexamod:FourthSeal","hexamod:FastForward","hexamod:HauntingEcho","hexamod:Incineration","hexamod:ThirdSeal","hexamod:Hexaguard","hexamod:TimeWarp","hexamod:FastForward"],"relics":["hexamod:SpiritBrand","hubris:OldNail","infinitespire:BottledMercury","hubris:64BitClover","ReplayTheSpireMod:Ring of Challenge"],"acts_visited":["Exordium"],"potions_floor_usage":[5,10,10,15,16,16,16],"damage_taken":[{"damage":0,"enemies":"Small Slimes","floor":2,"turns":3},{"damage":0,"enemies":"Cultist","floor":3,"turns":3},{"damage":0,"enemies":"downfall:FleeingMerchant","floor":5,"turns":4},{"damage":0,"enemies":"2 Louse","floor":8,"turns":2},{"damage":0,"enemies":"downfall:FleeingMerchant","floor":9,"turns":4},{"damage":31,"enemies":"3 Sentries","floor":10,"turns":7},{"damage":2,"enemies":"Blue Slaver","floor":11,"turns":3},{"damage":7,"enemies":"3 Louse","floor":14,"turns":5},{"damage":4,"enemies":"2 Fungi Beasts","floor":15,"turns":4},{"damage":52,"enemies":"WA_ARCHETYPE_RETAIN","floor":16,"turns":6}],"seed_played":"-1820865678033791124","potions_obtained":[{"floor":3,"key":"StSpp:ScatteredWeakPotion"},{"floor":8,"key":"Doom Potion"},{"floor":9,"key":"hexamod:InfernoChargePotion"},{"floor":10,"key":"conspire:TimeTravelPotion"},{"floor":10,"key":"Milkshake"},{"floor":11,"key":"hexamod:SoulburnPotion"},{"floor":14,"key":"Adrenaline Potion"},{"floor":15,"key":"StSpp:SecondWindPotion"}],"is_trial":false,"path_per_floor":["R","M","M","?","$","R","T","M","$","E","M","R","?","M","M","B"],"character_chosen":"THE_SPIRIT","items_purchased":["hubris:OldNail","hexamod:FastForward"],"campfire_rested":1,"item_purchase_floors":[5,5],"current_hp_per_floor":[70,70,70,70,70,70,70,70,70,39,37,58,58,51,47,0,0,0],"gold":184,"neow_bonus":"HUNDRED_GOLD","is_daily":false,"chose_seed":false,"campfire_upgraded":2,"win_rate":0.0,"timestamp":1612144724,"path_taken":["R","M","M","?","$","R","T","M","$","E","?","R","?","M","M","BOSS"],"items_purchased_type":["Relic","Card"],"build_version":"2020-12-22","purchased_purges":0,"victory":false,"max_hp_per_floor":[70,70,70,70,70,70,70,70,70,70,70,70,70,70,70,70,70,70],"relic_stats":{"counters":[10,41],"obtain_stats":[{"infinitespire:BottledMercury":7,"hubris:64BitClover":10,"ReplayTheSpireMod:Ring of Challenge":13,"hexamod:SpiritBrand":0,"hubris:OldNail":5},{"infinitespire:BottledMercury":3,"hubris:64BitClover":6,"ReplayTheSpireMod:Ring of Challenge":7,"hexamod:SpiritBrand":0,"hubris:OldNail":3},{"infinitespire:BottledMercury":10,"hubris:64BitClover":23,"ReplayTheSpireMod:Ring of Challenge":26,"hexamod:SpiritBrand":0,"hubris:OldNail":10}]},"card_choices":[{"not_picked":["hexamod:SpectralAdrenaline","hexamod:Hexaguard"],"picked":"hexamod:SwordOfDarkness","floor":2},{"not_picked":["hexamod:NightmareStrike","hexamod:HauntingEcho"],"picked":"hexamod:FastForward","floor":3},{"not_picked":["hexamod:GhostflameBarrier","hexamod:NightmareGuise"],"picked":"hexamod:FourthSeal","floor":5},{"not_picked":["hexamod:ExtraCrispy","hexamod:BacktrackSmack"],"picked":"hexamod:HauntingEcho","floor":8},{"not_picked":["hexamod:NecessarySacrifice","hexamod:NightmareGuise"],"picked":"hexamod:Incineration","floor":9},{"not_picked":["hexamod:HauntingEcho","hexamod:SpectersWail"],"picked":"hexamod:ThirdSeal","floor":10},{"not_picked":["hexamod:HeatMetal","hexamod:FastForward","hexamod:NightmareStrike"],"picked":"SKIP","floor":11},{"not_picked":["hexamod:Again","hexamod:HeatMetal","hexamod:Haunt"],"picked":"SKIP","floor":11},{"not_picked":["hexamod:BurningTouch","hexamod:AdvancingGuard"],"picked":"hexamod:Hexaguard","floor":14},{"not_picked":["hexamod:HeatShield","hexamod:FlamesFromBeyond"],"picked":"hexamod:TimeWarp","floor":14},{"not_picked":["hexamod:HeatMetal","hexamod:HauntingEcho"],"picked":"hexamod:FastForward","floor":15}],"player_experience":673101,"relics_obtained":[{"floor":7,"key":"infinitespire:BottledMercury"},{"floor":10,"key":"hubris:64BitClover"},{"floor":13,"key":"ReplayTheSpireMod:Ring of Challenge"}],"event_choices":[],"is_beta":false,"boss_relics":[],"items_purged_floors":[],"is_endless":false,"potions_floor_spawned":[3,10,11,14,15],"killed_by":"WA_ARCHETYPE_RETAIN","ascension_level":0}}