{"host":"87mnajev72vv2sjg","time":1612137983,"event":{"mods":["BaseMod","BetterRewards","Colored Map","Curses Come First","Infinite Spire","Minty Spire (QoL Compilation)","Shop Mod","StSLib","SuperFastMode","The Gatherer"],"gold_per_floor":[113,128,140,140,140,174,199,232,232,232,250,270,270,295,295,426,426,442,455,470,470,503,503,503,503],"floor_reached":23,"language":"ENG","playtime":971,"items_purged":[],"score":215,"play_id":"8ffc0d58-8692-4278-a859-7067c840c912","local_time":"20210131190623","is_ascension_mode":true,"metric_token":657,"campfire_choices":[{"floor":10,"key":"REST"},{"floor":13,"key":"REST"},{"data":"Gatherer:BomberForm","floor":15,"key":"SMITH"}],"circlet_count":0,"master_deck":["Gatherer:Strike_Gatherer","Gatherer:Strike_Gatherer","Gatherer:Strike_Gatherer","Gatherer:Strike_Gatherer","Gatherer:Strike_Gatherer","Gatherer:Defend_Gatherer","Gatherer:Defend_Gatherer","Gatherer:Defend_Gatherer","Gatherer:Defend_Gatherer","Gatherer:Defend_Gatherer","Gatherer:Centralize","Gatherer:FlowerWhip","Gatherer:WitheringStrike","Gatherer:RottenStipe","Gatherer:QuickSynthesis","Gatherer:FlamingBottle","Gatherer:QuickSynthesis","Gatherer:BomberForm+1","Gatherer:Snatch","J.A.X."],"relics":["Gatherer:AlchemyBag","NeowsBlessing","Golden Idol","infinitespire:Beetle Shell","infinitespire:CheckeredPen","Singing Bowl","Runic Pyramid","Red Mask"],"acts_visited":["Exordium","TheCity"],"potions_floor_usage":[16,18,18,23],"damage_taken":[{"damage":0,"enemies":"Jaw Worm","floor":1,"turns":1},{"damage":0,"enemies":"2 Louse","floor":2,"turns":1},{"damage":0,"enemies":"Small Slimes","floor":3,"turns":1},{"damage":18,"enemies":"Lagavulin","floor":6,"turns":8},{"damage":0,"enemies":"Exordium Wildlife","floor":7,"turns":4},{"damage":21,"enemies":"3 Sentries","floor":8,"turns":7},{"damage":0,"enemies":"3 Louse","floor":11,"turns":2},{"damage":0,"enemies":"2 Fungi Beasts","floor":12,"turns":2},{"damage":0,"enemies":"Gremlin Gang","floor":14,"turns":3},{"damage":34,"enemies":"Hexaghost","floor":16,"turns":7},{"damage":9,"enemies":"Shell Parasite","floor":18,"turns":4},{"damage":21,"enemies":"Spheric Guardian","floor":19,"turns":5},{"damage":0,"enemies":"Snecko","floor":20,"turns":4},{"damage":36,"enemies":"Masked Bandits","floor":22,"turns":4},{"damage":19,"enemies":"Shelled Parasite and Fungi","floor":23,"turns":6}],"seed_played":"-1289825632999183995","potions_obtained":[{"floor":2,"key":"DuplicationPotion"},{"floor":3,"key":"SpeedPotion"},{"floor":8,"key":"Weak Potion"},{"floor":12,"key":"GhostInAJar"},{"floor":16,"key":"FearPotion"},{"floor":20,"key":"GamblersBrew"}],"is_trial":false,"path_per_floor":["M","M","M","?","?","E","M","E","T","R","M","M","R","M","R","B",null,"M","M","M","?","?","M"],"character_chosen":"THE_GATHERER","items_purchased":[],"campfire_rested":2,"item_purchase_floors":[],"current_hp_per_floor":[72,72,72,72,54,36,36,15,15,36,36,38,60,62,62,30,78,71,50,52,52,18,0,0,0],"gold":503,"neow_bonus":"THREE_ENEMY_KILL","is_daily":false,"chose_seed":false,"campfire_upgraded":1,"win_rate":0.0,"timestamp":1612137983,"path_taken":["M","M","M","?","?","E","M","E","T","R","M","M","R","M","R","BOSS","M","M","M","?","?","M"],"items_purchased_type":[],"build_version":"2020-12-22","purchased_purges":0,"victory":false,"max_hp_per_floor":[72,72,72,72,72,72,72,72,72,72,72,74,74,76,76,78,78,80,80,82,82,84,84,84,84],"card_choices":[{"not_picked":["Gatherer:GatherMaterial","Gatherer:CollectorsShot"],"picked":"Gatherer:WitheringStrike","floor":1},{"not_picked":["Gatherer:CarefulStrike","Gatherer:EnergyBasket"],"picked":"Gatherer:RottenStipe","floor":2},{"not_picked":["Gatherer:GatherMaterial","Gatherer:SealedBomb"],"picked":"Gatherer:QuickSynthesis","floor":3},{"not_picked":["Gatherer:Convert","Gatherer:Transmute"],"picked":"Gatherer:FlamingBottle","floor":6},{"not_picked":["Gatherer:FlowerBeam","Gatherer:SaveValuables","Gatherer:CarefulStrike"],"picked":"SKIP","floor":7},{"not_picked":["Gatherer:Snatch","Gatherer:WoolGloves"],"picked":"Gatherer:QuickSynthesis","floor":8},{"not_picked":["Gatherer:PotentialSlash","Gatherer:QuickSynthesis"],"picked":"Gatherer:BomberForm","floor":11},{"not_picked":["Gatherer:BigPouch","Gatherer:ScentOfRosmari","Gatherer:GatherMaterial"],"picked":"Singing Bowl","floor":12},{"not_picked":["Gatherer:FlowerPower","Gatherer:ScherryThrow","Gatherer:FruitForce"],"picked":"Singing Bowl","floor":14},{"not_picked":["Gatherer:ColorfulGarden","Gatherer:Bulldoze","Gatherer:HeartToFruit"],"picked":"Singing Bowl","floor":16},{"not_picked":["Gatherer:AcidicSpray","Gatherer:FlowerFalling+1","Gatherer:TacticalStrike"],"picked":"Singing Bowl","floor":18},{"not_picked":["Gatherer:Enchant","Gatherer:CollectorsShot"],"picked":"Gatherer:Snatch","floor":19},{"not_picked":["Gatherer:WitheringStrike","Gatherer:WoolGloves","Gatherer:CarefulStrike"],"picked":"Singing Bowl","floor":20},{"not_picked":["Gatherer:SaveValuables","Gatherer:TreeGrowth","Gatherer:CollectorsShot"],"picked":"Singing Bowl","floor":22}],"player_experience":332049,"relics_obtained":[{"floor":6,"key":"infinitespire:Beetle Shell"},{"floor":8,"key":"infinitespire:CheckeredPen"},{"floor":9,"key":"Singing Bowl"},{"floor":22,"key":"Red Mask"}],"event_choices":[{"damage_healed":0,"gold_gain":0,"player_choice":"Take Damage","damage_taken":18,"relics_obtained":["Golden Idol"],"max_hp_gain":0,"max_hp_loss":0,"event_name":"Golden Idol","floor":5,"gold_loss":0},{"damage_healed":0,"gold_gain":0,"player_choice":"Obtain J.A.X.","damage_taken":0,"max_hp_gain":0,"max_hp_loss":0,"event_name":"Drug Dealer","floor":21,"gold_loss":0,"cards_obtained":["J.A.X."]},{"damage_healed":0,"gold_gain":0,"player_choice":"Fought Bandits","damage_taken":0,"max_hp_gain":0,"max_hp_loss":0,"event_name":"Masked Bandits","floor":22,"gold_loss":0}],"is_beta":false,"boss_relics":[{"not_picked":["SlaversCollar","Snecko Eye"],"picked":"Runic Pyramid"}],"items_purged_floors":[],"is_endless":false,"potions_floor_spawned":[2,3,8,12,16,20],"killed_by":"Shelled Parasite and Fungi","ascension_level":1}}