{"host":"4k1o517shm2ba6vh","time":1612207621,"event":{"mods":["AchievementEnabler","BaseMod","Downfall","Minty Spire (QoL Compilation)","Smile Girya","StSLib","The Poker Player","everything is the same but u backflip on backflip"],"gold_per_floor":[99,113,113,132,72,101,101,135,147,147,162,162,188,220,235,332,332,232,232,232,8,26,26,51,67,67,79,109,109,109,109],"floor_reached":29,"language":"ENG","playtime":1700,"items_purged":[],"score":274,"play_id":"a1dd4305-ce6f-44ec-b911-bc4623626ba6","local_time":"20210201132701","is_ascension_mode":true,"campfire_choices":[{"data":"Slimebound:Split","floor":1,"key":"SMITH"},{"floor":12,"key":"REST"},{"data":"Slimebound:FlameTackle","floor":18,"key":"SMITH"}],"circlet_count":0,"master_deck":["Slimebound:Strike_Slimebound","Slimebound:Strike_Slimebound","Slimebound:Tackle","Slimebound:Defend_Slimebound","Slimebound:Defend_Slimebound","Slimebound:Defend_Slimebound","Slimebound:Defend_Slimebound","Slimebound:Split+1","Slimebound:CorrosiveSpit","Slimebound:Prepare","Slimebound:TongueLash","Slimebound:FinishingTackle","Slimebound:SamplingLick","Slimebound:FlameTackle+1","Slimebound:SlimeTap","Slimebound:LeechEnergy","Slimebound:GoopTackle","Slimebound:FinishingTackle","Slimebound:FlameTackle","Slimebound:SelfFormingGoo","RitualDagger+1","Slimebound:SlimeSpikes","Slimebound:ComboTackle","Slimebound:Dissolve","Slimebound:ViciousTackle","Slimebound:FinishingTackle+1"],"relics":["Slimebound:AbsorbEndCombat","Bag of Marbles","Regal Pillow","CaptainsWheel","Nunchaku","Odd Mushroom","Vajra","Snecko Eye","downfall:HeartBlessingGreen","ClockworkSouvenir","Juzu Bracelet","Orichalcum","Oddly Smooth Stone"],"acts_visited":["Exordium","TheCity"],"potions_floor_usage":[16,28],"damage_taken":[{"damage":6,"enemies":"Jaw Worm","floor":2,"turns":3},{"damage":1,"enemies":"2 Louse","floor":4,"turns":3},{"damage":3,"enemies":"downfall:FleeingMerchant","floor":5,"turns":4},{"damage":17,"enemies":"Lagavulin","floor":6,"turns":5},{"damage":24,"enemies":"Gremlin Nob","floor":8,"turns":4},{"damage":0,"enemies":"Small Slimes","floor":9,"turns":3},{"damage":8,"enemies":"Exordium Wildlife","floor":11,"turns":3},{"damage":8,"enemies":"The Mushroom Lair","floor":13,"turns":3},{"damage":11,"enemies":"Lagavulin","floor":14,"turns":5},{"damage":3,"enemies":"Gremlin Gang","floor":15,"turns":3},{"damage":19,"enemies":"SI_SHIV_ARCHETYPE","floor":16,"turns":5},{"damage":7,"enemies":"downfall:FleeingMerchant","floor":21,"turns":4},{"damage":6,"enemies":"Spheric Guardian","floor":22,"turns":4},{"damage":4,"enemies":"Centurion and Healer","floor":25,"turns":4},{"damage":6,"enemies":"Shelled Parasite and Fungi","floor":27,"turns":2},{"damage":44,"enemies":"Gremlin Leader","floor":28,"turns":5},{"damage":17,"enemies":"downfall:FleeingMerchant","floor":29,"turns":2}],"seed_played":"8489323954794097720","potions_obtained":[{"floor":2,"key":"Ancient Potion"},{"floor":6,"key":"sneckomod:MuddlingPotion"},{"floor":8,"key":"LiquidBronze"},{"floor":19,"key":"CultistPotion"},{"floor":27,"key":"Regen Potion"}],"is_trial":false,"path_per_floor":["R","M","?","M","$","E","T","E","M","?","M","R","?","E","M","B",null,"R","?","?","$","M","T","T","M","?","M","E","$"],"character_chosen":"SLIMEBOUND","items_purchased":["Slimebound:SamplingLick","Slimebound:ComboTackle","ClockworkSouvenir"],"campfire_rested":1,"item_purchase_floors":[5,21,21],"current_hp_per_floor":[65,61,61,62,63,52,52,30,32,32,28,62,58,55,54,43,65,65,65,65,64,58,58,58,56,56,50,14,0,0,0],"gold":109,"neow_bonus":"RANDOM_COMMON_RELIC","is_daily":false,"chose_seed":false,"campfire_upgraded":2,"win_rate":0.0,"timestamp":1612207621,"path_taken":["R","M","?","M","$","E","T","E","M","?","M","R","?","E","M","BOSS","R","?","?","$","?","?","T","M","?","M","E","?"],"items_purchased_type":["Card","Card","Relic"],"build_version":"2020-12-22","purchased_purges":0,"victory":false,"max_hp_per_floor":[65,65,65,65,65,65,65,65,65,65,65,65,65,65,65,65,65,65,65,65,65,65,65,65,65,65,65,65,65,65,65],"card_choices":[{"not_picked":["Slimebound:Grow","Slimebound:LeechingTouch"],"picked":"Slimebound:Prepare","floor":2},{"not_picked":["Slimebound:HauntingLick","Slimebound:FlameTackle"],"picked":"Slimebound:TongueLash","floor":4},{"not_picked":["Slimebound:AcidTongue","Slimebound:SplitLeeching"],"picked":"Slimebound:FinishingTackle","floor":5},{"not_picked":["Slimebound:Overexert","Slimebound:GrowthPunch"],"picked":"Slimebound:FlameTackle","floor":6},{"not_picked":["Slimebound:DisruptingSlam","Slimebound:LeechLife"],"picked":"Slimebound:SlimeTap","floor":8},{"not_picked":["Slimebound:LeechingTouch","Slimebound:SplitMire"],"picked":"Slimebound:LeechEnergy","floor":9},{"not_picked":["Slimebound:PressTheAttack","Slimebound:RainOfGoop"],"picked":"Slimebound:GoopTackle","floor":11},{"not_picked":["Slimebound:LeadByExample","Slimebound:SlimeSpikes"],"picked":"Slimebound:FinishingTackle","floor":14},{"not_picked":["Slimebound:PressTheAttack","Slimebound:GoopSpray"],"picked":"Slimebound:FlameTackle","floor":15},{"not_picked":["Slimebound:SlimeSlap","Slimebound:OneTwoCombo"],"picked":"Slimebound:SelfFormingGoo","floor":16},{"not_picked":["Slimebound:RainOfGoop+1","Slimebound:SlimeSpikes+1","Slimebound:SplitMire+1"],"picked":"SKIP","floor":21},{"not_picked":["Slimebound:FormOfPuddle","Slimebound:DisruptingSlam","Slimebound:SlimeSpikes"],"picked":"SKIP","floor":22},{"not_picked":["Slimebound:FormOfPuddle","Slimebound:SlimeTap"],"picked":"Slimebound:Dissolve","floor":25},{"not_picked":["Slimebound:Grow","Slimebound:DisruptingSlam"],"picked":"Slimebound:ViciousTackle","floor":27},{"not_picked":["Slimebound:SlimeSpikes","Slimebound:OneTwoCombo"],"picked":"Slimebound:FinishingTackle+1","floor":28}],"player_experience":461963,"relics_obtained":[{"floor":6,"key":"Regal Pillow"},{"floor":7,"key":"CaptainsWheel"},{"floor":8,"key":"Nunchaku"},{"floor":13,"key":"Odd Mushroom"},{"floor":14,"key":"Vajra"},{"floor":23,"key":"Juzu Bracelet"},{"floor":24,"key":"Orichalcum"},{"floor":28,"key":"Oddly Smooth Stone"}],"event_choices":[{"damage_healed":0,"gold_gain":0,"player_choice":"Fought Mushrooms","damage_taken":0,"max_hp_gain":0,"max_hp_loss":0,"event_name":"Mushrooms","floor":13,"gold_loss":0},{"damage_healed":0,"gold_gain":0,"player_choice":"Ignored","damage_taken":0,"max_hp_gain":0,"max_hp_loss":0,"event_name":"Vampires","floor":26,"gold_loss":0}],"is_beta":false,"boss_relics":[{"not_picked":["Philosopher\u0027s Stone","Runic Dome"],"picked":"Snecko Eye"}],"items_purged_floors":[],"is_endless":false,"potions_floor_spawned":[2,6,8,11,13,14,15,25,27],"killed_by":"downfall:FleeingMerchant","ascension_level":1}}