{"host":"a4s27ghlnr83kbqz","time":1612184238,"event":{"mods":["AchievementEnabler","BaseMod","Colored Map","Minty Spire (QoL Compilation)","Permanent Neow","SuperFastMode"],"gold_per_floor":[415,340,360,360,373,373,397,397,397],"floor_reached":8,"language":"KOR","playtime":136,"items_purged":["Defend_R"],"score":96,"play_id":"aa307e28-fab4-48e6-8167-14824cefb1f1","local_time":"20210201215718","is_ascension_mode":true,"campfire_choices":[{"data":"Perfected Strike","floor":6,"key":"SMITH"}],"circlet_count":0,"master_deck":["AscendersBane","Strike_R","Strike_R","Strike_R","Strike_R","Strike_R","Defend_R","Defend_R","Defend_R","Bash","Fire Breathing","Perfected Strike+1","Reckless Charge","Iron Wave"],"relics":["Burning Blood","Old Coin","Golden Idol"],"acts_visited":["Exordium"],"potions_floor_usage":[7,8],"damage_taken":[{"damage":9,"enemies":"Jaw Worm","floor":1,"turns":4},{"damage":12,"enemies":"Small Slimes","floor":3,"turns":4},{"damage":12,"enemies":"Cultist","floor":5,"turns":4},{"damage":27,"enemies":"Exordium Thugs","floor":7,"turns":5},{"damage":27,"enemies":"Gremlin Nob","floor":8,"turns":3}],"seed_played":"-7451617456381599694","potions_obtained":[{"floor":1,"key":"FearPotion"},{"floor":7,"key":"Swift Potion"}],"is_trial":false,"path_per_floor":["M","$","M","?","M","R","M","E"],"character_chosen":"IRONCLAD","items_purchased":[],"campfire_rested":0,"item_purchase_floors":[],"current_hp_per_floor":[65,65,59,36,30,30,9,0,0],"gold":397,"neow_bonus":"ONE_RARE_RELIC","is_daily":false,"chose_seed":false,"campfire_upgraded":1,"win_rate":0.0,"timestamp":1612184238,"path_taken":["M","$","M","?","M","R","M","E"],"items_purchased_type":[],"build_version":"2020-12-22","purchased_purges":1,"victory":false,"max_hp_per_floor":[68,68,68,68,68,68,68,68,68],"card_choices":[{"not_picked":["Rampage","Cleave"],"picked":"Fire Breathing","floor":1},{"not_picked":["Sever Soul","Headbutt"],"picked":"Perfected Strike","floor":3},{"not_picked":["True Grit","Havoc"],"picked":"Reckless Charge","floor":5},{"not_picked":["Warcry","Heavy Blade"],"picked":"Iron Wave","floor":7}],"player_experience":1119813,"relics_obtained":[],"event_choices":[{"damage_healed":0,"gold_gain":0,"player_choice":"Take Damage","damage_taken":23,"relics_obtained":["Golden Idol"],"max_hp_gain":0,"max_hp_loss":0,"event_name":"Golden Idol","floor":4,"gold_loss":0}],"is_beta":false,"boss_relics":[],"items_purged_floors":[2],"is_endless":false,"potions_floor_spawned":[1,7],"killed_by":"Gremlin Nob","ascension_level":20}}