{"host":"2cseu44fjxeibv3f","time":1612206442,"event":{"mods":["BaseMod","Better Third Choice","BetterRewards","Colored Powertips","Curses Come First","Energized Spire","Friendly Minions","Googly Eyes","GungeonMod","Halation","Hubris","Infinite Spire","Mimic Mod","Minty Spire (QoL Compilation)","Relic Stats","Replay The Spire","Spicy Shops","Spire Arcade","StS++","StSLib","The Cursed","The Disciple","The Exalted","The Jungle","The Necromancer","The Servant 0.9.4"],"gold_per_floor":[118,136,136,152,152,185,185,201,239,239,259,259,26,37,37,135,135,135,135],"floor_reached":18,"language":"ENG","playtime":746,"items_purged":[],"score":160,"play_id":"44ccb2cb-0bef-4e51-95eb-20e6c03dbbbc","local_time":"20210201140722","is_ascension_mode":false,"campfire_choices":[{"data":"ShatteredReality","floor":10,"key":"SMITH"},{"data":"Potential","floor":12,"key":"SMITH"},{"data":"Alleviate","floor":15,"key":"SMITH"}],"circlet_count":0,"master_deck":["Strike_S","Strike_S","Strike_S","Strike_S","Defend_S","Defend_S","Defend_S","Defend_S","KidneyShot","Exchange+1","Misdirection","Potential+1","ShatteredReality","Potential","ShatteredReality+1","Alleviate+1","Read","Desolation","KillingDoll"],"relics":["Uniform","DemoMod:PinkGuonStone","infinitespire:Bottled Soul","Toy Ornithopter","BranchBurnRelic","energizedSpire:MagnifyingGlass"],"acts_visited":["Exordium","TheCity"],"potions_floor_usage":[16],"damage_taken":[{"damage":0,"enemies":"2 Louse","floor":1,"turns":4},{"damage":0,"enemies":"Small Slimes","floor":2,"turns":3},{"damage":11,"enemies":"Jaw Worm","floor":4,"turns":2},{"damage":29,"enemies":"Gremlin Nob","floor":6,"turns":5},{"damage":1,"enemies":"3 Louse","floor":8,"turns":5},{"damage":0,"enemies":"2 Fungi Beasts","floor":9,"turns":7},{"damage":2,"enemies":"2 Fungi Beasts","floor":14,"turns":2},{"damage":4,"enemies":"Slime Boss","floor":16,"turns":9},{"damage":0,"enemies":"Chosen","floor":18,"turns":5}],"seed_played":"-1786352351305631133","potions_obtained":[{"floor":6,"key":"Venom Potion"},{"floor":11,"key":"ColorlessPotion"},{"floor":14,"key":"StSpp:SecondWindPotion"},{"floor":16,"key":"Dexterity Potion"}],"is_trial":false,"path_per_floor":["M","M","?","M","?","E","?","M","MIM","R","?","R","$","M","R","B",null,"M"],"character_chosen":"THE_SERVANT","items_purchased":["Dead Branch","Desolation"],"campfire_rested":0,"item_purchase_floors":[13,13],"current_hp_per_floor":[65,65,65,54,61,32,32,31,31,31,31,31,31,29,29,45,72,72,72],"gold":135,"neow_bonus":"THREE_CARDS","is_daily":false,"chose_seed":false,"campfire_upgraded":3,"win_rate":0.0,"timestamp":1612206442,"path_taken":["M","M","?","M","?","E","?","M","MIM","R","?","R","$","?","R","BOSS","M"],"items_purchased_type":["Relic","Card"],"build_version":"2020-12-22","purchased_purges":0,"victory":false,"max_hp_per_floor":[65,65,65,65,72,72,72,72,72,72,72,72,72,72,72,72,72,72,72],"relic_stats":{"counters":[9,41],"obtain_stats":[{"BranchBurnRelic":15,"infinitespire:Bottled Soul":6,"Dead Branch":13,"DemoMod:PinkGuonStone":5,"DemoMod:GlassGuonStoneRelic":8,"Uniform":0,"energizedSpire:MagnifyingGlass":17,"Toy Ornithopter":9},{"BranchBurnRelic":7,"infinitespire:Bottled Soul":4,"Dead Branch":6,"DemoMod:PinkGuonStone":3,"DemoMod:GlassGuonStoneRelic":5,"Uniform":0,"energizedSpire:MagnifyingGlass":8,"Toy Ornithopter":6},{"BranchBurnRelic":28,"infinitespire:Bottled Soul":14,"Dead Branch":26,"DemoMod:PinkGuonStone":9,"DemoMod:GlassGuonStoneRelic":19,"Uniform":0,"energizedSpire:MagnifyingGlass":37,"Toy Ornithopter":26}],"Toy Ornithopter":5},"card_choices":[{"not_picked":["Collapse","TimeWarp"],"picked":"Misdirection","floor":0},{"not_picked":["FastForward","DualDimension"],"picked":"Potential","floor":1},{"not_picked":["FastForward","Alleviate"],"picked":"ShatteredReality","floor":2},{"not_picked":["Read","Rearm"],"picked":"Potential","floor":4},{"not_picked":["Comet","MoonPhase"],"picked":"ShatteredReality","floor":6},{"not_picked":["MoonPhase","TimeWarp"],"picked":"Alleviate","floor":8},{"not_picked":["StarChef","Collapse"],"picked":"Read","floor":9},{"not_picked":["Rewind","Dilation","DoubleEdge"],"picked":"SKIP","floor":14},{"not_picked":["SoulSculpture","Duplication"],"picked":"KillingDoll","floor":16}],"player_experience":156813,"relics_obtained":[{"floor":5,"key":"DemoMod:PinkGuonStone"},{"floor":6,"key":"infinitespire:Bottled Soul"},{"floor":9,"key":"Toy Ornithopter"}],"event_choices":[],"is_beta":false,"boss_relics":[{"not_picked":["hubris:VirtuousBlindfold","energizedSpire:DeadBattery"],"picked":"energizedSpire:MagnifyingGlass"}],"items_purged_floors":[],"is_endless":false,"potions_floor_spawned":[6,14,16],"killed_by":"Chosen","ascension_level":0}}