{"host":"lxihx0b6awoz2w1j","time":1612219480,"event":{"mods":["Act Like it!","Ascension Reborn","BaseMod","Better Third Choice","BetterRewards","CapriCore","Colored Powertips","Conspire","Downfall","Fox Events","Gensokyo","Hermit","Hubris","Infinite Spire","JesterMod","Luminous","Melee Mod","Minty Spire (QoL Compilation)","Permanent Neow","Prisma Mod","Quick Restart","Relic Stats","Reliquary","Replay The Spire","Shade Mod","Spicy Shops","StSLib","Td1madao Mod","The Alterego","The Blue Laboratory","The Construct","The Cursed","The Death Knight","The Disciple","The Forsaken","The Gatherer","The Immortal","The Jungle","The Marked","The Mystic","The Runesmith","The Senshi","The Servant 0.9.4","The Spell Scribe","Waifu the Spire"],"gold_per_floor":[118,137,151,151,165,165,190,190,190,190,222,234,250,90,90,90,90],"floor_reached":16,"language":"ENG","playtime":1243,"items_purged":["hubris:Envy"],"score":162,"play_id":"72a888b5-2d21-4868-ac18-8068fb9883e9","local_time":"20210201234440","is_ascension_mode":false,"campfire_choices":[{"data":"alterego_mod:PainIsPleasure","floor":6.0,"key":"SMITH"},{"floor":8.0,"key":"REST"},{"data":"alterego_mod:BigMeatyClaws","floor":10.0,"key":"SMITH"},{"data":"alterego_mod:MagicResistance","floor":15.0,"key":"SMITH"}],"circlet_count":0,"master_deck":["alterego_mod:Strike","alterego_mod:Strike","alterego_mod:Strike","alterego_mod:Strike","alterego_mod:Defend","alterego_mod:Defend","alterego_mod:Defend","alterego_mod:Defend","alterego_mod:Impale","alterego_mod:BigMeatyClaws+1","alterego_mod:BrynhildrsRune","alterego_mod:DeftHands","alterego_mod:SakuraFive","alterego_mod:Pet","ReplayTheSpireMod:Private Reserves","alterego_mod:Swimsuit","alterego_mod:Pet","alterego_mod:DiscoLights+1","alterego_mod:MagicResistance+1","alterego_mod:BiFurious","alterego_mod:PainIsPleasure+1","alterego_mod:Swimsuit","alterego_mod:Birthday","alterego_mod:GachaTicket","alterego_mod:Complex","alterego_mod:Bounce","alterego_mod:Exercise","alterego_mod:Exercise","alterego_mod:BiFurious","alterego_mod:Mirror","alterego_mod:GoddessCore","alterego_mod:Venus","alterego_mod:DiscoLights","alterego_mod:Bounce","alterego_mod:Birthday","alterego_mod:Punishment"],"relics":["alterego_mod:MasochisticConstitution","ReplayTheSpireMod:CursedCoin","Prayer Wheel","Gremlin Food","Dream Catcher","hubris:PeanutButter","theSenshi:SailorFukuRelic"],"acts_visited":["Exordium"],"potions_floor_usage":[],"damage_taken":[{"damage":3.0,"enemies":"2 Louse","floor":1.0,"turns":3.0},{"damage":3.0,"enemies":"Small Slimes","floor":2.0,"turns":4.0},{"damage":7.0,"enemies":"Jaw Worm","floor":3.0,"turns":3.0},{"damage":0.0,"enemies":"3 Louse","floor":5.0,"turns":4.0},{"damage":45.0,"enemies":"3 Sentries","floor":7.0,"turns":10.0},{"damage":25.0,"enemies":"Lagavulin","floor":11.0,"turns":7.0},{"damage":5.0,"enemies":"Blue Slaver","floor":12.0,"turns":7.0},{"damage":10.0,"enemies":"Gremlin Gang","floor":13.0,"turns":8.0},{"damage":14,"enemies":"Hexaghost","floor":16,"turns":5}],"seed_played":"894658440806950987","potions_obtained":[{"floor":1.0,"key":"SkillPotion"},{"floor":3.0,"key":"blueLaboratory:CorrosionFlask"},{"floor":12.0,"key":"champ:CounterPotion"},{"floor":13.0,"key":"Elixir"}],"is_trial":false,"path_per_floor":["M","M","M","?","M","R","E","R","T","R","E","M","M","$","R","B"],"character_chosen":"The_Alterego","items_purchased":["ReplayTheSpireMod:CursedCoin","alterego_mod:DeftHands","alterego_mod:SakuraFive","alterego_mod:Pet","Gremlin Food","ReplayTheSpireMod:Private Reserves","alterego_mod:Bounce","alterego_mod:Birthday","alterego_mod:Punishment"],"campfire_rested":1,"item_purchase_floors":[0,0,0,0,0,0,14,14,14],"current_hp_per_floor":[61,66,60,60,73,73,41,63,63,63,41,39,60,60,60,63,63],"gold":90,"neow_bonus":"","is_daily":false,"chose_seed":false,"campfire_upgraded":3,"win_rate":0.0,"timestamp":1612219480,"path_taken":["M","M","M","?","M","R","E","R","T","R","E","M","M","$","R","BOSS"],"items_purchased_type":["Relic","Card","Card","Card","Relic","Card","Card","Card","Card"],"build_version":"2020-12-22","purchased_purges":1,"victory":false,"max_hp_per_floor":[71,72,73,73,73,73,74,74,74,74,75,76,77,77,77,77,77],"relic_stats":{"Dream Catcher":1,"counters":[9,51],"Prayer Wheel":6,"obtain_stats":[{"Gremlin Food":0,"alterego_mod:MasochisticConstitution":0,"Dream Catcher":7,"ReplayTheSpireMod:CursedCoin":0,"Prayer Wheel":0,"hubris:PeanutButter":9,"theSenshi:SailorFukuRelic":11},{"Gremlin Food":0,"alterego_mod:MasochisticConstitution":0,"Dream Catcher":5,"ReplayTheSpireMod:CursedCoin":0,"Prayer Wheel":0,"hubris:PeanutButter":5,"theSenshi:SailorFukuRelic":6},{"Gremlin Food":0,"alterego_mod:MasochisticConstitution":0,"Dream Catcher":24,"ReplayTheSpireMod:CursedCoin":0,"Prayer Wheel":0,"hubris:PeanutButter":24,"theSenshi:SailorFukuRelic":31}]},"card_choices":[{"not_picked":["alterego_mod:PresenceConcealment","alterego_mod:DeftHands"],"picked":"alterego_mod:Swimsuit","floor":1.0},{"not_picked":["alterego_mod:Bloomers","alterego_mod:HighServant"],"picked":"alterego_mod:Pet","floor":1.0},{"not_picked":["alterego_mod:Clones","alterego_mod:HighServant"],"picked":"alterego_mod:DiscoLights","floor":2.0},{"not_picked":["alterego_mod:Complex","alterego_mod:Pet"],"picked":"alterego_mod:MagicResistance","floor":2.0},{"not_picked":["alterego_mod:Birthday","alterego_mod:GoddessCore"],"picked":"alterego_mod:BiFurious","floor":3.0},{"not_picked":["alterego_mod:MagicResistance","alterego_mod:Bunnysuit"],"picked":"alterego_mod:PainIsPleasure","floor":3.0},{"not_picked":["alterego_mod:Maid","alterego_mod:Punishment"],"picked":"alterego_mod:Exercise","floor":5.0},{"not_picked":["alterego_mod:Complex","alterego_mod:Valentines","alterego_mod:Bloomers"],"picked":"SKIP","floor":5.0},{"not_picked":["alterego_mod:HighServant","alterego_mod:Jiggle"],"picked":"alterego_mod:Exercise","floor":7.0},{"not_picked":["alterego_mod:PurpleHair","alterego_mod:Cycle"],"picked":"alterego_mod:BiFurious","floor":8.0},{"not_picked":["alterego_mod:HighServant","alterego_mod:Punishment"],"picked":"alterego_mod:Mirror","floor":11.0},{"not_picked":["alterego_mod:Cooking","alterego_mod:Santa"],"picked":"alterego_mod:GoddessCore","floor":12.0},{"not_picked":["alterego_mod:Collar","alterego_mod:BoobPocket","alterego_mod:Cycle"],"picked":"SKIP","floor":12.0},{"not_picked":["alterego_mod:Collar","alterego_mod:BoobPocket","alterego_mod:Cycle"],"picked":"SKIP","floor":12.0},{"not_picked":["alterego_mod:Stockings","alterego_mod:Pet"],"picked":"alterego_mod:Venus","floor":13.0},{"not_picked":["alterego_mod:Pet","alterego_mod:BiFurious"],"picked":"alterego_mod:DiscoLights","floor":13.0}],"player_experience":699777,"relics_obtained":[{"floor":7.0,"key":"Dream Catcher"},{"floor":9.0,"key":"hubris:PeanutButter"},{"floor":11.0,"key":"theSenshi:SailorFukuRelic"}],"event_choices":[],"is_beta":false,"boss_relics":[],"items_purged_floors":[0],"is_endless":false,"potions_floor_spawned":[1,3,12,13],"killed_by":"Hexaghost","ascension_level":0}}