{"host":"yqw1zpryoutrnocq","time":1612220410,"event":{"mods":["2.2 Compatiblity","AchievementEnabler","BaseMod","Colored Map","Custom Start","DeckTracker","Minty Spire (QoL Compilation)","StSLib","SuperFastMode"],"gold_per_floor":[114,131,143,162,174,203,223,252,252,311,322,322,1,11,11,115,115,129,29,29,29,29,57,57,92,172,214,214,234,256,256,256,365,365,385,10,30,78,78,121,121,149,149,175,22,62,62,121,121,121,121,121,12,54,54],"floor_reached":56,"language":"KOR","playtime":2102,"items_purged":["Strike_G","Strike_G"],"score":1769,"play_id":"aba606c2-85d1-40f8-9aed-1b1b15e76b68","local_time":"20210201170010","is_ascension_mode":true,"campfire_choices":[{"data":"Footwork","floor":12,"key":"SMITH"},{"data":"Blade Dance","floor":15,"key":"SMITH"},{"data":"Venomology","floor":24,"key":"SMITH"},{"floor":28,"key":"REST"},{"floor":32,"key":"REST"},{"data":"Adrenaline","floor":41,"key":"SMITH"},{"floor":47,"key":"RECALL"},{"data":"Panacea","floor":49,"key":"SMITH"},{"data":"Cloak And Dagger","floor":52,"key":"SMITH"}],"circlet_count":0,"master_deck":["Strike_G+1","Strike_G+1","Strike_G+1","Defend_G+1","Defend_G+1","Defend_G+1","Defend_G+1","Defend_G+1","Survivor","Neutralize","Cloak And Dagger+1","Acrobatics","Blade Dance+1","Accuracy","Footwork+1","Blur","Finisher+1","Dagger Spray+1","Deflect","Venomology+1","Sucker Punch+1","Dodge and Roll","Adrenaline+1","Deflect","Acrobatics+1","Malaise","Endless Agony+1","Panacea+1","Backstab+1","Masterful Stab+1","Dagger Spray+1","PiercingWail+1","Calculated Gamble","Quick Slash+1","Burst"],"relics":["Ring of the Serpent","NeowsBlessing","Matryoshka","InkBottle","Ancient Tea Set","Mummified Hand","Incense Burner","Kunai","Molten Egg 2","Letter Opener","Mercury Hourglass","Darkstone Periapt","CeramicFish","Shuriken","Dead Branch","CaptainsWheel","SacredBark","OrangePellets","Happy Flower","MealTicket","Frozen Egg 2","Toy Ornithopter","Whetstone","HornCleat","Ginger","Oddly Smooth Stone"],"acts_visited":["Exordium","TheCity","TheBeyond","TheEnding"],"potions_floor_usage":[4,6,6,8,18,25,25,27,27,27,29,30,33,33,33,35,37,42,44,46,50,50,54,55],"damage_taken":[{"damage":0,"enemies":"Small Slimes","floor":1,"turns":1},{"damage":0,"enemies":"2 Louse","floor":2,"turns":1},{"damage":0,"enemies":"Cultist","floor":3,"turns":1},{"damage":2,"enemies":"2 Fungi Beasts","floor":4,"turns":4},{"damage":5,"enemies":"Red Slaver","floor":5,"turns":6},{"damage":20,"enemies":"3 Sentries","floor":6,"turns":3},{"damage":2,"enemies":"Blue Slaver","floor":7,"turns":3},{"damage":17,"enemies":"Gremlin Nob","floor":8,"turns":5},{"damage":5,"enemies":"3 Sentries","floor":10,"turns":7},{"damage":0,"enemies":"3 Louse","floor":11,"turns":2},{"damage":0,"enemies":"Exordium Wildlife","floor":14,"turns":3},{"damage":10,"enemies":"Hexaghost","floor":16,"turns":16},{"damage":4,"enemies":"Shell Parasite","floor":18,"turns":6},{"damage":37,"enemies":"Book of Stabbing","floor":23,"turns":10},{"damage":2,"enemies":"Slavers","floor":25,"turns":4},{"damage":5,"enemies":"Book of Stabbing","floor":27,"turns":7},{"damage":0,"enemies":"Spheric Guardian","floor":29,"turns":3},{"damage":9,"enemies":"Snake Plant","floor":30,"turns":3},{"damage":6,"enemies":"Champ","floor":33,"turns":12},{"damage":0,"enemies":"Orb Walker","floor":35,"turns":3},{"damage":2,"enemies":"3 Shapes","floor":37,"turns":3},{"damage":6,"enemies":"Giant Head","floor":40,"turns":8},{"damage":0,"enemies":"Transient","floor":42,"turns":5},{"damage":0,"enemies":"Reptomancer","floor":44,"turns":2},{"damage":26,"enemies":"Nemesis","floor":46,"turns":3},{"damage":2,"enemies":"Mind Bloom Boss Battle","floor":48,"turns":2},{"damage":35,"enemies":"Donu and Deca","floor":50,"turns":12},{"damage":0,"enemies":"Shield and Spear","floor":54,"turns":4},{"damage":44,"enemies":"The Heart","floor":55,"turns":11}],"seed_played":"1064159700307430745","potions_obtained":[{"floor":1,"key":"SkillPotion"},{"floor":4,"key":"Fruit Juice"},{"floor":6,"key":"Fruit Juice"},{"floor":7,"key":"Ancient Potion"},{"floor":10,"key":"Weak Potion"},{"floor":11,"key":"PowerPotion"},{"floor":25,"key":"DuplicationPotion"},{"floor":27,"key":"Strength Potion"},{"floor":29,"key":"Explosive Potion"},{"floor":40,"key":"DistilledChaos"},{"floor":42,"key":"SpeedPotion"}],"is_trial":false,"path_per_floor":["M","M","M","M","M","E","M","E","T","?","M","R","$","M","R","B",null,"M","$","?","?","?","E","R","E","T","E","R","M","M","?","R","B",null,"M","$","M","T","?","E","R","M","T","E","$","E","R","?","R","B",null,"R","$","E","B",null],"character_chosen":"THE_SILENT","items_purchased":["Kunai","OrangePellets","Panacea","Happy Flower","Whetstone","Calculated Gamble","Quick Slash+1"],"campfire_rested":2,"item_purchase_floors":[13,36,36,36,45,53,53],"current_hp_per_floor":[63,63,63,66,61,46,44,27,27,22,22,22,22,22,22,12,63,59,59,59,59,59,22,22,20,20,15,39,39,30,30,54,48,72,72,72,70,70,70,64,64,64,64,64,79,54,54,52,52,27,67,67,80,80,41],"gold":54,"neow_bonus":"THREE_ENEMY_KILL","is_daily":false,"chose_seed":false,"campfire_upgraded":6,"win_rate":0.0,"timestamp":1612220410,"path_taken":["M","M","M","M","M","E","M","E","T","?","M","R","$","M","R","BOSS","M","$","?","?","?","E","R","E","T","E","R","M","M","?","R","BOSS","M","$","M","?","?","E","R","?","T","E","$","E","R","?","R","BOSS","R","$","E","BOSS"],"items_purchased_type":["Relic","Relic","Card","Relic","Relic","Card","Card"],"build_version":"2020-12-22","purchased_purges":2,"victory":true,"max_hp_per_floor":[70,70,70,75,75,80,80,80,80,80,80,80,80,80,80,80,80,80,80,80,80,80,80,80,80,80,80,80,80,80,80,80,80,80,80,80,80,80,80,80,80,80,80,80,80,80,80,80,80,80,80,80,80,80,80],"card_choices":[{"not_picked":["Underhanded Strike","Well Laid Plans"],"picked":"Cloak And Dagger","floor":1},{"not_picked":["Dagger Throw","Dodge and Roll"],"picked":"Acrobatics","floor":2},{"not_picked":["Dagger Throw","Infinite Blades"],"picked":"Cloak And Dagger","floor":3},{"not_picked":["Quick Slash","Night Terror"],"picked":"Blade Dance","floor":4},{"not_picked":["Backflip","Dodge and Roll"],"picked":"Accuracy","floor":5},{"not_picked":["Outmaneuver","Dagger Throw","Prepared"],"picked":"SKIP","floor":6},{"not_picked":["Distraction","Eviscerate"],"picked":"Footwork","floor":7},{"not_picked":["Crippling Poison","Footwork"],"picked":"Blur","floor":8},{"not_picked":["Eviscerate","Prepared"],"picked":"Finisher","floor":10},{"not_picked":["Deadly Poison","Quick Slash"],"picked":"Dagger Spray","floor":11},{"not_picked":["Tactician","Bane"],"picked":"Deflect","floor":14},{"not_picked":["Malaise","Storm of Steel"],"picked":"Venomology","floor":16},{"not_picked":["Expertise","Bane"],"picked":"Sucker Punch+1","floor":18},{"not_picked":["Leg Sweep","Underhanded Strike+1"],"picked":"Dodge and Roll","floor":23},{"not_picked":["Leg Sweep","Endless Agony+1"],"picked":"Adrenaline","floor":25},{"not_picked":["Dash+1","Skewer+1"],"picked":"Deflect","floor":27},{"not_picked":["Expertise","Prepared","Crippling Poison"],"picked":"SKIP","floor":29},{"not_picked":["Underhanded Strike+1","Dagger Spray+1"],"picked":"Acrobatics+1","floor":30},{"not_picked":["Tools of the Trade","Corpse Explosion"],"picked":"Malaise","floor":33},{"not_picked":["Backflip+1","Dodge and Roll+1"],"picked":"Endless Agony+1","floor":35},{"not_picked":["Acrobatics","Finisher+1","Heel Hook+1"],"picked":"SKIP","floor":37},{"not_picked":["Acrobatics","Setup"],"picked":"Backstab+1","floor":40},{"not_picked":["Outmaneuver+1","Blade Dance"],"picked":"Masterful Stab+1","floor":42},{"not_picked":["Predator+1","Prepared","Deadly Poison"],"picked":"SKIP","floor":44},{"not_picked":["Sucker Punch+1","Flechettes+1"],"picked":"Dagger Spray+1","floor":46},{"not_picked":["Prepared+1","Adrenaline"],"picked":"PiercingWail+1","floor":48},{"not_picked":["Concentrate+1","Prepared"],"picked":"Burst","floor":54}],"player_experience":259694,"relics_obtained":[{"floor":6,"key":"Matryoshka"},{"floor":8,"key":"InkBottle"},{"floor":9,"key":"Ancient Tea Set"},{"floor":9,"key":"Mummified Hand"},{"floor":10,"key":"Incense Burner"},{"floor":23,"key":"Mercury Hourglass"},{"floor":25,"key":"Darkstone Periapt"},{"floor":26,"key":"CeramicFish"},{"floor":26,"key":"Shuriken"},{"floor":27,"key":"Dead Branch"},{"floor":40,"key":"MealTicket"},{"floor":43,"key":"Frozen Egg 2"},{"floor":44,"key":"Toy Ornithopter"},{"floor":46,"key":"HornCleat"},{"floor":48,"key":"Ginger"},{"floor":54,"key":"Oddly Smooth Stone"}],"event_choices":[{"damage_healed":0,"gold_gain":0,"player_choice":"Searched \u00271\u0027 times","damage_taken":0,"max_hp_gain":0,"max_hp_loss":0,"event_name":"Dead Adventurer","floor":10,"gold_loss":0},{"damage_healed":0,"gold_gain":0,"player_choice":"Opened","damage_taken":0,"relics_obtained":["Molten Egg 2"],"max_hp_gain":0,"max_hp_loss":0,"event_name":"The Mausoleum","floor":20,"gold_loss":0},{"damage_healed":0,"gold_gain":0,"player_choice":"Simplicity","damage_taken":0,"max_hp_gain":0,"max_hp_loss":0,"event_name":"Back to Basics","floor":21,"gold_loss":0,"cards_upgraded":["Strike_G","Strike_G","Strike_G","Defend_G","Defend_G","Defend_G","Defend_G","Defend_G"]},{"damage_healed":0,"gold_gain":0,"player_choice":"Stole Relic","damage_taken":0,"relics_obtained":["Letter Opener"],"max_hp_gain":0,"max_hp_loss":0,"event_name":"Addict","floor":22,"gold_loss":0,"cards_obtained":["Shame"]},{"cards_removed":["Cloak And Dagger"],"damage_healed":0,"gold_gain":0,"player_choice":"Gave Card","damage_taken":0,"relics_obtained":["CaptainsWheel"],"max_hp_gain":0,"max_hp_loss":0,"event_name":"WeMeetAgain","floor":31,"gold_loss":0},{"cards_removed":["Shame"],"damage_healed":0,"gold_gain":0,"player_choice":"Purged","damage_taken":0,"max_hp_gain":0,"max_hp_loss":0,"event_name":"Purifier","floor":39,"gold_loss":0},{"damage_healed":0,"gold_gain":0,"player_choice":"Fight","damage_taken":0,"max_hp_gain":0,"max_hp_loss":0,"event_name":"MindBloom","floor":48,"gold_loss":0}],"is_beta":false,"boss_relics":[{"not_picked":["Busted Crown","Empty Cage"],"picked":"Ring of the Serpent"},{"not_picked":["Philosopher\u0027s Stone","Coffee Dripper"],"picked":"SacredBark"}],"items_purged_floors":[13,19],"is_endless":false,"potions_floor_spawned":[1,4,6,7,10,11,25,27,29,40,42,44],"ascension_level":6}}