{"host":"15dd7v8o90xso62x","time":1612196715,"event":{"mods":["BaseMod","Minty Spire (QoL Compilation)","Quick Restart","StSLib","SuperFastMode"],"gold_per_floor":[119,119,119,119,138,138,157,191,191,211,211,12,12,12,12],"floor_reached":14,"language":"KOR","playtime":325,"items_purged":[],"score":176,"play_id":"c5bcacb3-412c-4db9-8997-bababc808a19","local_time":"20210202012515","is_ascension_mode":true,"campfire_choices":[{"floor":6.0,"key":"REST"},{"floor":13.0,"key":"REST"}],"circlet_count":0,"master_deck":["AscendersBane","Strike_G","Strike_G","Strike_G","Strike_G","Defend_G","Defend_G","Defend_G","Defend_G","Defend_G","Survivor","Neutralize","Grand Finale","Burst","Tactician","Escape Plan","Well Laid Plans"],"relics":["Ring of the Snake","InkBottle","Blue Candle","Pocketwatch","Orrery"],"acts_visited":["Exordium"],"potions_floor_usage":[],"damage_taken":[{"damage":6.0,"enemies":"Cultist","floor":1.0,"turns":5.0},{"damage":7.0,"enemies":"Jaw Worm","floor":5.0,"turns":7.0},{"damage":0.0,"enemies":"Small Slimes","floor":7.0,"turns":2.0},{"damage":55.0,"enemies":"Lagavulin","floor":8.0,"turns":9.0},{"damage":0.0,"enemies":"Looter","floor":10.0,"turns":3.0},{"damage":8,"enemies":"Gremlin Nob","floor":14,"turns":3}],"seed_played":"321085067322842587","potions_obtained":[{"floor":5.0,"key":"Ancient Potion"}],"is_trial":false,"path_per_floor":["M","?","?","T","M","R","M","E","T","M","?","$","R","E"],"character_chosen":"THE_SILENT","items_purchased":["Orrery","Well Laid Plans"],"campfire_rested":2,"item_purchase_floors":[12,12],"current_hp_per_floor":[53,46,46,46,39,57,57,2,2,2,2,2,20,12,12],"gold":12,"neow_bonus":"THREE_RARE_CARDS","is_daily":false,"chose_seed":false,"campfire_upgraded":0,"win_rate":0.0,"timestamp":1612196715,"path_taken":["M","?","?","?","M","R","M","E","T","M","?","?","R","E"],"items_purchased_type":["Relic","Card"],"build_version":"2020-12-22","purchased_purges":0,"victory":false,"max_hp_per_floor":[60,60,60,60,60,60,60,60,60,60,60,60,60,60,60],"card_choices":[{"not_picked":["Bullet Time","Glass Knife"],"picked":"Grand Finale","floor":0.0},{"not_picked":["Deflect","Poisoned Stab","Quick Slash"],"picked":"SKIP","floor":1.0},{"not_picked":["Deadly Poison","Quick Slash","Dodge and Roll"],"picked":"SKIP","floor":5.0},{"not_picked":["Dodge and Roll","Poisoned Stab","Blade Dance"],"picked":"SKIP","floor":7.0},{"not_picked":["Setup","Catalyst"],"picked":"Burst","floor":8.0},{"not_picked":["Blade Dance","Underhanded Strike","Caltrops"],"picked":"SKIP","floor":10.0},{"not_picked":["Noxious Fumes","Dodge and Roll"],"picked":"Tactician","floor":12.0},{"not_picked":["Noxious Fumes","Backflip"],"picked":"Escape Plan","floor":12.0}],"player_experience":926985,"relics_obtained":[{"floor":4.0,"key":"InkBottle"},{"floor":8.0,"key":"Blue Candle"},{"floor":9.0,"key":"Pocketwatch"}],"event_choices":[{"cards_removed":["Strike_G"],"damage_healed":0.0,"max_hp_gain":0.0,"max_hp_loss":0.0,"gold_gain":0.0,"event_name":"Golden Wing","player_choice":"Card Removal","floor":2.0,"gold_loss":0.0,"damage_taken":7.0},{"damage_healed":0.0,"max_hp_gain":0.0,"max_hp_loss":0.0,"gold_gain":0.0,"event_name":"Shining Light","player_choice":"Ignored","floor":3.0,"gold_loss":0.0,"damage_taken":0.0},{"damage_healed":0.0,"max_hp_gain":0.0,"max_hp_loss":0.0,"gold_gain":0.0,"event_name":"Scrap Ooze","player_choice":"Fled","floor":11.0,"gold_loss":0.0,"damage_taken":0.0}],"is_beta":false,"boss_relics":[],"items_purged_floors":[],"is_endless":false,"potions_floor_spawned":[5],"killed_by":"Gremlin Nob","ascension_level":20}}