{"host":"vlqejv0notyktumz","time":1612138265,"event":{"mods":["AchievementEnabler","BaseMod","Colored Map","Colored Powertips","Downfall","Googly Eyes","Minty Spire (QoL Compilation)","StSLib"],"gold_per_floor":[110,122,71,89,14,14,44,44,44,54,54,27,27,39,39,140,140,153,166,177,227,45,45,60,60,85,104,104,104],"floor_reached":28,"language":"ENG","playtime":756,"items_purged":["Strike_P","Strike_P"],"score":275,"play_id":"37bbb5af-c529-4094-8b9b-d543b74ef1e1","local_time":"20210131181105","is_ascension_mode":true,"campfire_choices":[{"data":"Eruption","floor":6,"key":"SMITH"},{"data":"PathToVictory","floor":8,"key":"SMITH"},{"data":"CarveReality","floor":11,"key":"SMITH"},{"data":"Wallop","floor":13,"key":"SMITH"},{"data":"ClearTheMind","floor":15,"key":"SMITH"},{"data":"MasterReality","floor":23,"key":"SMITH"},{"data":"Worship","floor":25,"key":"SMITH"}],"circlet_count":0,"master_deck":["Strike_P","Strike_P","Defend_P","Defend_P","Defend_P","Defend_P","Eruption+1","Vigilance","FearNoEvil","CarveReality+1","ClearTheMind+1","ClearTheMind","PathToVictory+1","Wallop+1","FollowUp","Crescendo","MasterReality+1","Worship","Adaptation","Worship+1","Tantrum","EmptyFist","PathToVictory"],"relics":["PureWater","NeowsBlessing","Eternal Feather","Yang","Sozu","CeramicFish"],"acts_visited":["Exordium","TheCity"],"potions_floor_usage":[18,19,24],"damage_taken":[{"damage":0,"enemies":"Cultist","floor":1,"turns":1},{"damage":0,"enemies":"2 Louse","floor":2,"turns":1},{"damage":0,"enemies":"Jaw Worm","floor":4,"turns":1},{"damage":27,"enemies":"Lagavulin","floor":7,"turns":5},{"damage":12,"enemies":"Gremlin Gang","floor":10,"turns":4},{"damage":0,"enemies":"2 Fungi Beasts","floor":14,"turns":2},{"damage":23,"enemies":"The Guardian","floor":16,"turns":10},{"damage":2,"enemies":"3 Byrds","floor":18,"turns":4},{"damage":12,"enemies":"Spheric Guardian","floor":19,"turns":4},{"damage":12,"enemies":"Cultist and Chosen","floor":20,"turns":6},{"damage":8,"enemies":"Centurion and Healer","floor":24,"turns":5},{"damage":30,"enemies":"Shelled Parasite and Fungi","floor":27,"turns":4},{"damage":38,"enemies":"Snecko","floor":28,"turns":4}],"seed_played":"-6953613545573017289","potions_obtained":[{"floor":1,"key":"DistilledChaos"},{"floor":2,"key":"EssenceOfSteel"},{"floor":4,"key":"hexamod:SoulburnPotion"},{"floor":10,"key":"Regen Potion"}],"is_trial":false,"path_per_floor":["M","M","$","M","$","R","E","R","T","M","R","$","R","M","R","B",null,"M","M","M","?","$","R","M","R","T","M","M"],"character_chosen":"WATCHER","items_purchased":["ClearTheMind","FollowUp","Tantrum"],"campfire_rested":0,"item_purchase_floors":[3,12,22],"current_hp_per_floor":[72,72,72,72,72,72,45,51,51,39,48,48,57,57,66,43,65,72,60,48,48,48,60,52,64,64,34,0,0],"gold":104,"neow_bonus":"THREE_ENEMY_KILL","is_daily":false,"chose_seed":false,"campfire_upgraded":7,"win_rate":0.0,"timestamp":1612138265,"path_taken":["M","M","$","?","$","R","E","R","T","M","R","?","R","M","R","BOSS","M","M","?","?","$","R","M","R","T","?","?"],"items_purchased_type":["Card","Card","Card"],"build_version":"2020-12-22","purchased_purges":2,"victory":false,"max_hp_per_floor":[72,72,72,72,72,72,72,72,72,72,72,72,72,72,72,72,72,72,72,72,72,72,72,72,72,72,72,72,72],"card_choices":[{"not_picked":["ReachHeaven","BattleHymn"],"picked":"FearNoEvil","floor":1},{"not_picked":["CrushJoints","WheelKick"],"picked":"CarveReality","floor":2},{"not_picked":["JustLucky","Consecrate"],"picked":"ClearTheMind","floor":4},{"not_picked":["SpiritShield","InnerPeace"],"picked":"PathToVictory","floor":7},{"not_picked":["Conclude","Halt"],"picked":"Wallop","floor":10},{"not_picked":["FlyingSleeves","WindmillStrike"],"picked":"Crescendo","floor":14},{"not_picked":["Vault","Ragnarok"],"picked":"MasterReality","floor":16},{"not_picked":["BowlingBash","Weave"],"picked":"Worship","floor":18},{"not_picked":["PathToVictory","FollowUp"],"picked":"Adaptation","floor":19},{"not_picked":["BowlingBash","CutThroughFate"],"picked":"Worship","floor":20},{"not_picked":["BattleHymn","Adaptation"],"picked":"EmptyFist","floor":24},{"not_picked":["Adaptation+1","WreathOfFlame"],"picked":"PathToVictory","floor":27}],"player_experience":386258,"relics_obtained":[{"floor":7,"key":"Eternal Feather"},{"floor":9,"key":"Yang"},{"floor":26,"key":"CeramicFish"}],"event_choices":[{"damage_healed":0,"gold_gain":100,"player_choice":"Bet on Murderer","damage_taken":0,"max_hp_gain":0,"max_hp_loss":0,"event_name":"The Joust","floor":21,"gold_loss":50}],"is_beta":false,"boss_relics":[{"not_picked":["Busted Crown","Philosopher\u0027s Stone"],"picked":"Sozu"}],"items_purged_floors":[5,22],"is_endless":false,"potions_floor_spawned":[1,2,4,10,18,27],"killed_by":"Snecko","ascension_level":5}}