{"host":"wfkvcf4y4vkrpwe0","time":1612185999,"event":{"mods":["BaseMod","Conspire","Downfall","Hermit","Minty Spire (QoL Compilation)","StSLib","The Construct","The Cursed","The Disciple","The Hierophant","The Necromancer"],"gold_per_floor":[210,210,228,14,32,32,49,59,104,154,166,253,278,290,302,414,426,453,465,477,477],"floor_reached":20,"language":"ENG","playtime":763,"items_purged":["Pain"],"score":164,"play_id":"ff55b8d3-806b-4ddd-8c8b-7818dd020c3d","local_time":"20210201132639","is_ascension_mode":false,"campfire_choices":[{"data":"construct:LaserCore","floor":6,"key":"SMITH"},{"floor":11,"key":"REST"},{"data":"construct:GuardCore","floor":15,"key":"SMITH"}],"circlet_count":0,"master_deck":["construct:Strike_Gold","construct:Strike_Gold","construct:Strike_Gold","construct:Strike_Gold","construct:Strike_Gold","construct:Defend_Gold","construct:Defend_Gold","construct:Defend_Gold","construct:Defend_Gold","construct:Defend_Gold","construct:AttackMode","construct:DefenseMode","construct:Autoturret","construct:LaserCore+1","construct:Synchronize","construct:Autoturret","construct:GuardCore+1","Parasite","construct:SpinDrive","construct:Autoturret"],"relics":["construct:Cogwheel","WarpedTongs","Membership Card","MawBank","InkBottle","Nloth\u0027s Gift"],"acts_visited":["Exordium","TheCity"],"potions_floor_usage":[10,20],"damage_taken":[{"damage":7,"enemies":"2 Louse","floor":1,"turns":3},{"damage":9,"enemies":"Cultist","floor":3,"turns":3},{"damage":8,"enemies":"Small Slimes","floor":5,"turns":3},{"damage":20,"enemies":"Looter","floor":7,"turns":3},{"damage":22,"enemies":"Gremlin Gang","floor":8,"turns":5},{"damage":5,"enemies":"conspire:MimicChest","floor":10,"turns":8},{"damage":0,"enemies":"3 Louse","floor":13,"turns":2},{"damage":22,"enemies":"The Guardian","floor":16,"turns":9},{"damage":43,"enemies":"Chosen","floor":18,"turns":7},{"damage":44,"enemies":"3 Byrds","floor":20,"turns":4}],"seed_played":"-6089841084257023433","potions_obtained":[{"floor":8,"key":"Weak Potion"},{"floor":16,"key":"LiquidBronze"}],"is_trial":false,"path_per_floor":["M","?","M","$","M","R","M","M","T","?","R","?","M","?","R","B",null,"M","?","M"],"character_chosen":"THE_CONSTRUCT_MOD","items_purchased":["Membership Card","construct:Autoturret"],"campfire_rested":1,"item_purchase_floors":[4,4],"current_hp_per_floor":[78,78,69,69,61,61,41,19,19,14,39,28,28,49,49,27,85,42,42,0,0],"gold":477,"neow_bonus":"HUNDRED_GOLD","is_daily":false,"chose_seed":false,"campfire_upgraded":2,"win_rate":0.0,"timestamp":1612185999,"path_taken":["M","?","M","$","M","R","?","M","T","?","R","?","M","?","R","BOSS","M","?","?"],"items_purchased_type":["Relic","Card"],"build_version":"2020-12-22","purchased_purges":1,"victory":false,"max_hp_per_floor":[85,85,85,85,85,85,85,85,85,85,85,85,85,85,85,85,85,85,85,85,85],"card_choices":[{"not_picked":["construct:Tumble","construct:ClusterMines","construct:Disrupt"],"picked":"SKIP","floor":1},{"not_picked":["construct:ClusterMines","construct:SyphonStrike","construct:SuppressiveFire"],"picked":"SKIP","floor":3},{"not_picked":["construct:ModeShift","construct:ShiftStrike"],"picked":"construct:LaserCore","floor":5},{"not_picked":["construct:Boost","construct:Hazardproof"],"picked":"construct:Synchronize","floor":7},{"not_picked":["construct:SuppressiveFire","construct:ForceCore","construct:VentSteam"],"picked":"SKIP","floor":8},{"not_picked":["construct:SweepLaser","construct:Chainstrike"],"picked":"construct:Autoturret","floor":10},{"not_picked":["construct:SweepLaser","construct:QuickAttack"],"picked":"construct:GuardCore","floor":13},{"not_picked":["construct:Bunker","construct:GoldenBullet"],"picked":"construct:SpinDrive","floor":16},{"not_picked":["construct:Reinforce+1","construct:Dampening"],"picked":"construct:Autoturret","floor":18}],"player_experience":572066,"relics_obtained":[{"floor":9,"key":"MawBank"},{"floor":10,"key":"InkBottle"}],"event_choices":[{"damage_healed":0,"gold_gain":0,"player_choice":"Rummage","damage_taken":0,"relics_obtained":["WarpedTongs"],"max_hp_gain":0,"max_hp_loss":0,"event_name":"Accursed Blacksmith","floor":2,"gold_loss":0,"cards_obtained":["Pain"]},{"damage_healed":0,"gold_gain":75,"player_choice":"Gather Gold","damage_taken":11,"max_hp_gain":0,"max_hp_loss":0,"event_name":"World of Goop","floor":12,"gold_loss":0},{"damage_healed":21,"gold_gain":0,"player_choice":"Healed and dodged fight","damage_taken":0,"max_hp_gain":0,"max_hp_loss":0,"event_name":"Mushrooms","floor":14,"gold_loss":0,"cards_obtained":["Parasite"]},{"damage_healed":0,"gold_gain":0,"player_choice":"Traded Relic","damage_taken":0,"relics_obtained":["Nloth\u0027s Gift"],"max_hp_gain":0,"max_hp_loss":0,"event_name":"N\u0027loth","floor":19,"relics_lost":["conspire:RunicOctahedron"],"gold_loss":0}],"is_beta":false,"boss_relics":[{"not_picked":["conspire:SeveredTorchhead","Calling Bell"],"picked":"conspire:RunicOctahedron"}],"items_purged_floors":[4],"is_endless":false,"potions_floor_spawned":[1,8,16],"killed_by":"3 Byrds","ascension_level":0}}