{"host":"8by3m8mve9y2rhh4","time":1612219895,"event":{"mods":["BaseMod","Minty Spire (QoL Compilation)","Quick Restart"],"gold_per_floor":[111,130,130,142,156,191,191,202,202,237,265,285,313,328,328,433,433,452,452,466,97,97,122,140,168,191,191,220,238,3,3,3,100,150,167,185,236,252,115,115,115],"floor_reached":40,"language":"ENG","playtime":2224,"items_purged":["Wraith Form v2"],"score":544,"play_id":"783198f6-7f52-4753-ac0d-de8efc6c530d","local_time":"20210201225135","is_ascension_mode":true,"campfire_choices":[{"floor":7,"key":"RECALL"},{"floor":15,"key":"REST"},{"floor":27,"key":"REST"},{"floor":32,"key":"REST"}],"circlet_count":0,"master_deck":["Survivor","Neutralize","Tools of the Trade","Deflect","Infinite Blades+1","Burst+1","Cloak And Dagger","Skewer","Flying Knee+1","Leg Sweep","Dagger Spray+1","Crippling Poison","Terror","Escape Plan","Blur","Dodge and Roll","Deadly Poison","Bouncing Flask","A Thousand Cuts+1","Infinite Blades+1","Bane+1","Cloak And Dagger+1","Bouncing Flask+1","Escape Plan","Setup","Expertise","Cloak And Dagger","Accuracy+1","Noxious Fumes+1","Accuracy+1","Accuracy+1","Malaise","Leg Sweep+1","Envenom+1"],"relics":["Pandora\u0027s Box","Art of War","Frozen Egg 2","Ornamental Fan","Odd Mushroom","Matryoshka","Fusion Hammer","Orrery","Happy Flower","Question Card","Dream Catcher","Whetstone","Shovel","Juzu Bracelet","Tiny House","Tingsha"],"acts_visited":["Exordium","TheCity","TheBeyond"],"potions_floor_usage":[6,6,13,14,20,23,25,37,37],"damage_taken":[{"damage":0,"enemies":"Cultist","floor":1,"turns":2},{"damage":0,"enemies":"Small Slimes","floor":2,"turns":3},{"damage":0,"enemies":"2 Louse","floor":4,"turns":2},{"damage":9,"enemies":"Gremlin Gang","floor":5,"turns":3},{"damage":6,"enemies":"Gremlin Nob","floor":6,"turns":4},{"damage":0,"enemies":"Lots of Slimes","floor":8,"turns":2},{"damage":11,"enemies":"Lagavulin","floor":10,"turns":5},{"damage":4,"enemies":"The Mushroom Lair","floor":11,"turns":3},{"damage":0,"enemies":"Blue Slaver","floor":12,"turns":3},{"damage":4,"enemies":"Gremlin Nob","floor":13,"turns":5},{"damage":7,"enemies":"2 Fungi Beasts","floor":14,"turns":2},{"damage":7,"enemies":"Hexaghost","floor":16,"turns":9},{"damage":10,"enemies":"Spheric Guardian","floor":18,"turns":5},{"damage":0,"enemies":"Chosen","floor":20,"turns":4},{"damage":21,"enemies":"Gremlin Leader","floor":23,"turns":4},{"damage":0,"enemies":"Centurion and Healer","floor":24,"turns":4},{"damage":32,"enemies":"Slavers","floor":25,"turns":5},{"damage":1,"enemies":"Book of Stabbing","floor":28,"turns":5},{"damage":6,"enemies":"Chosen and Byrds","floor":29,"turns":4},{"damage":0,"enemies":"Champ","floor":33,"turns":6},{"damage":7,"enemies":"3 Darklings","floor":35,"turns":5},{"damage":12,"enemies":"Orb Walker","floor":36,"turns":4},{"damage":50,"enemies":"2 Orb Walkers","floor":37,"turns":4},{"damage":26,"enemies":"Jaw Worm Horde","floor":38,"turns":4},{"damage":37,"enemies":"Nemesis","floor":40,"turns":3}],"seed_played":"-4439308836592546753","potions_obtained":[{"floor":1,"key":"EntropicBrew"},{"floor":2,"key":"FairyPotion"},{"floor":5,"key":"Poison Potion"},{"floor":12,"key":"LiquidBronze"},{"floor":13,"key":"AttackPotion"},{"floor":16,"key":"Block Potion"},{"floor":20,"key":"Swift Potion"},{"floor":24,"key":"PowerPotion"},{"floor":25,"key":"LiquidBronze"}],"is_trial":false,"path_per_floor":["M","M","?","M","M","E","R","M","T","E","?","M","E","M","R","B",null,"M","?","M","$","?","E","M","E","T","R","E","M","$","?","R","B",null,"M","M","?","M","$","E"],"character_chosen":"THE_SILENT","items_purchased":["Orrery","Happy Flower","Accuracy+1","Juzu Bracelet","Envenom+1"],"campfire_rested":3,"item_purchase_floors":[21,21,30,30,39],"current_hp_per_floor":[70,70,70,70,61,55,55,55,55,44,40,40,36,29,50,43,70,60,60,60,60,60,39,39,7,7,28,27,21,21,15,36,36,75,68,56,6,4,4,0,0],"gold":115,"neow_bonus":"BOSS_RELIC","is_daily":false,"chose_seed":false,"campfire_upgraded":0,"win_rate":0.0,"timestamp":1612219895,"path_taken":["M","M","?","M","M","E","R","M","T","E","?","M","E","M","R","BOSS","M","?","?","?","?","E","M","E","T","R","E","M","$","?","R","BOSS","M","M","?","M","$","E"],"items_purchased_type":["Relic","Relic","Card","Relic","Card"],"build_version":"2020-12-22","purchased_purges":1,"victory":false,"max_hp_per_floor":[70,70,70,70,70,70,70,70,70,70,70,70,70,70,70,70,70,70,70,70,70,70,70,70,70,70,70,70,70,70,70,70,70,75,75,75,75,75,75,75,75],"card_choices":[{"not_picked":["Endless Agony","Quick Slash"],"picked":"Leg Sweep","floor":1},{"not_picked":["Finisher","Outmaneuver"],"picked":"Dagger Spray","floor":2},{"not_picked":["Setup","Slice"],"picked":"Crippling Poison","floor":4},{"not_picked":["Masterful Stab","Underhanded Strike","Dagger Spray"],"picked":"SKIP","floor":5},{"not_picked":["Heel Hook","Deflect"],"picked":"Terror","floor":6},{"not_picked":["Prepared","Grand Finale"],"picked":"Escape Plan","floor":8},{"not_picked":["Glass Knife","Acrobatics"],"picked":"Blur","floor":10},{"not_picked":["PiercingWail","Dagger Throw"],"picked":"Dodge and Roll","floor":11},{"not_picked":["Quick Slash","Cloak And Dagger"],"picked":"Deadly Poison","floor":12},{"not_picked":["Dagger Spray","Setup"],"picked":"Bouncing Flask","floor":13},{"not_picked":["Catalyst","Masterful Stab","Acrobatics"],"picked":"SKIP","floor":14},{"not_picked":["Phantasmal Killer","Corpse Explosion"],"picked":"A Thousand Cuts+1","floor":16},{"not_picked":["Sucker Punch","Slice"],"picked":"Infinite Blades+1","floor":18},{"not_picked":["Outmaneuver","Terror"],"picked":"Bane+1","floor":20},{"not_picked":["Concentrate","Prepared"],"picked":"Cloak And Dagger+1","floor":21},{"not_picked":["Flying Knee","Well Laid Plans+1"],"picked":"Bouncing Flask+1","floor":21},{"not_picked":["Deadly Poison+1","Backstab"],"picked":"Escape Plan","floor":21},{"not_picked":["Blade Dance","Underhanded Strike"],"picked":"Cloak And Dagger","floor":23},{"not_picked":["Choke","Backflip","Flying Knee"],"picked":"Accuracy+1","floor":24},{"not_picked":["Slice","Reflex","Blade Dance","Prepared+1"],"picked":"SKIP","floor":25},{"not_picked":["Deflect","Dagger Throw+1","Prepared+1","Crippling Poison"],"picked":"SKIP","floor":28},{"not_picked":["Backflip","Deadly Poison","Dodge and Roll"],"picked":"Noxious Fumes+1","floor":29},{"not_picked":["Dash","Backflip+1","Expertise"],"picked":"Accuracy+1","floor":32},{"not_picked":["Bullet Time","Wraith Form v2+1","Unload"],"picked":"Malaise","floor":33},{"not_picked":["Backflip","Outmaneuver","All Out Attack","Well Laid Plans+1"],"picked":"SKIP","floor":35},{"not_picked":["Quick Slash+1","Slice","Prepared","Sucker Punch"],"picked":"SKIP","floor":36},{"not_picked":["Cloak And Dagger","Tactician","Dodge and Roll"],"picked":"Leg Sweep+1","floor":38}],"player_experience":748500,"relics_obtained":[{"floor":6,"key":"Art of War"},{"floor":9,"key":"Frozen Egg 2"},{"floor":10,"key":"Ornamental Fan"},{"floor":11,"key":"Odd Mushroom"},{"floor":13,"key":"Matryoshka"},{"floor":23,"key":"Question Card"},{"floor":25,"key":"Dream Catcher"},{"floor":26,"key":"Whetstone"},{"floor":28,"key":"Shovel"},{"floor":37,"key":"Tingsha"}],"event_choices":[{"damage_healed":0,"gold_gain":0,"cards_transformed":["Endless Agony"],"player_choice":"Change","damage_taken":0,"max_hp_gain":0,"max_hp_loss":0,"event_name":"Living Wall","floor":3,"gold_loss":0,"cards_obtained":["Wraith Form v2"]},{"damage_healed":0,"gold_gain":0,"player_choice":"Fought Mushrooms","damage_taken":0,"max_hp_gain":0,"max_hp_loss":0,"event_name":"Mushrooms","floor":11,"gold_loss":0},{"damage_healed":0,"gold_gain":0,"player_choice":"Forge","damage_taken":0,"max_hp_gain":0,"max_hp_loss":0,"event_name":"Accursed Blacksmith","floor":19,"gold_loss":0,"cards_upgraded":["Infinite Blades"]},{"damage_healed":0,"gold_gain":0,"cards_transformed":["Flying Knee","Backstab"],"player_choice":"Became Test Subject","damage_taken":0,"max_hp_gain":0,"max_hp_loss":0,"event_name":"Drug Dealer","floor":22,"gold_loss":0,"cards_obtained":["Setup","Expertise"]},{"damage_healed":0,"gold_gain":0,"player_choice":"","damage_taken":6,"max_hp_gain":0,"max_hp_loss":0,"event_name":"Knowing Skull","floor":31,"potions_obtained":[],"gold_loss":0,"cards_obtained":[]},{"damage_healed":0,"gold_gain":0,"player_choice":"Fight","damage_taken":0,"max_hp_gain":0,"max_hp_loss":0,"event_name":"Mysterious Sphere","floor":37,"gold_loss":0}],"is_beta":false,"boss_relics":[{"not_picked":["Calling Bell","Philosopher\u0027s Stone"],"picked":"Fusion Hammer"},{"not_picked":["HoveringKite","Snecko Eye"],"picked":"Tiny House"}],"items_purged_floors":[21],"is_endless":false,"potions_floor_spawned":[1,2,5,6,12,13,16,20,24,25,29,33,36],"killed_by":"Nemesis","ascension_level":1}}