{"host":"o5jvvi5yapo90aia","time":1612170016,"event":{"mods":["BaseMod","CapriCore","Minty Spire (QoL Compilation)","MostiFishMod","Prisma Mod","Spicy Shops","StSLib","TestMod","The Immortal","Yakumo Yukari mod","【人物mod】游戏王New YuGiOh mod","【功能Mod】Neow奖励"],"gold_per_floor":[113,35,35,55,70,103,103,28,81,126,155,167,198,360,372,457,469,496,508,445,472,504,542,554,603,639,651,688,700,751,327,327,408,408,433,433,433,458,458,491,548,581,608,608,643,643,674,696,696,701,706,706,706,29,67,72],"floor_reached":57,"language":"ZHS","playtime":981,"items_purged":["Strike_P","SignatureMove+1"],"score":3893,"play_id":"2bbbe304-847e-4e27-9afb-7fef8dd4d1d9","local_time":"20210201170016","is_ascension_mode":true,"campfire_choices":[{"data":"Strike_P","floor":7.0,"key":"PURGE"},{"data":"Strike_P","floor":12.0,"key":"PURGE"},{"data":"Doubt","floor":15.0,"key":"PURGE"},{"data":"Defend_P","floor":24.0,"key":"PURGE"},{"data":"Defend_P","floor":32,"key":"PURGE"},{"floor":49,"key":"RECALL"},{"data":"Eruption+1","floor":53,"key":"PURGE"}],"circlet_count":0,"master_deck":["AscendersBane","Defend_P+1","Vigilance+1","Adaptation+1","LessonLearned+1","Tantrum+1","Establishment+1"],"relics":["DaveBox","testmod-TestBox","Sozu","ExusiaiGun","testmod-PortableAltar","SynthV:TestCard","Bag of Preparation","MealTicket","MawBank","Pen Nib","testmod-HarvestTotem","testmod-Justice","Gremlin Horn","Juzu Bracelet","Letter Opener","PrismaticShard","Singing Bowl","testmod-TimeTraveler","testmod-Hope","Thread and Needle","Vajra","Bottled Flame","Kunai","Shuriken","Medical Kit","BionicSphere","testmod-Antiphasic","Blood Vial"],"acts_visited":["Exordium","TheCity","TheBeyond","TheEnding"],"potions_floor_usage":[],"damage_taken":[{"damage":2.0,"enemies":"Small Slimes","floor":1.0,"turns":2.0},{"damage":1.0,"enemies":"Cultist","floor":4.0,"turns":1.0},{"damage":0.0,"enemies":"2 Louse","floor":5.0,"turns":1.0},{"damage":0.0,"enemies":"Gremlin Nob","floor":6.0,"turns":1.0},{"damage":0.0,"enemies":"Lagavulin","floor":10.0,"turns":1.0},{"damage":0.0,"enemies":"Looter","floor":11.0,"turns":1.0},{"damage":0.0,"enemies":"2 Fungi Beasts","floor":13.0,"turns":2.0},{"damage":0.0,"enemies":"Slime Boss","floor":16.0,"turns":2.0},{"damage":0.0,"enemies":"2 Thieves","floor":18.0,"turns":2.0},{"damage":0.0,"enemies":"Spheric Guardian","floor":21.0,"turns":1.0},{"damage":1.0,"enemies":"Snake Plant","floor":22.0,"turns":2.0},{"damage":0.0,"enemies":"Book of Stabbing","floor":23.0,"turns":2.0},{"damage":10.0,"enemies":"Gremlin Leader","floor":25.0,"turns":3.0},{"damage":0.0,"enemies":"Shelled Parasite and Fungi","floor":28.0,"turns":3.0},{"damage":0,"enemies":"Slavers","floor":30,"turns":2},{"damage":0,"enemies":"Collector","floor":33,"turns":2},{"damage":0,"enemies":"Orb Walker","floor":35,"turns":1},{"damage":4,"enemies":"3 Shapes","floor":38,"turns":1},{"damage":0,"enemies":"Nemesis","floor":40,"turns":1},{"damage":0,"enemies":"2 Orb Walkers","floor":41,"turns":1},{"damage":0,"enemies":"Reptomancer","floor":42,"turns":1},{"damage":0,"enemies":"Giant Head","floor":45,"turns":1},{"damage":0,"enemies":"Reptomancer","floor":47,"turns":1},{"damage":0,"enemies":"Spire Growth","floor":48,"turns":1},{"damage":0,"enemies":"Donu and Deca","floor":50,"turns":1},{"damage":0,"enemies":"Awakened One","floor":51,"turns":2},{"damage":0,"enemies":"Shield and Spear","floor":55,"turns":1},{"damage":27,"enemies":"The Heart","floor":56,"turns":7}],"seed_played":"-3193870060588218623","potions_obtained":[],"is_trial":false,"path_per_floor":["M","?","$","M","M","E","R","$","T","E","M","R","M","?","R","B",null,"M","?","?","M","M","E","R","E","T","?","M","$","E","$","R","B",null,"M","?","?","M","?","E","?","E","T","?","E","T","E","M","R","B","B",null,"R","$","E","B",null],"character_chosen":"WATCHER","items_purchased":["PrismaticShard","Singing Bowl","Medical Kit","BionicSphere","testmod-Antiphasic"],"campfire_rested":0,"item_purchase_floors":[31,31,54,54,54],"current_hp_per_floor":[60,60,60,60,61,62,61,60,59,58,57,56,55,54,53,52,102,101,100,99,98,96,96,95,84,84,70,70,100,99,98,97,100,99,102,101,100,103,102,105,108,111,110,129,132,131,134,137,136,135,134,133,132,131,134,106],"gold":72,"neow_bonus":"BOSS_RELIC","is_daily":false,"chose_seed":false,"campfire_upgraded":0,"win_rate":0.0,"timestamp":1612170016,"path_taken":["M","?","?","M","M","E","R","$","T","E","M","R","M","?","R","BOSS","M","?","?","M","M","E","R","E","T","?","M","$","E","$","R","BOSS","M","?","?","M","?","E","?","E","T","?","E","?","E","M","R","BOSS","BOSS","R","$","E","BOSS"],"items_purchased_type":["Relic","Relic","Relic","Relic","Relic"],"build_version":"2020-12-22","purchased_purges":2,"victory":true,"max_hp_per_floor":[67,66,65,64,63,62,61,60,59,58,57,56,55,54,53,52,102,101,100,99,98,97,96,95,94,93,102,101,100,99,98,97,100,99,102,101,100,103,102,105,108,111,110,129,132,131,134,137,136,135,134,133,132,131,134,133],"card_choices":[{"not_picked":["FlurryOfBlows","CrushJoints","EmptyBody"],"picked":"SKIP","floor":1.0},{"not_picked":["Consecrate","Meditate","EmptyBody","ThirdEye"],"picked":"SignatureMove","floor":4.0},{"not_picked":["Protect","JustLucky","ThirdEye","CarveReality","CutThroughFate"],"picked":"SKIP","floor":5.0},{"not_picked":["PathToVictory","CrushJoints","Protect","Prostrate","MostiFishMod:LegendTransform"],"picked":"SKIP","floor":6.0},{"not_picked":["BowlingBash","CrushJoints","EmptyFist","MostiFishMod:Nomercy"],"picked":"Adaptation","floor":10.0},{"not_picked":["Crescendo","MostiFishMod:Clarity","CarveReality","Indignation","WheelKick"],"picked":"SKIP","floor":11.0},{"not_picked":["FlurryOfBlows","WheelKick","Crescendo","BowlingBash","LikeWater"],"picked":"SKIP","floor":13.0},{"not_picked":["ConjureBlade","MostiFishMod:Moonprays","MostiFishMod:DustFall","MostiFishMod:StarWish"],"picked":"LessonLearned","floor":16.0},{"not_picked":["Prostrate","Crescendo+1","Worship","PathToVictory","Protect"],"picked":"SKIP","floor":18.0},{"not_picked":["FlyingSleeves","DeceiveReality","EmptyBody","MostiFishMod:Nomercy","Protect"],"picked":"SKIP","floor":21.0},{"not_picked":["Halt","BowlingBash","Pray","EmptyFist","FlurryOfBlows+1"],"picked":"SKIP","floor":22.0},{"not_picked":["SpiritShield","FlurryOfBlows","MostiFishMod:DustFall","BowlingBash","Indignation"],"picked":"SKIP","floor":23.0},{"not_picked":["ReachHeaven","Prostrate","WindmillStrike","FollowUp","ConjureBlade"],"picked":"SKIP","floor":25.0},{"not_picked":["FlurryOfBlows","ThirdEye","Crescendo","Pray","ForeignInfluence"],"picked":"SKIP","floor":28.0},{"not_picked":["MostiFishMod:Clarity","BowlingBash","Wish","FlurryOfBlows"],"picked":"Tantrum+1","floor":30},{"not_picked":["SideSpell","D_absorption_purple","MostiFishMod:Minus","MostiFishMod:RacingGame","PrismaMod:IllyaCarnivalOrbs"],"picked":"Singing Bowl","floor":33},{"not_picked":["MostiFishMod:Impulse","RuleDissolution_purple","PrismaMod:MiyuCommonAOEAttack","Headbutt","PrismaMod:IllyaPartialInstallAssassin+1"],"picked":"Singing Bowl","floor":35},{"not_picked":["MostiFishMod:Impulse","PrismaMod:IllyaGun","Boundary_of_Extermination_purpleEX","Blood for Blood","Quick Slash"],"picked":"Singing Bowl","floor":38},{"not_picked":["MokouMod:ExplosiveFlame","MokouMod:BurningDraft+1","PrismaMod:IllyaCheapChannelDefend","MokouMod:InfernalWave","Adaptation"],"picked":"Singing Bowl","floor":40},{"not_picked":["testmod-WeaknessCounterattack","Spot Weakness","PiercingWail","MokouMod:DanceofFlames","Underhanded Strike"],"picked":"Singing Bowl","floor":41},{"not_picked":["MoonlightDragon","MostiFishMod:PoisonShield","Uppercut","PrismaMod:ChloeAnyCommonTrace","Bloodletting"],"picked":"Singing Bowl","floor":42},{"not_picked":["Line_surface_state_purple","PrismaMod:IllyaBoysLove+1","MokouMod:Firecracker","DifficultSpell+1","PrismaMod:MiyuEvokeBuffDex"],"picked":"Singing Bowl","floor":44},{"not_picked":["Infinite Blades","DifficultSpell","MostiFishMod:FrostNova","PanicButton","Worldmountain_purple"],"picked":"Singing Bowl","floor":44},{"not_picked":["Poisoned Stab","Realm_recovery_purpleEX","PrismaMod:ChloeCarnivalDefend","Perseverance+1","PrismaMod:ChloeCheapAttack+1"],"picked":"Singing Bowl","floor":44},{"not_picked":["WindDragon","Bandage Up","Uppercut","PiercingWail","Flex+1"],"picked":"Singing Bowl","floor":44},{"not_picked":["PrismaMod:ChloeCheapDefendTwo","PrismaMod:ChloeUncommonDefend","Charmbait_purple","Stack","Perfected Strike"],"picked":"Singing Bowl","floor":44},{"not_picked":["Mirror_FormAndEmptin_purple+1","Havoc","Halt","Stack","testmod-Arrangement"],"picked":"Singing Bowl","floor":45},{"not_picked":["SideChaos+1","MokouMod:FusionFlare","PrismaMod:ChloeRhongomyniad+1","MokouMod:SearingShot","Cleave+1"],"picked":"Singing Bowl","floor":47},{"not_picked":["PrismaMod:MiyuCheapStrBuff+1","PrismaMod:IllyaFriendMaker","PrismaMod:MiyuUberAttack","Ball Lightning","MostiFishMod:TemporaryOutbreak"],"picked":"Singing Bowl","floor":48},{"not_picked":["PrismaMod:IllyaDetonatingBlow+1","PathToVictory+1","Mirror_FormAndEmptin_purple","testmod-WeaknessCounterattack","PrismaMod:ChloeExhaustOne"],"picked":"Singing Bowl","floor":55}],"player_experience":1512241,"relics_obtained":[{"floor":1.0,"key":"SynthV:TestCard"},{"floor":6.0,"key":"MealTicket"},{"floor":9.0,"key":"MawBank"},{"floor":10.0,"key":"Pen Nib"},{"floor":23.0,"key":"testmod-Justice"},{"floor":25.0,"key":"Gremlin Horn"},{"floor":26.0,"key":"Juzu Bracelet"},{"floor":30,"key":"Letter Opener"},{"floor":40,"key":"testmod-Hope"},{"floor":41,"key":"Thread and Needle"},{"floor":42,"key":"Vajra"},{"floor":45,"key":"Bottled Flame"},{"floor":46,"key":"Kunai"},{"floor":47,"key":"Shuriken"},{"floor":55,"key":"Blood Vial"}],"event_choices":[{"damage_healed":0.0,"max_hp_gain":0.0,"max_hp_loss":0.0,"gold_gain":0.0,"event_name":"WeMeetAgain","player_choice":"Paid Gold","floor":2.0,"gold_loss":78.0,"damage_taken":0.0,"relics_obtained":["Bag of Preparation"]},{"damage_healed":0.0,"max_hp_gain":0.0,"max_hp_loss":0.0,"gold_gain":150.0,"event_name":"Liars Game","player_choice":"AGREE","floor":14.0,"gold_loss":0.0,"damage_taken":0.0,"cards_obtained":["Doubt"]},{"damage_healed":0.0,"max_hp_gain":0.0,"max_hp_loss":0.0,"gold_gain":0.0,"event_name":"Vampires","player_choice":"Ignored","floor":19.0,"gold_loss":0.0,"damage_taken":0.0},{"cards_removed":["Strike_P"],"damage_healed":0.0,"max_hp_gain":0.0,"max_hp_loss":0.0,"gold_gain":0.0,"event_name":"Beggar","player_choice":"Gave Gold","floor":20.0,"gold_loss":75.0,"damage_taken":0.0},{"damage_healed":0.0,"max_hp_gain":5.0,"max_hp_loss":0.0,"gold_gain":0.0,"event_name":"Forgotten Altar","player_choice":"Shed Blood","floor":27.0,"gold_loss":0.0,"damage_taken":32.0},{"damage_healed":0,"gold_gain":0,"player_choice":"Ignored","damage_taken":0,"max_hp_gain":0,"max_hp_loss":0,"event_name":"Tomb of Lord Red Mask","floor":36,"gold_loss":0},{"damage_healed":0,"gold_gain":0,"cards_transformed":["Defend_P"],"player_choice":"Transformed","damage_taken":0,"max_hp_gain":0,"max_hp_loss":0,"event_name":"Transmorgrifier","floor":37,"gold_loss":0,"cards_obtained":["Establishment"]},{"damage_healed":0,"gold_gain":0,"player_choice":"Forge","damage_taken":0,"max_hp_gain":0,"max_hp_loss":0,"event_name":"Accursed Blacksmith","floor":39,"gold_loss":0,"cards_upgraded":["Adaptation"]},{"damage_healed":0,"gold_gain":0,"player_choice":"Fight","damage_taken":0,"max_hp_gain":0,"max_hp_loss":0,"event_name":"Mysterious Sphere","floor":41,"gold_loss":0},{"damage_healed":0,"gold_gain":0,"player_choice":"Swap Relic","damage_taken":0,"relics_obtained":["Orrery"],"max_hp_gain":0,"max_hp_loss":0,"event_name":"给自己的盒子","floor":44,"relics_lost":["Orrery"],"gold_loss":0}],"is_beta":false,"boss_relics":[{"not_picked":["testmod-KeyOfTheVoid","testmod-SaigiyounoYou"],"picked":"testmod-HarvestTotem"},{"not_picked":["GreenFoldingFan","Coffee Dripper"],"picked":"testmod-TimeTraveler"}],"items_purged_floors":[8,54],"is_endless":false,"potions_floor_spawned":[4,5,6,16,18,21,23,30,40,41,45,47],"ascension_level":20}}