{"host":"640uue19m79c7wbt","time":1612140031,"event":{"mods":["BaseMod","Colored Map","Googly Eyes","Highlight Path","Minty Spire (QoL Compilation)","Quick Restart","StSLib"],"gold_per_floor":[109,384,400,427,12,46,46,64,90,124,124,155,175,204,204,282,282,299,311,330,19,19,19,49,61,98,143,172,85,85,117,117,189,189,202,218,243,294,314,314,345,361,361,374,389,389,389],"floor_reached":46,"language":"ENG","playtime":2262,"items_purged":["Regret","Strike_G"],"score":1167,"play_id":"3d0cd71b-781f-4d6c-9414-ff243dd53363","local_time":"20210131194031","is_ascension_mode":true,"campfire_choices":[{"data":"Accuracy","floor":7.0,"key":"SMITH"},{"data":"After Image","floor":11.0,"key":"SMITH"},{"data":"Blade Dance","floor":15.0,"key":"SMITH"},{"data":"Storm of Steel","floor":23.0,"key":"SMITH"},{"floor":30.0,"key":"REST"},{"data":"Forethought","floor":32.0,"key":"SMITH"},{"floor":40.0,"key":"REST"}],"circlet_count":0,"master_deck":["AscendersBane","Strike_G","Defend_G","Defend_G","Defend_G","Defend_G","Defend_G","Survivor","Neutralize","Endless Agony","Blur","Accuracy+1","After Image+1","Blade Dance+1","Doppelganger","PiercingWail","Crippling Poison","Footwork","Escape Plan","Choke","Infinite Blades","Storm of Steel+1","Backstab","Cloak And Dagger","Blade Dance","Blur","Noxious Fumes","Footwork","Forethought+1","Night Terror","Caltrops+1","Prepared+1","Unload+1","Caltrops","Well Laid Plans","After Image","Cloak And Dagger+1","After Image","Blur","Cloak And Dagger+1","Finisher"],"relics":["Ring of the Snake","NeowsBlessing","Juzu Bracelet","Strawberry","Orrery","HornCleat","Dream Catcher","Ice Cream","Potion Belt","Vajra","WristBlade","Membership Card","Ninja Scroll","MawBank","Pen Nib","Toy Ornithopter","Blood Vial","Calipers","Astrolabe","Prayer Wheel","Incense Burner","Boot","Singing Bowl"],"acts_visited":["Exordium","TheCity","TheBeyond"],"potions_floor_usage":[],"damage_taken":[{"damage":0.0,"enemies":"Small Slimes","floor":1.0,"turns":1.0},{"damage":0.0,"enemies":"Cultist","floor":3.0,"turns":1.0},{"damage":0.0,"enemies":"Gremlin Nob","floor":6.0,"turns":1.0},{"damage":0.0,"enemies":"Jaw Worm","floor":8.0,"turns":2.0},{"damage":4.0,"enemies":"3 Sentries","floor":10.0,"turns":7.0},{"damage":7.0,"enemies":"Lagavulin","floor":12.0,"turns":7.0},{"damage":0.0,"enemies":"2 Fungi Beasts","floor":13.0,"turns":3.0},{"damage":17.0,"enemies":"3 Sentries","floor":14.0,"turns":8.0},{"damage":5.0,"enemies":"The Guardian","floor":16.0,"turns":11.0},{"damage":0.0,"enemies":"Chosen","floor":18.0,"turns":5.0},{"damage":0.0,"enemies":"3 Byrds","floor":19.0,"turns":3.0},{"damage":0.0,"enemies":"Centurion and Healer","floor":20.0,"turns":6.0},{"damage":5.0,"enemies":"Book of Stabbing","floor":24.0,"turns":2.0},{"damage":11.0,"enemies":"Slavers","floor":27.0,"turns":5.0},{"damage":13.0,"enemies":"Snake Plant","floor":28.0,"turns":3.0},{"damage":0.0,"enemies":"Book of Stabbing","floor":31.0,"turns":3.0},{"damage":19.0,"enemies":"Automaton","floor":33.0,"turns":10.0},{"damage":0.0,"enemies":"Orb Walker","floor":35.0,"turns":3.0},{"damage":13.0,"enemies":"3 Shapes","floor":36.0,"turns":1.0},{"damage":1.0,"enemies":"Mind Bloom Boss Battle","floor":37.0,"turns":7.0},{"damage":40.0,"enemies":"2 Orb Walkers","floor":38.0,"turns":4.0},{"damage":13.0,"enemies":"Sphere and 2 Shapes","floor":39.0,"turns":6.0},{"damage":14.0,"enemies":"Nemesis","floor":41.0,"turns":7.0},{"damage":0.0,"enemies":"Maw","floor":42.0,"turns":7.0},{"damage":0.0,"enemies":"3 Darklings","floor":44.0,"turns":3.0},{"damage":35.0,"enemies":"Transient","floor":45.0,"turns":6.0},{"damage":32,"enemies":"Giant Head","floor":46,"turns":5}],"seed_played":"3217126597581190026","potions_obtained":[{"floor":1.0,"key":"LiquidMemories"},{"floor":8.0,"key":"Strength Potion"},{"floor":12.0,"key":"SpeedPotion"},{"floor":16.0,"key":"CunningPotion"},{"floor":18.0,"key":"Explosive Potion"},{"floor":20.0,"key":"Ancient Potion"},{"floor":27.0,"key":"Fruit Juice"},{"floor":28.0,"key":"FearPotion"},{"floor":31.0,"key":"LiquidBronze"},{"floor":39.0,"key":"SpeedPotion"},{"floor":42.0,"key":"Fire Potion"},{"floor":44.0,"key":"AttackPotion"}],"is_trial":false,"path_per_floor":["M","?","M","T","$","E","R","M","T","E","R","E","M","E","R","B",null,"M","M","M","$","?","R","E","T","T","E","M","$","R","E","R","B",null,"M","M","?","?","M","R","E","M","T","M","M","E"],"character_chosen":"THE_SILENT","items_purchased":["Strawberry","Orrery","Membership Card","Ninja Scroll","Forethought"],"campfire_rested":2,"item_purchase_floors":[5,5,21,21,29],"current_hp_per_floor":[59,59,59,59,66,66,66,66,66,62,62,55,55,38,38,33,63,63,63,63,63,63,63,58,58,58,62,51,51,74,78,78,59,73,75,64,65,27,16,39,32,34,34,40,19,0,0],"gold":389,"neow_bonus":"THREE_ENEMY_KILL","is_daily":false,"chose_seed":false,"campfire_upgraded":5,"win_rate":0.0,"timestamp":1612140031,"path_taken":["M","?","?","?","?","E","R","M","T","E","R","E","M","E","R","BOSS","M","M","M","$","?","R","E","?","T","E","M","$","R","E","R","BOSS","M","M","?","?","M","R","E","M","T","M","M","E"],"items_purchased_type":["Relic","Relic","Relic","Relic","Card"],"build_version":"2020-12-22","purchased_purges":2,"victory":false,"max_hp_per_floor":[66,66,66,66,73,73,73,73,73,73,73,73,73,73,73,73,73,73,73,73,73,73,73,73,73,73,78,78,78,78,78,78,78,78,78,78,78,78,78,78,78,78,78,82,84,84,84],"card_choices":[{"not_picked":["PiercingWail","Deadly Poison"],"picked":"Endless Agony","floor":1.0},{"not_picked":["Reflex","Prepared"],"picked":"Blur","floor":3.0},{"not_picked":["Expertise","Acrobatics"],"picked":"Accuracy","floor":5.0},{"not_picked":["Tactician","Slice"],"picked":"After Image","floor":5.0},{"not_picked":["Poisoned Stab","Sucker Punch"],"picked":"Blade Dance","floor":5.0},{"not_picked":["Underhanded Strike","Catalyst"],"picked":"Doppelganger","floor":5.0},{"not_picked":["All Out Attack","Bane"],"picked":"PiercingWail","floor":5.0},{"not_picked":["Dodge and Roll","Poisoned Stab"],"picked":"Crippling Poison","floor":6.0},{"not_picked":["Masterful Stab","Eviscerate","Flying Knee"],"picked":"SKIP","floor":8.0},{"not_picked":["Deadly Poison","Sucker Punch"],"picked":"Footwork","floor":10.0},{"not_picked":["Die Die Die","Deadly Poison"],"picked":"Escape Plan","floor":12.0},{"not_picked":["Quick Slash","Deflect"],"picked":"Choke","floor":13.0},{"not_picked":["Deflect","Dagger Spray"],"picked":"Infinite Blades","floor":14.0},{"not_picked":["Grand Finale","Wraith Form v2"],"picked":"Storm of Steel","floor":16.0},{"not_picked":["Poisoned Stab","PiercingWail"],"picked":"Backstab","floor":18.0},{"not_picked":["Dash","Reflex"],"picked":"Cloak And Dagger","floor":19.0},{"not_picked":["Crippling Poison","Prepared+1"],"picked":"Blade Dance","floor":20.0},{"not_picked":["Backflip","Acrobatics"],"picked":"Noxious Fumes","floor":24.0},{"not_picked":["Bane","Predator"],"picked":"Footwork","floor":27.0},{"not_picked":["Sucker Punch","Prepared","Acrobatics"],"picked":"SKIP","floor":28.0},{"not_picked":["Dodge and Roll+1","Eviscerate","Quick Slash"],"picked":"SKIP","floor":31.0},{"not_picked":["Doppelganger","Wraith Form v2"],"picked":"Night Terror","floor":33.0},{"not_picked":["PiercingWail","Heel Hook+1","Noxious Fumes"],"picked":"SKIP","floor":35.0},{"not_picked":["Dagger Throw+1","Deflect"],"picked":"Caltrops","floor":36.0},{"not_picked":["Calculated Gamble","Outmaneuver"],"picked":"Well Laid Plans","floor":38.0},{"not_picked":["Crippling Poison","Well Laid Plans"],"picked":"After Image","floor":39.0},{"not_picked":["Dagger Throw","Deadly Poison"],"picked":"Cloak And Dagger+1","floor":39.0},{"not_picked":["Dagger Spray","Sucker Punch"],"picked":"After Image","floor":40.0},{"not_picked":["Poisoned Stab","Endless Agony","Dash"],"picked":"SKIP","floor":41.0},{"not_picked":["Dagger Throw","PiercingWail"],"picked":"Blur","floor":42.0},{"not_picked":["Well Laid Plans","Cloak And Dagger+1","Quick Slash+1"],"picked":"SKIP","floor":42.0},{"not_picked":["Well Laid Plans","Quick Slash+1"],"picked":"Cloak And Dagger+1","floor":42.0},{"not_picked":["Sucker Punch","Poisoned Stab","Dagger Spray+1"],"picked":"Singing Bowl","floor":44.0},{"not_picked":["Dagger Spray","Bouncing Flask","Calculated Gamble"],"picked":"Singing Bowl","floor":44.0},{"not_picked":["Prepared","Storm of Steel","PiercingWail"],"picked":"Singing Bowl","floor":45.0},{"not_picked":["Prepared","Outmaneuver"],"picked":"Finisher","floor":45.0}],"player_experience":651404,"relics_obtained":[{"floor":4.0,"key":"Juzu Bracelet"},{"floor":6.0,"key":"HornCleat"},{"floor":9.0,"key":"Dream Catcher"},{"floor":10.0,"key":"Ice Cream"},{"floor":12.0,"key":"Potion Belt"},{"floor":14.0,"key":"Vajra"},{"floor":24.0,"key":"MawBank"},{"floor":25.0,"key":"Pen Nib"},{"floor":26.0,"key":"Toy Ornithopter"},{"floor":27.0,"key":"Blood Vial"},{"floor":31.0,"key":"Calipers"},{"floor":37.0,"key":"Prayer Wheel"},{"floor":38.0,"key":"Incense Burner"},{"floor":41.0,"key":"Boot"},{"floor":43.0,"key":"Singing Bowl"}],"event_choices":[{"damage_healed":0.0,"max_hp_gain":0.0,"max_hp_loss":0.0,"gold_gain":275.0,"event_name":"Golden Shrine","player_choice":"Desecrate","floor":2.0,"gold_loss":0.0,"damage_taken":0.0,"cards_obtained":["Regret"]},{"damage_healed":0.0,"max_hp_gain":0.0,"max_hp_loss":0.0,"gold_gain":0.0,"event_name":"The Library","player_choice":"Read","floor":22.0,"gold_loss":0.0,"damage_taken":0.0,"cards_obtained":["Blur"]},{"damage_healed":0.0,"max_hp_gain":0.0,"max_hp_loss":0.0,"gold_gain":0.0,"event_name":"MindBloom","player_choice":"Fight","floor":37.0,"gold_loss":0.0,"damage_taken":0.0},{"damage_healed":0.0,"max_hp_gain":0.0,"max_hp_loss":0.0,"gold_gain":0.0,"event_name":"Mysterious Sphere","player_choice":"Fight","floor":38.0,"gold_loss":0.0,"damage_taken":0.0}],"is_beta":false,"boss_relics":[{"not_picked":["Coffee Dripper","Ectoplasm"],"picked":"WristBlade"},{"not_picked":["Tiny House","HoveringKite"],"picked":"Astrolabe"}],"items_purged_floors":[5,29],"is_endless":false,"potions_floor_spawned":[1,8,12,16,18,20,27,28,31,39,42,44],"killed_by":"Giant Head","ascension_level":18}}