{"host":"2i0myh7fqij2ti1z","time":1612164507,"event":{"mods":["Aspiration","BaseMod","Better Third Choice","Colored Powertips","Conspire","Evolution","FoggyMod","GifTheSpireLib","Highlight Path","Hubris","Minty Spire (QoL Compilation)","Permanent Neow","Quick Restart","Random Character Button","Random Character Mod","Replay The Spire","Shop Mod","Spicy Shops","StSLib","Stuff the Spire","Wandering Minibosses","óô»ðÖ¸ÄÏ"],"gold_per_floor":[109,13,83,83,83,109,148,148,172,172,172,251,395,463,463,667,667,726,351,351,351,276,276,354,354,354,442,442,542,1082,1082,1082,1277,1377,1433,1433,1433,1433,1433,1546,1647,1742,1824,1890,1890,1890,1890,1917,1917,1977],"floor_reached":51,"language":"ENG","playtime":2331,"items_purged":["Defend_R","Spot Weakness","Strike_R","Defend_R","Strike_R","Defend_R","Heavy Blade+1"],"score":1457,"play_id":"64a340e9-ff5b-463e-9b89-5815a47b63f0","local_time":"20210201152827","is_ascension_mode":true,"campfire_choices":[{"data":"Eruption","floor":10,"key":"SMITH"},{"data":"Crescendo","floor":15,"key":"SMITH"},{"floor":23,"key":"REST"},{"data":"Dual Wield","floor":25,"key":"SMITH"},{"floor":32,"key":"REST"},{"data":"hubris:ReadiedAction","floor":46,"key":"SMITH"},{"data":"Thunderclap+1","floor":49,"key":"PURGE"}],"circlet_count":0,"master_deck":["Twin Strike+1","Flex","ReplayTheSpireMod:Stacked","ForeignInfluence","Eruption+1","Berserk","Crescendo+1","Dual Wield+1","Shrug It Off","Reaper+1","Reaper","Replay:Undeath\u0027s Touch+1","Offering","StuffTheSpire:Slingshot+1","hubris:ReadiedAction+1","Thunderclap+1"],"relics":["EVO:Axolotl","aspiration:Nostalgia","StuffTheSpire:OccultApparatus","Black Star","Juzu Bracelet","hubris:TenFootPole","Pocketwatch","ReplayTheSpireMod:Shallot","Replay:M_SmolderingBlood","Anchor","Ornamental Fan","StuffTheSpire:PointBlank","Replay:Bandana","Golden Idol","Gremlin Food","Darkstone Periapt","Oddly Smooth Stone","StuffTheSpire:Rhapsscallions","Snack Pack","Ring of Chaos","StuffTheSpire:DullRazor","Sling","HornCleat","StuffTheSpire:MayFlowers","Molten Egg 2","Paper Frog","ReplayTheSpireMod:Lightbulb","Bag of Preparation","Mercury Hourglass","Brimstone","Replay:Wanted Poster","hubris:Icosahedron","hubris:Potato","hubris:CuriousFeather","Gambling Chip","hubris:CrystalStatue","Calipers","Garlic","conspire:Boomerang","King of Hearts","ReplayTheSpireMod:Spearhead"],"acts_visited":["Exordium","TheCity","TheBeyond"],"potions_floor_usage":[7,13,16,29],"damage_taken":[{"damage":6,"enemies":"conspire:RoseBush","floor":1,"turns":4},{"damage":19,"enemies":"Replay:BlueRogue","floor":6,"turns":6},{"damage":13,"enemies":"conspire:MimicChest","floor":7,"turns":8},{"damage":3,"enemies":"3 Sentries","floor":12,"turns":3},{"damage":14,"enemies":"3 Sentries","floor":13,"turns":4},{"damage":0,"enemies":"Replay:BlueRogue","floor":14,"turns":2},{"damage":2,"enemies":"Hexaghost","floor":16,"turns":7},{"damage":5,"enemies":"Shell Parasite","floor":18,"turns":3},{"damage":0,"enemies":"Replay:Snechameleon","floor":24,"turns":4},{"damage":4,"enemies":"Book of Stabbing","floor":27,"turns":4},{"damage":50,"enemies":"conspire:SneckoGhost","floor":29,"turns":5},{"damage":20,"enemies":"hubris:MusketHawk","floor":33,"turns":3},{"damage":0,"enemies":"Orb Walker","floor":35,"turns":2},{"damage":6,"enemies":"Giant Head","floor":40,"turns":2},{"damage":0,"enemies":"2 Orb Walkers","floor":41,"turns":1},{"damage":0,"enemies":"R_Hoarder","floor":42,"turns":1},{"damage":0,"enemies":"Nemesis","floor":44,"turns":1},{"damage":0,"enemies":"conspire:OrnateMirror","floor":50,"turns":1}],"seed_played":"9011798271979561323","potions_obtained":[{"floor":3,"key":"LiquidBronze"},{"floor":6,"key":"Swift Potion"},{"floor":7,"key":"AttackPotion"},{"floor":14,"key":"ColorlessPotion"},{"floor":18,"key":"Block Potion"},{"floor":27,"key":"Explosive Potion"},{"floor":37,"key":"PowerPotion"},{"floor":44,"key":"Strength Potion"}],"is_trial":false,"path_per_floor":["M","$","?","?","?","E","?","$","T","R","?","E","?","E","R","B",null,"M","$","?","?","?","R","E","R","T","E","?","E","?","$","R","B",null,"M","?","?","?","?","E","?","E","T","E","?","R","?","T","R","B",null],"character_chosen":"IRONCLAD","items_purchased":["Flex","Replay:Bandana","StuffTheSpire:DullRazor","Sling","Brimstone"],"campfire_rested":2,"item_purchase_floors":[2,8,19,19,31],"current_hp_per_floor":[72,72,40,33,33,14,1,50,50,50,40,37,23,28,28,30,71,68,68,68,68,68,85,85,85,85,81,81,46,19,2,27,31,72,85,85,85,85,91,90,91,91,91,91,91,91,91,91,91,91],"gold":1977,"neow_bonus":"NOSTALGIA","is_daily":false,"chose_seed":false,"campfire_upgraded":4,"win_rate":0.0,"timestamp":1612164507,"path_taken":["M","$","?","?","?","E","?","?","T","R","?","E","?","E","R","BOSS","M","$","?","?","?","R","E","R","T","E","?","E","?","?","R","BOSS","M","?","?","?","?","E","?","E","T","E","?","R","?","?","R","BOSS"],"items_purchased_type":["Card","Relic","Relic","Relic","Relic"],"build_version":"2020-12-22","purchased_purges":7,"victory":true,"max_hp_per_floor":[80,80,80,80,80,80,80,80,80,80,80,80,80,85,85,85,85,85,85,85,85,85,85,85,85,85,85,85,85,85,85,85,85,85,85,85,85,85,91,91,91,91,91,91,91,91,91,91,91,91],"card_choices":[{"not_picked":["FollowUp","StuffTheSpire:Slingshot"],"picked":"Spot Weakness","floor":1},{"not_picked":["Shrug It Off","Wild Strike"],"picked":"ReplayTheSpireMod:Stacked","floor":3},{"not_picked":["Fire Breathing","CrushJoints"],"picked":"ForeignInfluence","floor":3},{"not_picked":["Sword Boomerang","hubris:StunningStrike"],"picked":"Berserk","floor":6},{"not_picked":["Iron Wave","Warcry"],"picked":"Crescendo","floor":7},{"not_picked":["Cleave","Shrug It Off","Entrench"],"picked":"SKIP","floor":12},{"not_picked":["Armaments","hubris:ReadiedAction"],"picked":"Dual Wield","floor":13},{"not_picked":["CrushJoints","FollowUp"],"picked":"Shrug It Off","floor":14},{"not_picked":["conspire:Purge","Brutality"],"picked":"Reaper","floor":16},{"not_picked":["True Grit","StuffTheSpire:Pyroclast","Twin Strike"],"picked":"SKIP","floor":18},{"not_picked":["Body Slam","ReplayTheSpireMod:Muscle Training"],"picked":"Thunderclap+1","floor":24},{"not_picked":["Metallicize+1","hubris:SharpeningStone+1"],"picked":"Heavy Blade+1","floor":27},{"not_picked":["ReplayTheSpireMod:Stacked","ReplayTheSpireMod:Corrosion Curse"],"picked":"Replay:Undeath\u0027s Touch+1","floor":29},{"not_picked":["Double Tap","Replay:Many Hands"],"picked":"Offering","floor":33},{"not_picked":["Wild Strike+1","Headbutt+1"],"picked":"StuffTheSpire:Slingshot+1","floor":35},{"not_picked":["Iron Wave+1","Run Through+1"],"picked":"hubris:ReadiedAction","floor":40},{"not_picked":["StuffTheSpire:BloodClot","hubris:ReadiedAction"],"picked":"Thunderclap+1","floor":41},{"not_picked":["Spot Weakness","Carnage+1","Rupture+1"],"picked":"SKIP","floor":42},{"not_picked":["Flex+1","Second Wind","Defy Death+1"],"picked":"SKIP","floor":44}],"player_experience":315957,"relics_obtained":[{"floor":3,"key":"hubris:TenFootPole"},{"floor":6,"key":"Anchor"},{"floor":6,"key":"Ornamental Fan"},{"floor":7,"key":"StuffTheSpire:PointBlank"},{"floor":12,"key":"Gremlin Food"},{"floor":12,"key":"Darkstone Periapt"},{"floor":13,"key":"Oddly Smooth Stone"},{"floor":14,"key":"StuffTheSpire:Rhapsscallions"},{"floor":14,"key":"Snack Pack"},{"floor":24,"key":"HornCleat"},{"floor":24,"key":"StuffTheSpire:MayFlowers"},{"floor":26,"key":"Molten Egg 2"},{"floor":27,"key":"Paper Frog"},{"floor":27,"key":"ReplayTheSpireMod:Lightbulb"},{"floor":29,"key":"Bag of Preparation"},{"floor":29,"key":"Mercury Hourglass"},{"floor":40,"key":"hubris:Potato"},{"floor":40,"key":"hubris:CuriousFeather"},{"floor":41,"key":"Gambling Chip"},{"floor":42,"key":"hubris:CrystalStatue"},{"floor":42,"key":"Calipers"},{"floor":43,"key":"Garlic"},{"floor":44,"key":"conspire:Boomerang"},{"floor":44,"key":"King of Hearts"},{"floor":48,"key":"ReplayTheSpireMod:Spearhead"}],"event_choices":[{"damage_healed":0,"gold_gain":1,"player_choice":"Relic Relic ","damage_taken":16,"max_hp_gain":0,"max_hp_loss":0,"event_name":"betterThird:BetterScrap","floor":4,"gold_loss":0,"cards_obtained":["ReplayTheSpireMod:Necrosis"]},{"damage_healed":0,"gold_gain":0,"player_choice":"Take Damage","damage_taken":20,"relics_obtained":["Golden Idol"],"max_hp_gain":0,"max_hp_loss":0,"event_name":"Golden Idol","floor":11,"gold_loss":0},{"damage_healed":0,"gold_gain":0,"player_choice":"Searched \u00272\u0027 times","damage_taken":0,"max_hp_gain":0,"max_hp_loss":0,"event_name":"Dead Adventurer","floor":13,"gold_loss":0},{"damage_healed":0,"gold_gain":0,"player_choice":"Copied","damage_taken":0,"max_hp_gain":0,"max_hp_loss":0,"event_name":"Duplicator","floor":20,"gold_loss":0,"cards_obtained":["Reaper"]},{"cards_removed":["Strike_R"],"damage_healed":0,"gold_gain":0,"player_choice":"Elegance","damage_taken":0,"max_hp_gain":0,"max_hp_loss":0,"event_name":"betterThird:BetterWriting","floor":21,"gold_loss":0},{"cards_removed":["StuffTheSpire:RockThrow"],"damage_healed":0,"gold_gain":0,"player_choice":"Gave Gold","damage_taken":0,"max_hp_gain":0,"max_hp_loss":0,"event_name":"Beggar","floor":22,"gold_loss":75},{"damage_healed":0,"gold_gain":0,"player_choice":"Leave","damage_taken":0,"max_hp_gain":0,"max_hp_loss":0,"event_name":"conspire:Investor","floor":28,"gold_loss":0},{"damage_healed":0,"gold_gain":540,"player_choice":"GOLD GOLD GOLD GOLD GOLD GOLD ","damage_taken":57,"max_hp_gain":0,"max_hp_loss":0,"event_name":"Knowing Skull","floor":30,"potions_obtained":[],"gold_loss":0,"cards_obtained":[]},{"damage_healed":0,"gold_gain":0,"player_choice":"Got Potions","damage_taken":0,"max_hp_gain":0,"max_hp_loss":0,"event_name":"Lab","floor":37,"gold_loss":0},{"damage_healed":0,"gold_gain":0,"player_choice":"Cursed","damage_taken":0,"max_hp_gain":0,"max_hp_loss":0,"event_name":"Wheel of Change","floor":39,"gold_loss":0,"cards_obtained":["Decay"]},{"damage_healed":0,"gold_gain":0,"player_choice":"Fight","damage_taken":0,"max_hp_gain":0,"max_hp_loss":0,"event_name":"Mysterious Sphere","floor":41,"gold_loss":0},{"damage_healed":0,"gold_gain":0,"player_choice":"Memory 1","damage_taken":0,"max_hp_gain":0,"max_hp_loss":0,"event_name":"SensoryStone","floor":45,"gold_loss":0}],"is_beta":false,"boss_relics":[{"not_picked":["Tiny House","aspiration:WatcherSkillbook"],"picked":"Ring of Chaos"},{"not_picked":["hubris:HollowSoul","Painkiller Herb"],"picked":"Replay:Wanted Poster"}],"items_purged_floors":[8,8,8,8,8,19,31],"is_endless":false,"potions_floor_spawned":[6,7,14,18,27,42,44],"ascension_level":8}}