{"host":"ve5hox67eka4rdnb","time":1612180093,"event":{"mods":["ATMod(∞¢Ë™Mod)","AchievementEnabler","Act Like it!","BaseMod","Decade(Õı–°√˜)","Downfall","Gensokyo","Hermit","Koishi","Lobotomy","LobotomyExtend","Marisa£®ÏF”Í°°ƒß¿Ì…≥£©","Minty Spire (QoL Compilation)","Reimu£®≤©¿ˆ¡È√Œ£©","Remilia£®¿Ÿ√◊¿Ú—«£©","Replay The Spire","Shop Mod","StSLib","The Construct","The Cursed","The Servant 0.9.4"],"gold_per_floor":[115,133,133,144,72,106,124,124,124,124,134,146,172,187,187,290,290,300,225,237,237,251,276,292,323,323,323,323],"floor_reached":27,"language":"ZHS","playtime":1533,"items_purged":[],"score":317,"play_id":"15a42100-3f4d-4a14-a596-148787a20211","local_time":"20210201194813","is_ascension_mode":false,"campfire_choices":[],"circlet_count":0,"master_deck":["SpecialBullet","SpecialBullet","SpecialBullet","SpecialBullet","SpecialBullet","SpecialBullet","SpecialBullet","ControlCode","InformationCode","CentralCode","AT_FamilyPortrait","Pinks","UniverseFragment","Gaze","OldLady","LifeForTheDareDevil","SpiderBud","MeatLantern","GoldRush","WallGazer","downfall:Aged","TrainingCode","GreenStem+1"],"relics":["CogitoBucket","AT_ATBox","LetterFromLob","Divine Protection","Counterbalance","AT_Kusabimaru","LuminousBracelet","Eternal Feather","AT_TrinityForce","BehaviorAdjustment","Replay:Mystery Machine","Letter Opener","Chameleon Ring"],"acts_visited":["Exordium","TheCity"],"potions_floor_usage":[16,16,18,23,27],"damage_taken":[{"damage":0.0,"enemies":"2 Louse","floor":1.0,"turns":2.0},{"damage":2.0,"enemies":"Small Slimes","floor":2.0,"turns":3.0},{"damage":0.0,"enemies":"Cultist","floor":4.0,"turns":3.0},{"damage":13.0,"enemies":"Lagavulin","floor":6.0,"turns":6.0},{"damage":0.0,"enemies":"Lots of Slimes","floor":7.0,"turns":3.0},{"damage":32.0,"enemies":"2 Fungi Beasts","floor":11.0,"turns":8.0},{"damage":0.0,"enemies":"Exordium Wildlife","floor":12.0,"turns":3.0},{"damage":0.0,"enemies":"3 Sentries","floor":13.0,"turns":5.0},{"damage":0.0,"enemies":"Red Slaver","floor":14.0,"turns":2.0},{"damage":13,"enemies":"The Guardian","floor":16,"turns":5},{"damage":5,"enemies":"2 Thieves","floor":18,"turns":9},{"damage":0,"enemies":"3 Byrds","floor":20,"turns":3},{"damage":0,"enemies":"Cultist and Chosen","floor":22,"turns":2},{"damage":18,"enemies":"Slavers","floor":23,"turns":3},{"damage":0,"enemies":"Snake Plant","floor":24,"turns":2},{"damage":0,"enemies":"Gremlin Leader","floor":25,"turns":4},{"damage":91,"enemies":"3 Cultists","floor":27,"turns":4}],"seed_played":"6085148062939097841","potions_obtained":[{"floor":1.0,"key":"Fire Potion"},{"floor":11.0,"key":"Languid Potion"},{"floor":12.0,"key":"champ:CounterPotion"},{"floor":13.0,"key":"Adrenaline Potion"},{"floor":14.0,"key":"AttackPotion"},{"floor":18,"key":"Adrenaline Potion"},{"floor":22,"key":"Strength Potion"}],"is_trial":false,"path_per_floor":["M","M","?","M","$","E","M","R","T","M","M","M","E","M","R","B",null,"M","?","M","?","M","E","M","E","T","M"],"character_chosen":"Angela","items_purchased":["LifebloodPotion"],"campfire_rested":0,"item_purchase_floors":[5],"current_hp_per_floor":[70,68,61,68,68,55,55,55,55,55,38,38,38,38,47,36,75,72,72,76,76,76,65,65,65,65,0,0],"gold":323,"neow_bonus":"ONE_RANDOM_RARE_CARD","is_daily":false,"chose_seed":false,"campfire_upgraded":0,"win_rate":0.0,"timestamp":1612180093,"path_taken":["M","M","?","M","$","E","M","R","T","M","M","M","E","M","R","BOSS","M","?","M","?","M","E","?","E","T","M"],"items_purchased_type":["Potion"],"build_version":"2020-12-22","purchased_purges":0,"victory":false,"max_hp_per_floor":[70,70,70,70,70,70,70,70,70,70,85,85,75,75,75,75,75,75,75,79,79,79,83,83,83,83,73,73],"card_choices":[{"not_picked":["OSAHOGD","Wellcheers"],"picked":"UniverseFragment","floor":1.0},{"not_picked":["RapturousDream"],"picked":"Gaze","floor":1.0},{"not_picked":["CherryBlossoms","Murderer"],"picked":"OldLady","floor":2.0},{"not_picked":["SomewhereSpear","ScreamingWedge"],"picked":"SKIP","floor":2.0},{"not_picked":["Wingbeat","Moonlight"],"picked":"SKIP","floor":4.0},{"not_picked":["Horn","RedEyes"],"picked":"SKIP","floor":6.0},{"not_picked":["ScreamingWedge","FrostShard"],"picked":"SKIP","floor":7.0},{"not_picked":["Soda","RedEyes"],"picked":"SKIP","floor":11.0},{"not_picked":["BloodyDesire"],"picked":"LifeForTheDareDevil","floor":12.0},{"not_picked":["OSAHOGD","SingingMachine"],"picked":"SpiderBud","floor":13.0},{"not_picked":["BloodyDesire","Hypocrisy"],"picked":"SKIP","floor":13.0},{"not_picked":["FairyFestival","FieryBird"],"picked":"MeatLantern","floor":14.0},{"not_picked":["Tough","RapturousDream"],"picked":"SKIP","floor":14.0},{"not_picked":["Adoration"],"picked":"GoldRush","floor":16},{"not_picked":["Penitence","CUTE+1"],"picked":"SKIP","floor":18},{"not_picked":["Bloodbath","Wellcheers"],"picked":"WallGazer","floor":20},{"not_picked":["CUTE","BloodyDesire"],"picked":"SKIP","floor":20},{"not_picked":["Harmony","Tough"],"picked":"SKIP","floor":22},{"not_picked":["LittleHelper","PunishingBird"],"picked":"DespairKnight","floor":23},{"not_picked":["SomewhereSpear","Tough"],"picked":"SKIP","floor":23},{"not_picked":["Horn"],"picked":"GreenStem+1","floor":24},{"not_picked":["Pleasure","Christmas+1"],"picked":"SKIP","floor":25}],"player_experience":197059,"relics_obtained":[{"floor":1.0,"key":"LetterFromLob"},{"floor":6.0,"key":"Counterbalance"},{"floor":9.0,"key":"AT_Kusabimaru"},{"floor":13.0,"key":"Eternal Feather"},{"floor":23,"key":"Letter Opener"},{"floor":25,"key":"Chameleon Ring"}],"event_choices":[{"damage_healed":0.0,"max_hp_gain":0.0,"max_hp_loss":0.0,"gold_gain":0.0,"event_name":"Scrap Ooze","player_choice":"Success","floor":3.0,"gold_loss":0.0,"damage_taken":7.0,"relics_obtained":["Divine Protection"]},{"cards_removed":["SpecialBullet"],"damage_healed":0,"gold_gain":0,"player_choice":"Gave Gold","damage_taken":0,"max_hp_gain":0,"max_hp_loss":0,"event_name":"Beggar","floor":19,"gold_loss":75}],"is_beta":false,"boss_relics":[{"not_picked":["ChewingGum","Kintsugi"],"picked":"AT_TrinityForce"}],"items_purged_floors":[],"is_endless":false,"potions_floor_spawned":[1,11,12,13,14,18,22],"killed_by":"3 Cultists","ascension_level":0}}