{"host":"oehe2dxjvdgux73m","time":1612209300,"event":{"mods":["AchievementEnabler","BaseMod","Colored Map","Colored Powertips","DeckTracker","Keyboard Shortcuts","Minty Spire (QoL Compilation)","Permanent Neow","Quick Restart","StSLib","SuperFastMode"],"gold_per_floor":[114,71,84,64,64,64,91,109,109,109,9,21,37,55,55,55,55],"floor_reached":16,"language":"KOR","playtime":337,"items_purged":["Strike_R"],"score":184,"play_id":"95ca82da-c515-487b-9b88-e26eaa13a0c8","local_time":"20210202045500","is_ascension_mode":true,"campfire_choices":[{"data":"Carnage","floor":6.0,"key":"SMITH"},{"floor":15.0,"key":"REST"}],"circlet_count":0,"master_deck":["AscendersBane","Strike_R","Strike_R","Strike_R","Strike_R","Defend_R","Defend_R","Defend_R","Defend_R","Bash+1","Wild Strike","Carnage+1","Headbutt","Shrug It Off","Armaments","Power Through"],"relics":["Burning Blood","Gambling Chip","Mango","Question Card"],"acts_visited":["Exordium"],"potions_floor_usage":[16,16],"damage_taken":[{"damage":11.0,"enemies":"2 Louse","floor":1.0,"turns":3.0},{"damage":6.0,"enemies":"Cultist","floor":3.0,"turns":3.0},{"damage":30.0,"enemies":"Lagavulin","floor":7.0,"turns":6.0},{"damage":4.0,"enemies":"Small Slimes","floor":8.0,"turns":2.0},{"damage":20.0,"enemies":"Exordium Thugs","floor":12.0,"turns":4.0},{"damage":33.0,"enemies":"Gremlin Gang","floor":13.0,"turns":7.0},{"damage":1.0,"enemies":"3 Louse","floor":14.0,"turns":4.0},{"damage":45,"enemies":"Hexaghost","floor":16,"turns":9}],"seed_played":"3191736172688980138","potions_obtained":[{"floor":3.0,"key":"BloodPotion"},{"floor":4.0,"key":"Dexterity Potion"},{"floor":13.0,"key":"SkillPotion"},{"floor":14.0,"key":"Fire Potion"}],"is_trial":false,"path_per_floor":["M","$","M","?","$","R","E","M","T","?","$","M","M","M","R","B"],"character_chosen":"IRONCLAD","items_purchased":["Carnage","Shrug It Off"],"campfire_rested":1,"item_purchase_floors":[2,11],"current_hp_per_floor":[45,45,45,45,45,45,50,52,52,52,52,38,11,16,42,0,0],"gold":55,"neow_bonus":"ONE_RARE_RELIC","is_daily":false,"chose_seed":false,"campfire_upgraded":1,"win_rate":0.0,"timestamp":1612209300,"path_taken":["M","$","M","?","?","R","E","?","T","?","?","?","M","M","R","BOSS"],"items_purchased_type":["Card","Card"],"build_version":"2020-12-22","purchased_purges":1,"victory":false,"max_hp_per_floor":[75,75,75,75,75,75,89,89,89,89,89,89,89,89,89,89,89],"card_choices":[{"not_picked":["Fire Breathing","Dark Embrace"],"picked":"Wild Strike","floor":1.0},{"not_picked":["Armaments","Clash"],"picked":"Headbutt","floor":3.0},{"not_picked":["Intimidate","Sword Boomerang","Wild Strike"],"picked":"SKIP","floor":7.0},{"not_picked":["Flex","Metallicize","Sword Boomerang"],"picked":"SKIP","floor":8.0},{"not_picked":["Dark Embrace","Dual Wield","Cleave"],"picked":"Armaments","floor":12.0},{"not_picked":["True Grit","Dropkick","Iron Wave"],"picked":"Power Through","floor":13.0},{"not_picked":["Thunderclap","Armaments","Metallicize","Warcry"],"picked":"SKIP","floor":14.0}],"player_experience":350009,"relics_obtained":[{"floor":7.0,"key":"Mango"},{"floor":9.0,"key":"Question Card"}],"event_choices":[{"damage_healed":0.0,"max_hp_gain":0.0,"max_hp_loss":0.0,"gold_gain":0.0,"event_name":"The Woman in Blue","player_choice":"Bought 1 Potion","floor":4.0,"gold_loss":0.0,"damage_taken":0.0},{"damage_healed":0.0,"max_hp_gain":0.0,"max_hp_loss":0.0,"gold_gain":0.0,"event_name":"Accursed Blacksmith","player_choice":"Forge","floor":10.0,"gold_loss":0.0,"damage_taken":0.0,"cards_upgraded":["Bash"]}],"is_beta":false,"boss_relics":[],"items_purged_floors":[11],"is_endless":false,"potions_floor_spawned":[3,13,14],"killed_by":"Hexaghost","ascension_level":16}}