{"host":"f0gpob8hq9vgebej","time":1612169494,"event":{"mods":["AchievementEnabler","BaseMod","Minty Spire (QoL Compilation)","Quick Restart","SuperFastMode"],"gold_per_floor":[117,117,42,61,61,61,88,101,173,248,275,275,288,76,76,151,151,133,133],"floor_reached":18,"language":"KOR","playtime":314,"items_purged":["Strike_G","Strike_G"],"score":341,"play_id":"6bfbc2fa-9475-4447-b3d6-d348b6cdc66b","local_time":"20210201175134","is_ascension_mode":true,"campfire_choices":[{"data":"Deadly Poison","floor":6,"key":"SMITH"},{"data":"Tactician","floor":12,"key":"SMITH"},{"floor":15,"key":"REST"}],"circlet_count":0,"master_deck":["AscendersBane","Strike_G","Strike_G","Defend_G","Defend_G","Defend_G","Defend_G","Survivor","Neutralize","Prepared","Deadly Poison+1","Deadly Poison","Tactician+1","Backflip","Crippling Poison","Reflex","Venomology"],"relics":["Ring of the Snake","NeowsBlessing","Lantern","Question Card","InkBottle","WristBlade"],"acts_visited":["Exordium","TheCity"],"potions_floor_usage":[11,18],"damage_taken":[{"damage":0,"enemies":"Jaw Worm","floor":1,"turns":1},{"damage":0,"enemies":"Cultist","floor":4,"turns":1},{"damage":0,"enemies":"3 Sentries","floor":7,"turns":1},{"damage":0,"enemies":"2 Louse","floor":8,"turns":2},{"damage":28,"enemies":"Gremlin Nob","floor":11,"turns":4},{"damage":10,"enemies":"2 Fungi Beasts","floor":13,"turns":3},{"damage":15,"enemies":"The Guardian","floor":16,"turns":9},{"damage":1,"enemies":"2 Thieves","floor":18,"turns":4}],"seed_played":"1264100688680192801","potions_obtained":[{"floor":4,"key":"Fire Potion"},{"floor":11,"key":"Ancient Potion"},{"floor":13,"key":"CunningPotion"}],"is_trial":false,"path_per_floor":["M","?","$","M","?","R","E","M","T","?","E","R","M","$","R","B",null,"M"],"character_chosen":"THE_SILENT","items_purchased":["Crippling Poison","Reflex"],"campfire_rested":1,"item_purchase_floors":[14,14],"current_hp_per_floor":[59,59,59,59,59,59,59,59,59,48,20,20,10,10,29,14,53,52,52],"gold":133,"neow_bonus":"THREE_ENEMY_KILL","is_daily":false,"chose_seed":false,"campfire_upgraded":2,"win_rate":0.0,"timestamp":1612169494,"path_taken":["M","?","?","?","?","R","E","M","T","?","E","R","M","$","R","BOSS","M"],"items_purchased_type":["Card","Card"],"build_version":"2020-12-22","purchased_purges":2,"victory":false,"max_hp_per_floor":[66,66,66,66,66,66,66,66,66,66,66,66,66,66,66,66,66,66,66],"card_choices":[{"not_picked":["Cloak And Dagger","Underhanded Strike"],"picked":"Prepared","floor":1},{"not_picked":["Reflex","Outmaneuver"],"picked":"Deadly Poison","floor":4},{"not_picked":["Leg Sweep","Backflip"],"picked":"Deadly Poison","floor":7},{"not_picked":["Terror","Underhanded Strike"],"picked":"Tactician","floor":8},{"not_picked":["Prepared","Deflect","Poisoned Stab"],"picked":"Backflip","floor":11},{"not_picked":["Unload","Cloak And Dagger","Flechettes","Distraction"],"picked":"SKIP","floor":13},{"not_picked":["Grand Finale","Doppelganger","Phantasmal Killer"],"picked":"Venomology","floor":16}],"player_experience":343308,"relics_obtained":[{"floor":7,"key":"Lantern"},{"floor":9,"key":"Question Card"},{"floor":11,"key":"InkBottle"}],"event_choices":[{"cards_removed":["Strike_G"],"damage_healed":0,"gold_gain":0,"player_choice":"Purged","damage_taken":0,"max_hp_gain":0,"max_hp_loss":0,"event_name":"Purifier","floor":2,"gold_loss":0},{"cards_removed":["Defend_G"],"damage_healed":0,"gold_gain":0,"player_choice":"Forget","damage_taken":0,"max_hp_gain":0,"max_hp_loss":0,"event_name":"Living Wall","floor":5,"gold_loss":0},{"damage_healed":0,"gold_gain":75,"player_choice":"Gather Gold","damage_taken":11,"max_hp_gain":0,"max_hp_loss":0,"event_name":"World of Goop","floor":10,"gold_loss":0}],"is_beta":false,"boss_relics":[{"not_picked":["Sozu","Velvet Choker"],"picked":"WristBlade"}],"items_purged_floors":[3,14],"is_endless":false,"potions_floor_spawned":[4,11,13],"killed_by":"2 Thieves","ascension_level":15}}