{"host":"0mk07bycsqo1qk03","time":1612207257,"event":{"mods":["BaseMod","Downfall","Hermit","Hubris","Minty Spire (QoL Compilation)","Replay The Spire","StSLib","The Cursed"],"gold_per_floor":[99,118,568,918,918,932,955,15,29,29,29,60,60,45,65,169,169,169,184,263,263,282,282,362,372,14,14,33,33,51,51,65,166,166,166,186,18,18,3,53,53,53,78,95,107,154,154,189,199,199],"floor_reached":51,"language":"ENG","playtime":3073,"items_purged":["Regret","Shame","Amnesia"],"score":963,"play_id":"8bcb1c19-fdd9-4a1c-a81c-e58f162518ac","local_time":"20210201202057","is_ascension_mode":true,"campfire_choices":[{"floor":1,"key":"DIG"},{"data":"downfall:Icky","floor":10,"key":"PURGE"},{"data":"downfall:Icky","floor":13,"key":"PURGE"},{"data":"downfall:Malfunctioning","floor":18,"key":"PURGE"},{"data":"downfall:Aged","floor":23,"key":"PURGE"},{"data":"downfall:Bewildered","floor":29,"key":"PURGE"},{"data":"downfall:Icky","floor":35,"key":"PURGE"},{"floor":47,"key":"REST"}],"circlet_count":0,"master_deck":["Guardian:Strike_Guardian","Guardian:Strike_Guardian","Guardian:Defend_Guardian","Guardian:Defend_Guardian","Guardian:Defend_Guardian","Guardian:Defend_Guardian","Guardian:CurlUp","Guardian:TwinSlam","Guardian:RevengeProtocol","Guardian:DecasProtection","Guardian:Planning","Guardian:TemporalStrike","Guardian:Recover","Guardian:RollAttack","Guardian:TimeCapacitor","Guardian:EvasiveProtocol","Guardian:Planning","Guardian:PrismaticBarrier","Guardian:GemFinder","Guardian:ShieldSpikes+1","Guardian:StasisField+1","Guardian:ShieldCharger","Guardian:TemporalShield","Guardian:FuturePlans","expansioncontent:StudyTheSpire","Guardian:CrystalBeam","Guardian:Gem_Cyan","Guardian:FastForward","hubris:DuctTapeCard","Guardian:Gem_Lightblue","Guardian:CompilePackage","Guardian:Incinerate","Guardian:TimeCapacitor","Guardian:Gem_Red","Guardian:EvasiveProtocol+1","Guardian:Gem_Green","downfall:Bewildered","Guardian:BronzeOrb"],"relics":["Guardian:ModeShifter","Juzu Bracelet","Ring of Peace","Ring of Greed","Old Coin","Blue Doll","hubris:Towel","Bag of Preparation","Orrery","Peace Pipe","hexamod:BolsterEngine","DollysMirror","Tiny Chest","Astrolabe","Kunai","hubris:Reverence","HandDrill","sneckomod:BabySnecko","hubris:DuctTape","Busted Crown","Replay:Multitool","Turnip","Guardian:DefensiveModeMoreBlock","hubris:BundleOfHerbs","Darkstone Periapt"],"acts_visited":["Exordium","TheCity","TheBeyond"],"potions_floor_usage":[12,26,28,33,33,40,45,50],"damage_taken":[{"damage":0,"enemies":"Small Slimes","floor":2,"turns":3},{"damage":2,"enemies":"2 Louse","floor":6,"turns":4},{"damage":0,"enemies":"downfall:FleeingMerchant","floor":8,"turns":4},{"damage":0,"enemies":"Cultist","floor":9,"turns":4},{"damage":0,"enemies":"Lagavulin","floor":12,"turns":7},{"damage":4,"enemies":"downfall:FleeingMerchant","floor":14,"turns":4},{"damage":0,"enemies":"Large Slime","floor":15,"turns":5},{"damage":21,"enemies":"WA_ARCHETYPE_RETAIN","floor":16,"turns":8},{"damage":18,"enemies":"Chosen","floor":19,"turns":5},{"damage":0,"enemies":"3 Byrds","floor":22,"turns":6},{"damage":0,"enemies":"Snake Plant","floor":25,"turns":6},{"damage":0,"enemies":"downfall:FleeingMerchant","floor":26,"turns":4},{"damage":0,"enemies":"Centurion and Healer","floor":28,"turns":6},{"damage":20,"enemies":"Shelled Parasite and Fungi","floor":30,"turns":7},{"damage":9,"enemies":"3 Cultists","floor":32,"turns":4},{"damage":21,"enemies":"SI_MIRROR_ARCHETYPE","floor":33,"turns":8},{"damage":0,"enemies":"3 Darklings","floor":36,"turns":5},{"damage":0,"enemies":"downfall:FleeingMerchant","floor":37,"turns":4},{"damage":0,"enemies":"downfall:FleeingMerchant","floor":39,"turns":4},{"damage":4,"enemies":"downfall:FleeingMerchant","floor":40,"turns":7},{"damage":10,"enemies":"3 Shapes","floor":44,"turns":3},{"damage":20,"enemies":"Transient","floor":45,"turns":5},{"damage":12,"enemies":"2 Orb Walkers","floor":46,"turns":5},{"damage":0,"enemies":"Nemesis","floor":48,"turns":6},{"damage":11,"enemies":"Sphere and 2 Shapes","floor":49,"turns":4},{"damage":34,"enemies":"IC_BLOCK_ARCHETYPE","floor":50,"turns":10}],"seed_played":"6514804698671719918","potions_obtained":[{"floor":6,"key":"hexamod:SoulburnPotion"},{"floor":9,"key":"Slimebound:ThreeZeroPotion"},{"floor":12,"key":"Swift Potion"},{"floor":22,"key":"champ:CounterPotion"},{"floor":28,"key":"EssenceOfSteel"},{"floor":30,"key":"Fire Potion"},{"floor":33,"key":"Elixir"},{"floor":36,"key":"champ:CounterPotion"},{"floor":44,"key":"Doom Potion"},{"floor":46,"key":"Ancient Potion"},{"floor":48,"key":"Guardian:BlockOnCardUsePotion"}],"is_trial":false,"path_per_floor":["R","M","?","?","?","M","T","$","M","R","?","E","R","$","M","B",null,"R","M","T","?","M","R","T","M","$","?","M","R","M","T","M","B",null,"R","M","$","?","$","?","T","?","T","M","M","?","R","E","M","B",null],"character_chosen":"GUARDIAN","items_purchased":["Orrery","Peace Pipe","hexamod:BolsterEngine","DollysMirror","expansioncontent:StudyTheSpire","Guardian:CrystalBeam","HandDrill","Guardian:TimeCapacitor"],"campfire_rested":1,"item_purchase_floors":[8,8,8,8,26,26,26,37],"current_hp_per_floor":[80,80,80,80,80,78,78,78,78,78,78,78,78,74,74,53,80,80,62,62,62,62,62,62,62,62,62,62,62,42,42,33,12,80,80,80,80,80,80,76,76,76,76,66,46,34,58,58,47,13],"gold":199,"neow_bonus":"ONE_RANDOM_RARE_CARD","is_daily":false,"chose_seed":false,"campfire_upgraded":0,"win_rate":0.0,"timestamp":1612207257,"path_taken":["R","M","?","?","?","M","T","$","M","R","?","E","R","$","M","BOSS","R","M","?","?","M","R","T","M","$","?","M","R","M","?","M","BOSS","R","M","$","?","$","?","T","?","?","M","M","?","R","E","M","BOSS"],"items_purchased_type":["Relic","Relic","Relic","Relic","Card","Card","Relic","Card"],"build_version":"2020-12-22","purchased_purges":3,"victory":true,"max_hp_per_floor":[80,80,80,80,80,80,80,80,80,80,80,80,80,80,80,80,80,80,80,80,80,80,80,80,80,80,80,80,80,80,80,80,80,80,80,80,80,80,80,80,80,80,80,80,80,80,80,80,80,80],"card_choices":[{"not_picked":["Guardian:VentSteam","Guardian:PrimingBeam"],"picked":"Guardian:DecasProtection","floor":2},{"not_picked":["Guardian:VentSteam","Guardian:SpikerProtocol"],"picked":"Guardian:Planning","floor":6},{"not_picked":["Guardian:VentSteam","Guardian:Gem_Lightblue"],"picked":"Guardian:FierceBash","floor":8},{"not_picked":["Guardian:HyperBeam_Guardian","Guardian:BodySlam"],"picked":"Guardian:TemporalStrike","floor":8},{"not_picked":["Guardian:Gem_Green","Guardian:Gem_Blue"],"picked":"Guardian:Recover","floor":8},{"not_picked":["Guardian:PrimingBeam","Guardian:Gem_Red"],"picked":"Guardian:RollAttack","floor":8},{"not_picked":["Guardian:Reroute","Guardian:Recover"],"picked":"Guardian:TimeCapacitor","floor":8},{"not_picked":["Guardian:Emergency","Guardian:DecasProtection"],"picked":"Guardian:EvasiveProtocol","floor":8},{"not_picked":["Guardian:ChargeCore","Guardian:TemporalStrike"],"picked":"Guardian:Gem_Yellow","floor":9},{"not_picked":["Guardian:RollAttack","Guardian:PiercingHide"],"picked":"Guardian:PrismaticBarrier","floor":12},{"not_picked":["Guardian:PiercingHide","Guardian:WalkerClaw"],"picked":"Guardian:Gem_Lightblue","floor":14},{"not_picked":["Guardian:RollAttack","Guardian:Gem_Fragmented"],"picked":"Guardian:MultiBeam","floor":15},{"not_picked":["Guardian:AncientConstruct","Guardian:Gem_Orange"],"picked":"Guardian:GemFinder","floor":16},{"not_picked":["Guardian:Gem_Lightblue","Guardian:Gem_Cyan"],"picked":"Guardian:Gem_Red","floor":19},{"not_picked":["Guardian:Reroute+1","Guardian:PrimingBeam"],"picked":"Guardian:Gem_Red","floor":19},{"not_picked":["Guardian:Gem_Red","Guardian:Gem_Cyan"],"picked":"Guardian:Gem_Lightblue","floor":22},{"not_picked":["Guardian:TemporalStrike","Guardian:PrimingBeam"],"picked":"Guardian:TemporalShield","floor":22},{"not_picked":["Guardian:Gem_Lightblue","Guardian:Gem_Red"],"picked":"Guardian:Gem_Green","floor":25},{"not_picked":["Guardian:PrimingBeam","Guardian:Suspension"],"picked":"Guardian:FuturePlans","floor":25},{"not_picked":["Guardian:Gem_Red","Guardian:Gem_Green"],"picked":"Guardian:Gem_Lightblue","floor":26},{"not_picked":["Guardian:TemporalShield+1","Guardian:DecasProtection"],"picked":"Guardian:Gem_White","floor":26},{"not_picked":["Guardian:ShieldCharger+1","Guardian:TemporalStrike"],"picked":"Guardian:Gem_Yellow","floor":28},{"not_picked":["Guardian:Gem_Lightblue","Guardian:Gem_Green"],"picked":"Guardian:Gem_Cyan","floor":30},{"not_picked":["Guardian:Reroute","Guardian:PiercingHide+1"],"picked":"Guardian:FastForward","floor":30},{"not_picked":["Guardian:Planning","Guardian:RefractedBeam+1","Guardian:TemporalShield"],"picked":"SKIP","floor":32},{"not_picked":["Guardian:Gem_Red","Guardian:Gem_Green"],"picked":"Guardian:Gem_Lightblue","floor":33},{"not_picked":["Guardian:StasisEngine","Guardian:BaubleBeam"],"picked":"Guardian:CompilePackage","floor":33},{"not_picked":["Guardian:VentSteam"],"picked":"SKIP","floor":36},{"not_picked":["Guardian:Gem_Cyan","Guardian:Gem_Lightblue"],"picked":"Guardian:Gem_Red","floor":37},{"not_picked":[],"picked":"Guardian:Incinerate","floor":37},{"not_picked":["Guardian:Gem_Green","Guardian:Gem_Lightblue"],"picked":"Guardian:Gem_Red","floor":39},{"not_picked":[],"picked":"Guardian:EvasiveProtocol+1","floor":39},{"not_picked":["Guardian:Gem_Red","Guardian:Gem_Cyan"],"picked":"Guardian:Gem_Green","floor":40},{"not_picked":["Guardian:Gem_Cyan"],"picked":"SKIP","floor":44},{"not_picked":["Guardian:Gem_Lightblue"],"picked":"SKIP","floor":45},{"not_picked":[],"picked":"Guardian:BronzeOrb","floor":48},{"not_picked":["Guardian:PrismaticBarrier+1"],"picked":"SKIP","floor":49}],"player_experience":989676,"relics_obtained":[{"floor":1,"key":"Juzu Bracelet"},{"floor":4,"key":"Ring of Peace"},{"floor":4,"key":"Ring of Greed"},{"floor":4,"key":"Old Coin"},{"floor":4,"key":"Blue Doll"},{"floor":7,"key":"Bag of Preparation"},{"floor":12,"key":"Tiny Chest"},{"floor":20,"key":"Kunai"},{"floor":24,"key":"hubris:Reverence"},{"floor":31,"key":"hubris:DuctTape"},{"floor":40,"key":"Replay:Multitool"},{"floor":41,"key":"Turnip"},{"floor":43,"key":"Guardian:DefensiveModeMoreBlock"},{"floor":46,"key":"hubris:BundleOfHerbs"},{"floor":48,"key":"Darkstone Periapt"}],"event_choices":[{"damage_healed":0,"gold_gain":0,"player_choice":"Read","damage_taken":0,"max_hp_gain":0,"max_hp_loss":0,"event_name":"The Library","floor":21,"gold_loss":0,"cards_obtained":["Guardian:ShieldCharger"]},{"cards_removed":["Guardian:Gem_Red"],"damage_healed":0,"gold_gain":0,"player_choice":"Removed Skill","damage_taken":0,"max_hp_gain":0,"max_hp_loss":0,"event_name":"Falling","floor":38,"gold_loss":0},{"damage_healed":0,"gold_gain":0,"player_choice":"Fight","damage_taken":0,"max_hp_gain":0,"max_hp_loss":0,"event_name":"Mysterious Sphere","floor":46,"gold_loss":0}],"is_beta":false,"boss_relics":[{"not_picked":["Runic Dome","Honey Jar"],"picked":"Astrolabe"},{"not_picked":["Runic Pyramid","hubris:ScarierMask"],"picked":"Busted Crown"}],"items_purged_floors":[8,8,37],"is_endless":false,"potions_floor_spawned":[6,9,12,22,28,30,33,36,44,46,48],"ascension_level":4}}