{"host":"qeogwbudlaqzb6hy","time":1612152486,"event":{"mods":["BaseMod","Downfall","Minty Spire (QoL Compilation)","StSLib"],"gold_per_floor":[99,109,169,187,187,220,220,220,247,3,18,3,14,42,54,153,153,153,164,177,190,200,220,274,274,285,319,337,437,437,465,479,584,584,584,600,619,114,132,164,164,164,164,130,161,61,61,61,74,74],"floor_reached":51,"language":"ENG","playtime":4236,"items_purged":["Slimebound:Strike_Slimebound","Slimebound:Strike_Slimebound","Slimebound:Strike_Slimebound"],"score":830,"play_id":"4dde2874-1108-47bd-8d14-6148013e991c","local_time":"20210201140806","is_ascension_mode":true,"campfire_choices":[{"data":"Slimebound:Split","floor":1,"key":"SMITH"},{"floor":8,"key":"REST"},{"data":"Slimebound:RollThrough","floor":18,"key":"SMITH"},{"data":"Slimebound:FlameTackle","floor":25,"key":"SMITH"},{"floor":30,"key":"REST"},{"data":"Slimebound:Chomp","floor":35,"key":"SMITH"},{"floor":42,"key":"REST"},{"floor":46,"key":"REST"}],"circlet_count":0,"master_deck":["Slimebound:Tackle","Slimebound:Defend_Slimebound","Slimebound:Defend_Slimebound","Slimebound:Defend_Slimebound","Slimebound:Split+1","Slimebound:CorrosiveSpit","Slimebound:Chomp+1","Slimebound:GoopTackle","Slimebound:SplitLeeching","Slimebound:SlimeSpikes","Slimebound:LivingWall","Slimebound:ComboTackle","Slimebound:SplitLeeching","Slimebound:ComboTackle","Slimebound:Prepare","Slimebound:FlameTackle+1","Slimebound:RollThrough+1","Slimebound:MassRepurpose","Slimebound:SplitLeeching+1","Slimebound:Replication+1","Slimebound:Equalize","Slimebound:MegaLick","Slimebound:SamplingLick+1","Slimebound:Equalize+1","Slimebound:AcidTongue","Slimebound:RollThrough","Slimebound:Prepare","Slimebound:SelfFormingGoo","Slimebound:ComboTackle","Slimebound:TagTeam","Slimebound:ComboTackle","Slimebound:FinishingTackle+1","expansioncontent:YouAreMine","Slimebound:FlameTackle+1","Slimebound:ComboTackle+1","Slimebound:CheckThePlaybook","Doubt","Slimebound:Prepare"],"relics":["Slimebound:AbsorbEndCombat","Happy Flower","Omamori","Orichalcum","Darkstone Periapt","Question Card","White Beast Statue","Lee\u0027s Waffle","Gremlin Horn","Cursed Key","Toy Ornithopter","Mummified Hand","StoneCalendar","Bottled Tornado","Matryoshka","bronze:MakeshiftBattery","Vajra","Strange Spoon","Juzu Bracelet","Potion Belt","Pantograph","Slimebound:MaxSlimesRelic","Bottled Flame","downfall:HeartBlessingGreen"],"acts_visited":["Exordium","TheCity","TheBeyond"],"potions_floor_usage":[6,14,14,16,16,26,29,31,32,33,33,39,45],"damage_taken":[{"damage":1,"enemies":"Jaw Worm","floor":2,"turns":4},{"damage":27,"enemies":"3 Sentries","floor":3,"turns":6},{"damage":3,"enemies":"Cultist","floor":4,"turns":2},{"damage":20,"enemies":"3 Sentries","floor":6,"turns":7},{"damage":16,"enemies":"Lagavulin","floor":9,"turns":6},{"damage":0,"enemies":"downfall:FleeingMerchant","floor":10,"turns":4},{"damage":0,"enemies":"2 Louse","floor":11,"turns":2},{"damage":16,"enemies":"downfall:FleeingMerchant","floor":12,"turns":4},{"damage":11,"enemies":"Blue Slaver","floor":13,"turns":2},{"damage":9,"enemies":"3 Sentries","floor":14,"turns":7},{"damage":6,"enemies":"Red Slaver","floor":15,"turns":2},{"damage":15,"enemies":"WA_ARCHETYPE_RETAIN","floor":16,"turns":5},{"damage":0,"enemies":"Chosen","floor":19,"turns":4},{"damage":0,"enemies":"Shell Parasite","floor":20,"turns":3},{"damage":9,"enemies":"Snake Plant","floor":21,"turns":4},{"damage":0,"enemies":"Centurion and Healer","floor":22,"turns":6},{"damage":0,"enemies":"Cultist and Chosen","floor":23,"turns":6},{"damage":0,"enemies":"Snecko","floor":26,"turns":4},{"damage":12,"enemies":"Book of Stabbing","floor":27,"turns":6},{"damage":14,"enemies":"Snake Plant","floor":28,"turns":4},{"damage":27,"enemies":"Colosseum Nobs","floor":29,"turns":5},{"damage":18,"enemies":"Gremlin Leader","floor":31,"turns":5},{"damage":21,"enemies":"Shelled Parasite and Fungi","floor":32,"turns":6},{"damage":32,"enemies":"SI_MIRROR_ARCHETYPE","floor":33,"turns":7},{"damage":0,"enemies":"3 Shapes","floor":36,"turns":4},{"damage":17,"enemies":"3 Darklings","floor":37,"turns":3},{"damage":0,"enemies":"downfall:FleeingMerchant","floor":38,"turns":4},{"damage":36,"enemies":"Jaw Worm Horde","floor":39,"turns":2},{"damage":58,"enemies":"Nemesis","floor":40,"turns":7},{"damage":6,"enemies":"downfall:FleeingMerchant","floor":44,"turns":3},{"damage":21,"enemies":"Reptomancer","floor":45,"turns":4},{"damage":9,"enemies":"Maw","floor":49,"turns":6},{"damage":72,"enemies":"DF_ARCHETYPE_ORBS","floor":50,"turns":7}],"seed_played":"-5912225776179053975","potions_obtained":[{"floor":3,"key":"Block Potion"},{"floor":6,"key":"Explosive Potion"},{"floor":10,"key":"EssenceOfSteel"},{"floor":11,"key":"Block Potion"},{"floor":14,"key":"Strength Potion"},{"floor":15,"key":"EntropicBrew"},{"floor":16,"key":"Swift Potion"},{"floor":19,"key":"bronze:BurnAndBuffPotion"},{"floor":26,"key":"Slimebound:SlimyTonguePotion"},{"floor":29,"key":"DistilledChaos"},{"floor":31,"key":"LiquidBronze"},{"floor":32,"key":"DistilledChaos"},{"floor":33,"key":"SteroidPotion"},{"floor":36,"key":"PowerPotion"},{"floor":39,"key":"SneckoOil"},{"floor":44,"key":"GamblersBrew"},{"floor":45,"key":"Block Potion"},{"floor":49,"key":"Weak Potion"}],"is_trial":false,"path_per_floor":["R","M","?","M","?","E","T","R","E","$","M","$","M","E","M","B",null,"R","M","M","M","M","M","T","R","M","E","M","?","R","E","M","B",null,"R","M","M","$","M","E","T","R","?","$","E","R","$","?","M","B",null],"character_chosen":"SLIMEBOUND","items_purchased":["Lee\u0027s Waffle","Vajra","Strange Spoon","expansioncontent:YouAreMine","Slimebound:MaxSlimesRelic"],"campfire_rested":4,"item_purchase_floors":[10,38,38,38,44],"current_hp_per_floor":[65,65,38,37,25,11,11,30,22,72,72,60,49,46,44,37,72,72,72,72,65,72,72,72,72,72,65,57,35,56,60,59,57,72,72,72,72,72,53,3,3,24,24,18,16,37,37,78,71,29],"gold":74,"neow_bonus":"RANDOM_COMMON_RELIC","is_daily":false,"chose_seed":false,"campfire_upgraded":4,"win_rate":0.0,"timestamp":1612152486,"path_taken":["R","M","?","M","?","E","T","R","E","$","M","?","M","E","M","BOSS","R","M","M","?","M","M","T","R","M","E","M","?","R","E","M","BOSS","R","M","M","$","M","E","T","R","?","?","E","R","$","?","M","BOSS"],"items_purchased_type":["Relic","Relic","Relic","Card","Relic"],"build_version":"2020-12-22","purchased_purges":3,"victory":true,"max_hp_per_floor":[65,65,65,65,65,65,65,65,65,72,72,72,72,72,72,72,72,72,72,72,72,72,72,72,72,72,72,72,72,72,72,72,72,72,72,72,72,72,72,72,72,72,72,72,72,72,72,78,78,78],"card_choices":[{"not_picked":["Slimebound:FinishingTackle","Slimebound:SamplingLick"],"picked":"Slimebound:Chomp","floor":2},{"not_picked":["Slimebound:ItLooksTasty","Slimebound:SamplingLick"],"picked":"Slimebound:GoopTackle","floor":3},{"not_picked":["Slimebound:Nibble","Slimebound:PressTheAttack"],"picked":"Slimebound:SplitLeeching","floor":4},{"not_picked":["Slimebound:SpikyOuterGoop","Slimebound:Schlurp"],"picked":"Slimebound:SlimeSpikes","floor":6},{"not_picked":["Slimebound:ProtectTheBoss","Slimebound:LeechingTouch","Slimebound:OneTwoCombo"],"picked":"Slimebound:LivingWall","floor":9},{"not_picked":["Slimebound:PressTheAttack","Slimebound:ItLooksTasty","Slimebound:SplitLeeching"],"picked":"Slimebound:ComboTackle","floor":10},{"not_picked":["Slimebound:ItLooksTasty","Slimebound:LeechingTouch","Slimebound:BestDefense"],"picked":"Slimebound:SplitLeeching","floor":11},{"not_picked":["Slimebound:AcidTongue","Slimebound:FirmFortitude","Slimebound:LeadByExample"],"picked":"Slimebound:ComboTackle","floor":12},{"not_picked":["Slimebound:GoopSpray","Slimebound:LeechEnergy","Slimebound:SplitAcid"],"picked":"Slimebound:Prepare","floor":13},{"not_picked":["Slimebound:HungryTackle","Slimebound:SlimeSpikes","Slimebound:DouseInSlime"],"picked":"Slimebound:FlameTackle","floor":14},{"not_picked":["Slimebound:SplitMire","Slimebound:SamplingLick","Slimebound:DivideAndConquer"],"picked":"Slimebound:RollThrough","floor":15},{"not_picked":["Slimebound:FirmFortitude","Slimebound:RallyTheTroops","Slimebound:MinionMaster"],"picked":"Slimebound:MassRepurpose","floor":16},{"not_picked":["Slimebound:Schlurp","Slimebound:SlimeSpikes","Slimebound:Nibble+1"],"picked":"Slimebound:SplitLeeching+1","floor":19},{"not_picked":["Slimebound:PressTheAttack+1","Slimebound:ItLooksTasty","Slimebound:AcidTongue"],"picked":"Slimebound:Replication+1","floor":20},{"not_picked":["Slimebound:Recycling","Slimebound:LeechingTouch","Slimebound:SlimeSpikes"],"picked":"Slimebound:Equalize","floor":21},{"not_picked":["Slimebound:LivingWall","Slimebound:Equalize","Slimebound:SlimeSpikes"],"picked":"Slimebound:MegaLick","floor":22},{"not_picked":["Slimebound:SlimeSpikes","Slimebound:LeadByExample","Slimebound:RejuvenatingLick"],"picked":"Slimebound:SamplingLick+1","floor":23},{"not_picked":["Slimebound:LivingWall","Slimebound:Schlurp+1","Slimebound:SamplingLick"],"picked":"Slimebound:Equalize+1","floor":26},{"not_picked":["Slimebound:FinishingTackle","Slimebound:Prepare","Slimebound:TongueLash+1"],"picked":"Slimebound:AcidTongue","floor":27},{"not_picked":["Slimebound:ForwardTackle","Slimebound:ItLooksTasty","Slimebound:LivingWall"],"picked":"Slimebound:RollThrough","floor":28},{"not_picked":["Slimebound:Repurpose","Slimebound:ItLooksTasty","Slimebound:PressTheAttack"],"picked":"Slimebound:Prepare","floor":29},{"not_picked":["Slimebound:MegaLick","Slimebound:SplitMire","Slimebound:SplitAcid"],"picked":"Slimebound:SelfFormingGoo","floor":31},{"not_picked":["Slimebound:SplitLeeching","Slimebound:FormOfPuddle","Slimebound:PressTheAttack"],"picked":"Slimebound:ComboTackle","floor":32},{"not_picked":["Slimebound:Recycling","Slimebound:SelfFormingGoo","Slimebound:FirmFortitude"],"picked":"Slimebound:TagTeam","floor":33},{"not_picked":["Slimebound:LeechingTouch","Slimebound:SamplingLick","Slimebound:HauntingLick","Slimebound:RollThrough"],"picked":"SKIP","floor":36},{"not_picked":["Slimebound:LeechingTouch+1","Slimebound:GoopSpray","Slimebound:ItLooksTasty"],"picked":"Slimebound:ComboTackle","floor":37},{"not_picked":["Slimebound:GoopTackle","Slimebound:LeadByExample","Slimebound:DivideAndConquer"],"picked":"Slimebound:FinishingTackle+1","floor":38},{"not_picked":["Slimebound:PressTheAttack+1","Slimebound:GoopSpray","Slimebound:Recollect","Slimebound:HungryTackle+1"],"picked":"SKIP","floor":39},{"not_picked":["Slimebound:AcidTongue+1","Slimebound:LeechLife","Slimebound:SplitBruiser+1"],"picked":"Slimebound:FlameTackle+1","floor":40},{"not_picked":["Slimebound:LivingWall+1","Slimebound:Schlurp+1","Slimebound:MegaLick+1"],"picked":"Slimebound:ComboTackle+1","floor":44},{"not_picked":["Slimebound:LeechEnergy","Slimebound:SlimeBarrage+1","Slimebound:SplitAcid+1"],"picked":"Slimebound:CheckThePlaybook","floor":45},{"not_picked":["Slimebound:PressTheAttack","Slimebound:RainOfGoop+1","Slimebound:Grow"],"picked":"Slimebound:Prepare","floor":49}],"player_experience":348807,"relics_obtained":[{"floor":6,"key":"Darkstone Periapt"},{"floor":7,"key":"Question Card"},{"floor":9,"key":"White Beast Statue"},{"floor":14,"key":"Gremlin Horn"},{"floor":24,"key":"Toy Ornithopter"},{"floor":27,"key":"Mummified Hand"},{"floor":29,"key":"StoneCalendar"},{"floor":29,"key":"Bottled Tornado"},{"floor":31,"key":"Matryoshka"},{"floor":40,"key":"Juzu Bracelet"},{"floor":41,"key":"Potion Belt"},{"floor":41,"key":"Pantograph"},{"floor":45,"key":"Bottled Flame"}],"event_choices":[{"damage_healed":0,"gold_gain":0,"player_choice":"Success","damage_taken":12,"relics_obtained":["Orichalcum"],"max_hp_gain":0,"max_hp_loss":0,"event_name":"Scrap Ooze","floor":5,"gold_loss":0}],"is_beta":false,"boss_relics":[{"not_picked":["Slimebound:AbsorbEndCombatUpgraded","Tiny House"],"picked":"Cursed Key"},{"not_picked":["Empty Cage","Coffee Dripper"],"picked":"bronze:MakeshiftBattery"}],"items_purged_floors":[10,38,44],"is_endless":false,"potions_floor_spawned":[3,6,10,11,12,13,14,15,16,19,20,21,22,23,26,27,28,29,31,32,33,36,37,38,39,40,44,45,49],"ascension_level":1}}