{"host":"vr9me2kif8p2xyyc","time":1612223835,"event":{"mods":["2.2 Compatiblity","A Magickal Journey","AchievementEnabler","Act Like it!","Arknights","Aspiration","Astrologer","Bard","Bartender","BaseMod","Beaked The Cultist","Better Match","Better Note","Better Skull","Better Third Choice","BetterRewards","Block Reminder","Booster Modes","CapriCore","Challenge The Spire","ChefMod","Clawfect","Colored Map","Colored Powertips","Conjunction","Conspire","Downfall","Elementarium","Energized Spire","Friendly Minions","GifTheSpireLib","Glutton Mod","Halation","Hallownest","Hermit","Hubris","Jorbs\u0027s Wanderer Trilogy","Kratos Character Expansion","Mad Scientist","Marisa????????","Minty Spire (QoL Compilation)","Pale of the Ancients","Permanent Neow","Potionbrewer","QueenMod","Quick Restart","Random Character Button","Rare Cards Sparkle","Relic Stats","Reliquary","Remilia??????","Replay The Spire","Reworked Bosses","Robot Space Explorer","SCP261 Mod","SIMod","Shade Mod","Shop Mod","Slumbering Mod","Spicy Shops","Spikes Relics","Spire Arcade","StSLib","Stuff the Spire","SuperFastMode","Td1madao Mod","The Alterego","The Animator","The Blackbeard","The Bladedancer","The Blue Laboratory","The Bug Knight","The Caster","The Clintock","The Construct","The Cursed","The Death Knight","The Disciple","The Dragon Tamer","The Druid","The Elementalist","The Exalted","The Extravagant","The Fake Hero","The Florist","The Forsaken","The Gatherer","The Hayseed","The Hierophant","The Immortal","The Judge","The Jungle","The Kombatant","The Marked","The Mystic","The Necromancer","The Poker Player","The Problem Sleuth","The Runesmith","The Sage","The Servant 0.9.4","The Spell Scribe","The Valiant","TheBandit","TheFirefly","TheVacant","TheWitcher","Treasure Hunter","Wandering Minibosses","Weighted Paths","Yohane!","thorton"],"gold_per_floor":[144,156,156,156,170,170,170,183,183,210,222,252,252,271,271,366,366,378,398,398,398],"floor_reached":20,"language":"ENG","playtime":1157,"items_purged":[],"score":286,"play_id":"1b4c3660-5a28-4d64-b7e2-ea9a1accf095","local_time":"20210201175715","is_ascension_mode":false,"campfire_choices":[{"data":"astrologer:StarOfMisfortune","floor":6,"key":"SMITH"},{"floor":13,"key":"REST"},{"data":"astrologer:Alignment","floor":15,"key":"SMITH"}],"circlet_count":0,"master_deck":["astrologer:Strike","astrologer:Strike","astrologer:Strike","astrologer:Strike","astrologer:Defend","astrologer:Defend","astrologer:Defend","astrologer:Defend","astrologer:NorthStar+1","astrologer:TheFool","astrologer:FrozenStar","astrologer:StarOfMisfortune+1","astrologer:FrozenStar","astrologer:MeteorShower","astrologer:Alignment+1","astrologer:Judgement","astrologer:DarkMatter","astrologer:SolarFlare","astrologer:TheStar","astrologer:Starfield","astrologer:Stardust","astrologer:TheEmpress+1"],"relics":["astrologer:SkyMirror","MerchantsRug","Meat on the Bone","Replay:Wax Seal","halation:EternalFortune","halation:SwordOfLegend","Dream Catcher","potionbrewer:Torch","theSlumbering:EnchantedHammer"],"acts_visited":["Exordium","TheCity"],"potions_floor_usage":[10,11,16,18,19,20],"damage_taken":[{"damage":0,"enemies":"Small Slimes","floor":1,"turns":3},{"damage":9,"enemies":"Jaw Worm","floor":2,"turns":4},{"damage":1,"enemies":"2 Louse","floor":5,"turns":3},{"damage":5,"enemies":"Large Slime","floor":8,"turns":7},{"damage":6,"enemies":"Lagavulin","floor":10,"turns":6},{"damage":0,"enemies":"Looter","floor":11,"turns":3},{"damage":27,"enemies":"3 Sentries","floor":12,"turns":15},{"damage":8,"enemies":"Exordium Thugs","floor":14,"turns":5},{"damage":22,"enemies":"The Guardian","floor":16,"turns":12},{"damage":22,"enemies":"Chosen","floor":18,"turns":5},{"damage":39,"enemies":"2 Thieves","floor":19,"turns":4},{"damage":38,"enemies":"Chosen and Byrds","floor":20,"turns":6}],"seed_played":"3031172628870470042","potions_obtained":[{"floor":8,"key":"Explosive Potion"},{"floor":10,"key":"Fire Potion"},{"floor":12,"key":"potionbrewer:FreezingPotion"},{"floor":16,"key":"blueLaboratory:FruitPunch"},{"floor":18,"key":"blueLaboratory:HorrorPotion"},{"floor":19,"key":"blueLaboratory:NullPotion"}],"is_trial":false,"path_per_floor":["M","M","?","?","M","R","?","M","T","E","M","E","R","M","R","B",null,"M","M","M"],"character_chosen":"ASTROLOGER","items_purchased":["MerchantsRug","Meat on the Bone"],"campfire_rested":1,"item_purchase_floors":[0,0],"current_hp_per_floor":[70,61,58,58,57,57,60,55,55,49,49,34,64,56,56,46,73,53,26,0,0],"gold":398,"neow_bonus":"","is_daily":false,"chose_seed":false,"campfire_upgraded":2,"win_rate":0.0,"timestamp":1612223835,"path_taken":["M","M","?","?","M","R","?","M","T","E","M","E","R","?","R","BOSS","M","M","M"],"items_purchased_type":["Relic","Relic"],"build_version":"2020-12-22","purchased_purges":0,"victory":false,"max_hp_per_floor":[70,70,70,70,70,70,73,73,73,73,73,73,73,73,73,73,73,75,75,75,75],"relic_stats":{"Dream Catcher":1,"counters":[88,508],"obtain_stats":[{"hermit:ClaspedLocket":34,"conspire:RoyalGoblet":34,"Gremlin Horn":32,"CeramicFish":10,"potionbrewer:AlchemistFlask":19,"Conjunction:SoulLantern":46,"Whetstone":40,"Old Coin":38,"Strawberry":42,"Honey Jar":17,"halation:KoshaPiece":26,"Replay:Wax Seal":3,"MerchantsRug":30,"Sneakers":0,"Happy Flower":23,"wanderingMiniBosses:ThiefScarf":46,"aspiration:Nostalgia":0,"ReplayTheSpireMod:CursedCoin":13,"conspire:SlowCooker":17,"Bromod:ArcaneConsequence":10,"potionbrewer:Torch":12,"SlaversCollar":17,"aspiration:EmptySkull":9,"ReplayTheSpireMod:Shallot":26,"theSlumbering:EnchantedHammer":17,"thethorton:CrushedCigarette":34,"hermit:Momento":0,"Abe\u0027s Treasure":17,"NlothsMask":21,"Meat on the Bone":0,"SnailShell":47,"Torii":0,"halation:TrafficLight":0,"BrokenLever":43,"halation:WeightlessCrab":50,"sagemod:Blowpipe":6,"sagemod:The_Guidebook_Guide":48,"Winged Necklace":46,"Replay:Bandana":10,"Dream Catcher":10,"theForsaken:Kindling":25,"MiniBlackHole":14,"elementalistmod:YellowCirclet":4,"astrologer:SkyMirror":0,"StuffTheSpire:RedRose":14,"Golden Idol":3,"Guide Book":42,"Replay:WaspNest":8,"theSlumbering:SlimeShield":28,"hubris:Towel":7,"Frozen Egg 2":43,"Orichalcum":9,"Bromod:ArcaneMomentum":48,"Strange Spoon":0,"halation:SwordOfLegend":9,"halation:EternalFortune":39,"Snack Pack":9,"SpikesRelics:DaevaFist":38,"Runesmith:AutoHammer":50,"Membership Card":4,"halation:PinkSoulGem":3,"Toy Ornithopter":9,"Huge Egg":26,"ReplayTheSpireMod:ShopPack":28},{"hermit:ClaspedLocket":16,"conspire:RoyalGoblet":33,"Gremlin Horn":55,"CeramicFish":5,"potionbrewer:AlchemistFlask":27,"Conjunction:SoulLantern":41,"Whetstone":60,"Old Coin":36,"Strawberry":39,"Honey Jar":26,"halation:KoshaPiece":30,"Replay:Wax Seal":78,"MerchantsRug":14,"Sneakers":0,"Happy Flower":29,"wanderingMiniBosses:ThiefScarf":41,"aspiration:Nostalgia":0,"ReplayTheSpireMod:CursedCoin":48,"conspire:SlowCooker":73,"Bromod:ArcaneConsequence":22,"potionbrewer:Torch":83,"SlaversCollar":49,"aspiration:EmptySkull":5,"ReplayTheSpireMod:Shallot":53,"theSlumbering:EnchantedHammer":85,"thethorton:CrushedCigarette":56,"hermit:Momento":0,"Abe\u0027s Treasure":9,"NlothsMask":27,"Meat on the Bone":76,"SnailShell":41,"Torii":65,"halation:TrafficLight":18,"BrokenLever":39,"halation:WeightlessCrab":42,"sagemod:Blowpipe":21,"sagemod:The_Guidebook_Guide":41,"Winged Necklace":41,"Replay:Bandana":70,"Dream Catcher":81,"theForsaken:Kindling":30,"MiniBlackHole":8,"elementalistmod:YellowCirclet":20,"astrologer:SkyMirror":0,"StuffTheSpire:RedRose":48,"Golden Idol":44,"Guide Book":61,"Replay:WaspNest":47,"theSlumbering:SlimeShield":14,"hubris:Towel":21,"Frozen Egg 2":61,"Orichalcum":69,"Bromod:ArcaneMomentum":41,"Strange Spoon":65,"halation:SwordOfLegend":80,"halation:EternalFortune":59,"Snack Pack":21,"SpikesRelics:DaevaFist":59,"Runesmith:AutoHammer":42,"Membership Card":67,"halation:PinkSoulGem":2,"Toy Ornithopter":47,"Huge Egg":12,"ReplayTheSpireMod:ShopPack":30},{"hermit:ClaspedLocket":98,"conspire:RoyalGoblet":194,"Gremlin Horn":335,"CeramicFish":16,"potionbrewer:AlchemistFlask":145,"Conjunction:SoulLantern":257,"Whetstone":357,"Old Coin":213,"Strawberry":240,"Honey Jar":143,"halation:KoshaPiece":166,"Replay:Wax Seal":442,"MerchantsRug":72,"Sneakers":0,"Happy Flower":158,"wanderingMiniBosses:ThiefScarf":257,"aspiration:Nostalgia":0,"ReplayTheSpireMod:CursedCoin":289,"conspire:SlowCooker":422,"Bromod:ArcaneConsequence":124,"potionbrewer:Torch":476,"SlaversCollar":295,"aspiration:EmptySkull":16,"ReplayTheSpireMod:Shallot":325,"theSlumbering:EnchantedHammer":493,"thethorton:CrushedCigarette":342,"hermit:Momento":0,"Abe\u0027s Treasure":38,"NlothsMask":145,"Meat on the Bone":435,"SnailShell":257,"Torii":383,"halation:TrafficLight":109,"BrokenLever":240,"halation:WeightlessCrab":263,"sagemod:Blowpipe":117,"sagemod:The_Guidebook_Guide":257,"Winged Necklace":257,"Replay:Bandana":402,"Dream Catcher":458,"theForsaken:Kindling":166,"MiniBlackHole":27,"elementalistmod:YellowCirclet":113,"astrologer:SkyMirror":0,"StuffTheSpire:RedRose":289,"Golden Idol":274,"Guide Book":363,"Replay:WaspNest":285,"theSlumbering:SlimeShield":72,"hubris:Towel":117,"Frozen Egg 2":363,"Orichalcum":396,"Bromod:ArcaneMomentum":257,"Strange Spoon":383,"halation:SwordOfLegend":452,"halation:EternalFortune":352,"Snack Pack":117,"SpikesRelics:DaevaFist":352,"Runesmith:AutoHammer":263,"Membership Card":388,"halation:PinkSoulGem":7,"Toy Ornithopter":285,"Huge Egg":57,"ReplayTheSpireMod:ShopPack":166}],"Meat on the Bone":36},"card_choices":[{"not_picked":["astrologer:Still","astrologer:Conjunction"],"picked":"astrologer:FrozenStar","floor":1},{"not_picked":["astrologer:Justice","astrologer:Still"],"picked":"astrologer:StarOfMisfortune","floor":2},{"not_picked":["astrologer:SpaceDust","astrologer:Cataclysm"],"picked":"astrologer:FrozenStar","floor":5},{"not_picked":["astrologer:Glimpse","astrologer:SpaceDust"],"picked":"astrologer:MeteorShower","floor":8},{"not_picked":["TH:TreasureMap","TH:BikiniMail"],"picked":"SKIP","floor":9},{"not_picked":["astrologer:Premeditation","astrologer:Observe"],"picked":"astrologer:Alignment","floor":10},{"not_picked":["TH:CursedSword","TH:BikiniMail"],"picked":"SKIP","floor":10},{"not_picked":["astrologer:CometStrike","astrologer:ShootingStar"],"picked":"astrologer:Judgement","floor":11},{"not_picked":["astrologer:FrozenStar","astrologer:MeteorShower"],"picked":"astrologer:DarkMatter","floor":12},{"not_picked":["TH:CopperCoins","TH:PixieDust"],"picked":"SKIP","floor":12},{"not_picked":["astrologer:Radiance","astrologer:Observe"],"picked":"astrologer:SolarFlare","floor":13},{"not_picked":["astrologer:Opposition","astrologer:SolarFlare"],"picked":"astrologer:TheStar","floor":14},{"not_picked":["astrologer:DarkMatter","astrologer:TheWorld"],"picked":"astrologer:Starfield","floor":16},{"not_picked":["astrologer:SpaceDust","astrologer:TheTower+1"],"picked":"astrologer:Stardust","floor":18},{"not_picked":["astrologer:Radiance","astrologer:CometStrike"],"picked":"astrologer:TheEmpress+1","floor":19}],"player_experience":1199713,"relics_obtained":[{"floor":9,"key":"halation:SwordOfLegend"},{"floor":10,"key":"Dream Catcher"},{"floor":12,"key":"potionbrewer:Torch"}],"event_choices":[{"damage_healed":0,"gold_gain":0,"player_choice":"Relic ","damage_taken":3,"max_hp_gain":0,"max_hp_loss":0,"event_name":"betterThird:BetterScrap","floor":3,"gold_loss":0,"cards_obtained":["StuffTheSpire:Purify"]}],"is_beta":false,"boss_relics":[{"not_picked":["Sozu","Empty Cage"],"picked":"theSlumbering:EnchantedHammer"}],"items_purged_floors":[],"is_endless":false,"potions_floor_spawned":[8,10,12,16,18,19],"killed_by":"Chosen and Byrds","ascension_level":0}}