{"host":"jt62yzdgnrkmwwqv","time":1612156955,"event":{"mods":["AchievementEnabler","Arknights","BaseMod","CapriCore","Colored Map","Colored Powertips","GungeonMod","Lobotomy","LobotomyExtend","Minty Spire (QoL Compilation)","Replay The Spire","StSLib","SuperFastMode","The Dragon Tamer"],"gold_per_floor":[119,134,4200,4151,4162,4194,3661,3591,3591,3591,3541,3560,3560,3575,3575,3671,3771,3803,3821,3257,3257,3257],"floor_reached":21,"language":"KOR","playtime":908,"items_purged":["ats:Strike V","ats:Armor Crushing Shot","ats:Strike C"],"score":273,"play_id":"bc4fabce-004f-4454-86eb-3fa63a2baae1","local_time":"20210201142235","is_ascension_mode":true,"campfire_choices":[{"floor":15,"key":"REST"}],"circlet_count":0,"master_deck":["ats:Strike G","ats:Defend","ats:Defend","ats:Emotion Absorption","PunishingBird","ats:Healing Drone","MeatLantern","ats:Guard Mode","ats:Hammer On","ats:Leaping Hammer","Wellcheers","ats:Flexible Camouflage","SnowQueen","ats:Consecutive Shot Auto","ats:Sashimi Platter","ats:Thermite Blade","ats:Revitalization","ats:True Silver Slash","ats:Guard Mode","QueenBee","GreedKing","ats:Guard Mode","ats:Thermite Blade","BlueStar","ats:Wolf Pack","UniverseFragment","ats:Red Shift","ats:Red Shift+1","ats:Cat Scratch","ats:Blood Oath","Finesse"],"relics":["ats:Sanity","CogitoBucket","RabbitCall","LetterFromLob","DemoMod:WhiteGuonStone","Toolbox","Mirror","DemoMod:GnawedKey","ats:Originium","Snack Pack","ReplayTheSpireMod:CursedCoin","ats:Rhine Circuitry","Prayer Wheel","Replay:Kaleidoscope","HellTrain","Replay:Wanted Poster","Bag of Marbles","Chemical X"],"acts_visited":["Exordium","TheCity"],"potions_floor_usage":[6,21],"damage_taken":[{"damage":4,"enemies":"Cultist","floor":1,"turns":4},{"damage":41,"enemies":"Jaw Worm","floor":2,"turns":9},{"damage":0,"enemies":"2 Louse","floor":5,"turns":4},{"damage":46,"enemies":"Gremlin Nob","floor":6,"turns":8},{"damage":17,"enemies":"Lagavulin","floor":8,"turns":6},{"damage":1,"enemies":"3 Sentries","floor":10,"turns":6},{"damage":37,"enemies":"Looter","floor":12,"turns":7},{"damage":0,"enemies":"2 Fungi Beasts","floor":14,"turns":2},{"damage":72,"enemies":"Slime Boss","floor":16,"turns":13},{"damage":8,"enemies":"3 Byrds","floor":18,"turns":3},{"damage":7,"enemies":"Shell Parasite","floor":19,"turns":4},{"damage":85,"enemies":"Cultist and Chosen","floor":21,"turns":4}],"seed_played":"-7319446401456961607","potions_obtained":[{"floor":5,"key":"ats:Emergency Sanity Potion"},{"floor":14,"key":"SteroidPotion"}],"is_trial":false,"path_per_floor":["M","M","$","?","M","E","$","E","T","E","?","M","?","M","R","B",null,"M","M","$","M"],"character_chosen":"DOCTOR_CLASS","items_purchased":["ats:Hammer On","ats:Leaping Hammer","DemoMod:WhiteGuonStone","Toolbox","Mirror","DemoMod:BlankPotion","DemoMod:GnawedKey","ats:Sashimi Platter","ats:Thermite Blade","ReplayTheSpireMod:CursedCoin","ats:Rhine Circuitry","Prayer Wheel","ats:Blood Oath","Bag of Marbles","Chemical X","Finesse"],"campfire_rested":1,"item_purchase_floors":[3,3,3,3,3,3,3,7,7,7,7,7,20,20,20,20],"current_hp_per_floor":[68,50,50,50,54,23,23,17,17,36,36,47,52,56,77,50,77,77,77,77,0,0],"gold":3257,"neow_bonus":"","is_daily":false,"chose_seed":false,"campfire_upgraded":0,"win_rate":0.0,"timestamp":1612156955,"path_taken":["M","M","$","?","M","E","$","E","T","E","?","M","?","M","R","BOSS","M","M","$","M"],"items_purchased_type":["Card","Card","Relic","Relic","Relic","Undefined","Relic","Card","Card","Relic","Relic","Relic","Card","Relic","Relic","Card"],"build_version":"2020-12-22","purchased_purges":3,"victory":false,"max_hp_per_floor":[72,72,72,72,72,72,72,72,72,72,72,72,77,77,77,77,77,77,77,77,77,77],"card_choices":[{"not_picked":["BigBird","Freischutz","HeroicMonk"],"picked":"Singing Bowl","floor":1},{"not_picked":["Mercenary","DespairKnight"],"picked":"PunishingBird","floor":1},{"not_picked":["ats:Beaten Up","ats:Guard Mode"],"picked":"ats:Healing Drone","floor":1},{"not_picked":["UniverseFragment","Bloodbath"],"picked":"MeatLantern","floor":2},{"not_picked":["ats:Revitalization","ats:Phantom"],"picked":"ats:Guard Mode","floor":2},{"not_picked":["Rudolta","Wellcheers","Mercenary"],"picked":"Singing Bowl","floor":5},{"not_picked":["Bloodbath","Murderer"],"picked":"Wellcheers","floor":5},{"not_picked":["ats:Durian","ats:Phantom"],"picked":"ats:Flexible Camouflage","floor":5},{"not_picked":["OldLady","BlueStar"],"picked":"SnowQueen","floor":6},{"not_picked":["ats:Automatic Cover","ats:Ignite"],"picked":"ats:Consecutive Shot Auto","floor":6},{"not_picked":["CrumblingArmor","Murderer","GalaxyChild"],"picked":"Singing Bowl","floor":8},{"not_picked":["ats:Curse Doll","ats:Assault Order"],"picked":"ats:Revitalization","floor":8},{"not_picked":["ats:Poison Spread","ats:Mental Burst"],"picked":"ats:True Silver Slash","floor":12},{"not_picked":["ats:Defend Order","ats:Consecutive Shot Auto"],"picked":"ats:Guard Mode","floor":12},{"not_picked":["OSAHOGD","Scorched","Laetitia"],"picked":"Singing Bowl","floor":12},{"not_picked":["Alriune","RedShoes"],"picked":"QueenBee","floor":12},{"not_picked":["Variant","SingingMachine","SpiderBud"],"picked":"Singing Bowl","floor":14},{"not_picked":["UniverseFragment","VoidDream"],"picked":"GreedKing","floor":14},{"not_picked":["ats:Disruption Kick","ats:Powerful Strike"],"picked":"ats:Guard Mode","floor":14},{"not_picked":["ats:Defend Order","ats:Absolute Focus"],"picked":"ats:Thermite Blade","floor":14},{"not_picked":["Bloodbath","ShyLook","Scorched"],"picked":"Singing Bowl","floor":16},{"not_picked":["OldLady","Murderer"],"picked":"BlueStar","floor":16},{"not_picked":["ats:Echo Reverb","ats:Dogmatic Field"],"picked":"ats:Wolf Pack","floor":16},{"not_picked":["HappyTeddy","Scarecrow","OSAHOGD"],"picked":"Singing Bowl","floor":18},{"not_picked":["VoidDream","HeroicMonk"],"picked":"UniverseFragment","floor":18},{"not_picked":["ats:Powerful Strike","ats:Soul Absorption"],"picked":"ats:Red Shift","floor":18},{"not_picked":["ats:Consecutive Shot Auto","ats:Guardian Obelisk+1"],"picked":"ats:Red Shift+1","floor":18},{"not_picked":["FairyFestival","BeautyBeast","BigBird"],"picked":"Singing Bowl","floor":19},{"not_picked":["ats:Counter Healing Mode+1","ats:Burning Ground"],"picked":"ats:Cat Scratch","floor":19},{"not_picked":["ats:Overload","ats:Assault Order","ats:Flame Of Heaven"],"picked":"SKIP","floor":19}],"player_experience":185842,"relics_obtained":[{"floor":1,"key":"LetterFromLob"},{"floor":6,"key":"ats:Originium"},{"floor":6,"key":"Snack Pack"},{"floor":8,"key":"ats:Originium"},{"floor":8,"key":"Replay:Kaleidoscope"}],"event_choices":[{"damage_healed":0,"gold_gain":0,"player_choice":"Left Gold","damage_taken":0,"max_hp_gain":0,"max_hp_loss":0,"event_name":"World of Goop","floor":4,"gold_loss":49},{"cards_removed":["ats:Strike S"],"damage_healed":0,"gold_gain":0,"player_choice":"Card Removal","damage_taken":0,"max_hp_gain":0,"max_hp_loss":0,"event_name":"The Cleric","floor":11,"gold_loss":50},{"damage_healed":0,"gold_gain":0,"player_choice":"Donut","damage_taken":0,"max_hp_gain":5,"max_hp_loss":0,"event_name":"Big Fish","floor":13,"gold_loss":0}],"is_beta":false,"boss_relics":[{"not_picked":["Philosopher\u0027s Stone","Empty Cage"],"picked":"Replay:Wanted Poster"}],"items_purged_floors":[3,7,20],"is_endless":false,"potions_floor_spawned":[5,10,14,16,19],"killed_by":"Cultist and Chosen","ascension_level":1}}