{"host":"d52brwsy6af8zvaq","time":1612150592,"event":{"mods":["AchievementEnabler","BaseMod","Bestiary","Highlight Path","Minty Spire (QoL Compilation)","Quick Restart","Relic Stats","ojb\u0027s Better Paths Mod"],"gold_per_floor":[17,34,50,50,64,98,116,116,116,116,65,93,18,32,32,108,108,127,27,27,38,38,38,67,83,109,142,142,192,192,192,192,263,263,276,99,111,111,129,129,158,173,200,217,242,254,289,315,327,339,351,351],"floor_reached":51,"language":"ENG","playtime":3072,"items_purged":["Strike_G","Strike_G","Strike_G"],"score":1410,"play_id":"12ea6f57-ed05-4d1d-a755-ac456f20f715","local_time":"20210131203632","is_ascension_mode":true,"campfire_choices":[{"floor":8.0,"key":"REST"},{"floor":15.0,"key":"REST"},{"floor":23.0,"key":"REST"},{"floor":30.0,"key":"REST"},{"floor":32.0,"key":"REST"},{"floor":40.0,"key":"RECALL"},{"floor":46.0,"key":"REST"},{"floor":49.0,"key":"REST"}],"circlet_count":0,"master_deck":["AscendersBane","Defend_G","Defend_G","Defend_G","Defend_G","Defend_G","Survivor","Neutralize","Apotheosis+1","Predator","Deadly Poison","PiercingWail","Deadly Poison","Blur","Leg Sweep","Cloak And Dagger+1","Bullet Time+1","Escape Plan+1","Storm of Steel+1","Blade Dance+1","Skewer","Well Laid Plans","Bouncing Flask+1","Masterful Stab","Burst+1","Noxious Fumes","Prepared+1","Blur+1","Phantasmal Killer+1"],"relics":["Ring of the Serpent","Oddly Smooth Stone","Shuriken","Toxic Egg 2","Gremlin Horn","Fusion Hammer","Art of War","Blood Vial","Dead Branch","Snake Skull","MawBank","Dream Catcher"],"acts_visited":["Exordium","TheCity","TheBeyond"],"potions_floor_usage":[],"damage_taken":[{"damage":0.0,"enemies":"Jaw Worm","floor":1.0,"turns":7.0},{"damage":0.0,"enemies":"Cultist","floor":2.0,"turns":3.0},{"damage":4.0,"enemies":"2 Louse","floor":3.0,"turns":3.0},{"damage":22.0,"enemies":"Red Slaver","floor":5.0,"turns":7.0},{"damage":23.0,"enemies":"3 Sentries","floor":6.0,"turns":10.0},{"damage":1.0,"enemies":"3 Louse","floor":7.0,"turns":5.0},{"damage":20.0,"enemies":"Lagavulin","floor":12.0,"turns":7.0},{"damage":0.0,"enemies":"2 Fungi Beasts","floor":14.0,"turns":4.0},{"damage":6.0,"enemies":"The Guardian","floor":16.0,"turns":11.0},{"damage":10.0,"enemies":"Spheric Guardian","floor":18.0,"turns":6.0},{"damage":6.0,"enemies":"3 Byrds","floor":21.0,"turns":4.0},{"damage":6.0,"enemies":"Gremlin Leader","floor":24.0,"turns":7.0},{"damage":12.0,"enemies":"Cultist and Chosen","floor":25.0,"turns":6.0},{"damage":37.0,"enemies":"Book of Stabbing","floor":27.0,"turns":7.0},{"damage":23.0,"enemies":"Champ","floor":33.0,"turns":10.0},{"damage":0.0,"enemies":"3 Darklings","floor":35.0,"turns":5.0},{"damage":0.0,"enemies":"Orb Walker","floor":37.0,"turns":5.0},{"damage":0.0,"enemies":"4 Shapes","floor":39.0,"turns":4.0},{"damage":11.0,"enemies":"Nemesis","floor":41.0,"turns":9.0},{"damage":9.0,"enemies":"Transient","floor":42.0,"turns":6.0},{"damage":3.0,"enemies":"3 Darklings","floor":44.0,"turns":5.0},{"damage":4.0,"enemies":"Giant Head","floor":45.0,"turns":7.0},{"damage":0.0,"enemies":"4 Shapes","floor":48.0,"turns":6.0},{"damage":20.0,"enemies":"Donu and Deca","floor":50.0,"turns":8.0},{"damage":61,"enemies":"Time Eater","floor":51,"turns":6}],"seed_played":"8026765631805682704","potions_obtained":[{"floor":3.0,"key":"CunningPotion"},{"floor":4.0,"key":"Block Potion"},{"floor":4.0,"key":"LiquidMemories"},{"floor":7.0,"key":"Swift Potion"},{"floor":12.0,"key":"Weak Potion"},{"floor":16.0,"key":"SteroidPotion"},{"floor":25.0,"key":"GamblersBrew"},{"floor":35.0,"key":"Poison Potion"},{"floor":42.0,"key":"SkillPotion"},{"floor":48.0,"key":"BlessingOfTheForge"}],"is_trial":false,"path_per_floor":["M","M","M","?","M","E","M","R","T","?","$","E","$","M","R","B",null,"M","$","?","M","?","R","E","M","T","E","?","?","R","?","R","B",null,"M","$","M","?","M","R","E","M","T","M","E","R","T","M","R","B","B"],"character_chosen":"THE_SILENT","items_purchased":["Cloak And Dagger+1","Prepared+1"],"campfire_rested":7,"item_purchase_floors":[11,36],"current_hp_per_floor":[59,59,55,55,33,10,9,28,28,28,28,8,8,8,27,21,55,45,45,45,39,39,58,52,40,40,5,5,5,24,24,43,22,55,57,57,59,59,61,61,52,45,45,44,42,61,61,63,66,46,0,0],"gold":351,"neow_bonus":"RANDOM_COLORLESS_2","is_daily":false,"chose_seed":false,"campfire_upgraded":0,"win_rate":0.0,"timestamp":1612150592,"path_taken":["M","M","M","?","?","E","M","R","T","?","$","E","$","?","R","BOSS","M","$","?","M","?","R","E","?","T","E","?","?","R","?","R","BOSS","M","$","M","?","M","R","E","M","T","?","E","R","?","M","R","BOSS","BOSS"],"items_purchased_type":["Card","Card"],"build_version":"2020-12-22","purchased_purges":3,"victory":false,"max_hp_per_floor":[66,66,66,66,66,66,66,66,66,66,66,66,66,66,66,66,66,66,66,66,66,66,66,66,66,66,66,66,66,66,66,66,66,66,66,66,66,66,66,66,66,66,66,66,66,66,66,66,66,66,66,66],"relic_stats":{"Blood Vial":22,"Dream Catcher":1,"Gremlin Horn":[18,20],"counters":[25,158],"Shuriken":[78],"Dead Branch":[180],"Snake Skull":[35],"Art of War":[15],"MawBank":72,"obtain_stats":[{"Gremlin Horn":12,"Dead Branch":27,"Oddly Smooth Stone":6,"Snake Skull":41,"MawBank":45,"Blood Vial":26,"Dream Catcher":47,"Shuriken":9,"Fusion Hammer":17,"Art of War":24,"Toxic Egg 2":10,"Ring of the Serpent":34,"Ring of the Snake":0},{"Gremlin Horn":7,"Dead Branch":14,"Oddly Smooth Stone":5,"Snake Skull":19,"MawBank":22,"Blood Vial":13,"Dream Catcher":22,"Shuriken":6,"Fusion Hammer":9,"Art of War":12,"Toxic Egg 2":6,"Ring of the Serpent":15,"Ring of the Snake":0},{"Gremlin Horn":42,"Dead Branch":87,"Oddly Smooth Stone":30,"Snake Skull":120,"MawBank":138,"Blood Vial":80,"Dream Catcher":138,"Shuriken":35,"Fusion Hammer":57,"Art of War":74,"Toxic Egg 2":35,"Ring of the Serpent":97,"Ring of the Snake":0}]},"card_choices":[{"not_picked":["Transmutation","Metamorphosis"],"picked":"Apotheosis","floor":0.0},{"not_picked":["Dodge and Roll","Acrobatics"],"picked":"Predator","floor":1.0},{"not_picked":["Caltrops","Predator"],"picked":"Deadly Poison","floor":2.0},{"not_picked":["Masterful Stab","Backflip"],"picked":"PiercingWail","floor":3.0},{"not_picked":["Slice","Masterful Stab"],"picked":"Deadly Poison","floor":5.0},{"not_picked":["Eviscerate","Distraction"],"picked":"Blur","floor":6.0},{"not_picked":["Poisoned Stab","Deflect"],"picked":"Leg Sweep","floor":7.0},{"not_picked":["Reflex+1","A Thousand Cuts"],"picked":"Bullet Time+1","floor":12.0},{"not_picked":["Dagger Throw","Underhanded Strike"],"picked":"Escape Plan+1","floor":14.0},{"not_picked":["Tools of the Trade","Unload"],"picked":"Storm of Steel+1","floor":16.0},{"not_picked":["Dagger Throw","Sucker Punch"],"picked":"Blade Dance+1","floor":18.0},{"not_picked":["Predator","Endless Agony"],"picked":"Skewer","floor":21.0},{"not_picked":["Acrobatics+1","Slice"],"picked":"Well Laid Plans","floor":24.0},{"not_picked":["Underhanded Strike","All Out Attack"],"picked":"Bouncing Flask+1","floor":25.0},{"not_picked":["Slice","Well Laid Plans"],"picked":"Masterful Stab","floor":27.0},{"not_picked":["Die Die Die","Bullet Time+1"],"picked":"Burst+1","floor":33.0},{"not_picked":["Dodge and Roll+1","Acrobatics+1"],"picked":"Noxious Fumes","floor":35.0},{"not_picked":["Slice+1","Expertise+1","Dagger Throw+1"],"picked":"SKIP","floor":37.0},{"not_picked":["Dodge and Roll+1","Deadly Poison+1","Prepared+1"],"picked":"SKIP","floor":39.0},{"not_picked":["Dagger Spray+1","Quick Slash","Underhanded Strike+1"],"picked":"SKIP","floor":41.0},{"not_picked":["Well Laid Plans","Finisher"],"picked":"Blur+1","floor":42.0},{"not_picked":["PiercingWail+1","Quick Slash","Riddle With Holes"],"picked":"SKIP","floor":44.0},{"not_picked":["Finisher","Deadly Poison+1","Expertise+1"],"picked":"SKIP","floor":45.0},{"not_picked":["Cloak And Dagger+1","Reflex+1","Accuracy"],"picked":"SKIP","floor":48.0},{"not_picked":["Eviscerate","Tactician+1"],"picked":"Phantasmal Killer+1","floor":49.0}],"player_experience":2095053,"relics_obtained":[{"floor":6.0,"key":"Oddly Smooth Stone"},{"floor":9.0,"key":"Shuriken"},{"floor":12.0,"key":"Gremlin Horn"},{"floor":24.0,"key":"Art of War"},{"floor":26.0,"key":"Blood Vial"},{"floor":27.0,"key":"Dead Branch"},{"floor":41.0,"key":"Snake Skull"},{"floor":45.0,"key":"MawBank"},{"floor":47.0,"key":"Dream Catcher"}],"event_choices":[{"damage_healed":0.0,"max_hp_gain":0.0,"max_hp_loss":0.0,"gold_gain":0.0,"event_name":"Lab","player_choice":"Got Potions","floor":4.0,"gold_loss":0.0,"damage_taken":0.0},{"damage_healed":0.0,"max_hp_gain":0.0,"max_hp_loss":0.0,"gold_gain":0.0,"event_name":"WeMeetAgain","player_choice":"Gave Potion","floor":10.0,"gold_loss":0.0,"damage_taken":0.0,"relics_obtained":["Toxic Egg 2"]},{"damage_healed":0.0,"max_hp_gain":0.0,"max_hp_loss":0.0,"gold_gain":0.0,"event_name":"Vampires","player_choice":"Ignored","floor":20.0,"gold_loss":0.0,"damage_taken":0.0},{"cards_removed":["Strike_G"],"damage_healed":0.0,"max_hp_gain":0.0,"max_hp_loss":0.0,"gold_gain":0.0,"event_name":"Bonfire Elementals","player_choice":"Offered Basic","floor":22.0,"gold_loss":0.0,"damage_taken":0.0},{"damage_healed":0.0,"max_hp_gain":0.0,"max_hp_loss":0.0,"gold_gain":0.0,"event_name":"The Mausoleum","player_choice":"Ignored","floor":28.0,"gold_loss":0.0,"damage_taken":0.0},{"damage_healed":0.0,"max_hp_gain":0.0,"max_hp_loss":0.0,"gold_gain":50.0,"event_name":"Nest","player_choice":"Stole From Cult","floor":29.0,"gold_loss":0.0,"damage_taken":0.0},{"damage_healed":0.0,"max_hp_gain":0.0,"max_hp_loss":0.0,"gold_gain":0.0,"event_name":"Upgrade Shrine","player_choice":"Upgraded","floor":31.0,"gold_loss":0.0,"damage_taken":0.0,"cards_upgraded":["Apotheosis"]},{"cards_removed":["Strike_G"],"damage_healed":0.0,"max_hp_gain":0.0,"max_hp_loss":0.0,"gold_gain":0.0,"event_name":"Purifier","player_choice":"Purged","floor":38.0,"gold_loss":0.0,"damage_taken":0.0}],"is_beta":false,"boss_relics":[{"not_picked":["Calling Bell","Snecko Eye"],"picked":"Fusion Hammer"},{"not_picked":["SacredBark","Coffee Dripper"],"picked":"Ring of the Serpent"}],"items_purged_floors":[13,19,36],"is_endless":false,"potions_floor_spawned":[3,5,7,12,16,25,35,42,48],"killed_by":"Time Eater","ascension_level":20}}