{"host":"h1qktzcccqnez8tx","time":1612141045,"event":{"mods":["AchievementEnabler","BaseMod","Bestiary","Better Note","Block Reminder","Colored Map","Colored Powertips","Curses Come First","Downfall","Highlight Path","Infinite Spire","Minty Spire (QoL Compilation)","Permanent Neow","Quick Restart","Relic Stats","Replay The Spire","Say the Spire","StSLib","The Cursed","UnlockEverythingMod"],"gold_per_floor":[99,30,44,64,83,83,83,83,122,122,150,188,188,228,254,254,254,254],"floor_reached":16,"language":"ENG","playtime":1019,"items_purged":[],"score":126,"play_id":"02ef7f45-868a-4fe0-9dcf-f8b4c574b5d2","local_time":"20210201015725","is_ascension_mode":true,"campfire_choices":[{"data":"hexamod:GhostOfSpirePresent","floor":1,"key":"SMITH"},{"data":"hexamod:Float","floor":10,"key":"SMITH"},{"floor":13,"key":"REST"}],"circlet_count":0,"master_deck":["hexamod:Strike","hexamod:Strike","hexamod:Strike","hexamod:Strike","hexamod:Defend","hexamod:Defend","hexamod:Defend","hexamod:Defend","hexamod:Sear","hexamod:Float+1","hexamod:GhostOfSpirePresent+1","hexamod:PhantomCloak+1","hexamod:FirstSeal","hexamod:AdvancingGuard","hexamod:SecondSeal","hexamod:NightmareGuise","hexamod:ThirdSeal","hexamod:GhostOfSpirePresent","hexamod:GhostflameInferno","hexamod:ShieldOfDarkness"],"relics":["hexamod:SpiritBrand","infinitespire:WardingShard","Omamori","hexamod:MatchstickCase","Snack Pack"],"acts_visited":["Exordium"],"potions_floor_usage":[12,12,16,16,16],"damage_taken":[{"damage":0,"enemies":"downfall:FleeingMerchant","floor":2,"turns":4},{"damage":0,"enemies":"Cultist","floor":3,"turns":5},{"damage":7,"enemies":"Jaw Worm","floor":4,"turns":4},{"damage":0,"enemies":"Small Slimes","floor":5,"turns":4},{"damage":2,"enemies":"Lagavulin","floor":9,"turns":11},{"damage":4,"enemies":"Red Slaver","floor":11,"turns":7},{"damage":46,"enemies":"Gremlin Nob","floor":12,"turns":8},{"damage":22,"enemies":"3 Sentries","floor":14,"turns":12},{"damage":0,"enemies":"Large Slime","floor":15,"turns":7},{"damage":69,"enemies":"DF_ARCHETYPE_STREAMLINE","floor":16,"turns":14}],"seed_played":"-502915499880900315","potions_obtained":[{"floor":3,"key":"GamblersBrew"},{"floor":4,"key":"Block Potion"},{"floor":11,"key":"ColorlessPotion"},{"floor":12,"key":"hexamod:EctoCoolerPotion"},{"floor":15,"key":"Dexterity Potion"}],"is_trial":false,"path_per_floor":["R","$","M","M","M","?","T","?","E","R","M","E","R","E","M","B"],"character_chosen":"THE_SPIRIT","items_purchased":["hexamod:PhantomCloak+1"],"campfire_rested":1,"item_purchase_floors":[2],"current_hp_per_floor":[70,70,70,70,70,70,70,70,70,70,70,31,52,37,44,0,0,0],"gold":254,"neow_bonus":"THREE_RARE_CARDS","is_daily":false,"chose_seed":false,"campfire_upgraded":2,"win_rate":0.0,"timestamp":1612141045,"path_taken":["R","$","M","?","M","?","T","?","E","R","?","E","R","E","M","BOSS"],"items_purchased_type":["Card"],"build_version":"2020-12-22","purchased_purges":0,"victory":false,"max_hp_per_floor":[70,70,70,70,70,70,70,70,70,70,70,70,70,70,70,70,70,70],"relic_stats":{"counters":[10,76],"obtain_stats":[{"infinitespire:WardingShard":7,"Omamori":9,"Snack Pack":14,"hexamod:SpiritBrand":0,"hexamod:MatchstickCase":12},{"infinitespire:WardingShard":4,"Omamori":5,"Snack Pack":8,"hexamod:SpiritBrand":0,"hexamod:MatchstickCase":7},{"infinitespire:WardingShard":17,"Omamori":28,"Snack Pack":55,"hexamod:SpiritBrand":0,"hexamod:MatchstickCase":43}]},"card_choices":[{"not_picked":["hexamod:TimeWarp","hexamod:SearingWound"],"picked":"hexamod:GhostOfSpirePresent","floor":0},{"not_picked":["hexamod:HeatMetal","hexamod:TurnItUp","hexamod:SpectralAdrenaline"],"picked":"SKIP","floor":2},{"not_picked":["hexamod:StepThrough","hexamod:BacktrackSmack"],"picked":"hexamod:FirstSeal","floor":3},{"not_picked":["hexamod:PhantomFireball","hexamod:Firestarter"],"picked":"hexamod:AdvancingGuard","floor":4},{"not_picked":["hexamod:SpectralAdrenaline","hexamod:GhostShield"],"picked":"hexamod:SecondSeal","floor":5},{"not_picked":["hexamod:HauntingEcho","hexamod:ShieldOfDarkness"],"picked":"hexamod:NightmareGuise","floor":9},{"not_picked":["hexamod:NecessarySacrifice","hexamod:PowerFromBeyond"],"picked":"hexamod:ThirdSeal","floor":11},{"not_picked":["hexamod:SwordOfDarkness","hexamod:PhantomFireball"],"picked":"hexamod:GhostOfSpirePresent","floor":12},{"not_picked":["hexamod:HeatMetal","hexamod:GhostShield","hexamod:ThermalTransfer"],"picked":"SKIP","floor":12},{"not_picked":["hexamod:SpectersWail","hexamod:GhostShield"],"picked":"hexamod:GhostflameInferno","floor":14},{"not_picked":["hexamod:NightmareGuise","hexamod:ForkedFlame","hexamod:EtherealExpedition"],"picked":"SKIP","floor":14},{"not_picked":["hexamod:BurningTouch","hexamod:SuperheatedStrike"],"picked":"hexamod:ShieldOfDarkness","floor":15},{"not_picked":["hexamod:ChargedBarrage","hexamod:BurningTouch","hexamod:FirstSeal"],"picked":"SKIP","floor":15}],"player_experience":344746,"relics_obtained":[{"floor":7,"key":"infinitespire:WardingShard"},{"floor":9,"key":"Omamori"},{"floor":12,"key":"hexamod:MatchstickCase"},{"floor":14,"key":"Snack Pack"}],"event_choices":[],"is_beta":false,"boss_relics":[],"items_purged_floors":[],"is_endless":false,"potions_floor_spawned":[3,4,11,12,15],"killed_by":"DF_ARCHETYPE_STREAMLINE","ascension_level":1}}