{"host":"yx5rao87132cy5xq","time":1612146583,"event":{"mods":["2.2 Compatiblity","AchievementEnabler","BaseMod","Bestiary","Colored Map","Colored Powertips","Minty Spire (QoL Compilation)","Quick Restart","Relic Stats","Slay-I","SuperFastMode"],"gold_per_floor":[118,118,118,199,199,222,253,253,253,266,266,266,307,331,331,426,426,449,449,443,358,379,379,379,379],"floor_reached":24,"language":"ENG","playtime":1168,"items_purged":[],"score":367,"play_id":"58bbc228-a84c-4b10-a809-b81803932fe6","local_time":"20210201032943","is_ascension_mode":true,"campfire_choices":[{"floor":8,"key":"REST"},{"data":"Bash","floor":12,"key":"SMITH"},{"floor":15,"key":"REST"},{"floor":23,"key":"REST"}],"circlet_count":0,"master_deck":["AscendersBane","Strike_R","Strike_R","Strike_R","Strike_R","Strike_R","Defend_R","Defend_R","Defend_R","Defend_R","Bash+1","Pommel Strike","Wild Strike+1","Reckless Charge","Armaments","Barricade","Spot Weakness","Impervious"],"relics":["Black Blood","White Beast Statue","Golden Idol","Bronze Scales","Self Forming Clay","The Courier","Toxic Egg 2"],"acts_visited":["Exordium","TheCity"],"potions_floor_usage":[7,16],"damage_taken":[{"damage":0,"enemies":"Small Slimes","floor":1,"turns":3},{"damage":12,"enemies":"Jaw Worm","floor":6,"turns":3},{"damage":30,"enemies":"Lagavulin","floor":7,"turns":5},{"damage":5,"enemies":"2 Louse","floor":10,"turns":2},{"damage":25,"enemies":"3 Sentries","floor":13,"turns":8},{"damage":8,"enemies":"Looter","floor":14,"turns":4},{"damage":15,"enemies":"Hexaghost","floor":16,"turns":9},{"damage":16,"enemies":"3 Byrds","floor":18,"turns":4},{"damage":22,"enemies":"2 Thieves","floor":20,"turns":4},{"damage":49,"enemies":"Chosen and Byrds","floor":22,"turns":9},{"damage":15,"enemies":"Shelled Parasite and Fungi","floor":24,"turns":3}],"seed_played":"-3737518723484228625","potions_obtained":[{"floor":0,"key":"FairyPotion"},{"floor":0,"key":"Ancient Potion"},{"floor":6,"key":"BlessingOfTheForge"},{"floor":7,"key":"Strength Potion"},{"floor":14,"key":"Fire Potion"},{"floor":16,"key":"DuplicationPotion"}],"is_trial":false,"path_per_floor":["M","?","?","T","?","M","E","R","T","M","?","R","E","M","R","B",null,"M","?","M","?","M","R","M"],"character_chosen":"IRONCLAD","items_purchased":[],"campfire_rested":3,"item_purchase_floors":[],"current_hp_per_floor":[74,74,74,74,48,42,18,40,40,41,41,41,22,20,42,33,65,61,61,51,51,14,36,21,21],"gold":379,"neow_bonus":"THREE_SMALL_POTIONS","is_daily":false,"chose_seed":false,"campfire_upgraded":1,"win_rate":0.0,"timestamp":1612146583,"path_taken":["M","?","?","?","?","M","E","R","T","M","?","R","E","M","R","BOSS","M","?","M","?","M","R","M"],"items_purchased_type":[],"build_version":"2020-12-22","purchased_purges":0,"victory":false,"max_hp_per_floor":[75,75,75,75,75,75,75,75,75,75,75,75,75,75,75,75,75,75,75,75,75,75,75,75,75],"relic_stats":{"counters":[11,54],"Golden Idol":60,"Self Forming Clay":[93],"Bronze Scales":[203],"Black Blood":78,"obtain_stats":[{"Golden Idol":5,"Self Forming Clay":9,"Bronze Scales":7,"Black Blood":17,"The Courier":13,"Toxic Egg 2":21,"Burning Blood":0,"White Beast Statue":4},{"Golden Idol":1,"Self Forming Clay":3,"Bronze Scales":3,"Black Blood":7,"The Courier":5,"Toxic Egg 2":9,"Burning Blood":0,"White Beast Statue":1},{"Golden Idol":3,"Self Forming Clay":11,"Bronze Scales":11,"Black Blood":34,"The Courier":21,"Toxic Egg 2":42,"Burning Blood":0,"White Beast Statue":3}]},"card_choices":[{"not_picked":["Dropkick","Armaments"],"picked":"Pommel Strike","floor":1},{"not_picked":["Flex","Warcry"],"picked":"Wild Strike","floor":6},{"not_picked":["Body Slam","Sword Boomerang"],"picked":"Reckless Charge","floor":7},{"not_picked":["Clothesline","Offering"],"picked":"Armaments","floor":10},{"not_picked":["Cleave","Intimidate"],"picked":"Barricade","floor":13},{"not_picked":["Body Slam","Dual Wield"],"picked":"Spot Weakness","floor":14},{"not_picked":["Bludgeon","Corruption"],"picked":"Impervious","floor":16},{"not_picked":["Dual Wield","Sword Boomerang","Body Slam"],"picked":"SKIP","floor":18},{"not_picked":["Dual Wield","Cleave","Body Slam"],"picked":"SKIP","floor":20},{"not_picked":["Dropkick","Hemokinesis+1","Shrug It Off+1"],"picked":"SKIP","floor":22}],"player_experience":954168,"relics_obtained":[{"floor":4,"key":"White Beast Statue"},{"floor":7,"key":"Bronze Scales"},{"floor":9,"key":"Self Forming Clay"},{"floor":13,"key":"The Courier"}],"event_choices":[{"damage_healed":0,"gold_gain":0,"player_choice":"Ignored","damage_taken":0,"max_hp_gain":0,"max_hp_loss":0,"event_name":"Golden Wing","floor":2,"gold_loss":0},{"damage_healed":0,"gold_gain":0,"player_choice":"Leave","damage_taken":0,"max_hp_gain":0,"max_hp_loss":0,"event_name":"The Cleric","floor":3,"gold_loss":0},{"damage_healed":0,"gold_gain":0,"player_choice":"Take Damage","damage_taken":26,"relics_obtained":["Golden Idol"],"max_hp_gain":0,"max_hp_loss":0,"event_name":"Golden Idol","floor":5,"gold_loss":0},{"damage_healed":0,"gold_gain":0,"player_choice":"Grow","damage_taken":0,"max_hp_gain":0,"max_hp_loss":0,"event_name":"Living Wall","floor":11,"gold_loss":0,"cards_upgraded":["Wild Strike"]},{"damage_healed":0,"gold_gain":0,"player_choice":"Ignored","damage_taken":0,"max_hp_gain":0,"max_hp_loss":0,"event_name":"The Mausoleum","floor":19,"gold_loss":0},{"damage_healed":0,"gold_gain":0,"player_choice":"Obtained Relic","damage_taken":0,"relics_obtained":["Toxic Egg 2"],"max_hp_gain":0,"max_hp_loss":0,"event_name":"Addict","floor":21,"gold_loss":85}],"is_beta":false,"boss_relics":[{"not_picked":["Tiny House","Fusion Hammer"],"picked":"Black Blood"}],"items_purged_floors":[],"is_endless":false,"potions_floor_spawned":[6,7,10,13,14,16,18,20,22],"killed_by":"Shelled Parasite and Fungi","ascension_level":16}}