{"host":"syozzdlzcqop4jia","time":1612213745,"event":{"mods":["BaseMod","Colored Map","Colored Powertips","Minty Spire (QoL Compilation)","Quick Restart"],"gold_per_floor":[117,132,150,51,126,126,137,87,87,117,128,161,161,172,172,172,172],"floor_reached":16,"language":"ENG","playtime":880,"items_purged":["Strike_R"],"score":164,"play_id":"5d43e125-c637-4572-9992-43cc48f3250b","local_time":"20210201220905","is_ascension_mode":true,"campfire_choices":[{"data":"Pommel Strike","floor":6,"key":"SMITH"},{"data":"Armaments","floor":13,"key":"SMITH"},{"data":"Flex","floor":15,"key":"SMITH"}],"circlet_count":0,"master_deck":["Strike_R","Strike_R","Strike_R","Defend_R","Defend_R","Defend_R","Defend_R","Bash","Wild Strike","Warcry","Sword Boomerang","Pommel Strike+1","Dual Wield","Wild Strike","Uppercut","Armaments+1","Flex+1"],"relics":["Burning Blood","Lantern","FossilizedHelix","Bird Faced Urn","Strawberry"],"acts_visited":["Exordium"],"potions_floor_usage":[10,10,11,12,12,12],"damage_taken":[{"damage":1,"enemies":"Cultist","floor":1,"turns":4},{"damage":2,"enemies":"Jaw Worm","floor":2,"turns":3},{"damage":3,"enemies":"2 Louse","floor":3,"turns":3},{"damage":1,"enemies":"2 Fungi Beasts","floor":7,"turns":3},{"damage":0,"enemies":"Gremlin Nob","floor":10,"turns":3},{"damage":0,"enemies":"Large Slime","floor":11,"turns":5},{"damage":12,"enemies":"Lagavulin","floor":12,"turns":6},{"damage":5,"enemies":"Exordium Thugs","floor":14,"turns":4},{"damage":85,"enemies":"Hexaghost","floor":16,"turns":9}],"seed_played":"5292574991396826606","potions_obtained":[{"floor":2,"key":"Strength Potion"},{"floor":7,"key":"AttackPotion"},{"floor":11,"key":"EntropicBrew"}],"is_trial":false,"path_per_floor":["M","M","M","$","?","R","M","?","T","E","M","E","R","M","R","B"],"character_chosen":"IRONCLAD","items_purchased":["Pommel Strike"],"campfire_rested":0,"item_purchase_floors":[4],"current_hp_per_floor":[80,80,80,80,69,69,74,74,74,80,80,81,81,82,82,0,0],"gold":172,"neow_bonus":"RANDOM_COMMON_RELIC","is_daily":false,"chose_seed":false,"campfire_upgraded":3,"win_rate":0.0,"timestamp":1612213745,"path_taken":["M","M","?","$","?","R","M","?","T","E","M","E","R","M","R","BOSS"],"items_purchased_type":["Card"],"build_version":"2020-12-22","purchased_purges":1,"victory":false,"max_hp_per_floor":[80,80,80,80,80,80,80,80,80,80,80,87,87,87,87,87,87],"card_choices":[{"not_picked":["Infernal Blade","Twin Strike"],"picked":"Wild Strike","floor":1},{"not_picked":["Body Slam","Whirlwind"],"picked":"Warcry","floor":2},{"not_picked":["Heavy Blade","Ghostly Armor"],"picked":"Sword Boomerang","floor":3},{"not_picked":["Cleave","Clash"],"picked":"Dual Wield","floor":7},{"not_picked":["Armaments","Rampage"],"picked":"Wild Strike","floor":10},{"not_picked":["Iron Wave","Exhume"],"picked":"Uppercut","floor":11},{"not_picked":["Metallicize","Sentinel"],"picked":"Armaments","floor":12},{"not_picked":["Blood for Blood","Iron Wave"],"picked":"Flex","floor":14}],"player_experience":496801,"relics_obtained":[{"floor":9,"key":"FossilizedHelix"},{"floor":10,"key":"Bird Faced Urn"},{"floor":12,"key":"Strawberry"}],"event_choices":[{"damage_healed":0,"gold_gain":75,"player_choice":"Gather Gold","damage_taken":11,"max_hp_gain":0,"max_hp_loss":0,"event_name":"World of Goop","floor":5,"gold_loss":0},{"cards_removed":["Strike_R"],"damage_healed":0,"gold_gain":0,"player_choice":"Card Removal","damage_taken":0,"max_hp_gain":0,"max_hp_loss":0,"event_name":"The Cleric","floor":8,"gold_loss":50}],"is_beta":false,"boss_relics":[],"items_purged_floors":[4],"is_endless":false,"potions_floor_spawned":[2,7,11],"killed_by":"Hexaghost","ascension_level":4}}