{"host":"y2tpd94z1x94fzdt","time":1612167128,"event":{"mods":["BaseMod","Better Third Choice","Hubris","Infinite Spire","Koishi","Marisa????????","Minty Spire (QoL Compilation)","Replay The Spire","StSLib","The Animator","The Construct","The Cursed","The Disciple","The Hierophant","The Jungle","The Mystic","The Saiyan","The Senshi","The Servant 0.9.4","TheBandit","WarShipGirlsR/????R mod"],"gold_per_floor":[118,118,118,141,141,141,156,194,194,229,229,263,43,43,43,172,172,193,193,193,193,214,214,239,283,328,351,367,383,27,45,45,165,165,184,184,184,184,184,228,228,228],"floor_reached":41,"language":"ENG","playtime":3657,"items_purged":[],"score":506,"play_id":"3c4f38b2-bad9-4c6e-babd-29ced76d15a0","local_time":"20210201011208","is_ascension_mode":true,"campfire_choices":[{"floor":6,"key":"REST"},{"floor":11,"key":"REST"},{"floor":15,"key":"REST"},{"data":"Bludgeon","floor":23,"key":"SMITH"},{"floor":32,"key":"REST"}],"circlet_count":0,"master_deck":["Strike_R","Strike_R","Strike_R","Strike_R","Strike_R+1","Defend_R","Defend_R","Defend_R+1","Defend_R","Bash","Regret","Cleave","Intimidate","Inflame+1","Rampage+1","Bludgeon+1","Limit Break","Shame","Flex","Flex+1","Carnage+1","Hemogenesis","Berserk","infinitespire:NeuralNetwork"],"relics":["Burning Blood","Replay:Baseball","Golden Idol","Orichalcum","Mirror","Blue Doll","Gremlin Food","hubris:Icosahedron","Philosopher\u0027s Stone","theJungle:PaperFaux","infinitespire:Burning Sword","hubris:ToyBattleship","Blood Vial","King of Hearts","Omamori","hubris:TerracottaHorce","Another Sword","hubris:Towel","Simple Rune"],"acts_visited":["Exordium","Exordium","TheBeyond"],"potions_floor_usage":[8,10,31,33,33,41],"damage_taken":[{"damage":4,"enemies":"Jaw Worm","floor":1,"turns":5},{"damage":13,"enemies":"Small Slimes","floor":4,"turns":5},{"damage":4,"enemies":"Cultist","floor":7,"turns":4},{"damage":35,"enemies":"3 Sentries","floor":8,"turns":8},{"damage":16,"enemies":"Gremlin Nob","floor":10,"turns":5},{"damage":33,"enemies":"3 Sentries","floor":12,"turns":9},{"damage":49,"enemies":"Fading Forest","floor":16,"turns":11},{"damage":11,"enemies":"theJungle:MUSHROOMGANG","floor":18,"turns":4},{"damage":2,"enemies":"theJungle:GiantWrat","floor":22,"turns":2},{"damage":3,"enemies":"theJungle:SlimyTreeVines","floor":24,"turns":3},{"damage":32,"enemies":"theJungle:2_Phrogs","floor":25,"turns":6},{"damage":23,"enemies":"Snake Plant","floor":27,"turns":2},{"damage":24,"enemies":"theJungle:JungleHuntersEncounter","floor":28,"turns":4},{"damage":15,"enemies":"theJungle:SlimyTreeVines","floor":29,"turns":5},{"damage":16,"enemies":"Snake Plant","floor":31,"turns":2},{"damage":11,"enemies":"theJungle:FunGuy","floor":33,"turns":5},{"damage":0,"enemies":"Orb Walker","floor":35,"turns":1},{"damage":51,"enemies":"R_Hoarder","floor":40,"turns":5},{"damage":42,"enemies":"3 Darklings","floor":41,"turns":4}],"seed_played":"8719303193685183181","potions_obtained":[{"floor":7,"key":"PowerPotion"},{"floor":8,"key":"Block Potion"},{"floor":16,"key":"Ancient Potion"},{"floor":22,"key":"SpeedPotion"},{"floor":27,"key":"Energy Potion"},{"floor":28,"key":"Reflective Coating"},{"floor":33,"key":"Energy Potion"},{"floor":35,"key":"Strength Potion"},{"floor":40,"key":"BlessingOfTheForge"}],"is_trial":false,"path_per_floor":["M","?","?","M","$","R","M","E","T","E","R","E","$","?","R","B",null,"M","?","?","AVR","M","R","M","E","T","M","M","M","$","M","R","B",null,"M","?","?","AVR","?","E","M"],"character_chosen":"IRONCLAD","items_purchased":["Inflame","Rampage+1","Bludgeon","Carnage+1","King of Hearts","Omamori"],"campfire_rested":4,"item_purchase_floors":[13,13,13,30,30,30],"current_hp_per_floor":[88,88,66,59,59,85,87,58,58,48,74,47,47,47,73,40,88,83,83,83,83,87,87,88,62,62,47,31,30,30,22,48,52,79,87,87,65,65,65,27,0,0],"gold":228,"neow_bonus":"TEN_PERCENT_HP_BONUS","is_daily":false,"chose_seed":false,"campfire_upgraded":1,"win_rate":0.0,"timestamp":1612167128,"path_taken":["M","?","?","M","?","R","M","E","T","E","R","E","$","?","R","BOSS","M","?","?","AVR","M","R","M","E","T","M","M","M","$","M","R","BOSS","M","?","?","AVR","?","E","M"],"items_purchased_type":["Card","Card","Card","Card","Relic","Relic"],"build_version":"2020-12-22","purchased_purges":0,"victory":false,"max_hp_per_floor":[88,88,88,88,88,88,88,88,88,88,88,88,88,88,88,88,88,88,88,88,88,88,88,88,88,88,88,88,88,88,88,88,88,88,88,88,88,88,88,88,88,88],"card_choices":[{"not_picked":["hubris:SharpeningStone","Sword Boomerang","Replay:Undeath\u0027s Touch"],"picked":"SKIP","floor":1},{"not_picked":["Dark Embrace","Armaments","ReplayTheSpireMod:Strike From Hell"],"picked":"SKIP","floor":4},{"not_picked":["ReplayTheSpireMod:Strike From Hell","Body Slam"],"picked":"Cleave","floor":7},{"not_picked":["Anger","Warcry"],"picked":"Intimidate","floor":8},{"not_picked":["Body Slam","Disarm","Sentinel"],"picked":"SKIP","floor":10},{"not_picked":["Twin Strike","Pommel Strike","Feel No Pain"],"picked":"SKIP","floor":12},{"not_picked":["Brutality","hubris:StunningStrike"],"picked":"Limit Break","floor":16},{"not_picked":["Sword Boomerang","Armaments","Headbutt"],"picked":"SKIP","floor":18},{"not_picked":["Thunderclap","Armaments","Run Through"],"picked":"SKIP","floor":22},{"not_picked":["Thunderclap","True Grit","Sword Boomerang"],"picked":"SKIP","floor":24},{"not_picked":["Cleave","hubris:CleavingFinish+1","True Grit"],"picked":"SKIP","floor":25},{"not_picked":["Thunderclap","Power Through"],"picked":"Life Link+1","floor":27},{"not_picked":["Clothesline","Perfected Strike"],"picked":"Flex","floor":28},{"not_picked":["True Grit","Rupture"],"picked":"Flex","floor":29},{"not_picked":["ReplayTheSpireMod:Strike From Hell","ReplayTheSpireMod:LeadingStrike"],"picked":"Hemogenesis","floor":31},{"not_picked":["Immolate","Impervious"],"picked":"Berserk","floor":33},{"not_picked":["Headbutt","Iron Wave+1","ReplayTheSpireMod:Strike From Hell+1"],"picked":"SKIP","floor":35},{"not_picked":["infinitespire:FutureSight","hubris:Rewind"],"picked":"infinitespire:NeuralNetwork","floor":37},{"not_picked":["Sever Soul+1","Iron Wave","Second Wind+1"],"picked":"SKIP","floor":40}],"player_experience":300955,"relics_obtained":[{"floor":8,"key":"Orichalcum"},{"floor":9,"key":"Mirror"},{"floor":10,"key":"Blue Doll"},{"floor":12,"key":"Gremlin Food"},{"floor":25,"key":"hubris:ToyBattleship"},{"floor":26,"key":"Blood Vial"},{"floor":40,"key":"Simple Rune"}],"event_choices":[{"damage_healed":0,"gold_gain":0,"player_choice":"Box","damage_taken":0,"relics_obtained":["Replay:Baseball"],"max_hp_gain":0,"max_hp_loss":0,"event_name":"Big Fish","floor":2,"gold_loss":0,"cards_obtained":["Regret"]},{"damage_healed":0,"gold_gain":0,"player_choice":"Take Damage","damage_taken":22,"relics_obtained":["Golden Idol"],"max_hp_gain":0,"max_hp_loss":0,"event_name":"Golden Idol","floor":3,"gold_loss":0},{"cards_removed":["Life Link"],"damage_healed":0,"gold_gain":0,"player_choice":"Removed Power","damage_taken":0,"max_hp_gain":0,"max_hp_loss":0,"event_name":"Falling","floor":36,"gold_loss":0}],"is_beta":false,"boss_relics":[{"not_picked":["hubris:RunicObelisk","Replay:Grab Bag"],"picked":"Philosopher\u0027s Stone"},{"not_picked":["Ring of Chaos","Busted Crown"],"picked":"hubris:TerracottaHorce"}],"items_purged_floors":[],"is_endless":false,"potions_floor_spawned":[7,8,16,22,27,28,29,33,35,40],"killed_by":"3 Darklings","ascension_level":1}}