{"host":"9slw7l0ws16384qq","time":1612209193,"event":{"mods":["A Penny For Your Troubles","BaseMod","Colored Map","Downfall","Evolution","Hubris","Minty Spire (QoL Compilation)","Replay The Spire","StS++","StSLib"],"gold_per_floor":[99,111,111,111,131,131,158,191,217,249,249,276,276,340,365,463,463,463,494,517,262,262,292,292,292,192,232,232,232,263,286,315,419,419,419,448,480,480,707,707,707,757,803,603,603,635,647,690,717,718,718,765,63,63,63,63],"floor_reached":57,"language":"FRA","playtime":4013,"items_purged":["hexamod:Defend","hexamod:Strike","hexamod:Defend"],"score":1552,"play_id":"8dfce6cd-cc63-40b6-b49a-589bd8ef395d","local_time":"20210201205313","is_ascension_mode":true,"campfire_choices":[{"data":"hexamod:Sear","floor":1,"key":"SMITH"},{"data":"hexamod:RainOfEmbers","floor":6,"key":"SMITH"},{"data":"hexamod:Hexaguard","floor":11,"key":"SMITH"},{"data":"1","floor":18,"key":"LIFT"},{"data":"2","floor":26,"key":"LIFT"},{"data":"3","floor":29,"key":"LIFT"},{"floor":35,"key":"RECALL"},{"data":"expansioncontent:QuickStudy","floor":44,"key":"SMITH"},{"data":"hexamod:Float","floor":54,"key":"SMITH"}],"circlet_count":0,"master_deck":["hexamod:Strike","hexamod:Strike","hexamod:Strike","hexamod:Defend","hexamod:Defend","hexamod:Sear+1","hexamod:Float+1","hexamod:RainOfEmbers+1","hexamod:Hexaguard+1","hexamod:ExtraCrispy","expansioncontent:QuickStudy+1","hexamod:Hexaguard+1","hexamod:Hexaguard+1","hexamod:RainOfEmbers+1","hexamod:RainOfEmbers+1"],"relics":["hexamod:SpiritBrand","EVO:Axolotl","hubris:FunFungus","Lantern","StSpp:PetrifiedCaterpillar","Quantum Egg","Girya","hubris:PeanutButter","Juzu Bracelet","Busted Crown","downfall:HeartBlessingBlue","Happy Flower","Garlic","hubris:Backtick","StSpp:XCola","hubris:Towel","hubris:MedicalManual","Replay:Kaleidoscope","Toy Ornithopter","downfall:HeartBlessingRed","downfall:HeartBlessingGreen","Golden Egg","Replay:Rubber Ducky","Pen Nib","Replay:WaspNest"],"acts_visited":["Exordium","TheCity","TheBeyond","TheEnding"],"potions_floor_usage":[9,15,16,39,50,50,50,55,55],"damage_taken":[{"damage":0,"enemies":"Small Slimes","floor":2,"turns":3},{"damage":0,"enemies":"2 Louse","floor":5,"turns":3},{"damage":0,"enemies":"Gremlin Nob","floor":8,"turns":3},{"damage":0,"enemies":"Jaw Worm","floor":9,"turns":3},{"damage":10,"enemies":"3 Sentries","floor":10,"turns":5},{"damage":3,"enemies":"Lagavulin","floor":12,"turns":5},{"damage":11,"enemies":"Lagavulin Event","floor":14,"turns":6},{"damage":0,"enemies":"Gremlin Gang","floor":15,"turns":1},{"damage":12,"enemies":"DF_ARCHETYPE_STREAMLINE","floor":16,"turns":8},{"damage":0,"enemies":"3 Byrds","floor":19,"turns":3},{"damage":0,"enemies":"Snecko","floor":20,"turns":3},{"damage":0,"enemies":"downfall:FleeingMerchant","floor":21,"turns":4},{"damage":0,"enemies":"3 Cultists","floor":23,"turns":4},{"damage":0,"enemies":"Book of Stabbing","floor":27,"turns":4},{"damage":17,"enemies":"Gremlin Leader","floor":30,"turns":6},{"damage":0,"enemies":"Shelled Parasite and Fungi","floor":31,"turns":3},{"damage":0,"enemies":"Snake Plant","floor":32,"turns":3},{"damage":6,"enemies":"WA_ARCHETYPE_CALM","floor":33,"turns":8},{"damage":0,"enemies":"3 Darklings","floor":36,"turns":4},{"damage":0,"enemies":"3 Shapes","floor":37,"turns":2},{"damage":0,"enemies":"downfall:FleeingMerchant","floor":39,"turns":4},{"damage":6,"enemies":"downfall:FleeingMerchant","floor":42,"turns":6},{"damage":0,"enemies":"R_Hoarder","floor":43,"turns":5},{"damage":0,"enemies":"Jaw Worm Horde","floor":46,"turns":3},{"damage":4,"enemies":"4 Shapes","floor":47,"turns":3},{"damage":0,"enemies":"Nemesis","floor":48,"turns":3},{"damage":0,"enemies":"Writhing Mass","floor":49,"turns":3},{"damage":26,"enemies":"IC_BLOCK_ARCHETYPE","floor":50,"turns":6},{"damage":0,"enemies":"downfall:CharBossMerchant","floor":52,"turns":5},{"damage":30,"enemies":"downfall:NeowBoss","floor":55,"turns":11},{"damage":19,"enemies":"downfall:NeowBossFinal","floor":56,"turns":7}],"seed_played":"2408411448354495929","potions_obtained":[{"floor":2,"key":"hexamod:InfernoChargePotion"},{"floor":10,"key":"Explosive Potion"},{"floor":14,"key":"Slimebound:ThreeZeroPotion"},{"floor":16,"key":"CultistPotion"},{"floor":20,"key":"Swift Potion"},{"floor":23,"key":"Fire Potion"},{"floor":27,"key":"Flashbang"},{"floor":43,"key":"Reflective Coating"},{"floor":46,"key":"Flashbang"}],"is_trial":false,"path_per_floor":["R","M","?","?","M","R","T","E","M","E","R","E","$","?","M","B",null,"R_BF","M","M","$","?","M","T","?","R","E","?","R","E","M","M","B",null,"R","M","M","?","$","?","T","?","E","R","$","M","M","E","M","B",null,"E","$","R","B","B",null],"character_chosen":"THE_SPIRIT","items_purchased":["hubris:PeanutButter","expansioncontent:QuickStudy","hexamod:RainOfEmbers","Pen Nib","Replay:WaspNest","Reflective Coating","EssenceOfSteel"],"campfire_rested":0,"item_purchase_floors":[13,21,53,53,53,53,53],"current_hp_per_floor":[49,50,50,50,50,50,50,50,51,41,41,38,22,12,12,1,70,70,70,70,70,57,57,57,57,67,67,67,67,50,50,50,49,85,85,85,85,85,85,85,85,85,85,85,85,85,82,85,85,71,85,85,85,85,56,43],"gold":63,"neow_bonus":"ONE_RARE_RELIC","is_daily":false,"chose_seed":false,"campfire_upgraded":5,"win_rate":0.0,"timestamp":1612209193,"path_taken":["R","M","?","?","M","R","T","E","M","E","R","E","?","?","M","BOSS","R_BF","M","M","$","?","M","T","?","R","E","?","R","E","M","M","BOSS","R","M","M","?","$","?","T","?","E","R","$","M","M","E","M","BOSS","E","$","R","BOSS","BOSS"],"items_purchased_type":["Relic","Card","Card","Relic","Relic","Potion","Potion"],"build_version":"2020-12-22","purchased_purges":3,"victory":true,"max_hp_per_floor":[70,70,70,70,70,70,70,70,70,70,70,70,70,70,70,70,70,70,70,70,70,75,75,75,75,85,85,85,85,85,85,85,85,85,85,85,85,85,85,85,85,85,85,85,85,85,85,85,85,85,85,85,85,85,85,85],"card_choices":[{"not_picked":["hexamod:GhostflameBarrier","hexamod:SkipABeat","hexamod:NightmareGuise"],"picked":"SKIP","floor":2},{"not_picked":["hexamod:NightmareStrike","hexamod:ShieldOfDarkness","hexamod:GhostflameBarrier"],"picked":"SKIP","floor":5},{"not_picked":["hexamod:HeatMetal","hexamod:NightmareStrike","hexamod:SpectersWail"],"picked":"SKIP","floor":8},{"not_picked":["hexamod:SpectralAdrenaline","hexamod:SecondSeal"],"picked":"hexamod:Hexaguard","floor":9},{"not_picked":["hexamod:SoulSteal","hexamod:SpectralAdrenaline","hexamod:InspiringFlames"],"picked":"SKIP","floor":10},{"not_picked":["hexamod:GiftsFromTheDead","hexamod:BurningTouch"],"picked":"hexamod:ExtraCrispy","floor":12},{"not_picked":["hexamod:PowerFromBeyond","hexamod:GhostflameBarrier","hexamod:GhostOfSpirePast"],"picked":"SKIP","floor":15},{"not_picked":["hexamod:RetreatToShadows"],"picked":"SKIP","floor":19},{"not_picked":["hexamod:ShieldOfDarkness"],"picked":"SKIP","floor":20},{"not_picked":["hexamod:ThermalTransfer"],"picked":"SKIP","floor":21},{"not_picked":["hexamod:AdvancingGuard"],"picked":"SKIP","floor":23},{"not_picked":["hexamod:BacktrackSmack+1"],"picked":"SKIP","floor":27},{"not_picked":["hexamod:FlameSwitch"],"picked":"SKIP","floor":30},{"not_picked":["hexamod:RadiantFlame"],"picked":"SKIP","floor":31},{"not_picked":["hexamod:FastForward+1"],"picked":"SKIP","floor":32},{"not_picked":["hexamod:ExtraCrispy+1"],"picked":"SKIP","floor":36},{"not_picked":["hexamod:BacktrackSmack"],"picked":"SKIP","floor":37},{"not_picked":["hexamod:HeatShield"],"picked":"SKIP","floor":39},{"not_picked":["hexamod:SwordOfDarkness"],"picked":"SKIP","floor":43},{"not_picked":[],"picked":"hexamod:Hexaguard+1","floor":46},{"not_picked":["hexamod:Rewind"],"picked":"SKIP","floor":47},{"not_picked":["hexamod:FifthSeal"],"picked":"SKIP","floor":48},{"not_picked":[],"picked":"hexamod:RainOfEmbers+1","floor":49},{"not_picked":["hexamod:GhostflameBarrier"],"picked":"SKIP","floor":52}],"player_experience":1582978,"relics_obtained":[{"floor":7,"key":"Lantern"},{"floor":8,"key":"StSpp:PetrifiedCaterpillar"},{"floor":10,"key":"Quantum Egg"},{"floor":12,"key":"Girya"},{"floor":14,"key":"Juzu Bracelet"},{"floor":27,"key":"Happy Flower"},{"floor":30,"key":"Garlic"},{"floor":41,"key":"hubris:MedicalManual"},{"floor":42,"key":"Replay:Kaleidoscope"},{"floor":43,"key":"Toy Ornithopter"},{"floor":48,"key":"Golden Egg"},{"floor":52,"key":"Replay:Rubber Ducky"}],"event_choices":[{"damage_healed":0,"gold_gain":0,"player_choice":"Got Potions","damage_taken":0,"max_hp_gain":0,"max_hp_loss":0,"event_name":"Lab","floor":28,"gold_loss":0}],"is_beta":false,"boss_relics":[{"not_picked":["hubris:BlackHole","Snecko Eye"],"picked":"Busted Crown"},{"not_picked":["Ring of Chaos","bronze:MakeshiftBattery"],"picked":"hubris:Backtick"}],"items_purged_floors":[21,39,53],"is_endless":false,"potions_floor_spawned":[2,10,14,16,20,23,27,30,43,46,47],"ascension_level":2}}