{"host":"36t3qd3wjvajtu1z","time":1612215752,"event":{"mods":["AchievementEnabler","BaseMod","Block Reminder","Colored Powertips","Minty Spire (QoL Compilation)","Permanent Neow","Quick Restart","Random Character Button","Rare Cards Sparkle","Relic Stats","Slay-I","StSLib"],"gold_per_floor":[111,111,127,146,146,146,175,190,242,271,271,43,43,55,55,150,150,168,182,201,101,111,129,139,139,189,64,64,94,107,116,116,213,213,232,242,242,252,102,102,102,118,168,179,194,19,38,56,56,56],"floor_reached":51,"language":"ENG","playtime":2353,"items_purged":["Strike_R","Strike_R","Defend_R","Defend_R","Defend_R+1"],"score":760,"play_id":"06698fcd-4798-49e8-8103-78bac8c9d1ed","local_time":"20210201134232","is_ascension_mode":false,"campfire_choices":[{"data":"Bash","floor":6,"key":"SMITH"},{"data":"Dropkick","floor":15,"key":"SMITH"},{"data":"Shrug It Off","floor":28,"key":"SMITH"},{"data":"Cleave","floor":32,"key":"SMITH"},{"data":"Defend_R","floor":40,"key":"SMITH"},{"floor":49,"key":"REST"}],"circlet_count":0,"master_deck":["Defend_R+1","Bash+1","Cleave+1","Dropkick+1","Shrug It Off+1","Dropkick+1"],"relics":["Burning Blood","Meat on the Bone","Centennial Puzzle","Potion Belt","Akabeko","Bag of Preparation","Runic Dome","CeramicFish","MealTicket","Ornamental Fan","Black Star","Whetstone"],"acts_visited":["Exordium","TheCity","TheBeyond"],"potions_floor_usage":[10,16,29,29,29,42,42,50,50,50],"damage_taken":[{"damage":6,"enemies":"Cultist","floor":1,"turns":3},{"damage":7,"enemies":"2 Louse","floor":3,"turns":2},{"damage":0,"enemies":"Small Slimes","floor":4,"turns":2},{"damage":44,"enemies":"3 Sentries","floor":7,"turns":9},{"damage":16,"enemies":"Exordium Wildlife","floor":8,"turns":3},{"damage":31,"enemies":"Lagavulin","floor":10,"turns":4},{"damage":2,"enemies":"Looter","floor":14,"turns":2},{"damage":49,"enemies":"Hexaghost","floor":16,"turns":15},{"damage":32,"enemies":"Spheric Guardian","floor":18,"turns":6},{"damage":15,"enemies":"3 Byrds","floor":19,"turns":4},{"damage":7,"enemies":"Snecko","floor":20,"turns":4},{"damage":8,"enemies":"Cultist and Chosen","floor":22,"turns":6},{"damage":10,"enemies":"3 Cultists","floor":23,"turns":4},{"damage":0,"enemies":"Centurion and Healer","floor":24,"turns":5},{"damage":2,"enemies":"Book of Stabbing","floor":29,"turns":5},{"damage":6,"enemies":"Snake Plant","floor":30,"turns":3},{"damage":58,"enemies":"Automaton","floor":33,"turns":10},{"damage":0,"enemies":"Orb Walker","floor":35,"turns":2},{"damage":3,"enemies":"3 Shapes","floor":36,"turns":2},{"damage":10,"enemies":"Maw","floor":38,"turns":3},{"damage":0,"enemies":"3 Darklings","floor":42,"turns":2},{"damage":51,"enemies":"Sphere and 2 Shapes","floor":44,"turns":7},{"damage":0,"enemies":"Jaw Worm Horde","floor":45,"turns":3},{"damage":0,"enemies":"Transient","floor":47,"turns":5},{"damage":17,"enemies":"Sphere and 2 Shapes","floor":48,"turns":6},{"damage":9,"enemies":"Awakened One","floor":50,"turns":9}],"seed_played":"-5965999217118688067","potions_obtained":[{"floor":1,"key":"Dexterity Potion"},{"floor":4,"key":"Energy Potion"},{"floor":8,"key":"Dexterity Potion"},{"floor":14,"key":"EssenceOfSteel"},{"floor":18,"key":"Fire Potion"},{"floor":23,"key":"Swift Potion"},{"floor":29,"key":"Ancient Potion"},{"floor":30,"key":"Explosive Potion"},{"floor":36,"key":"SkillPotion"},{"floor":42,"key":"Block Potion"},{"floor":48,"key":"FearPotion"}],"is_trial":false,"path_per_floor":["M","T","M","M","?","R","E","M","T","E","?","$","?","M","R","B",null,"M","M","M","$","M","M","M","T","T","$","R","E","M","?","R","B",null,"M","M","?","M","$","R","?","M","T","M","M","$","M","M","R","B",null],"character_chosen":"IRONCLAD","items_purchased":["Bag of Preparation"],"campfire_rested":1,"item_purchase_floors":[12],"current_hp_per_floor":[80,80,79,80,85,85,59,49,49,36,36,36,36,52,52,21,85,59,50,49,49,59,55,61,61,61,76,76,80,80,80,80,40,85,85,85,85,81,85,85,85,85,85,52,58,73,79,68,85,82],"gold":56,"neow_bonus":"REMOVE_CARD","is_daily":false,"chose_seed":false,"campfire_upgraded":5,"win_rate":0.0,"timestamp":1612215752,"path_taken":["M","?","M","?","?","R","E","M","T","E","?","?","?","M","R","BOSS","M","M","M","$","M","M","M","?","T","$","R","E","M","?","R","BOSS","M","?","?","?","$","R","?","?","T","M","M","$","M","?","R","BOSS"],"items_purchased_type":["Relic"],"build_version":"2020-12-22","purchased_purges":5,"victory":true,"max_hp_per_floor":[80,80,80,80,85,85,85,85,85,85,85,85,85,85,85,85,85,85,85,85,85,85,85,85,85,85,85,85,85,85,85,85,85,85,85,85,85,85,85,85,85,85,85,85,85,85,85,85,85,85],"relic_stats":{"Centennial Puzzle":[48],"counters":[26,126],"Ornamental Fan":[260],"CeramicFish":9,"MealTicket":34,"Bag of Preparation":[37],"Black Star":0,"Whetstone":[],"obtain_stats":[{"Potion Belt":9,"Runic Dome":17,"Centennial Puzzle":7,"Ornamental Fan":29,"CeramicFish":25,"MealTicket":26,"Bag of Preparation":12,"Black Star":34,"Whetstone":43,"Burning Blood":0,"Akabeko":10,"Meat on the Bone":2},{"Potion Belt":5,"Runic Dome":8,"Centennial Puzzle":4,"Ornamental Fan":15,"CeramicFish":14,"MealTicket":14,"Bag of Preparation":6,"Black Star":17,"Whetstone":21,"Burning Blood":0,"Akabeko":6,"Meat on the Bone":1},{"Potion Belt":19,"Runic Dome":40,"Centennial Puzzle":16,"Ornamental Fan":74,"CeramicFish":69,"MealTicket":69,"Bag of Preparation":23,"Black Star":87,"Whetstone":96,"Burning Blood":0,"Akabeko":23,"Meat on the Bone":3}],"Burning Blood":136,"Meat on the Bone":84},"card_choices":[{"not_picked":["Flame Barrier","Rage"],"picked":"Cleave","floor":1},{"not_picked":["Pommel Strike","True Grit"],"picked":"Dropkick","floor":3},{"not_picked":["Second Wind","Clash","Whirlwind"],"picked":"SKIP","floor":4},{"not_picked":["Anger","Thunderclap","Iron Wave"],"picked":"SKIP","floor":7},{"not_picked":["Wild Strike","Twin Strike","Pommel Strike"],"picked":"SKIP","floor":8},{"not_picked":["Havoc","Whirlwind","Uppercut"],"picked":"SKIP","floor":10},{"not_picked":["Wild Strike","Rampage","Power Through"],"picked":"SKIP","floor":14},{"not_picked":["Headbutt+1","Ghostly Armor+1","Armaments"],"picked":"SKIP","floor":18},{"not_picked":["Armaments","Metallicize","Perfected Strike"],"picked":"SKIP","floor":19},{"not_picked":["Clash","Sever Soul","Entrench"],"picked":"SKIP","floor":20},{"not_picked":["Perfected Strike","Thunderclap","Reckless Charge"],"picked":"SKIP","floor":22},{"not_picked":["Sentinel+1","Metallicize","Heavy Blade"],"picked":"SKIP","floor":23},{"not_picked":["Shrug It Off+1","Pommel Strike+1","Havoc"],"picked":"SKIP","floor":24},{"not_picked":["Heavy Blade","Seeing Red+1","Limit Break"],"picked":"SKIP","floor":29},{"not_picked":["Burning Pact+1","Sword Boomerang","Reckless Charge+1"],"picked":"SKIP","floor":30},{"not_picked":["Anger+1","Intimidate+1","Reckless Charge+1"],"picked":"SKIP","floor":35},{"not_picked":["Combust+1","Perfected Strike+1","Iron Wave"],"picked":"SKIP","floor":36},{"not_picked":["Dark Embrace","Flame Barrier","Warcry"],"picked":"SKIP","floor":38},{"not_picked":["Clash+1","Iron Wave+1","Sever Soul"],"picked":"SKIP","floor":42},{"not_picked":["Shrug It Off","Perfected Strike+1","Wild Strike+1"],"picked":"SKIP","floor":44},{"not_picked":["Perfected Strike","Thunderclap","Wild Strike"],"picked":"SKIP","floor":45},{"not_picked":["Combust+1","Warcry","Feel No Pain+1"],"picked":"SKIP","floor":47},{"not_picked":["Flex","Rampage","Shockwave"],"picked":"SKIP","floor":48}],"player_experience":384515,"relics_obtained":[{"floor":2,"key":"Meat on the Bone"},{"floor":7,"key":"Centennial Puzzle"},{"floor":9,"key":"Potion Belt"},{"floor":10,"key":"Akabeko"},{"floor":25,"key":"CeramicFish"},{"floor":26,"key":"MealTicket"},{"floor":29,"key":"Ornamental Fan"},{"floor":43,"key":"Whetstone"}],"event_choices":[{"damage_healed":0,"gold_gain":0,"player_choice":"Donut","damage_taken":0,"max_hp_gain":5,"max_hp_loss":0,"event_name":"Big Fish","floor":5,"gold_loss":0},{"cards_removed":["Strike_R"],"damage_healed":0,"gold_gain":0,"player_choice":"Forget","damage_taken":0,"max_hp_gain":0,"max_hp_loss":0,"event_name":"Living Wall","floor":11,"gold_loss":0},{"damage_healed":0,"gold_gain":0,"cards_transformed":["Strike_R"],"player_choice":"Transformed","damage_taken":0,"max_hp_gain":0,"max_hp_loss":0,"event_name":"Transmorgrifier","floor":13,"gold_loss":0,"cards_obtained":["Shrug It Off"]},{"damage_healed":0,"gold_gain":0,"player_choice":"Copied","damage_taken":0,"max_hp_gain":0,"max_hp_loss":0,"event_name":"Duplicator","floor":31,"gold_loss":0,"cards_obtained":["Dropkick"]},{"damage_healed":0,"gold_gain":0,"player_choice":"0 cards matched","damage_taken":0,"max_hp_gain":0,"max_hp_loss":0,"event_name":"Match and Keep!","floor":37,"gold_loss":0,"cards_obtained":[]},{"damage_healed":0,"gold_gain":0,"player_choice":"Forge","damage_taken":0,"max_hp_gain":0,"max_hp_loss":0,"event_name":"Accursed Blacksmith","floor":41,"gold_loss":0,"cards_upgraded":["Defend_R"]}],"is_beta":false,"boss_relics":[{"not_picked":["Calling Bell","Tiny House"],"picked":"Runic Dome"},{"not_picked":["Sozu","Snecko Eye"],"picked":"Black Star"}],"items_purged_floors":[12,21,27,39,46],"is_endless":false,"potions_floor_spawned":[1,4,8,14,18,23,29,30,36,42,48],"ascension_level":0}}