{"host":"lly094a91h6n5nv5","time":1612146279,"event":{"mods":["AchievementEnabler","BaseMod","Block Reminder","Colored Map","Minty Spire (QoL Compilation)"],"gold_per_floor":[118,132,144,162,172,204,204,232,232,258,27,27,38,99,99,196,196,214,664,674,611,438,438,472,472,523,558,558,635,645,663,663,768,768,781,791,808,808,818,843,546,526,579,605,616,616,631,631,631,631,631,631,255,288,288],"floor_reached":56,"language":"ENG","playtime":4789,"items_purged":["Bash","Defend_R","Defend_R"],"score":1459,"play_id":"dc4a9df9-ea98-48dc-8a48-4c7bfc14638a","local_time":"20210131202439","is_ascension_mode":true,"campfire_choices":[{"data":"Perfected Strike","floor":7,"key":"SMITH"},{"data":"Shockwave","floor":12,"key":"SMITH"},{"data":"Shockwave","floor":15,"key":"SMITH"},{"data":"Offering","floor":23,"key":"SMITH"},{"data":"Juggernaut","floor":25,"key":"SMITH"},{"data":"Feel No Pain","floor":28,"key":"SMITH"},{"data":"Immolate","floor":32,"key":"SMITH"},{"floor":49,"key":"RECALL"},{"floor":52,"key":"REST"}],"circlet_count":0,"master_deck":["Strike_R","Strike_R","Strike_R","Strike_R","Strike_R","Defend_R","Defend_R","Impervious","Perfected Strike+1","Shockwave+1","Wild Strike","Disarm","Intimidate","Shockwave+1","Immolate+1","Infernal Blade+1","Shrug It Off","Feel No Pain+1","Offering+1","Swift Strike","Juggernaut+1","Demon Form+1","True Grit+1","Disarm+1","Madness","Madness+1","Warcry+1","Secret Technique+1","Warcry+1","Sword Boomerang+1","Pommel Strike+1","Fiend Fire+1"],"relics":["Burning Blood","Dead Branch","HornCleat","Eternal Feather","Tiny Chest","Membership Card","Oddly Smooth Stone","Pantograph","Philosopher\u0027s Stone","Mercury Hourglass","Potion Belt","Red Skull","Fusion Hammer","Akabeko","Happy Flower","PreservedInsect","Ancient Tea Set","War Paint","Molten Egg 2","Bag of Marbles","Chemical X","Boot","StrikeDummy"],"acts_visited":["Exordium","TheCity","TheBeyond","TheEnding"],"potions_floor_usage":[4,41,50,55,55,55,55,55],"damage_taken":[{"damage":4,"enemies":"2 Louse","floor":1,"turns":5},{"damage":0,"enemies":"Cultist","floor":2,"turns":2},{"damage":7,"enemies":"Jaw Worm","floor":3,"turns":2},{"damage":13,"enemies":"Gremlin Gang","floor":4,"turns":5},{"damage":7,"enemies":"Exordium Wildlife","floor":5,"turns":5},{"damage":47,"enemies":"Gremlin Nob","floor":6,"turns":5},{"damage":7,"enemies":"Lagavulin","floor":8,"turns":7},{"damage":13,"enemies":"Gremlin Nob","floor":10,"turns":4},{"damage":0,"enemies":"Looter","floor":13,"turns":3},{"damage":2,"enemies":"Gremlin Nob","floor":14,"turns":4},{"damage":62,"enemies":"Slime Boss","floor":16,"turns":10},{"damage":6,"enemies":"3 Byrds","floor":18,"turns":4},{"damage":4,"enemies":"Shell Parasite","floor":20,"turns":5},{"damage":13,"enemies":"Gremlin Leader","floor":24,"turns":5},{"damage":14,"enemies":"Slavers","floor":27,"turns":4},{"damage":0,"enemies":"3 Cultists","floor":30,"turns":3},{"damage":10,"enemies":"Snake Plant","floor":31,"turns":2},{"damage":28,"enemies":"Automaton","floor":33,"turns":8},{"damage":7,"enemies":"Orb Walker","floor":35,"turns":3},{"damage":13,"enemies":"3 Darklings","floor":36,"turns":3},{"damage":18,"enemies":"Spire Growth","floor":37,"turns":4},{"damage":22,"enemies":"Maw","floor":39,"turns":5},{"damage":0,"enemies":"Reptomancer","floor":40,"turns":3},{"damage":0,"enemies":"Transient","floor":45,"turns":5},{"damage":16,"enemies":"Spire Growth","floor":47,"turns":4},{"damage":28,"enemies":"Donu and Deca","floor":50,"turns":6},{"damage":6,"enemies":"Shield and Spear","floor":54,"turns":2},{"damage":38,"enemies":"The Heart","floor":55,"turns":5}],"seed_played":"7924269716499331985","potions_obtained":[{"floor":1,"key":"DistilledChaos"},{"floor":5,"key":"Weak Potion"},{"floor":6,"key":"Strength Potion"},{"floor":10,"key":"BloodPotion"},{"floor":16,"key":"Strength Potion"},{"floor":27,"key":"PowerPotion"},{"floor":31,"key":"SpeedPotion"},{"floor":35,"key":"AttackPotion"},{"floor":42,"key":"SmokeBomb"},{"floor":47,"key":"BlessingOfTheForge"}],"is_trial":false,"path_per_floor":["M","M","M","M","M","E","R","E","T","E","$","R","M","?","R","B",null,"M","?","M","$","$","R","E","R","T","E","R","T","M","M","R","B",null,"M","M","M","?","M","E","$","?","T","T","M","?","M","T","R","B",null,"R","$","E","B",null],"character_chosen":"IRONCLAD","items_purchased":["Membership Card","Oddly Smooth Stone","Shrug It Off","Feel No Pain","Offering","Swift Strike","Happy Flower","PreservedInsect","Secret Technique","Fruit Juice","Bag of Marbles","Energy Potion","Chemical X","Pommel Strike+1","LiquidBronze","Boot"],"campfire_rested":1,"item_purchase_floors":[11,11,21,22,22,22,41,41,41,41,53,53,53,53,53,53],"current_hp_per_floor":[80,80,79,72,71,30,30,29,29,22,22,31,37,41,50,19,80,80,34,36,36,36,48,41,53,53,45,57,57,63,59,71,58,80,79,72,60,50,34,40,45,45,45,45,51,51,41,41,59,62,85,85,85,85,70],"gold":288,"neow_bonus":"ONE_RANDOM_RARE_CARD","is_daily":false,"chose_seed":false,"campfire_upgraded":7,"win_rate":0.0,"timestamp":1612146279,"path_taken":["M","M","M","M","M","E","R","E","T","E","$","R","M","?","R","BOSS","M","?","M","?","$","R","E","R","T","E","R","?","M","M","R","BOSS","M","M","?","?","M","E","$","?","T","?","?","?","?","?","R","BOSS","R","$","E","BOSS"],"items_purchased_type":["Relic","Relic","Card","Card","Card","Card","Relic","Relic","Card","Potion","Relic","Potion","Relic","Card","Potion","Relic"],"build_version":"2020-12-22","purchased_purges":3,"victory":true,"max_hp_per_floor":[80,80,80,80,80,80,80,80,80,80,80,80,80,80,80,80,80,80,80,80,80,80,80,80,80,80,80,80,80,80,80,80,80,80,80,80,80,80,80,80,85,85,85,85,85,85,85,85,85,85,85,85,85,85,85],"card_choices":[{"not_picked":["Dual Wield","Wild Strike"],"picked":"Perfected Strike","floor":1},{"not_picked":["Sword Boomerang","Dropkick","Anger"],"picked":"SKIP","floor":2},{"not_picked":["Anger","Metallicize"],"picked":"Shockwave","floor":3},{"not_picked":["Iron Wave","Dropkick","Rampage"],"picked":"SKIP","floor":4},{"not_picked":["Clothesline","Burning Pact","Iron Wave"],"picked":"SKIP","floor":5},{"not_picked":["Sword Boomerang","Bludgeon"],"picked":"Wild Strike","floor":6},{"not_picked":["Rupture","Body Slam"],"picked":"Disarm","floor":8},{"not_picked":["Infernal Blade","Heavy Blade","Anger"],"picked":"SKIP","floor":10},{"not_picked":["Infernal Blade","Iron Wave"],"picked":"Intimidate","floor":13},{"not_picked":["Searing Blow","True Grit"],"picked":"Shockwave","floor":14},{"not_picked":["Demon Form","Reaper"],"picked":"Immolate","floor":16},{"not_picked":["Dropkick","Thunderclap"],"picked":"Infernal Blade+1","floor":18},{"not_picked":["Clothesline","Flex+1","Rage"],"picked":"SKIP","floor":20},{"not_picked":["Rampage","Combust"],"picked":"Juggernaut","floor":24},{"not_picked":["Searing Blow","Evolve","Bloodletting"],"picked":"SKIP","floor":27},{"not_picked":["Power Through+1","Dropkick","Armaments"],"picked":"SKIP","floor":30},{"not_picked":["Power Through+1","Dropkick","Armaments"],"picked":"SKIP","floor":30},{"not_picked":["Wild Strike","Seeing Red","Dropkick"],"picked":"SKIP","floor":31},{"not_picked":["Brutality","Double Tap"],"picked":"Demon Form","floor":33},{"not_picked":["Entrench","Clothesline+1"],"picked":"True Grit+1","floor":35},{"not_picked":["Rupture+1","Anger+1","Wild Strike+1"],"picked":"SKIP","floor":36},{"not_picked":["Warcry+1","Sentinel+1"],"picked":"Disarm+1","floor":37},{"not_picked":["Bludgeon","Sword Boomerang"],"picked":"Warcry+1","floor":39},{"not_picked":["Rupture+1","Body Slam+1","Evolve"],"picked":"SKIP","floor":40},{"not_picked":["Flex","Iron Wave"],"picked":"Warcry+1","floor":45},{"not_picked":["Twin Strike","Cleave+1"],"picked":"Sword Boomerang+1","floor":47},{"not_picked":["Barricade","Limit Break"],"picked":"Fiend Fire+1","floor":54}],"player_experience":99115,"relics_obtained":[{"floor":6,"key":"Dead Branch"},{"floor":8,"key":"HornCleat"},{"floor":9,"key":"Eternal Feather"},{"floor":10,"key":"Tiny Chest"},{"floor":14,"key":"Pantograph"},{"floor":24,"key":"Mercury Hourglass"},{"floor":26,"key":"Potion Belt"},{"floor":27,"key":"Red Skull"},{"floor":40,"key":"Akabeko"},{"floor":43,"key":"Ancient Tea Set"},{"floor":44,"key":"War Paint"},{"floor":48,"key":"Molten Egg 2"},{"floor":54,"key":"StrikeDummy"}],"event_choices":[{"damage_healed":0,"gold_gain":0,"player_choice":"Searched \u00272\u0027 times","damage_taken":0,"max_hp_gain":0,"max_hp_loss":0,"event_name":"Dead Adventurer","floor":14,"gold_loss":0},{"damage_healed":0,"gold_gain":450,"player_choice":"GOLD GOLD GOLD GOLD GOLD ","damage_taken":46,"max_hp_gain":0,"max_hp_loss":0,"event_name":"Knowing Skull","floor":19,"potions_obtained":[],"gold_loss":0,"cards_obtained":[]},{"damage_healed":0,"gold_gain":0,"player_choice":"Embrace Madness","damage_taken":10,"max_hp_gain":0,"max_hp_loss":0,"event_name":"Winding Halls","floor":38,"gold_loss":0,"cards_obtained":["Madness","Madness"]},{"damage_healed":0,"gold_gain":0,"player_choice":"Bought 1 Potion","damage_taken":0,"max_hp_gain":0,"max_hp_loss":0,"event_name":"The Woman in Blue","floor":42,"gold_loss":0},{"damage_healed":0,"gold_gain":0,"player_choice":"Forge","damage_taken":0,"max_hp_gain":0,"max_hp_loss":0,"event_name":"Accursed Blacksmith","floor":46,"gold_loss":0,"cards_upgraded":["Demon Form"]}],"is_beta":false,"boss_relics":[{"not_picked":["Black Star","Empty Cage"],"picked":"Philosopher\u0027s Stone"},{"not_picked":["Velvet Choker","Calling Bell"],"picked":"Fusion Hammer"}],"items_purged_floors":[21,22,53],"is_endless":false,"potions_floor_spawned":[1,5,6,10,16,24,27,31,33,35,37,47,54],"ascension_level":4}}