{"host":"mz05ln5rr3kgnz5g","time":1612211923,"event":{"mods":["Aspiration","BaseMod","BetterRewards","Conspire","Downfall","Energized Spire","Friendly Minions","GifTheSpireLib","Gold Saver","Halation","Hermit","Hubris","Infinite Spire","Jedi Mod","Jorbs\u0027s Wanderer Trilogy","Kratos Character Expansion","Mimic Mod","Minty Spire (QoL Compilation)","Permanent Neow","Poor People Problems","Reliquary","Replay The Spire","RumiaBox-????????","Shop Mod","Spicy Shops","Spikes Relics","StSLib","Stuff the Spire","SuperFastMode","The Hierophant","The Jungle","TheHero","Trackpad","Wandering Minibosses"],"gold_per_floor":[187,199,48,62,62,94,104,104,104],"floor_reached":8,"language":"ENG","playtime":1304,"items_purged":["animeID:DefendMH"],"score":61,"play_id":"19f0085e-fbb5-4c6f-9e82-a33c8333b4b8","local_time":"20210201123843","daily_mods":["Elite Swarm"],"is_ascension_mode":true,"campfire_choices":[],"circlet_count":0,"master_deck":["animeID:Deku","animeID:Bakugo","animeID:Smash","animeID:Smash","animeID:Smash","animeID:Smash","animeID:DefendMH","animeID:DefendMH","animeID:DefendMH","animeID:TodorokiShoto","animeID:Mina","animeID:Rappa","animeID:PlusUltra","animeID:Thirteen"],"relics":["animeID:HeroCostume","infinitespire:Lychee Nut","StuffTheSpire:GrapeVine"],"acts_visited":["Exordium"],"potions_floor_usage":[],"damage_taken":[{"damage":1,"enemies":"Cultist","floor":1,"turns":4},{"damage":6,"enemies":"Jaw Worm","floor":2,"turns":4},{"damage":5,"enemies":"Small Slimes","floor":4,"turns":2},{"damage":26,"enemies":"Lagavulin","floor":6,"turns":6},{"damage":9,"enemies":"Blue Slaver","floor":7,"turns":3},{"damage":59,"enemies":"Gremlin Nob","floor":8,"turns":4}],"seed_played":"712968954911340554","potions_obtained":[{"floor":4,"key":"SpeedPotion"},{"floor":7,"key":"jedi:wingpotion"}],"is_trial":true,"path_per_floor":["M","M","$","M","?","E","M","E"],"character_chosen":"THE_HERO","items_purchased":["animeID:Rappa"],"campfire_rested":0,"item_purchase_floors":[3],"current_hp_per_floor":[75,71,71,66,56,33,31,0,0],"gold":104,"neow_bonus":"","is_daily":false,"chose_seed":false,"campfire_upgraded":0,"win_rate":0.0,"timestamp":1612211923,"path_taken":["M","M","$","M","?","E","M","E"],"items_purchased_type":["Card"],"build_version":"2020-12-22","purchased_purges":1,"victory":false,"max_hp_per_floor":[75,75,75,75,56,56,56,56,56],"card_choices":[{"not_picked":["animeID:Bakugo","animeID:Tomura"],"picked":"animeID:TodorokiShoto","floor":1},{"not_picked":["animeID:Tsuyu","animeID:Tomura"],"picked":"animeID:Mina","floor":2},{"not_picked":["animeID:Tsuyu","animeID:Kaminari","animeID:Uraraka"],"picked":"SKIP","floor":4},{"not_picked":["animeID:ProminenceBurn","animeID:Endeavor"],"picked":"animeID:PlusUltra","floor":6},{"not_picked":["animeID:FatGum","animeID:Muscular"],"picked":"animeID:Thirteen","floor":7}],"player_experience":48063,"relics_obtained":[{"floor":5,"key":"infinitespire:Lychee Nut"},{"floor":6,"key":"StuffTheSpire:GrapeVine"}],"event_choices":[],"is_beta":false,"boss_relics":[],"items_purged_floors":[3],"is_endless":false,"potions_floor_spawned":[4,7],"killed_by":"Gremlin Nob","ascension_level":1}}