{"host":"qy1e0kd24tpj3i2m","time":1612217023,"event":{"mods":["Act Like it!","Alarm Clock","BaseMod","Better Skull","Better Vampires","Colored Map","Colored Powertips","Custom Start","Faster Ascension Climbing","Friendly Minions","GifTheSpireLib","Gremlin Skip","Highlight Path","Minty Spire (QoL Compilation)","Permanent Neow","Poor People Problems","Quick Restart","Red Circlet Mod","Relic Filter Mod","Relic Sorter","Reorder Act Four","SacredBarkPlus","Shop Mod","StSLib","SuperFastMode","Transform Curses","没有小屋子和绿帽子啦"],"gold_per_floor":[118,134,59,59,59,94,114,114,114,125,125,125],"floor_reached":11,"language":"ZHS","playtime":175,"items_purged":["Bash"],"score":196,"play_id":"0b82a428-5c3c-4240-8c04-5d88584c1f63","local_time":"20210202070343","is_ascension_mode":true,"campfire_choices":[],"circlet_count":0,"master_deck":["AscendersBane","Strike_R","Strike_R","Strike_R","Strike_R","Strike_R","Defend_R","Defend_R","Defend_R","Evolve","Whirlwind"],"relics":["Burning Blood","NeowsBlessing","Gremlin Horn","MealTicket","Centennial Puzzle","PreservedInsect","Singing Bowl"],"acts_visited":["Exordium"],"potions_floor_usage":[10,11],"damage_taken":[{"damage":0.0,"enemies":"Cultist","floor":1.0,"turns":1.0},{"damage":0.0,"enemies":"Small Slimes","floor":2.0,"turns":1.0},{"damage":0.0,"enemies":"Gremlin Nob","floor":6.0,"turns":1.0},{"damage":2,"enemies":"2 Louse","floor":7,"turns":3},{"damage":27,"enemies":"Blue Slaver","floor":10,"turns":9},{"damage":13,"enemies":"3 Sentries","floor":11,"turns":3}],"seed_played":"-6429102038769967176","potions_obtained":[{"floor":6.0,"key":"BloodPotion"},{"floor":7,"key":"Block Potion"}],"is_trial":false,"path_per_floor":["M","M","$","?","$","E","M","?","T","M","E"],"character_chosen":"IRONCLAD","items_purchased":[],"campfire_rested":0,"item_purchase_floors":[],"current_hp_per_floor":[74,75,75,75,75,75,75,24,24,20,7,7],"gold":125,"neow_bonus":"THREE_ENEMY_KILL","is_daily":false,"chose_seed":false,"campfire_upgraded":0,"win_rate":0.0,"timestamp":1612217023,"path_taken":["M","?","$","?","?","E","M","?","T","M","E"],"items_purchased_type":[],"build_version":"2020-12-22","purchased_purges":1,"victory":false,"max_hp_per_floor":[75,75,75,75,75,75,75,75,75,77,77,77],"card_choices":[{"not_picked":["Armaments","Pommel Strike"],"picked":"Evolve","floor":1.0},{"not_picked":["Heavy Blade","Bloodletting","Inflame"],"picked":"SKIP","floor":2.0},{"not_picked":["Cleave","Sever Soul"],"picked":"Whirlwind","floor":6.0},{"not_picked":["Searing Blow","Heavy Blade","Hemokinesis"],"picked":"SKIP","floor":7},{"not_picked":["Perfected Strike","Corruption","Anger"],"picked":"Singing Bowl","floor":10}],"player_experience":976656,"relics_obtained":[{"floor":6.0,"key":"Gremlin Horn"},{"floor":9,"key":"Singing Bowl"}],"event_choices":[{"cards_removed":["Defend_R"],"damage_healed":0.0,"max_hp_gain":0.0,"max_hp_loss":0.0,"gold_gain":0.0,"event_name":"Bonfire Elementals","player_choice":"Offered Basic","floor":4.0,"gold_loss":0.0,"damage_taken":0.0},{"damage_healed":0,"gold_gain":0,"player_choice":"RE RE RE ","damage_taken":57,"relics_obtained":["MealTicket","Centennial Puzzle","PreservedInsect"],"max_hp_gain":0,"max_hp_loss":0,"event_name":"betterSkull:BetterSkull","floor":8,"gold_loss":0,"cards_upgraded":[]}],"is_beta":false,"boss_relics":[],"items_purged_floors":[3],"is_endless":false,"potions_floor_spawned":[6,7],"killed_by":"3 Sentries","ascension_level":20}}