{"host":"zwezhz46a5cjkxff","time":1612156038,"event":{"mods":["AchievementEnabler","BaseMod","Colored Map","Colored Powertips","DeckTracker","Hermit","Minty Spire (QoL Compilation)","Permanent Neow","Quick Restart","Rare Cards Sparkle","Relic Stats","Robot Space Explorer","StSLib","SuperFastMode","The Hierophant","The Servant 0.9.4","Weighted Paths","slay the spire mod where everything is the same but ironclad has a cowboy hat"],"gold_per_floor":[20,30,30,40,5,5,33,33,33,33,53,84,84,96,96,201,201,217,228,228,228],"floor_reached":20,"language":"ENG","playtime":539,"items_purged":[],"score":184,"play_id":"c828af1d-609e-4bfd-a50a-0776f9496781","local_time":"20210131230718","is_ascension_mode":false,"campfire_choices":[{"floor":6,"key":"RECALL"},{"data":"Conclude","floor":8,"key":"SMITH"},{"data":"Collect","floor":10,"key":"SMITH"},{"data":"Worship","floor":15,"key":"SMITH"}],"circlet_count":0,"master_deck":["Strike_P","Strike_P","Strike_P","Defend_P","Defend_P","Eruption","Vigilance","Ragnarok","Collect+1","DeceiveReality","Evaluate","Conclude+1","CutThroughFate","Worship+1","LessonLearned"],"relics":["PureWater","Bottled Flame","Omamori","Philosopher\u0027s Stone"],"acts_visited":["Exordium","TheCity"],"potions_floor_usage":[16,16,16],"damage_taken":[{"damage":6,"enemies":"2 Louse","floor":1,"turns":2},{"damage":3,"enemies":"Jaw Worm","floor":2,"turns":2},{"damage":0,"enemies":"Cultist","floor":4,"turns":4},{"damage":19,"enemies":"3 Sentries","floor":7,"turns":7},{"damage":0,"enemies":"Exordium Wildlife","floor":11,"turns":1},{"damage":8,"enemies":"Gremlin Nob","floor":12,"turns":3},{"damage":0,"enemies":"2 Fungi Beasts","floor":14,"turns":1},{"damage":24,"enemies":"The Guardian","floor":16,"turns":5},{"damage":0,"enemies":"Spheric Guardian","floor":18,"turns":3},{"damage":40,"enemies":"Chosen","floor":19,"turns":5},{"damage":38,"enemies":"Centurion and Healer","floor":20,"turns":3}],"seed_played":"-3827601278094374390","potions_obtained":[{"floor":4,"key":"Strength Potion"},{"floor":11,"key":"Regen Potion"},{"floor":12,"key":"PowerPotion"}],"is_trial":false,"path_per_floor":["M","M","?","M","$","R","E","R","T","R","M","E","?","M","R","B",null,"M","M","M"],"character_chosen":"WATCHER","items_purchased":["Conclude"],"campfire_rested":0,"item_purchase_floors":[5],"current_hp_per_floor":[66,63,63,63,63,63,44,44,44,44,44,36,36,36,36,26,72,72,32,0,0],"gold":228,"neow_bonus":"TRANSFORM_TWO_CARDS","is_daily":false,"chose_seed":false,"campfire_upgraded":3,"win_rate":0.0,"timestamp":1612156038,"path_taken":["M","M","?","M","?","R","E","R","T","R","M","E","?","?","R","BOSS","M","M","M"],"items_purchased_type":["Card"],"build_version":"2020-12-22","purchased_purges":0,"victory":false,"max_hp_per_floor":[72,72,72,72,72,72,72,72,72,72,72,72,72,72,72,72,72,72,72,72,72],"relic_stats":{"counters":[11,36],"obtain_stats":[{"Bottled Flame":7,"Philosopher\u0027s Stone":17,"Omamori":12,"PureWater":0},{"Bottled Flame":4,"Philosopher\u0027s Stone":8,"Omamori":6,"PureWater":0},{"Bottled Flame":15,"Philosopher\u0027s Stone":25,"Omamori":19,"PureWater":0}]},"card_choices":[{"not_picked":["PathToVictory","Worship"],"picked":"DeceiveReality","floor":1},{"not_picked":["Adaptation","Crescendo"],"picked":"Evaluate","floor":2},{"not_picked":["BowlingBash","Meditate","Crescendo"],"picked":"SKIP","floor":4},{"not_picked":["Conclude","Ragnarok"],"picked":"CutThroughFate","floor":7},{"not_picked":["EmptyFist","FlyingSleeves","PathToVictory"],"picked":"SKIP","floor":11},{"not_picked":["SignatureMove","SashWhip"],"picked":"Worship","floor":12},{"not_picked":["SashWhip","Halt","JustLucky"],"picked":"SKIP","floor":14},{"not_picked":["MasterReality","ConjureBlade"],"picked":"LessonLearned","floor":16},{"not_picked":["FlyingSleeves","CrushJoints","FearNoEvil"],"picked":"SKIP","floor":18},{"not_picked":["Evaluate","EmptyFist","ThirdEye+1"],"picked":"SKIP","floor":19}],"player_experience":58600,"relics_obtained":[{"floor":7,"key":"Bottled Flame"},{"floor":12,"key":"Omamori"}],"event_choices":[{"cards_removed":["Defend_P"],"damage_healed":0,"gold_gain":0,"player_choice":"Forget","damage_taken":0,"max_hp_gain":0,"max_hp_loss":0,"event_name":"Living Wall","floor":3,"gold_loss":0},{"damage_healed":0,"gold_gain":0,"player_choice":"Got Potions","damage_taken":0,"max_hp_gain":0,"max_hp_loss":0,"event_name":"Lab","floor":13,"gold_loss":0}],"is_beta":false,"boss_relics":[{"not_picked":["Black Star","Snecko Eye"],"picked":"Philosopher\u0027s Stone"}],"items_purged_floors":[],"is_endless":false,"potions_floor_spawned":[4,11,12],"killed_by":"Centurion and Healer","ascension_level":0}}