{"host":"o67iw34xdwlyp80a","time":1612138228,"event":{"mods":["BaseMod","Colored Map","Minty Spire (QoL Compilation)","Relic Stats","StSLib"],"gold_per_floor":[114,114,114,114,127,127,160,171,224,224,243,343,359,373,373,471,471,491,491,491,230,242,277,277,277,351,276,304,61,74,102,102,205,205,219,219,110,0,0,0,27,27,27,54,104,104,119,149,149,149,149],"floor_reached":50,"language":"ENG","playtime":2857,"items_purged":["Defend_R"],"score":795,"play_id":"0ceee792-baaf-49a4-be3f-db343dec60cc","local_time":"20210201001028","is_ascension_mode":true,"campfire_choices":[{"floor":6.0,"key":"REST"},{"data":"Fire Breathing","floor":10.0,"key":"SMITH"},{"data":"Metallicize","floor":15.0,"key":"SMITH"},{"floor":24.0,"key":"REST"},{"floor":32.0,"key":"REST"},{"floor":40.0,"key":"REST"},{"floor":46.0,"key":"RECALL"},{"floor":49.0,"key":"REST"}],"circlet_count":0,"master_deck":["Defend_R","CurseOfTheBell","Double Tap","Shrug It Off","Fire Breathing+1","Pommel Strike","Inflame","Metallicize+1","Barricade","Body Slam","Spot Weakness","Blood for Blood","Headbutt","Fire Breathing","Armaments+1","Inflame","Bite","Bite","Bite","Bite","Bloodletting+1","Thunderclap","Demon Form","Cleave+1","Apotheosis","Berserk"],"relics":["Calling Bell","Omamori","Matryoshka","CaptainsWheel","Regal Pillow","Bag of Marbles","Anchor","Fusion Hammer","Lee\u0027s Waffle","Bag of Preparation","Self Forming Clay","Paper Frog","Eternal Feather","Membership Card","Ancient Tea Set","Potion Belt","Empty Cage","Boot","Red Mask","Centennial Puzzle","Oddly Smooth Stone","Art of War","Ginger","Turnip"],"acts_visited":["Exordium","TheCity","TheBeyond"],"potions_floor_usage":[50,50],"damage_taken":[{"damage":15.0,"enemies":"Small Slimes","floor":1.0,"turns":4.0},{"damage":0.0,"enemies":"2 Louse","floor":5.0,"turns":2.0},{"damage":32.0,"enemies":"Lagavulin","floor":7.0,"turns":8.0},{"damage":1.0,"enemies":"Cultist","floor":8.0,"turns":4.0},{"damage":8.0,"enemies":"Exordium Thugs","floor":11.0,"turns":4.0},{"damage":0.0,"enemies":"3 Louse","floor":13.0,"turns":2.0},{"damage":0.0,"enemies":"2 Fungi Beasts","floor":14.0,"turns":2.0},{"damage":38.0,"enemies":"Hexaghost","floor":16.0,"turns":10.0},{"damage":2.0,"enemies":"Chosen","floor":18.0,"turns":4.0},{"damage":23.0,"enemies":"2 Thieves","floor":22.0,"turns":4.0},{"damage":20.0,"enemies":"Gremlin Leader","floor":23.0,"turns":7.0},{"damage":28.0,"enemies":"Book of Stabbing","floor":28.0,"turns":5.0},{"damage":16.0,"enemies":"Sentry and Sphere","floor":30.0,"turns":5.0},{"damage":41.0,"enemies":"Gremlin Leader","floor":31.0,"turns":8.0},{"damage":51.0,"enemies":"Collector","floor":33.0,"turns":8.0},{"damage":13.0,"enemies":"3 Shapes","floor":35.0,"turns":3.0},{"damage":53.0,"enemies":"Giant Head","floor":41.0,"turns":7.0},{"damage":0.0,"enemies":"Mind Bloom Boss Battle","floor":45.0,"turns":7.0},{"damage":0.0,"enemies":"Orb Walker","floor":47.0,"turns":2.0},{"damage":45.0,"enemies":"Reptomancer","floor":48.0,"turns":5.0},{"damage":114,"enemies":"Donu and Deca","floor":50,"turns":8}],"seed_played":"6501009234863060550","potions_obtained":[{"floor":8.0,"key":"Regen Potion"},{"floor":11.0,"key":"Explosive Potion"},{"floor":14.0,"key":"Swift Potion"},{"floor":16.0,"key":"DistilledChaos"},{"floor":23.0,"key":"ColorlessPotion"},{"floor":28.0,"key":"Dexterity Potion"},{"floor":33.0,"key":"ElixirPotion"},{"floor":35.0,"key":"Strength Potion"},{"floor":47.0,"key":"Ancient Potion"}],"is_trial":false,"path_per_floor":["M","?","?","?","M","R","E","M","T","R","M","?","M","M","R","B",null,"M","?","?","$","M","E","R","?","T","?","E","$","M","E","R","B",null,"M","?","$","?","$","R","E","?","T","T","?","R","M","E","R","B"],"character_chosen":"IRONCLAD","items_purchased":["Lee\u0027s Waffle","Fire Breathing","Membership Card","Thunderclap","Ancient Tea Set","Boot","Berserk"],"campfire_rested":5,"item_purchase_floors":[21,21,29,29,29,37,37],"current_hp_per_floor":[57,39,23,23,23,62,30,31,31,31,37,37,39,41,41,5,61,61,61,61,87,64,46,87,87,87,87,61,61,49,33,86,45,77,68,68,68,68,68,87,40,40,40,40,61,76,85,57,87,0,0],"gold":149,"neow_bonus":"BOSS_RELIC","is_daily":false,"chose_seed":false,"campfire_upgraded":2,"win_rate":0.0,"timestamp":1612138228,"path_taken":["M","?","?","?","M","R","E","M","T","R","M","?","M","?","R","BOSS","M","?","?","$","?","E","R","?","T","?","E","$","M","E","R","BOSS","M","?","$","?","$","R","E","?","T","?","?","R","M","E","R","BOSS"],"items_purchased_type":["Relic","Card","Relic","Card","Relic","Relic","Card"],"build_version":"2020-12-22","purchased_purges":1,"victory":false,"max_hp_per_floor":[80,80,80,80,80,80,80,80,80,80,80,80,80,80,80,80,80,80,80,80,87,87,87,87,87,87,87,87,87,87,87,87,87,87,87,87,87,87,87,87,87,87,87,87,87,87,87,87,87,87,87],"relic_stats":{"Regal Pillow":45,"Lee\u0027s Waffle":26,"Centennial Puzzle":[6],"counters":[21,109],"Self Forming Clay":[99],"Eternal Feather":57,"Turnip":[0],"Bag of Preparation":[20],"Art of War":[1],"Ginger":[1],"Boot":[9],"obtain_stats":[{"Regal Pillow":2,"Bag of Preparation":23,"Ginger":45,"Ancient Tea Set":29,"Empty Cage":34,"Boot":37,"Burning Blood":0,"Blood Vial":7,"Centennial Puzzle":41,"Matryoshka":0,"Fusion Hammer":17,"Red Mask":38,"Paper Frog":26,"Potion Belt":31,"Lee\u0027s Waffle":21,"Self Forming Clay":26,"Oddly Smooth Stone":43,"Eternal Feather":28,"Omamori":0,"Calling Bell":0,"CaptainsWheel":0,"Anchor":9,"Turnip":48,"Bag of Marbles":9,"Art of War":44,"Membership Card":29},{"Regal Pillow":1,"Bag of Preparation":11,"Ginger":18,"Ancient Tea Set":12,"Empty Cage":15,"Boot":16,"Burning Blood":0,"Blood Vial":3,"Centennial Puzzle":17,"Matryoshka":0,"Fusion Hammer":8,"Red Mask":16,"Paper Frog":11,"Potion Belt":14,"Lee\u0027s Waffle":9,"Self Forming Clay":11,"Oddly Smooth Stone":17,"Eternal Feather":12,"Omamori":0,"Calling Bell":0,"CaptainsWheel":0,"Anchor":4,"Turnip":20,"Bag of Marbles":4,"Art of War":17,"Membership Card":12},{"Regal Pillow":4,"Bag of Preparation":51,"Ginger":94,"Ancient Tea Set":56,"Empty Cage":77,"Boot":80,"Burning Blood":0,"Blood Vial":14,"Centennial Puzzle":87,"Matryoshka":0,"Fusion Hammer":36,"Red Mask":80,"Paper Frog":51,"Potion Belt":69,"Lee\u0027s Waffle":40,"Self Forming Clay":51,"Oddly Smooth Stone":87,"Eternal Feather":56,"Omamori":0,"Calling Bell":0,"CaptainsWheel":0,"Anchor":18,"Turnip":101,"Bag of Marbles":18,"Art of War":87,"Membership Card":56}]},"card_choices":[{"not_picked":["Perfected Strike","Heavy Blade"],"picked":"Double Tap","floor":1.0},{"not_picked":["Havoc","Perfected Strike"],"picked":"Shrug It Off","floor":5.0},{"not_picked":["Body Slam","Searing Blow"],"picked":"Fire Breathing","floor":7.0},{"not_picked":["Battle Trance","Thunderclap"],"picked":"Pommel Strike","floor":8.0},{"not_picked":["Thunderclap","Anger","True Grit"],"picked":"SKIP","floor":11.0},{"not_picked":["Combust","Pommel Strike"],"picked":"Inflame","floor":13.0},{"not_picked":["Heavy Blade","Anger"],"picked":"Metallicize","floor":14.0},{"not_picked":["Double Tap","Offering"],"picked":"Barricade","floor":16.0},{"not_picked":["Thunderclap+1","Burning Pact"],"picked":"Body Slam","floor":18.0},{"not_picked":["Feel No Pain","Iron Wave"],"picked":"Armaments+1","floor":22.0},{"not_picked":["Sword Boomerang","Evolve"],"picked":"Inflame","floor":23.0},{"not_picked":["Cleave","Shockwave"],"picked":"Bloodletting+1","floor":28.0},{"not_picked":["Anger","Heavy Blade","Inflame"],"picked":"SKIP","floor":30.0},{"not_picked":["Metallicize","Sentinel","Exhume"],"picked":"SKIP","floor":31.0},{"not_picked":["Juggernaut","Double Tap"],"picked":"Demon Form","floor":33.0},{"not_picked":["Twin Strike","Feel No Pain"],"picked":"Cleave+1","floor":35.0},{"not_picked":["Swift Strike","Finesse"],"picked":"Apotheosis","floor":36.0},{"not_picked":["Havoc","Wild Strike","Inflame"],"picked":"SKIP","floor":41.0},{"not_picked":["Wild Strike","Intimidate","Second Wind+1"],"picked":"SKIP","floor":47.0},{"not_picked":["Exhume","Wild Strike+1","Fire Breathing+1"],"picked":"SKIP","floor":48.0}],"player_experience":1152718,"relics_obtained":[{"floor":0.0,"key":"Omamori"},{"floor":0.0,"key":"Matryoshka"},{"floor":0.0,"key":"CaptainsWheel"},{"floor":7.0,"key":"Blood Vial"},{"floor":9.0,"key":"Bag of Marbles"},{"floor":9.0,"key":"Anchor"},{"floor":23.0,"key":"Bag of Preparation"},{"floor":26.0,"key":"Self Forming Clay"},{"floor":26.0,"key":"Paper Frog"},{"floor":28.0,"key":"Eternal Feather"},{"floor":31.0,"key":"Potion Belt"},{"floor":41.0,"key":"Centennial Puzzle"},{"floor":43.0,"key":"Oddly Smooth Stone"},{"floor":44.0,"key":"Art of War"},{"floor":45.0,"key":"Ginger"},{"floor":48.0,"key":"Turnip"}],"event_choices":[{"damage_healed":0.0,"max_hp_gain":0.0,"max_hp_loss":0.0,"gold_gain":0.0,"event_name":"Scrap Ooze","player_choice":"Success","floor":2.0,"gold_loss":0.0,"damage_taken":18.0,"relics_obtained":["Regal Pillow"]},{"damage_healed":0.0,"max_hp_gain":0.0,"max_hp_loss":0.0,"gold_gain":0.0,"event_name":"Shining Light","player_choice":"Entered Light","floor":3.0,"gold_loss":0.0,"damage_taken":16.0,"cards_upgraded":["Bash","Strike_R"]},{"cards_removed":["Strike_R"],"damage_healed":0.0,"max_hp_gain":0.0,"max_hp_loss":0.0,"gold_gain":0.0,"event_name":"Living Wall","player_choice":"Forget","floor":4.0,"gold_loss":0.0,"damage_taken":0.0},{"damage_healed":0.0,"max_hp_gain":0.0,"max_hp_loss":0.0,"gold_gain":100.0,"event_name":"Golden Shrine","player_choice":"Pray","floor":12.0,"gold_loss":0.0,"damage_taken":0.0},{"damage_healed":0.0,"max_hp_gain":0.0,"max_hp_loss":0.0,"gold_gain":0.0,"cards_transformed":["Strike_R","Strike_R"],"event_name":"Drug Dealer","player_choice":"Became Test Subject","floor":19.0,"gold_loss":0.0,"damage_taken":0.0,"cards_obtained":["Spot Weakness","Blood for Blood"]},{"damage_healed":0.0,"max_hp_gain":0.0,"max_hp_loss":0.0,"gold_gain":0.0,"cards_transformed":["Defend_R"],"event_name":"Transmorgrifier","player_choice":"Transformed","floor":20.0,"gold_loss":0.0,"damage_taken":0.0,"cards_obtained":["Headbutt"]},{"damage_healed":0.0,"max_hp_gain":0.0,"max_hp_loss":0.0,"gold_gain":0.0,"event_name":"Vampires","player_choice":"Became a vampire (Vial)","floor":25.0,"relics_lost":["Blood Vial"],"gold_loss":0.0,"damage_taken":0.0,"cards_obtained":["Bite","Bite","Bite","Bite","Bite"]},{"cards_removed":["Bite"],"damage_healed":0.0,"max_hp_gain":0.0,"max_hp_loss":0.0,"gold_gain":0.0,"event_name":"Beggar","player_choice":"Gave Gold","floor":27.0,"gold_loss":75.0,"damage_taken":0.0},{"damage_healed":0.0,"max_hp_gain":0.0,"max_hp_loss":0.0,"gold_gain":0.0,"event_name":"SensoryStone","player_choice":"Memory 1","floor":36.0,"gold_loss":0.0,"damage_taken":0.0},{"damage_healed":0.0,"max_hp_gain":0.0,"max_hp_loss":0.0,"gold_gain":0.0,"event_name":"Tomb of Lord Red Mask","player_choice":"Paid","floor":38.0,"gold_loss":110.0,"damage_taken":0.0,"relics_obtained":["Red Mask"]},{"damage_healed":0.0,"max_hp_gain":0.0,"max_hp_loss":0.0,"gold_gain":0.0,"event_name":"The Moai Head","player_choice":"Ignored","floor":42.0,"gold_loss":0.0,"damage_taken":0.0},{"damage_healed":0.0,"max_hp_gain":0.0,"max_hp_loss":0.0,"gold_gain":0.0,"event_name":"MindBloom","player_choice":"Fight","floor":45.0,"gold_loss":0.0,"damage_taken":0.0}],"is_beta":false,"boss_relics":[{"not_picked":["SacredBark","Black Star"],"picked":"Fusion Hammer"},{"not_picked":["Runic Dome","Runic Pyramid"],"picked":"Empty Cage"}],"items_purged_floors":[21],"is_endless":false,"potions_floor_spawned":[8,11,14,16,23,28,33,35,47],"killed_by":"Donu and Deca","ascension_level":7}}