{"host":"8i4doyxqctgl5qb0","time":1612211402,"event":{"mods":["AchievementEnabler","BaseMod","Block Reminder","Colored Powertips","Downfall","Minty Spire (QoL Compilation)","Permanent Neow","Potion Indicator Mod","Rare Cards Sparkle","StSLib","SuperFastMode","The Jungle"],"gold_per_floor":[109,124,199,199,199,229,229,246,246,265,265,14,14,31,31,131,131,141,21,21,21,33,33,33,63,90,102,131,68,80,110,122,237,249,273,285,311,339,37,37,64,64,88,101,118,135,145,156,156,156],"floor_reached":51,"language":"ZHS","playtime":2569,"items_purged":[],"score":1044,"play_id":"fd72544b-6db0-4b55-8820-3c95e1614a1b","local_time":"20210202043002","is_ascension_mode":true,"campfire_choices":[{"floor":7.0,"key":"REST"},{"data":"Neutralize","floor":11.0,"key":"SMITH"},{"floor":15.0,"key":"REST"},{"floor":23.0,"key":"REST"},{"floor":27.0,"key":"REST"},{"floor":32.0,"key":"REST"},{"data":"Bullet Time","floor":40.0,"key":"SMITH"},{"floor":42.0,"key":"DIG"},{"data":"Burst","floor":49.0,"key":"SMITH"}],"circlet_count":0,"master_deck":["Defend_G","Defend_G","Defend_G","Defend_G+1","Survivor","Neutralize+1","Deadly Poison","Bouncing Flask","Sucker Punch","Leg Sweep","Escape Plan+1","Blur","Burst+1","Dagger Spray+1","Footwork+1","Bane","Bite","Bite","Bite","Bite","Bite","Outmaneuver+1","Backflip","Poisoned Stab+1","Backflip+1","After Image","Cloak And Dagger+1","Bullet Time+1","Acrobatics+1","Bane","Reflex+1","Parasite","Bouncing Flask+1","Well Laid Plans","Dagger Spray+1"],"relics":["Ring of the Serpent","NeowsBlessing","Lizard Tail","Shovel","Shuriken","Paper Crane","Nilry\u0027s Codex","Letter Opener","MawBank","Busted Crown","Torii","Question Card","Pear","Strawberry"],"acts_visited":["Exordium","TheCity","TheBeyond"],"potions_floor_usage":[50,50],"damage_taken":[{"damage":0.0,"enemies":"Small Slimes","floor":1.0,"turns":1.0},{"damage":0.0,"enemies":"Jaw Worm","floor":2.0,"turns":1.0},{"damage":0.0,"enemies":"Lagavulin","floor":6.0,"turns":1.0},{"damage":0.0,"enemies":"2 Louse","floor":8.0,"turns":4.0},{"damage":6.0,"enemies":"Large Slime","floor":10.0,"turns":5.0},{"damage":3.0,"enemies":"3 Louse","floor":14.0,"turns":4.0},{"damage":29.0,"enemies":"The Guardian","floor":16.0,"turns":11.0},{"damage":0.0,"enemies":"Chosen","floor":18.0,"turns":5.0},{"damage":15.0,"enemies":"Shell Parasite","floor":22.0,"turns":7.0},{"damage":40.0,"enemies":"Slavers","floor":25.0,"turns":7.0},{"damage":14.0,"enemies":"Cultist and Chosen","floor":28.0,"turns":9.0},{"damage":6.0,"enemies":"3 Cultists","floor":31.0,"turns":5.0},{"damage":32.0,"enemies":"Automaton","floor":33.0,"turns":13.0},{"damage":24.0,"enemies":"3 Darklings","floor":35.0,"turns":4.0},{"damage":0.0,"enemies":"Orb Walker","floor":37.0,"turns":4.0},{"damage":0.0,"enemies":"Spire Growth","floor":38.0,"turns":6.0},{"damage":2.0,"enemies":"Giant Head","floor":41.0,"turns":14.0},{"damage":29.0,"enemies":"Sphere and 2 Shapes","floor":44.0,"turns":8.0},{"damage":1.0,"enemies":"Writhing Mass","floor":45.0,"turns":6.0},{"damage":0.0,"enemies":"3 Darklings","floor":46.0,"turns":4.0},{"damage":3.0,"enemies":"Sphere and 2 Shapes","floor":47.0,"turns":4.0},{"damage":7.0,"enemies":"Transient","floor":48.0,"turns":5.0},{"damage":26,"enemies":"Time Eater","floor":50,"turns":12}],"seed_played":"-2993420772081370386","potions_obtained":[{"floor":2.0,"key":"LiquidBronze"},{"floor":16.0,"key":"Strength Potion"},{"floor":18.0,"key":"Swift Potion"},{"floor":25.0,"key":"DistilledChaos"},{"floor":28.0,"key":"DistilledChaos"},{"floor":33.0,"key":"SneckoOil"},{"floor":37.0,"key":"LiquidBronze"},{"floor":38.0,"key":"Poison Potion"},{"floor":44.0,"key":"BlessingOfTheForge"}],"is_trial":false,"path_per_floor":["M","M","?","?","T","E","R","M","T","M","R","$","?","M","R","B",null,"M","$","?","?","M","R","?","E","T","R","M","?","$","M","R","B",null,"M","?","M","M","$","R","E","R","T","M","M","M","M","M","R","B",null],"character_chosen":"THE_SILENT","items_purchased":["Paper Crane","Footwork","Bane","Torii"],"campfire_rested":5,"item_purchase_floors":[12,19,19,39],"current_hp_per_floor":[63,63,52,45,45,45,66,66,66,60,60,60,46,43,64,35,61,61,61,49,33,28,42,42,10,10,24,18,18,18,18,32,18,41,19,19,27,33,33,33,47,57,64,43,46,52,57,54,54,36],"gold":156,"neow_bonus":"THREE_ENEMY_KILL","is_daily":false,"chose_seed":false,"campfire_upgraded":3,"win_rate":0.0,"timestamp":1612211402,"path_taken":["M","M","?","?","?","E","R","M","T","?","R","$","?","M","R","BOSS","M","$","?","?","M","R","?","E","T","R","?","?","$","M","R","BOSS","M","?","M","M","$","R","E","R","T","M","M","?","M","M","R","BOSS"],"items_purchased_type":["Relic","Card","Card","Relic"],"build_version":"2020-12-22","purchased_purges":0,"victory":true,"max_hp_per_floor":[70,70,70,70,70,70,70,70,70,70,70,70,70,70,70,70,70,70,70,49,49,49,49,49,49,49,49,49,49,49,49,49,49,49,49,49,49,49,49,49,49,59,66,66,66,66,66,66,66,66],"card_choices":[{"not_picked":["Deflect","Backflip"],"picked":"Deadly Poison","floor":1.0},{"not_picked":["Flying Knee","All Out Attack"],"picked":"Bouncing Flask","floor":2.0},{"not_picked":["Dodge and Roll","Predator"],"picked":"Sucker Punch","floor":6.0},{"not_picked":["Prepared","Quick Slash"],"picked":"Leg Sweep","floor":8.0},{"not_picked":["Underhanded Strike","Choke"],"picked":"Escape Plan","floor":10.0},{"not_picked":["Flying Knee","Setup"],"picked":"Blur","floor":14.0},{"not_picked":["Doppelganger","Tools of the Trade"],"picked":"Burst","floor":16.0},{"not_picked":["Escape Plan","Slice"],"picked":"Dagger Spray+1","floor":18.0},{"not_picked":["Underhanded Strike","Cloak And Dagger"],"picked":"Outmaneuver+1","floor":22.0},{"not_picked":["Blade Dance","Die Die Die"],"picked":"Backflip","floor":25.0},{"not_picked":["Acrobatics","Leg Sweep"],"picked":"Poisoned Stab+1","floor":28.0},{"not_picked":["Blade Dance+1","Deflect+1"],"picked":"Backflip+1","floor":31.0},{"not_picked":["Storm of Steel","Envenom"],"picked":"After Image","floor":33.0},{"not_picked":[],"picked":"Cloak And Dagger+1","floor":35.0},{"not_picked":[],"picked":"Acrobatics+1","floor":37.0},{"not_picked":["Calculated Gamble"],"picked":"SKIP","floor":38.0},{"not_picked":[],"picked":"Bane","floor":41.0},{"not_picked":["Prepared+1"],"picked":"Reflex+1","floor":44.0},{"not_picked":["Quick Slash"],"picked":"Bouncing Flask+1","floor":45.0},{"not_picked":["Quick Slash"],"picked":"Well Laid Plans","floor":46.0},{"not_picked":["Flying Knee+1"],"picked":"Dagger Spray+1","floor":47.0},{"not_picked":["Expertise+1","Underhanded Strike"],"picked":"SKIP","floor":48.0}],"player_experience":265129,"relics_obtained":[{"floor":5.0,"key":"Lizard Tail"},{"floor":6.0,"key":"Shovel"},{"floor":9.0,"key":"Shuriken"},{"floor":21.0,"key":"Nilry\u0027s Codex"},{"floor":25.0,"key":"Letter Opener"},{"floor":26.0,"key":"MawBank"},{"floor":41.0,"key":"Question Card"},{"floor":42.0,"key":"Pear"},{"floor":43.0,"key":"Strawberry"}],"event_choices":[{"damage_healed":0.0,"max_hp_gain":0.0,"max_hp_loss":0.0,"gold_gain":75.0,"event_name":"World of Goop","player_choice":"Gather Gold","floor":3.0,"gold_loss":0.0,"damage_taken":11.0},{"cards_removed":["Strike_G"],"damage_healed":0.0,"max_hp_gain":0.0,"max_hp_loss":0.0,"gold_gain":0.0,"event_name":"Golden Wing","player_choice":"Card Removal","floor":4.0,"gold_loss":0.0,"damage_taken":7.0},{"damage_healed":0.0,"max_hp_gain":0.0,"max_hp_loss":0.0,"gold_gain":0.0,"event_name":"Shining Light","player_choice":"Entered Light","floor":13.0,"gold_loss":0.0,"damage_taken":14.0,"cards_upgraded":["Defend_G","Escape Plan"]},{"damage_healed":0.0,"max_hp_gain":0.0,"max_hp_loss":21.0,"gold_gain":0.0,"event_name":"Vampires","player_choice":"Became a vampire","floor":20.0,"gold_loss":0.0,"damage_taken":0.0,"cards_obtained":["Bite","Bite","Bite","Bite","Bite"]},{"damage_healed":0.0,"max_hp_gain":0.0,"max_hp_loss":0.0,"gold_gain":0.0,"event_name":"Cursed Tome","player_choice":"Obtained Book","floor":21.0,"gold_loss":0.0,"damage_taken":16.0},{"damage_healed":0.0,"max_hp_gain":0.0,"max_hp_loss":0.0,"gold_gain":0.0,"event_name":"Upgrade Shrine","player_choice":"Upgraded","floor":24.0,"gold_loss":0.0,"damage_taken":0.0,"cards_upgraded":["Footwork"]},{"cards_removed":["Defend_G"],"damage_healed":0.0,"max_hp_gain":0.0,"max_hp_loss":0.0,"gold_gain":0.0,"event_name":"Beggar","player_choice":"Gave Gold","floor":29.0,"gold_loss":75.0,"damage_taken":0.0},{"damage_healed":0.0,"max_hp_gain":0.0,"max_hp_loss":0.0,"gold_gain":0.0,"event_name":"Match and Keep!","player_choice":"1 cards matched","floor":36.0,"gold_loss":0.0,"damage_taken":0.0,"cards_obtained":["Bullet Time"]}],"is_beta":false,"boss_relics":[{"not_picked":["Fusion Hammer","Velvet Choker"],"picked":"Ring of the Serpent"},{"not_picked":["Tiny House","Sozu"],"picked":"Busted Crown"}],"items_purged_floors":[],"is_endless":false,"potions_floor_spawned":[2,16,18,25,28,33,37,38,44],"ascension_level":8}}