{"host":"xg4r5pv6chpuampg","time":1612203277,"event":{"mods":["AchievementEnabler","BaseMod","Googly Eyes","Minty Spire (QoL Compilation)"],"gold_per_floor":[110,185,82,101,119,129,129,129,129,129,141,153,153,54,54,151,151,163,163,181,197,197],"floor_reached":21,"language":"ENG","playtime":697,"items_purged":["Well Laid Plans"],"score":173,"play_id":"728120a4-f7a0-49f1-aeb0-c01e5ddb20d1","local_time":"20210201211437","is_ascension_mode":false,"campfire_choices":[{"floor":8,"key":"REST"},{"floor":10,"key":"REST"},{"floor":15,"key":"REST"}],"circlet_count":0,"master_deck":["Strike_G","Strike_G","Strike_G","Strike_G","Strike_G","Defend_G","Defend_G","Defend_G","Defend_G","Defend_G+1","Survivor+1","Neutralize","Crippling Poison","Poisoned Stab","Poisoned Stab","Deadly Poison","Bane","Burst","Caltrops","Bouncing Flask","Riddle With Holes+1"],"relics":["Runic Pyramid","Mercury Hourglass","Mummified Hand","WristBlade"],"acts_visited":["Exordium","TheCity"],"potions_floor_usage":[],"damage_taken":[{"damage":17,"enemies":"Jaw Worm","floor":1,"turns":4},{"damage":7,"enemies":"Cultist","floor":4,"turns":4},{"damage":0,"enemies":"Small Slimes","floor":5,"turns":3},{"damage":0,"enemies":"Exordium Wildlife","floor":6,"turns":3},{"damage":9,"enemies":"Lots of Slimes","floor":11,"turns":3},{"damage":7,"enemies":"3 Louse","floor":12,"turns":3},{"damage":40,"enemies":"The Guardian","floor":16,"turns":11},{"damage":6,"enemies":"Chosen","floor":18,"turns":4},{"damage":16,"enemies":"Shell Parasite","floor":20,"turns":6},{"damage":47,"enemies":"Centurion and Healer","floor":21,"turns":5}],"seed_played":"-298730325642359161","potions_obtained":[{"floor":5,"key":"Weak Potion"},{"floor":11,"key":"SkillPotion"}],"is_trial":false,"path_per_floor":["M","?","?","M","M","M","?","R","T","R","M","M","?","$","R","B",null,"M","?","M","M"],"character_chosen":"THE_SILENT","items_purchased":["Bane"],"campfire_rested":3,"item_purchase_floors":[14],"current_hp_per_floor":[53,42,42,35,35,35,35,56,56,70,61,54,40,40,61,21,70,64,64,48,1,1],"gold":197,"neow_bonus":"BOSS_RELIC","is_daily":false,"chose_seed":false,"campfire_upgraded":0,"win_rate":0.0,"timestamp":1612203277,"path_taken":["M","?","?","?","M","M","?","R","T","R","M","M","?","?","R","BOSS","M","?","M","M"],"items_purchased_type":["Card"],"build_version":"2020-12-22","purchased_purges":1,"victory":false,"max_hp_per_floor":[70,70,70,70,70,70,70,70,70,70,70,70,70,70,70,70,70,70,70,70,70,70],"card_choices":[{"not_picked":["Cloak And Dagger","Sucker Punch"],"picked":"Crippling Poison","floor":1},{"not_picked":["Tactician","Slice"],"picked":"Poisoned Stab","floor":4},{"not_picked":["Prepared","Slice"],"picked":"Well Laid Plans","floor":5},{"not_picked":["Blade Dance","Acrobatics"],"picked":"Venomology","floor":6},{"not_picked":["Catalyst","Deadly Poison"],"picked":"Poisoned Stab","floor":11},{"not_picked":["Underhanded Strike","Distraction"],"picked":"Deadly Poison","floor":12},{"not_picked":["Glass Knife","Wraith Form v2"],"picked":"Burst","floor":16},{"not_picked":["Quick Slash","Masterful Stab"],"picked":"Caltrops","floor":18},{"not_picked":["Cloak And Dagger","Calculated Gamble"],"picked":"Riddle With Holes+1","floor":20},{"not_picked":["Backflip","Leg Sweep","Deflect"],"picked":"SKIP","floor":21}],"player_experience":46046,"relics_obtained":[{"floor":9,"key":"Mummified Hand"}],"event_choices":[{"damage_healed":0,"gold_gain":75,"player_choice":"Gather Gold","damage_taken":11,"max_hp_gain":0,"max_hp_loss":0,"event_name":"World of Goop","floor":2,"gold_loss":0},{"damage_healed":0,"gold_gain":0,"player_choice":"Paid Gold","damage_taken":0,"relics_obtained":["Mercury Hourglass"],"max_hp_gain":0,"max_hp_loss":0,"event_name":"WeMeetAgain","floor":3,"gold_loss":103},{"damage_healed":0,"gold_gain":0,"player_choice":"Ignored","damage_taken":0,"max_hp_gain":0,"max_hp_loss":0,"event_name":"Golden Wing","floor":7,"gold_loss":0},{"damage_healed":0,"gold_gain":0,"player_choice":"Entered Light","damage_taken":14,"max_hp_gain":0,"max_hp_loss":0,"event_name":"Shining Light","floor":13,"gold_loss":0,"cards_upgraded":["Defend_G","Survivor"]},{"damage_healed":0,"gold_gain":0,"cards_transformed":["Venomology"],"player_choice":"Transformed","damage_taken":0,"max_hp_gain":0,"max_hp_loss":0,"event_name":"Transmorgrifier","floor":19,"gold_loss":0,"cards_obtained":["Bouncing Flask"]}],"is_beta":false,"boss_relics":[{"not_picked":["Calling Bell","Cursed Key"],"picked":"WristBlade"}],"items_purged_floors":[14],"is_endless":false,"potions_floor_spawned":[5,11,21],"killed_by":"Centurion and Healer","ascension_level":0}}