{"host":"1focbxb2e8qu7ccd","time":1612209914,"event":{"mods":["BaseMod","Minty Spire (QoL Compilation)","Relic Stats"],"gold_per_floor":[214,230,21,40,40,73,87,116,139,139,170,170,195,208,208,284,284,294,305,325,69,82,112,112,141,164,195,207,249,261,308,320,332,332],"floor_reached":33,"language":"ENG","playtime":2545,"items_purged":["Strike_G","Defend_G"],"score":722,"play_id":"c1b25860-b6d6-415f-bcff-d50133bf3ce0","local_time":"20210201150514","is_ascension_mode":true,"campfire_choices":[{"floor":12,"key":"REST"},{"data":"Sucker Punch","floor":15,"key":"SMITH"},{"floor":24,"key":"REST"},{"floor":28,"key":"REST"},{"data":"Well Laid Plans","floor":30,"key":"SMITH"},{"floor":32,"key":"REST"}],"circlet_count":0,"master_deck":["AscendersBane","Strike_G+1","Strike_G+1","Defend_G","Defend_G","Defend_G","Survivor","Neutralize","Sucker Punch+1","Dagger Spray","Dash+1","Dagger Throw","Dagger Spray","Outmaneuver","PiercingWail","Die Die Die","Adrenaline","Blade Dance","Wraith Form v2","Burst+1","Acrobatics+1","Unload+1","Cloak And Dagger","Well Laid Plans+1","Blade Dance","Finisher","Prepared+1"],"relics":["Ring of the Snake","Ornamental Fan","Whetstone","Pen Nib","Bag of Preparation","The Courier","Astrolabe","Lantern","Pear","Matryoshka","MawBank","Strawberry","Bottled Tornado","Mummified Hand"],"acts_visited":["Exordium","TheCity"],"potions_floor_usage":[6,8,16,19,22,29],"damage_taken":[{"damage":0,"enemies":"2 Louse","floor":1,"turns":4},{"damage":0,"enemies":"Cultist","floor":2,"turns":4},{"damage":2,"enemies":"Small Slimes","floor":4,"turns":3},{"damage":32,"enemies":"Gremlin Nob","floor":6,"turns":5},{"damage":1,"enemies":"Exordium Wildlife","floor":7,"turns":3},{"damage":7,"enemies":"Lagavulin","floor":8,"turns":7},{"damage":20,"enemies":"3 Sentries","floor":11,"turns":7},{"damage":14,"enemies":"Lagavulin","floor":13,"turns":6},{"damage":1,"enemies":"Red Slaver","floor":14,"turns":2},{"damage":11,"enemies":"Hexaghost","floor":16,"turns":12},{"damage":0,"enemies":"3 Byrds","floor":18,"turns":3},{"damage":0,"enemies":"Spheric Guardian","floor":19,"turns":4},{"damage":4,"enemies":"Snecko","floor":20,"turns":6},{"damage":9,"enemies":"3 Cultists","floor":22,"turns":4},{"damage":29,"enemies":"Gremlin Leader","floor":23,"turns":5},{"damage":39,"enemies":"Book of Stabbing","floor":25,"turns":7},{"damage":13,"enemies":"Cultist and Chosen","floor":27,"turns":6},{"damage":0,"enemies":"Gremlin Leader","floor":29,"turns":3},{"damage":25,"enemies":"Slavers","floor":31,"turns":7},{"damage":32,"enemies":"Automaton","floor":33,"turns":4}],"seed_played":"-3266484451123780661","potions_obtained":[{"floor":1,"key":"Regen Potion"},{"floor":4,"key":"CultistPotion"},{"floor":7,"key":"EssenceOfSteel"},{"floor":13,"key":"GamblersBrew"},{"floor":16,"key":"Regen Potion"},{"floor":18,"key":"DuplicationPotion"},{"floor":25,"key":"FearPotion"},{"floor":31,"key":"LiquidBronze"}],"is_trial":false,"path_per_floor":["M","M","$","M","?","E","M","E","T","?","E","R","E","M","R","B",null,"M","M","M","$","M","E","R","E","T","M","R","E","R","E","R","B"],"character_chosen":"THE_SILENT","items_purchased":["Dash","Dagger Throw","Blade Dance","Lantern"],"campfire_rested":4,"item_purchase_floors":[3,3,21,21],"current_hp_per_floor":[59,59,59,57,57,39,38,31,31,31,11,30,16,15,15,4,51,51,63,59,59,50,31,53,14,21,8,32,32,32,7,31,0,0],"gold":332,"neow_bonus":"HUNDRED_GOLD","is_daily":false,"chose_seed":false,"campfire_upgraded":2,"win_rate":0.0,"timestamp":1612209914,"path_taken":["M","M","$","M","?","E","?","E","T","?","E","R","E","M","R","BOSS","M","M","M","$","M","E","R","E","T","M","R","E","R","E","R","BOSS"],"items_purchased_type":["Card","Card","Card","Relic"],"build_version":"2020-12-22","purchased_purges":2,"victory":false,"max_hp_per_floor":[66,66,66,66,66,66,66,66,66,66,66,66,66,66,66,66,66,66,66,66,66,66,76,76,76,83,83,83,83,83,83,83,83,83],"relic_stats":{"counters":[20,102],"Ornamental Fan":[248],"Mummified Hand":[1],"Astrolabe":["Burst","Acrobatics","Unload"],"Pen Nib":[24],"Bag of Preparation":[26],"Whetstone":["Strike_G","Strike_G"],"MawBank":84,"obtain_stats":[{"Lantern":21,"Pear":23,"Astrolabe":17,"Pen Nib":9,"The Courier":13,"Bag of Preparation":11,"Whetstone":8,"Bottled Tornado":29,"MawBank":26,"Matryoshka":25,"Ornamental Fan":6,"Mummified Hand":31,"Strawberry":26,"Ring of the Snake":0},{"Lantern":13,"Pear":15,"Astrolabe":10,"Pen Nib":6,"The Courier":8,"Bag of Preparation":7,"Whetstone":6,"Bottled Tornado":18,"MawBank":16,"Matryoshka":16,"Ornamental Fan":4,"Mummified Hand":19,"Strawberry":16,"Ring of the Snake":0},{"Lantern":66,"Pear":75,"Astrolabe":53,"Pen Nib":26,"The Courier":39,"Bag of Preparation":33,"Whetstone":26,"Bottled Tornado":91,"MawBank":82,"Matryoshka":82,"Ornamental Fan":16,"Mummified Hand":98,"Strawberry":82,"Ring of the Snake":0}],"Ring of the Snake":[40]},"card_choices":[{"not_picked":["Acrobatics","PiercingWail"],"picked":"Sucker Punch","floor":1},{"not_picked":["Acrobatics","Deflect"],"picked":"Dagger Spray","floor":2},{"not_picked":["Slice","Escape Plan"],"picked":"Dagger Spray","floor":4},{"not_picked":["Dodge and Roll","Masterful Stab"],"picked":"Outmaneuver","floor":6},{"not_picked":["Night Terror","Predator"],"picked":"PiercingWail","floor":7},{"not_picked":["Dagger Spray","Bane","Deflect"],"picked":"SKIP","floor":8},{"not_picked":["Slice","Cloak And Dagger"],"picked":"Die Die Die","floor":11},{"not_picked":["Flying Knee","Dagger Spray"],"picked":"Adrenaline","floor":13},{"not_picked":["Dagger Spray","Concentrate"],"picked":"Blade Dance","floor":14},{"not_picked":["Envenom","Glass Knife"],"picked":"Wraith Form v2","floor":16},{"not_picked":["Slice","Backflip"],"picked":"Cloak And Dagger","floor":18},{"not_picked":["Acrobatics","Prepared"],"picked":"Well Laid Plans","floor":19},{"not_picked":["Predator","Catalyst","Concentrate"],"picked":"SKIP","floor":20},{"not_picked":["Tactician","Cloak And Dagger"],"picked":"Finisher","floor":22},{"not_picked":["Finisher","Quick Slash"],"picked":"Prepared+1","floor":23},{"not_picked":["Blur","Choke","Catalyst"],"picked":"SKIP","floor":25},{"not_picked":["Expertise","Corpse Explosion","Deadly Poison"],"picked":"SKIP","floor":27},{"not_picked":["Dagger Spray","Sucker Punch","Catalyst"],"picked":"SKIP","floor":29},{"not_picked":["Deadly Poison","Backstab","Outmaneuver"],"picked":"SKIP","floor":31}],"player_experience":853301,"relics_obtained":[{"floor":6,"key":"Ornamental Fan"},{"floor":8,"key":"Whetstone"},{"floor":9,"key":"Pen Nib"},{"floor":11,"key":"Bag of Preparation"},{"floor":13,"key":"The Courier"},{"floor":23,"key":"Pear"},{"floor":25,"key":"Matryoshka"},{"floor":26,"key":"MawBank"},{"floor":26,"key":"Strawberry"},{"floor":29,"key":"Bottled Tornado"},{"floor":31,"key":"Mummified Hand"}],"event_choices":[{"damage_healed":0,"gold_gain":0,"player_choice":"Got Potions","damage_taken":0,"max_hp_gain":0,"max_hp_loss":0,"event_name":"Lab","floor":5,"gold_loss":0},{"damage_healed":0,"gold_gain":0,"player_choice":"Upgraded","damage_taken":0,"max_hp_gain":0,"max_hp_loss":0,"event_name":"Upgrade Shrine","floor":10,"gold_loss":0,"cards_upgraded":["Dash"]}],"is_beta":false,"boss_relics":[{"not_picked":["Calling Bell","SlaversCollar"],"picked":"Astrolabe"}],"items_purged_floors":[3,21],"is_endless":false,"potions_floor_spawned":[1,4,7,13,16,18,25,31],"killed_by":"Automaton","ascension_level":18}}