{"host":"ni5mix2lh3q94rpg","time":1611237329,"event":{"mods":["AchievementEnabler","Act Like it!","BaseMod","Better Altar","Better Note","Better Silent Start","Better Skull","Better Third Choice","Better Vampires","Card Forge","Colored Map","Colored Powertips","Custom Start","Displayed Cursed Tome","Gensokyo","GifTheSpireLib","Hermit","Highlight Path","Marisa????????","Minty Spire (QoL Compilation)","Remilia??????","Replay The Spire","Shop Mod","Spicy Shops","StSLib","The Cursed","The Servant 0.9.4","Transform Curses","everything is the same but u backflip on backflip","slay the spire mod where everything is the same but ironclad has a cowboy hat"],"gold_per_floor":[119,139,139,2,2,2,31,31,31,31,31,342,272,299,299,402,402,414,236,236,249,249,249,249,296,333,333,378,411,450,450,183,220,220,336,336,571,571,207,207,242,242,294,294,294,294,294,294,347,358,358,358,358,358,214,240,240],"floor_reached":58,"language":"ENG","playtime":5577,"items_purged":["ReplayTheSpireMod:Restless Dread","Normality","Strike_RM+1"],"score":1396,"play_id":"1a8c0720-0a82-449d-a5d5-30204daaebac","local_time":"20210121165529","is_ascension_mode":true,"campfire_choices":[{"data":"DiffusionOfMisfortune","floor":6.0,"key":"SMITH"},{"data":"Stigmanizer","floor":10.0,"key":"SMITH"},{"data":"UnstableMagic","floor":15.0,"key":"SMITH"},{"data":"ChaoticDestiny","floor":27,"key":"SMITH"},{"data":"MastersStateliness","floor":31,"key":"SMITH"},{"floor":34,"key":"REST"},{"floor":42,"key":"REST"},{"floor":44,"key":"RECALL"},{"data":"CurseOfVladTepes","floor":46,"key":"SMITH"},{"data":"ScarletMeister","floor":51,"key":"SMITH"},{"data":"MastersStateliness","floor":54,"key":"SMITH"}],"circlet_count":0,"master_deck":["Defend_RM+1","RedMoon+1","DiffusionOfMisfortune+1","UnstableMagic+1","Stigmanizer+1","ForecastOfChange+1","FitfulNightmare","FitfulNightmare","ScarletMeister+1","MastersStateliness+1","DiffusionOfMisfortune","ScarletImprint","FavorOfDestiny","ChaoticDestiny+1","TransientEternity","MastersStateliness+1","MillenniumVampire","ScarletImprint+1","UnstableMagic","CurseOfVladTepes+1","ScarletMeister+1","VampireKiss+1","CharismaGuard","CharismaGuard","ScarletDream+1","AfternoonTea+1","SuperhumanBloodyKnife","UnstableMagic+1","DiffusionOfMisfortune+1"],"relics":["ScarletHat","Hammer of Thor","Seething Fire","Anvil of the Gods","Gensokyo:LunaticRedEyes","Gensokyo:NagashiBinaDoll","PreservedInsect","Happy Flower","White Beast Statue","Smiling Mask","Counterbalance","APieceOfRedMist","Replay:PocketPolymizer","Lantern","ReplayTheSpireMod:CursedCoin","Gremlin Food","Pantograph","ScarletDevilRocket","Pen Nib","Kintsugi","Toxic Egg 2","Pet Ghost","Replay:Rubber Ducky","ReplayTheSpireMod:Lightbulb","Ginger","ReplayFunnel","Strawberry"],"acts_visited":["Exordium","Gensokyo:Gensokyo","Gensokyo:Gensokyoer","TheEnding"],"potions_floor_usage":[26,33,35,35,37,37,43,52,57,57],"damage_taken":[{"damage":0.0,"enemies":"Gensokyo:3_Fairies","floor":1.0,"turns":4.0},{"damage":0.0,"enemies":"Gensokyo:Gryphon","floor":2.0,"turns":5.0},{"damage":15.0,"enemies":"Gensokyo:Aya","floor":7.0,"turns":12.0},{"damage":1.0,"enemies":"Gensokyo:Python","floor":12.0,"turns":4.0},{"damage":0.0,"enemies":"Gensokyo:Cirno","floor":14.0,"turns":5.0},{"damage":16.0,"enemies":"Gensokyo:Yukari","floor":16.0,"turns":14.0},{"damage":1.0,"enemies":"Gensokyo:CosmicMonolith","floor":18.0,"turns":4.0},{"damage":3,"enemies":"Gensokyo:Chomper","floor":21,"turns":4},{"damage":0,"enemies":"Gensokyo:Tenshi","floor":25,"turns":2},{"damage":0,"enemies":"Gensokyo:Swordslinger","floor":26,"turns":4},{"damage":3,"enemies":"Gensokyo:Koishi","floor":29,"turns":4},{"damage":15,"enemies":"Gensokyo:Wraith","floor":30,"turns":5},{"damage":29,"enemies":"Gensokyo:3_Gloops","floor":33,"turns":6},{"damage":43,"enemies":"Gensokyo:Eiki","floor":35,"turns":9},{"damage":36,"enemies":"Gensokyo:3_Boulders","floor":37,"turns":7},{"damage":0,"enemies":"Gensokyo:AncientGuardian","floor":41,"turns":3},{"damage":0,"enemies":"Gensokyo:AtlasGolem","floor":43,"turns":4},{"damage":1,"enemies":"Gensokyo:3_Boulders","floor":50,"turns":8},{"damage":0,"enemies":"Gensokyo:Yuyuko","floor":52,"turns":7},{"damage":20,"enemies":"Shield and Spear","floor":56,"turns":6},{"damage":8,"enemies":"The Heart","floor":57,"turns":9}],"seed_played":"-2032984166376736541","potions_obtained":[{"floor":7.0,"key":"Fruit Juice"},{"floor":12.0,"key":"LifebloodPotion"},{"floor":14.0,"key":"Regen Potion"},{"floor":16.0,"key":"SkillPotion"},{"floor":18.0,"key":"ColorlessPotion"},{"floor":21,"key":"Elixir"},{"floor":26,"key":"SmokeBomb"},{"floor":29,"key":"Reflective Coating"},{"floor":33,"key":"Venom Potion"},{"floor":35,"key":"Fire Potion"},{"floor":35,"key":"PowerPotion"},{"floor":37,"key":"Weak Potion"},{"floor":37,"key":"FearPotion"},{"floor":43,"key":"SkillPotion"},{"floor":43,"key":"LifebloodPotion"},{"floor":50,"key":"Flashbang"}],"is_trial":false,"path_per_floor":["M","M","?","COS","?","R","E","?","T","R","$","M","?","E","R","B",null,"M","$","?","M","?","PTL","PTL","E","M","R","T","E","M","R","COS","M","R","B",null,"M","?","$","?","M","R","M","R","T","R","?","?","T","M","R","B",null,"R","$","E","B",null],"character_chosen":"REMILIA","items_purchased":["Replay:PocketPolymizer","Lantern","ReplayTheSpireMod:CursedCoin","MastersStateliness","DiffusionOfMisfortune","ScarletImprint","Pet Ghost","VampireKiss+1","CharismaGuard","Replay:Rubber Ducky","UnstableMagic+1","Dexterity Potion"],"campfire_rested":2,"item_purchase_floors":[19,19,19,19,19,19,39,39,39,39,55,55],"current_hp_per_floor":[75,75,75,75,75,75,69,69,69,69,69,68,68,68,68,66,80,80,80,62,61,61,61,61,66,66,66,66,70,64,64,64,48,72,80,80,55,55,55,39,45,69,78,78,78,78,78,66,66,74,74,74,80,80,80,70,87],"gold":240,"neow_bonus":"UPGRADE_CARD","is_daily":false,"chose_seed":false,"campfire_upgraded":8,"win_rate":0.0,"timestamp":1611237329,"path_taken":["M","M","?","COS","?","R","E","?","T","R","?","?","?","E","R","BOSS","M","$","?","?","?","PTL","PTL","E","M","R","T","E","?","R","COS","M","R","BOSS","M","?","$","?","?","R","?","R","T","R","?","?","?","M","R","BOSS","R","$","E","BOSS"],"items_purchased_type":["Relic","Relic","Relic","Card","Card","Card","Relic","Card","Card","Relic","Card","Potion"],"build_version":"2020-12-22","purchased_purges":3,"victory":true,"max_hp_per_floor":[75,75,75,75,75,75,80,80,80,80,80,80,80,80,80,80,80,80,80,80,80,80,80,80,80,80,80,80,80,80,80,80,80,80,80,80,80,80,80,80,80,80,80,80,80,80,80,80,80,80,80,80,80,80,80,87,87],"card_choices":[{"not_picked":["GlobalNightmare","Stigmanizer"],"picked":"DiffusionOfMisfortune","floor":1.0},{"not_picked":["UnderTheZenith","NightDance"],"picked":"UnstableMagic","floor":2.0},{"not_picked":["BloodHunter","ScarletImprint"],"picked":"Stigmanizer","floor":7.0},{"not_picked":["VampireKiss+1","BloodHunter+1"],"picked":"ForecastOfChange+1","floor":12.0},{"not_picked":["ScarletImprint","BloodHunter"],"picked":"FitfulNightmare","floor":12.0},{"not_picked":["BlasphemousPunishment","RedMagic"],"picked":"FitfulNightmare","floor":14.0},{"not_picked":["DemonKingCradle","TricksterDevil"],"picked":"ScarletMeister","floor":16.0},{"not_picked":["NightDance","FitfulNightmare"],"picked":"DevilSight+1","floor":18.0},{"not_picked":["EmergencyRegeneration","FitfulNightmare"],"picked":"FavorOfDestiny","floor":21},{"not_picked":["HunterOfTheNight","VampireSweep+1"],"picked":"TransientEternity","floor":25},{"not_picked":["CharismaGuard","VampirishNight"],"picked":"MastersStateliness","floor":26},{"not_picked":["VampirishNight","GlobalNightmare"],"picked":"FavorOfDestiny","floor":29},{"not_picked":["StarOfDavid","RedRainbow","ScarletDevilSign"],"picked":"SKIP","floor":30},{"not_picked":["KillingBlow+1","NightDance+1"],"picked":"ScarletImprint+1","floor":33},{"not_picked":["VampireKiss","ChainGang"],"picked":"UnstableMagic","floor":33},{"not_picked":["TricksterDevil","ChaoticDestiny"],"picked":"CurseOfVladTepes","floor":35},{"not_picked":["ScarletSymphony+1","UnderTheZenith+1","ForbiddenFruit+1"],"picked":"SKIP","floor":37},{"not_picked":["VampireClaw+1","Septette+1","UnderTheZenith+1"],"picked":"SKIP","floor":41},{"not_picked":["BloodAndWine+1","BloodHunter+1","HunterOfTheNight+1"],"picked":"SKIP","floor":43},{"not_picked":["EndlessAdversity","ForecastOfChange","Septette+1"],"picked":"SKIP","floor":50},{"not_picked":["RedRainbow","ScarletSymphony+1"],"picked":"DiffusionOfMisfortune+1","floor":56}],"player_experience":853632,"relics_obtained":[{"floor":7.0,"key":"PreservedInsect"},{"floor":9.0,"key":"White Beast Statue"},{"floor":14.0,"key":"Smiling Mask"},{"floor":25,"key":"Pantograph"},{"floor":28,"key":"ScarletDevilRocket"},{"floor":29,"key":"Pen Nib"},{"floor":49,"key":"ReplayFunnel"},{"floor":56,"key":"Strawberry"}],"event_choices":[{"damage_healed":0,"gold_gain":0,"player_choice":"RE ","damage_taken":20,"relics_obtained":["Gremlin Food"],"max_hp_gain":0,"max_hp_loss":0,"event_name":"betterSkull:BetterSkull","floor":20,"gold_loss":0,"cards_upgraded":[]},{"damage_healed":0,"gold_gain":0,"player_choice":"RE ","damage_taken":18,"relics_obtained":["ReplayTheSpireMod:Lightbulb"],"max_hp_gain":0,"max_hp_loss":0,"event_name":"betterSkull:BetterSkull","floor":40,"gold_loss":0,"cards_upgraded":[]}],"is_beta":false,"boss_relics":[{"not_picked":["Coffee Dripper","Replay:Wanted Poster"],"picked":"APieceOfRedMist"},{"not_picked":["Astrolabe","Pandora\u0027s Box"],"picked":"Kintsugi"}],"items_purged_floors":[19,39,55],"is_endless":false,"potions_floor_spawned":[7,12,14,16,18,21,25,26,29,30,33,35,37,41,43,50,56],"ascension_level":1}}