{"host":"s8eu5oacnz2jj6un","time":1611258256,"event":{"mods":["AchievementEnabler","Act Like it!","Astrologer","BaseMod","Colored Powertips","KinomotoSakuraMod(????)","Lobotomy","Marisa????????","Minty Spire (QoL Compilation)","Remilia??????","Replay The Spire","Shop Mod","StSLib","The Senshi","The Servant 0.9.4","Yuri Mod"],"gold_per_floor":[113,113,129,84,84,111,111,129,129,129,163,174,174,192,192,192,192],"floor_reached":16,"language":"ENG","playtime":2223,"items_purged":[],"score":110,"play_id":"66c8e5cf-420f-4f8e-ac94-2906973d5e40","local_time":"20210121204416","is_ascension_mode":false,"campfire_choices":[{"floor":7.0,"key":"RECALL"},{"floor":13,"key":"REST"},{"floor":15,"key":"DIG"}],"circlet_count":0,"master_deck":["theSenshi:SailorKick","theSenshi:SailorKick","theSenshi:SailorKick","theSenshi:SailorKick","theSenshi:SailorBlock","theSenshi:SailorBlock","theSenshi:SailorBlock","theSenshi:RoseThrow","theSenshi:MoonPrismPowerMakeUp+1","theSenshi:SailorMercuryAssists","theSenshi:SailorNeptuneAssists","theSenshi:SailorV","theSenshi:SailorVenusAssists","Regret","theSenshi:MercurysCunning","theSenshi:CrisisMakeUp","theSenshi:LunaSensingAllies","theSenshi:PlutosSolemnity","theSenshi:MoonPunch"],"relics":["theSenshi:TransformationBroochRelic","Replay:Bottled Flurry","Blue Candle","Bottled Tornado","Pet Ghost","ReplayTheSpireMod:Shallot"],"acts_visited":["Exordium"],"potions_floor_usage":[14],"damage_taken":[{"damage":1.0,"enemies":"2 Louse","floor":1.0,"turns":3.0},{"damage":0.0,"enemies":"Cultist","floor":3.0,"turns":4.0},{"damage":25.0,"enemies":"Gremlin Nob","floor":6.0,"turns":5.0},{"damage":1.0,"enemies":"Jaw Worm","floor":8.0,"turns":4.0},{"damage":14.0,"enemies":"Lagavulin","floor":11.0,"turns":8.0},{"damage":4.0,"enemies":"Exordium Wildlife","floor":12.0,"turns":6.0},{"damage":1,"enemies":"Looter","floor":14,"turns":3},{"damage":63,"enemies":"Fading Forest","floor":16,"turns":11}],"seed_played":"-8535086236006711788","potions_obtained":[{"floor":6.0,"key":"Block Potion"},{"floor":12.0,"key":"Block Potion"}],"is_trial":false,"path_per_floor":["M","?","M","$","?","E","R","M","T","T","E","M","R","M","R","B"],"character_chosen":"THE_SENSHI","items_purchased":["theSenshi:SailorVenusAssists"],"campfire_rested":1,"item_purchase_floors":[4],"current_hp_per_floor":[74,74,74,74,74,49,49,48,48,48,34,30,52,51,51,0,0],"gold":192,"neow_bonus":"RANDOM_EVENT","is_daily":false,"chose_seed":false,"campfire_upgraded":0,"win_rate":0.0,"timestamp":1611258256,"path_taken":["M","?","?","$","?","E","R","M","T","?","E","M","R","M","R","BOSS"],"items_purchased_type":["Card"],"build_version":"2020-12-22","purchased_purges":0,"victory":false,"max_hp_per_floor":[75,75,75,75,75,75,75,75,75,75,75,75,75,75,75,75,75],"card_choices":[{"not_picked":["theSenshi:MoonPunch","theSenshi:EncouragingSpeech"],"picked":"theSenshi:SailorMercuryAssists","floor":1.0},{"not_picked":["theSenshi:DramaticEntrance","theSenshi:LunasBite"],"picked":"theSenshi:SailorV","floor":3.0},{"not_picked":["theSenshi:SailorMarsAssists","theSenshi:MoonTwilightFlash"],"picked":"theSenshi:MercurysCunning","floor":6.0},{"not_picked":["theSenshi:LunaWiseMentor","theSenshi:MoonTiaraMagic"],"picked":"theSenshi:CrisisMakeUp","floor":8.0},{"not_picked":["theSenshi:MoonCosmicPowerMakeUp","theSenshi:Sidestep"],"picked":"theSenshi:LunaSensingAllies","floor":11.0},{"not_picked":["theSenshi:SailorNeptuneAssists","theSenshi:MoonCrisisMakeUp"],"picked":"theSenshi:PlutosSolemnity","floor":12.0},{"not_picked":["theSenshi:MoonKick","theSenshi:LateForSchool"],"picked":"theSenshi:MoonPunch","floor":14}],"player_experience":744550,"relics_obtained":[{"floor":6.0,"key":"Blue Candle"},{"floor":10.0,"key":"Bottled Tornado"},{"floor":11.0,"key":"Pet Ghost"},{"floor":15,"key":"ReplayTheSpireMod:Shallot"}],"event_choices":[{"damage_healed":0.0,"max_hp_gain":0.0,"max_hp_loss":0.0,"gold_gain":0.0,"event_name":"Living Wall","player_choice":"Grow","floor":0.0,"gold_loss":0.0,"damage_taken":0.0,"cards_upgraded":["theSenshi:MoonPrismPowerMakeUp"]},{"damage_healed":0.0,"max_hp_gain":0.0,"max_hp_loss":0.0,"gold_gain":0.0,"cards_transformed":["theSenshi:SailorBlock"],"event_name":"Transmorgrifier","player_choice":"Transformed","floor":2.0,"gold_loss":0.0,"damage_taken":0.0,"cards_obtained":["theSenshi:SailorNeptuneAssists"]},{"damage_healed":0.0,"max_hp_gain":0.0,"max_hp_loss":0.0,"gold_gain":0.0,"event_name":"Big Fish","player_choice":"Box","floor":5.0,"gold_loss":0.0,"damage_taken":0.0,"relics_obtained":["Replay:Bottled Flurry"],"cards_obtained":["Regret"]}],"is_beta":false,"boss_relics":[],"items_purged_floors":[],"is_endless":false,"potions_floor_spawned":[6,12],"killed_by":"Fading Forest","ascension_level":0}}