{"host":"cy2xqrw0a4jjdcnp","time":1611245175,"event":{"mods":["AchievementEnabler","BaseMod","Colored Map","Minty Spire (QoL Compilation)","Permanent Neow","Relic Filter"],"gold_per_floor":[113,113,128,141,91,91,118,135,135,135,60,74,86,97,97,202,202,215,115,126,138,138,138,158,185,210,85,103,135,135,152,152,248,248,260,42,55,55,55,88,88,88,167,183,195,195,20,35,35,35],"floor_reached":51,"language":"ENG","playtime":1754,"items_purged":["Defend_R","Defend_R","Defend_R","Strike_R","Doubt"],"score":771,"play_id":"252e6e84-988b-4e81-ac9f-bc85eedf8cbd","local_time":"20210121140615","is_ascension_mode":false,"campfire_choices":[{"data":"Wild Strike","floor":6.0,"key":"SMITH"},{"data":"Armaments","floor":15.0,"key":"SMITH"},{"data":"Feed","floor":23.0,"key":"SMITH"},{"data":"Flex","floor":30.0,"key":"SMITH"},{"data":"True Grit","floor":32.0,"key":"SMITH"},{"data":"Shockwave","floor":41,"key":"SMITH"},{"data":"Immolate","floor":46,"key":"SMITH"},{"data":"Feel No Pain","floor":49,"key":"SMITH"}],"circlet_count":0,"master_deck":["Strike_R+1","Strike_R+1","Strike_R","Strike_R","Bash+1","True Grit+1","Shrug It Off","Wild Strike+1","Battle Trance","Flame Barrier","Headbutt","Armaments+1","Feed+1","Inflame+1","Shrug It Off","Battle Trance+1","Hemokinesis","Feel No Pain+1","Heavy Blade+1","Immolate+1","Clothesline+1","Shockwave+1","Shrug It Off+1","Sword Boomerang+1","Pummel+1"],"relics":["Burning Blood","Pear","White Beast Statue","InkBottle","Mark of Pain","Oddly Smooth Stone","Whetstone","Red Skull","Runic Cube","Dream Catcher","Eternal Feather"],"acts_visited":["Exordium","TheCity","TheBeyond"],"potions_floor_usage":[40,40,44,45,50,50,50],"damage_taken":[{"damage":4.0,"enemies":"Jaw Worm","floor":1.0,"turns":3.0},{"damage":6.0,"enemies":"Cultist","floor":3.0,"turns":3.0},{"damage":8.0,"enemies":"Small Slimes","floor":4.0,"turns":3.0},{"damage":21.0,"enemies":"Lagavulin","floor":7.0,"turns":5.0},{"damage":10.0,"enemies":"Looter","floor":8.0,"turns":2.0},{"damage":8.0,"enemies":"Large Slime","floor":12.0,"turns":5.0},{"damage":21.0,"enemies":"3 Louse","floor":13.0,"turns":2.0},{"damage":7.0,"enemies":"Blue Slaver","floor":14.0,"turns":2.0},{"damage":33.0,"enemies":"Hexaghost","floor":16.0,"turns":9.0},{"damage":16.0,"enemies":"2 Thieves","floor":18.0,"turns":4.0},{"damage":17.0,"enemies":"Spheric Guardian","floor":20.0,"turns":4.0},{"damage":2.0,"enemies":"Cultist and Chosen","floor":21.0,"turns":4.0},{"damage":12.0,"enemies":"Shelled Parasite and Fungi","floor":24.0,"turns":5.0},{"damage":41.0,"enemies":"Slavers","floor":25.0,"turns":6.0},{"damage":23.0,"enemies":"Snake Plant","floor":28.0,"turns":3.0},{"damage":37.0,"enemies":"Gremlin Leader","floor":29.0,"turns":5.0},{"damage":6.0,"enemies":"Cultist and Chosen","floor":31.0,"turns":4.0},{"damage":37.0,"enemies":"Champ","floor":33.0,"turns":8.0},{"damage":3.0,"enemies":"3 Shapes","floor":35.0,"turns":3.0},{"damage":24.0,"enemies":"3 Darklings","floor":37.0,"turns":3.0},{"damage":56,"enemies":"Giant Head","floor":40,"turns":8},{"damage":26,"enemies":"Spire Growth","floor":44,"turns":4},{"damage":20,"enemies":"Maw","floor":45,"turns":7},{"damage":18,"enemies":"3 Darklings","floor":48,"turns":3},{"damage":75,"enemies":"Time Eater","floor":50,"turns":8}],"seed_played":"7776497162659281728","potions_obtained":[{"floor":3.0,"key":"EssenceOfSteel"},{"floor":8.0,"key":"FearPotion"},{"floor":12.0,"key":"SkillPotion"},{"floor":13.0,"key":"SneckoOil"},{"floor":14.0,"key":"BloodPotion"},{"floor":16.0,"key":"Ancient Potion"},{"floor":18.0,"key":"SkillPotion"},{"floor":20.0,"key":"AttackPotion"},{"floor":21.0,"key":"Regen Potion"},{"floor":24.0,"key":"Fruit Juice"},{"floor":25.0,"key":"Explosive Potion"},{"floor":28.0,"key":"Energy Potion"},{"floor":29.0,"key":"Ancient Potion"},{"floor":31.0,"key":"Energy Potion"},{"floor":33.0,"key":"GamblersBrew"},{"floor":35.0,"key":"ColorlessPotion"},{"floor":40,"key":"DuplicationPotion"},{"floor":44,"key":"AttackPotion"},{"floor":45,"key":"Strength Potion"},{"floor":48,"key":"Strength Potion"}],"is_trial":false,"path_per_floor":["M","?","M","M","?","R","E","M","T","T","$","M","M","M","R","B",null,"M","$","M","M","?","R","M","E","T","$","M","E","R","M","R","B",null,"M","$","M","?","$","E","R","?","T","M","M","R","$","M","R","B",null],"character_chosen":"IRONCLAD","items_purchased":["Shockwave"],"campfire_rested":0,"item_purchase_floors":[36],"current_hp_per_floor":[80,80,80,78,78,78,73,69,69,69,69,67,52,51,51,24,90,83,83,75,83,83,83,77,87,87,87,70,39,39,43,43,12,113,117,117,99,99,99,53,53,121,121,101,87,102,102,94,109,40],"gold":35,"neow_bonus":"THREE_CARDS","is_daily":false,"chose_seed":false,"campfire_upgraded":8,"win_rate":0.0,"timestamp":1611245175,"path_taken":["M","?","?","M","?","R","E","M","T","?","$","M","M","M","R","BOSS","M","$","M","M","?","R","M","E","T","$","M","E","R","M","R","BOSS","M","$","M","?","$","E","R","?","T","M","M","R","$","M","R","BOSS"],"items_purchased_type":["Card"],"build_version":"2020-12-22","purchased_purges":5,"victory":true,"max_hp_per_floor":[80,80,80,80,80,80,90,90,90,90,90,90,90,90,90,90,90,93,93,96,100,100,100,100,109,109,109,109,109,109,113,113,113,113,117,117,117,117,117,121,121,121,121,121,121,121,121,125,125,125],"card_choices":[{"not_picked":["Warcry","Clash"],"picked":"True Grit","floor":0.0},{"not_picked":["Warcry","Iron Wave"],"picked":"Shrug It Off","floor":1.0},{"not_picked":["Pummel","Combust"],"picked":"Wild Strike","floor":3.0},{"not_picked":["Carnage","Havoc"],"picked":"Battle Trance","floor":4.0},{"not_picked":["Barricade","Fire Breathing"],"picked":"Flame Barrier","floor":7.0},{"not_picked":["Warcry","Perfected Strike"],"picked":"Flex","floor":8.0},{"not_picked":["Havoc","Iron Wave"],"picked":"Headbutt","floor":12.0},{"not_picked":["Fire Breathing","Cleave","Dropkick"],"picked":"SKIP","floor":13.0},{"not_picked":["Dark Embrace","Anger"],"picked":"Armaments","floor":14.0},{"not_picked":["Corruption","Berserk"],"picked":"Feed","floor":16.0},{"not_picked":["Perfected Strike","Rage","Cleave"],"picked":"SKIP","floor":18.0},{"not_picked":["Anger","True Grit+1"],"picked":"Inflame+1","floor":20.0},{"not_picked":["Exhume","Dropkick"],"picked":"Shrug It Off","floor":21.0},{"not_picked":["Heavy Blade","Havoc"],"picked":"Battle Trance+1","floor":24.0},{"not_picked":["Sentinel","Flame Barrier"],"picked":"Hemokinesis","floor":25.0},{"not_picked":["Anger+1","Hemokinesis+1","Headbutt"],"picked":"SKIP","floor":28.0},{"not_picked":["Inflame","Brutality"],"picked":"Feel No Pain","floor":29.0},{"not_picked":["Iron Wave","Headbutt"],"picked":"Heavy Blade+1","floor":31.0},{"not_picked":["Brutality","Bludgeon"],"picked":"Immolate","floor":33.0},{"not_picked":["Cleave+1","Wild Strike"],"picked":"Clothesline+1","floor":35.0},{"not_picked":["Havoc","Metallicize"],"picked":"Shrug It Off+1","floor":37.0},{"not_picked":["Cleave+1","Heavy Blade","Rage"],"picked":"SKIP","floor":40},{"not_picked":["Seeing Red","Havoc+1"],"picked":"Sword Boomerang+1","floor":44},{"not_picked":["Dropkick+1","Blood for Blood"],"picked":"Pummel+1","floor":45},{"not_picked":["Headbutt","Ghostly Armor","Dark Embrace"],"picked":"SKIP","floor":48}],"player_experience":1448720,"relics_obtained":[{"floor":7.0,"key":"Pear"},{"floor":9.0,"key":"White Beast Statue"},{"floor":10.0,"key":"InkBottle"},{"floor":25.0,"key":"Oddly Smooth Stone"},{"floor":26.0,"key":"Whetstone"},{"floor":29.0,"key":"Red Skull"},{"floor":40,"key":"Dream Catcher"},{"floor":43,"key":"Eternal Feather"}],"event_choices":[{"damage_healed":0.0,"max_hp_gain":0.0,"max_hp_loss":0.0,"gold_gain":0.0,"event_name":"Upgrade Shrine","player_choice":"Upgraded","floor":2.0,"gold_loss":0.0,"damage_taken":0.0,"cards_upgraded":["Bash"]},{"cards_removed":["Defend_R"],"damage_healed":0.0,"max_hp_gain":0.0,"max_hp_loss":0.0,"gold_gain":0.0,"event_name":"The Cleric","player_choice":"Card Removal","floor":5.0,"gold_loss":50.0,"damage_taken":0.0},{"damage_healed":0.0,"max_hp_gain":0.0,"max_hp_loss":0.0,"gold_gain":0.0,"event_name":"Ghosts","player_choice":"Ignored","floor":22.0,"gold_loss":0.0,"damage_taken":0.0},{"cards_removed":["Flex"],"damage_healed":0.0,"max_hp_gain":0.0,"max_hp_loss":0.0,"gold_gain":0.0,"event_name":"Falling","player_choice":"Removed Skill","floor":38.0,"gold_loss":0.0,"damage_taken":0.0},{"damage_healed":68,"gold_gain":0,"player_choice":"Heal","damage_taken":0,"max_hp_gain":0,"max_hp_loss":0,"event_name":"MindBloom","floor":42,"gold_loss":0,"cards_obtained":["Doubt"]}],"is_beta":false,"boss_relics":[{"not_picked":["Black Blood","Fusion Hammer"],"picked":"Mark of Pain"},{"not_picked":["Velvet Choker","SlaversCollar"],"picked":"Runic Cube"}],"items_purged_floors":[11,19,27,36,47],"is_endless":false,"potions_floor_spawned":[3,8,12,13,14,16,18,20,21,24,25,28,29,31,33,35,37,40,44,45,48],"ascension_level":0}}