{"host":"323inwdaz59hfocs","time":1611249875,"event":{"mods":["AchievementEnabler","BaseMod","BetterRewards","Colored Powertips","Conspire","Good Game Mod","Minty Spire (QoL Compilation)","Relic Stats","Replay The Spire","Shop Mod","StSLib","SuperFastMode","The Construct","The Cursed","The Gatherer","The Poker Player","Thieving Mod","[GremlinLeader]The Maniac","óô»ðÖ¸ÄÏ"],"gold_per_floor":[119,69,69,133,2496,2526,2576,2036,2063,2078,2128,2145,1723,1733,9501,9598,9598,9612,9695,8714,8724,8774,8806,8806,8838,8838,8864,8914,8104,8118,8144,7689,7784,7784,7799,7949,8010,8025,8075,7877,7671,7721,7744,7305,7318,6882,6932,6424,6093,6093,6093,5916,5647,5682,5682],"floor_reached":56,"language":"ZHS","playtime":3309,"items_purged":["Strike_G","Strike_G","Strike_G","Expertise","Defend_G","Defend_G","Defend_G","Defend_G","Blade Dance","Neutralize","Infinite Blades","PiercingWail+1","Infinite Blades","Infinite Blades","Unload+1"],"score":1576,"play_id":"8f27b554-36bb-43d8-bc03-39ec7129b669","local_time":"20210122012435","is_ascension_mode":true,"campfire_choices":[{"floor":24,"key":"RECALL"}],"circlet_count":0,"master_deck":["Survivor","Replay:Bag of Tricks","Grand Finale","Bouncing Flask+1","ReplayTheSpireMod:Brewmster","Backstab","Die Die Die+1","Deadly Poison","Grand Finale+1","Sadistic Nature","Quick Slash+1"],"relics":["Ring of the Snake","REME:ComplimentaryCards","NeowsBlessing","SsserpentHead","BargainBundle","Torii","Pen Nib","Basket Of Snakes","Frozen Eye","Tiny Chest","Toy Ornithopter","Lee\u0027s Waffle","Omamori","Mercury Hourglass","Medical Kit","Fusion Hammer","Red Mask","Peace Pipe","TheAbacus","Iron Hammer","Oddly Smooth Stone","Byrd Skull","Bottled Flame","Replay:Bottled Snecko","conspire:TopHat","Potion Belt","HandDrill","Bag of Preparation","Replay:Accelerometer","Sundial","Smiling Mask","Molten Egg 2","Black Star","Darkstone Periapt","Replay:Baseball","PreservedInsect","Pet Ghost","Bottled Tornado","Orichalcum","Membership Card","Mango","Calipers","FossilizedHelix","Sling","Paper Crane","TungstenRod","Strawberry","ReplayTheSpireMod:ShopPack","construct:BoolHorns","Golden Egg"],"acts_visited":["Exordium","TheCity","TheBeyond","TheEnding"],"potions_floor_usage":[16,16,16,16,18,19,19,25,27,30,31,33,33,37,38,50,50,50,55,55,55],"damage_taken":[{"damage":0,"enemies":"2 Louse","floor":1,"turns":1},{"damage":0,"enemies":"Jaw Worm","floor":4,"turns":1},{"damage":0,"enemies":"Lagavulin","floor":6,"turns":1},{"damage":6,"enemies":"Cultist","floor":10,"turns":3},{"damage":2,"enemies":"Red Slaver","floor":12,"turns":3},{"damage":18,"enemies":"Large Slime","floor":14,"turns":5},{"damage":1,"enemies":"Fading Forest","floor":16,"turns":11},{"damage":8,"enemies":"conspire:FuzzyDice","floor":18,"turns":6},{"damage":15,"enemies":"Masked Bandits","floor":19,"turns":4},{"damage":0,"enemies":"Chosen","floor":21,"turns":4},{"damage":1,"enemies":"conspire:SneckoGhost","floor":23,"turns":3},{"damage":30,"enemies":"conspire:Head Lice","floor":25,"turns":5},{"damage":9,"enemies":"Book of Stabbing","floor":27,"turns":5},{"damage":0,"enemies":"Centurion and Healer","floor":30,"turns":4},{"damage":16,"enemies":"Slavers","floor":31,"turns":6},{"damage":0,"enemies":"conspire:MysteriousRune","floor":33,"turns":4},{"damage":4,"enemies":"3 Shapes","floor":35,"turns":1},{"damage":11,"enemies":"3 Darklings","floor":37,"turns":3},{"damage":24,"enemies":"Spire Growth","floor":38,"turns":5},{"damage":0,"enemies":"Jaw Worm Horde","floor":45,"turns":1},{"damage":0,"enemies":"Time Eater","floor":50,"turns":4},{"damage":0,"enemies":"Shield and Spear","floor":54,"turns":1},{"damage":53,"enemies":"The Heart","floor":55,"turns":5}],"seed_played":"-1846833728218665324","potions_obtained":[{"floor":1,"key":"SpeedPotion"},{"floor":14,"key":"Regen Potion"},{"floor":21,"key":"SteroidPotion"}],"is_trial":false,"path_per_floor":["M","?","?","M","$","E","?","$","T","M","?","M","$","M","R","B",null,"M","?","$","M","?","E","R","E","T","E","T","R","M","E","R","B",null,"M","?","M","M","T","R","$","T","T","R","M","R","?","$","R","B",null,"R","$","E","B",null],"character_chosen":"THE_SILENT","items_purchased":["BargainBundle","Swift Potion","Block Potion","Grand Finale","Torii","Pen Nib","Infinite Blades","Frozen Eye","Tiny Chest","Toy Ornithopter","Lee\u0027s Waffle","Omamori","Mercury Hourglass","ReplayTheSpireMod:Brewmster","Medical Kit","Infinite Blades","Peace Pipe","TheAbacus","Iron Hammer","FairyPotion","HandDrill","Bag of Preparation","Replay:Accelerometer","Poison Potion","Smiling Mask","Molten Egg 2","Replay:Baseball","PreservedInsect","Bottled Tornado","Orichalcum","Membership Card","Mango","Die Die Die+1","Calipers","FossilizedHelix","Sling","Unload+1","Paper Crane","TungstenRod","Deadly Poison","Regen Potion","FairyPotion","Adrenaline Potion","Strawberry","Grand Finale+1","ReplayTheSpireMod:ShopPack"],"campfire_rested":0,"item_purchase_floors":[5,5,5,5,5,5,5,8,8,8,13,13,15,15,15,15,20,20,20,20,29,29,29,29,32,32,40,41,44,44,46,46,46,48,48,48,48,49,49,52,52,52,52,53,53,53],"current_hp_per_floor":[70,70,70,70,70,70,70,70,70,64,69,67,82,64,64,82,82,82,74,74,74,74,73,73,48,48,44,44,44,49,38,38,48,82,78,78,71,52,52,52,52,52,52,52,52,66,66,66,66,81,96,96,103,103,65],"gold":5682,"neow_bonus":"THREE_ENEMY_KILL","is_daily":false,"chose_seed":false,"campfire_upgraded":0,"win_rate":0.0,"timestamp":1611249875,"path_taken":["M","?","?","?","?","E","?","$","T","M","?","M","$","M","R","BOSS","M","?","$","M","?","E","R","E","T","E","?","R","M","E","R","BOSS","M","?","?","M","?","R","$","?","T","R","M","R","?","$","R","BOSS","R","$","E","BOSS"],"items_purchased_type":["Relic","Potion","Potion","Card","Relic","Relic","Card","Relic","Relic","Relic","Relic","Relic","Relic","Card","Relic","Card","Relic","Relic","Relic","Potion","Relic","Relic","Relic","Potion","Relic","Relic","Relic","Relic","Relic","Relic","Relic","Relic","Card","Relic","Relic","Relic","Card","Relic","Relic","Card","Potion","Potion","Potion","Relic","Card","Relic"],"build_version":"2020-12-22","purchased_purges":15,"victory":true,"max_hp_per_floor":[70,70,70,70,70,70,70,70,70,70,75,75,82,82,82,82,82,82,82,82,82,82,82,82,82,82,82,82,82,82,82,82,82,82,82,82,82,82,82,82,82,82,82,82,82,96,96,96,96,96,96,96,103,103,103],"relic_stats":{"Darkstone Periapt":0,"Lee\u0027s Waffle":15,"Torii":39,"counters":[23,85],"Pen Nib":[25],"PreservedInsect":68,"Bag of Preparation":[20],"Orichalcum":[12],"Medical Kit":[8],"Smiling Mask":1539,"Mercury Hourglass":[320],"Peace Pipe":0,"SsserpentHead":600,"TheAbacus":[198],"Sundial":[16],"Tiny Chest":2,"HandDrill":[12],"Black Star":1,"obtain_stats":[{"Replay:Accelerometer":29,"Golden Egg":54,"Calipers":48,"Bottled Tornado":44,"Sling":48,"Sundial":31,"Strawberry":53,"Fusion Hammer":17,"Iron Hammer":20,"HandDrill":29,"Byrd Skull":23,"Oddly Smooth Stone":22,"Pen Nib":5,"Paper Crane":49,"Bottled Flame":25,"Replay:Baseball":40,"Molten Egg 2":32,"Black Star":34,"Darkstone Periapt":39,"construct:BoolHorns":54,"Torii":5,"Mango":46,"Bag of Preparation":29,"Smiling Mask":32,"conspire:TopHat":27,"Pet Ghost":43,"SsserpentHead":3,"Frozen Eye":8,"TheAbacus":20,"Tiny Chest":8,"Red Mask":19,"Replay:Bottled Snecko":26,"Ring of the Snake":0,"Potion Belt":28,"BargainBundle":5,"Lee\u0027s Waffle":13,"NeowsBlessing":0,"Basket Of Snakes":6,"PreservedInsect":41,"Omamori":13,"Orichalcum":44,"Medical Kit":15,"Mercury Hourglass":15,"Peace Pipe":20,"REME:ComplimentaryCards":0,"Membership Card":46,"Toy Ornithopter":8,"FossilizedHelix":48,"TungstenRod":49,"ReplayTheSpireMod:ShopPack":53},{"Replay:Accelerometer":13,"Golden Egg":22,"Calipers":20,"Bottled Tornado":19,"Sling":20,"Sundial":15,"Strawberry":21,"Fusion Hammer":7,"Iron Hammer":9,"HandDrill":13,"Byrd Skull":11,"Oddly Smooth Stone":10,"Pen Nib":2,"Paper Crane":20,"Bottled Flame":12,"Replay:Baseball":19,"Molten Egg 2":15,"Black Star":16,"Darkstone Periapt":19,"construct:BoolHorns":22,"Torii":2,"Mango":20,"Bag of Preparation":13,"Smiling Mask":15,"conspire:TopHat":13,"Pet Ghost":19,"SsserpentHead":1,"Frozen Eye":3,"TheAbacus":9,"Tiny Chest":3,"Red Mask":9,"Replay:Bottled Snecko":12,"Ring of the Snake":0,"Potion Belt":13,"BargainBundle":2,"Lee\u0027s Waffle":5,"NeowsBlessing":0,"Basket Of Snakes":3,"PreservedInsect":19,"Omamori":5,"Orichalcum":19,"Medical Kit":6,"Mercury Hourglass":6,"Peace Pipe":9,"REME:ComplimentaryCards":0,"Membership Card":20,"Toy Ornithopter":3,"FossilizedHelix":20,"TungstenRod":20,"ReplayTheSpireMod:ShopPack":21},{"Replay:Accelerometer":52,"Golden Egg":80,"Calipers":75,"Bottled Tornado":74,"Sling":75,"Sundial":61,"Strawberry":79,"Fusion Hammer":25,"Iron Hammer":35,"HandDrill":52,"Byrd Skull":42,"Oddly Smooth Stone":39,"Pen Nib":2,"Paper Crane":75,"Bottled Flame":47,"Replay:Baseball":74,"Molten Egg 2":61,"Black Star":65,"Darkstone Periapt":74,"construct:BoolHorns":80,"Torii":2,"Mango":75,"Bag of Preparation":52,"Smiling Mask":61,"conspire:TopHat":52,"Pet Ghost":74,"SsserpentHead":1,"Frozen Eye":3,"TheAbacus":35,"Tiny Chest":3,"Red Mask":35,"Replay:Bottled Snecko":47,"Ring of the Snake":0,"Potion Belt":52,"BargainBundle":2,"Lee\u0027s Waffle":9,"NeowsBlessing":0,"Basket Of Snakes":3,"PreservedInsect":74,"Omamori":9,"Orichalcum":74,"Medical Kit":14,"Mercury Hourglass":14,"Peace Pipe":35,"REME:ComplimentaryCards":0,"Membership Card":75,"Toy Ornithopter":3,"FossilizedHelix":75,"TungstenRod":75,"ReplayTheSpireMod:ShopPack":79}],"Toy Ornithopter":86,"TungstenRod":21,"Ring of the Snake":[46]},"card_choices":[{"not_picked":["Deflect","Prepared"],"picked":"Blade Dance","floor":1},{"not_picked":["Dagger Spray","Outmaneuver"],"picked":"Expertise","floor":4},{"not_picked":["Dagger Throw","Predator","Catalyst"],"picked":"SKIP","floor":6},{"not_picked":["Underhanded Strike","Dodge and Roll","Quick Slash"],"picked":"SKIP","floor":10},{"not_picked":["Riddle With Holes","ReplayTheSpireMod:The Works","Predator"],"picked":"SKIP","floor":12},{"not_picked":["Dash","Slice","Poisoned Stab"],"picked":"SKIP","floor":14},{"not_picked":["Poisoned Stab","Sucker Punch","Deflect"],"picked":"SKIP","floor":18},{"not_picked":["Catalyst","Prepared+1"],"picked":"Backstab","floor":19},{"not_picked":["Dagger Spray+1","Well Laid Plans","Dodge and Roll"],"picked":"SKIP","floor":21},{"not_picked":["Blur","Quick Slash","Reflex"],"picked":"SKIP","floor":23},{"not_picked":["ReplayTheSpireMod:The Works","Deadly Poison"],"picked":"PiercingWail+1","floor":25},{"not_picked":["Dodge and Roll+1","Dagger Spray","Sucker Punch"],"picked":"SKIP","floor":27},{"not_picked":["Accuracy+1","ReplayTheSpireMod:Shiv Toss","Slice"],"picked":"SKIP","floor":30},{"not_picked":["Prepared+1","Catalyst","Deflect"],"picked":"SKIP","floor":31},{"not_picked":["Dagger Throw+1","Underhanded Strike+1","Acrobatics"],"picked":"SKIP","floor":35},{"not_picked":["ReplayTheSpireMod:Speed Training+1","Cloak And Dagger","Flying Knee+1"],"picked":"SKIP","floor":37},{"not_picked":["Dagger Spray+1","Riddle With Holes+1","ReplayTheSpireMod:Scrap Shanks"],"picked":"SKIP","floor":38},{"not_picked":["Backflip","Dash+1","ReplayTheSpireMod:Speed Training+1"],"picked":"SKIP","floor":45},{"not_picked":["ReplayTheSpireMod:Necrogeddon","Midas Touch"],"picked":"Sadistic Nature","floor":53},{"not_picked":["Underhanded Strike+1","Hidden Blade"],"picked":"Quick Slash+1","floor":54}],"player_experience":148199,"relics_obtained":[{"floor":6,"key":"Basket Of Snakes"},{"floor":19,"key":"Red Mask"},{"floor":23,"key":"Byrd Skull"},{"floor":25,"key":"Bottled Flame"},{"floor":26,"key":"Replay:Bottled Snecko"},{"floor":27,"key":"conspire:TopHat"},{"floor":28,"key":"Potion Belt"},{"floor":31,"key":"Sundial"},{"floor":39,"key":"Darkstone Periapt"},{"floor":43,"key":"Pet Ghost"},{"floor":54,"key":"construct:BoolHorns"},{"floor":54,"key":"Golden Egg"}],"event_choices":[{"cards_removed":["Strike_G"],"damage_healed":0,"gold_gain":0,"player_choice":"Card Removal","damage_taken":0,"max_hp_gain":0,"max_hp_loss":0,"event_name":"The Cleric","floor":2,"gold_loss":50},{"damage_healed":0,"gold_gain":0,"player_choice":"Trade","damage_taken":0,"relics_obtained":["SsserpentHead"],"max_hp_gain":0,"max_hp_loss":0,"event_name":"FaceTrader","floor":3,"gold_loss":0},{"damage_healed":0,"gold_gain":0,"player_choice":"Donut","damage_taken":0,"max_hp_gain":5,"max_hp_loss":0,"event_name":"Big Fish","floor":11,"gold_loss":0},{"damage_healed":0,"gold_gain":0,"player_choice":"Fought Bandits","damage_taken":0,"max_hp_gain":0,"max_hp_loss":0,"event_name":"Masked Bandits","floor":19,"gold_loss":0},{"damage_healed":0,"gold_gain":100,"player_choice":"Pray","damage_taken":0,"max_hp_gain":0,"max_hp_loss":0,"event_name":"Golden Shrine","floor":36,"gold_loss":0},{"cards_removed":["Defend_G"],"damage_healed":0,"gold_gain":0,"player_choice":"Offered Basic","damage_taken":0,"max_hp_gain":0,"max_hp_loss":0,"event_name":"Bonfire Elementals","floor":47,"gold_loss":0}],"is_beta":false,"boss_relics":[{"not_picked":["ChewingGum","Velvet Choker"],"picked":"Fusion Hammer"},{"not_picked":["SacredBark","Replay:Ancient Bell"],"picked":"Black Star"}],"items_purged_floors":[5,8,13,15,20,29,32,40,41,44,46,48,49,52,53],"is_endless":false,"potions_floor_spawned":[1,10,12,14,21,25,31,45,54],"ascension_level":2}}