{"host":"ci7ivtocgfxh0ueo","time":1611240495,"event":{"mods":["BaseMod","GifTheSpireLib","Minty Spire (QoL Compilation)","StSLib"],"gold_per_floor":[113,113,188,16,166,166,186,201,201,217,217,235,160,176,176,249,249,259,269,269,269],"floor_reached":20,"language":"ZHT","playtime":701,"items_purged":[],"score":315,"play_id":"73c4cb3c-099c-40b2-88c5-96ddd0117bae","local_time":"20210121224815","is_ascension_mode":true,"campfire_choices":[{"floor":6,"key":"REST"},{"data":"Cleave","floor":11,"key":"SMITH"},{"data":"Bludgeon","floor":15,"key":"SMITH"}],"circlet_count":0,"master_deck":["AscendersBane","Strike_R+1","Strike_R","Defend_R","Defend_R","Defend_R+1","Defend_R+1","Bash","Armaments+1","Heavy Blade","Fire Breathing","Cleave+1","Bludgeon+1","Demon Form","Warcry+1","Power Through+1","Wild Strike+1","Cleave","Fire Breathing+1"],"relics":["Burning Blood","War Paint","Mercury Hourglass","Astrolabe"],"acts_visited":["Exordium","TheCity"],"potions_floor_usage":[12,16,16,19],"damage_taken":[{"damage":19,"enemies":"Jaw Worm","floor":1,"turns":5},{"damage":2,"enemies":"2 Louse","floor":7,"turns":5},{"damage":1,"enemies":"Small Slimes","floor":8,"turns":3},{"damage":8,"enemies":"Blue Slaver","floor":10,"turns":4},{"damage":1,"enemies":"3 Louse","floor":12,"turns":2},{"damage":3,"enemies":"Looter","floor":14,"turns":3},{"damage":28,"enemies":"Hexaghost","floor":16,"turns":9},{"damage":13,"enemies":"Spheric Guardian","floor":18,"turns":4},{"damage":15,"enemies":"Shell Parasite","floor":19,"turns":2},{"damage":50,"enemies":"Shelled Parasite and Fungi","floor":20,"turns":5}],"seed_played":"-8125134781778943024","potions_obtained":[{"floor":7,"key":"SneckoOil"},{"floor":10,"key":"Dexterity Potion"},{"floor":12,"key":"LiquidMemories"},{"floor":16,"key":"AttackPotion"}],"is_trial":false,"path_per_floor":["M","?","?","$","?","R","M","M","T","M","R","M","?","M","R","B",null,"M","M","M"],"character_chosen":"IRONCLAD","items_purchased":["War Paint"],"campfire_rested":1,"item_purchase_floors":[4],"current_hp_per_floor":[55,32,21,21,21,43,47,52,52,50,50,55,55,58,58,36,65,58,49,0,0],"gold":269,"neow_bonus":"THREE_CARDS","is_daily":false,"chose_seed":false,"campfire_upgraded":2,"win_rate":0.0,"timestamp":1611240495,"path_taken":["M","?","?","?","?","R","M","M","T","M","R","M","?","?","R","BOSS","M","M","M"],"items_purchased_type":["Relic"],"build_version":"2020-12-22","purchased_purges":0,"victory":false,"max_hp_per_floor":[75,75,75,75,75,75,75,75,75,75,75,75,75,75,75,75,75,75,75,75,75],"card_choices":[{"not_picked":["Heavy Blade","Cleave"],"picked":"Armaments","floor":0},{"not_picked":["Havoc","Sentinel"],"picked":"Heavy Blade","floor":1},{"not_picked":["Havoc","Power Through"],"picked":"Fire Breathing","floor":7},{"not_picked":["Evolve","Second Wind"],"picked":"Cleave","floor":8},{"not_picked":["True Grit","Body Slam","Sword Boomerang"],"picked":"SKIP","floor":10},{"not_picked":["Armaments","Evolve"],"picked":"Bludgeon","floor":12},{"not_picked":["Sword Boomerang","Iron Wave","Headbutt"],"picked":"SKIP","floor":14},{"not_picked":["Fiend Fire","Exhume"],"picked":"Demon Form","floor":16},{"not_picked":["Body Slam+1","True Grit"],"picked":"Cleave","floor":18},{"not_picked":["Pommel Strike","Flex"],"picked":"Fire Breathing+1","floor":19}],"player_experience":1344079,"relics_obtained":[{"floor":9,"key":"Mercury Hourglass"}],"event_choices":[{"damage_healed":0,"gold_gain":0,"player_choice":"Entered Light","damage_taken":23,"max_hp_gain":0,"max_hp_loss":0,"event_name":"Shining Light","floor":2,"gold_loss":0,"cards_upgraded":["Defend_R","Strike_R"]},{"damage_healed":0,"gold_gain":75,"player_choice":"Gather Gold","damage_taken":11,"max_hp_gain":0,"max_hp_loss":0,"event_name":"World of Goop","floor":3,"gold_loss":0},{"damage_healed":0,"gold_gain":150,"player_choice":"AGREE","damage_taken":0,"max_hp_gain":0,"max_hp_loss":0,"event_name":"Liars Game","floor":5,"gold_loss":0,"cards_obtained":["Doubt"]},{"cards_removed":["Doubt"],"damage_healed":0,"gold_gain":0,"player_choice":"Card Removal","damage_taken":0,"max_hp_gain":0,"max_hp_loss":0,"event_name":"The Cleric","floor":13,"gold_loss":75}],"is_beta":false,"boss_relics":[{"not_picked":["Sozu","Snecko Eye"],"picked":"Astrolabe"}],"items_purged_floors":[],"is_endless":false,"potions_floor_spawned":[7,10,12,14,16],"killed_by":"Shelled Parasite and Fungi","ascension_level":18}}