{"host":"337p6miwxbqfki03","time":1611192098,"event":{"mods":["BaseMod","Better Third Choice","Colored Map","Conspire","Downfall","Hubris","Minty Spire (QoL Compilation)","Somnambulant","StSLib","The Hierophant","Unceasing Turn Reminder"],"gold_per_floor":[101,101,101,112,38,73,73,73,125,137,135,166,202,243,243,320,320,338,338,338,338,378,378,434,481,506,260,260,340,353,343,343],"floor_reached":31,"language":"ENG","playtime":2074,"items_purged":[],"score":249,"play_id":"a9b0d340-df8d-449b-ae5c-ecf08cda3d2d","local_time":"20210120192138","is_ascension_mode":false,"campfire_choices":[{"floor":7.0,"key":"REST"},{"floor":15,"key":"REST"},{"floor":23,"key":"REST"}],"circlet_count":0,"master_deck":["hierophant:Punish","hierophant:ChurchCoffers","hierophant:FlamingChariot","hierophant:MorningPrayer","hierophant:Patience","hierophant:Martyrdom","hierophant:FieryStrike","hierophant:Sermon","hierophant:RustyCrate","hierophant:Doubloon","hierophant:Doubloon","hierophant:FlamingChariot","hierophant:HolyVerse","hierophant:Exaltation","hierophant:HammerAndAnvil","hierophant:Refuge","hierophant:Chorus","hierophant:SealAway","hierophant:Cornucopia","hierophant:LocustPlague","hierophant:Bribe","hierophant:EyeForCoin","hierophant:Doubloon","hierophant:Glossolalia","hierophant:Repentance+1","hierophant:Doubloon","hierophant:Purify+1","hierophant:Smite+1","hierophant:Exaltation","hierophant:Kindle"],"relics":["hierophant:PropheticMaskRelic","MealTicket","Mercury Hourglass","Ancient Tea Set","Vajra","Bronze Scales","Pandora\u0027s Box","Singing Bowl","Tiny Chest","hubris:PeanutButter","FaceOfCleric"],"acts_visited":["Exordium","TheCity"],"potions_floor_usage":[16],"damage_taken":[{"damage":0.0,"enemies":"2 Louse","floor":1.0,"turns":2.0},{"damage":2.0,"enemies":"Small Slimes","floor":4.0,"turns":2.0},{"damage":28.0,"enemies":"Gremlin Nob","floor":6.0,"turns":5.0},{"damage":1,"enemies":"Jaw Worm","floor":10,"turns":2},{"damage":2,"enemies":"Blue Slaver","floor":11,"turns":2},{"damage":14,"enemies":"Lagavulin","floor":12,"turns":5},{"damage":16,"enemies":"Large Slime","floor":13,"turns":4},{"damage":4,"enemies":"Exordium Thugs","floor":14,"turns":3},{"damage":15,"enemies":"Slime Boss","floor":16,"turns":9},{"damage":25,"enemies":"Chosen","floor":18,"turns":6},{"damage":34,"enemies":"2 Thieves","floor":22,"turns":3},{"damage":12,"enemies":"Snake Plant","floor":24,"turns":4},{"damage":39,"enemies":"3 Cultists","floor":25,"turns":5},{"damage":23,"enemies":"Snecko","floor":29,"turns":5},{"damage":14,"enemies":"Centurion and Healer","floor":30,"turns":5},{"damage":14,"enemies":"conspire:HollyBat","floor":31,"turns":6}],"seed_played":"8228930494922902057","potions_obtained":[{"floor":6.0,"key":"Explosive Potion"},{"floor":11,"key":"sneckomod:MuddlingPotion"},{"floor":12,"key":"EntropicBrew"},{"floor":22,"key":"hexamod:SoulburnPotion"}],"is_trial":false,"path_per_floor":["M","?","?","M","$","E","R","?","T","M","M","E","M","M","R","B",null,"M","?","?","?","M","R","M","M","T","$","?","M","M","M"],"character_chosen":"HIEROPHANT","items_purchased":["hierophant:Martyrdom","hubris:PeanutButter"],"campfire_rested":3,"item_purchase_floors":[5,27],"current_hp_per_floor":[82,82,72,70,82,54,78,78,78,77,75,61,45,41,65,50,82,57,57,57,92,58,85,73,34,34,49,49,27,14,0,0],"gold":343,"neow_bonus":"TEN_PERCENT_HP_BONUS","is_daily":false,"chose_seed":false,"campfire_upgraded":0,"win_rate":0.0,"timestamp":1611192098,"path_taken":["M","?","?","M","$","E","R","?","T","M","M","E","M","M","R","BOSS","M","?","?","?","M","R","M","?","T","?","?","M","M","?"],"items_purchased_type":["Card","Relic"],"build_version":"2020-12-22","purchased_purges":0,"victory":false,"max_hp_per_floor":[82,82,82,82,82,82,82,82,82,82,82,82,82,82,82,82,82,82,82,82,92,92,92,92,92,92,92,92,93,94,94,94],"card_choices":[{"not_picked":["hierophant:RustyCrate","hierophant:Prophecy"],"picked":"hierophant:FlamingChariot","floor":1.0},{"not_picked":["hierophant:SealAway","hierophant:CoinFling"],"picked":"hierophant:Patience","floor":4.0},{"not_picked":["hierophant:ConvertCurrency","hierophant:OrnateJavelin"],"picked":"hierophant:FieryStrike","floor":6.0},{"not_picked":["hierophant:PristineSoul","hierophant:HolyVerse"],"picked":"hierophant:Sermon","floor":10},{"not_picked":["hierophant:Endure","hierophant:RepressedViolence"],"picked":"hierophant:RustyCrate","floor":11},{"not_picked":["hierophant:Sermon","hierophant:Smite"],"picked":"hierophant:FlamingChariot","floor":12},{"not_picked":["hierophant:ThreeLashes","hierophant:Doubloon"],"picked":"hierophant:HolyVerse","floor":13},{"not_picked":["hierophant:FieryStrike","hierophant:DisplayOfPower"],"picked":"hierophant:Exaltation","floor":14},{"not_picked":["hierophant:Levitation","hierophant:Batter"],"picked":"hierophant:DivineIntervention","floor":16},{"not_picked":["hierophant:Endure+1","hierophant:CoinFling+1"],"picked":"hierophant:Glossolalia","floor":18},{"not_picked":["hierophant:DisplayOfPower","hierophant:Rebuild+1"],"picked":"hierophant:Repentance+1","floor":22},{"not_picked":["hierophant:TollTheBells","hierophant:Remorse"],"picked":"hierophant:Purify+1","floor":24},{"not_picked":["hierophant:FieryStrike","hierophant:PristineSoul+1"],"picked":"hierophant:Smite+1","floor":25},{"not_picked":["hierophant:Purify","hierophant:RustyCrate"],"picked":"hierophant:Exaltation","floor":29},{"not_picked":["hierophant:Blessing","hierophant:Martyrdom+1"],"picked":"hierophant:Kindle","floor":30}],"player_experience":280212,"relics_obtained":[{"floor":6.0,"key":"Ancient Tea Set"},{"floor":9,"key":"Vajra"},{"floor":12,"key":"Bronze Scales"},{"floor":26,"key":"Tiny Chest"}],"event_choices":[{"damage_healed":0.0,"max_hp_gain":0.0,"max_hp_loss":0.0,"gold_gain":1.0,"event_name":"betterThird:BetterScrap","player_choice":"Relic Relic ","floor":3.0,"gold_loss":0.0,"damage_taken":10.0,"cards_obtained":["Wallop"]},{"damage_healed":0.0,"max_hp_gain":0.0,"max_hp_loss":0.0,"gold_gain":0.0,"event_name":"The Cleric","player_choice":"Leave","floor":8.0,"gold_loss":0.0,"damage_taken":0.0},{"damage_healed":0,"gold_gain":0,"player_choice":"Ignored","damage_taken":0,"max_hp_gain":0,"max_hp_loss":0,"event_name":"Ghosts","floor":19,"gold_loss":0},{"damage_healed":0,"gold_gain":0,"player_choice":"Opened","damage_taken":0,"relics_obtained":["Singing Bowl"],"max_hp_gain":0,"max_hp_loss":0,"event_name":"The Mausoleum","floor":20,"gold_loss":0},{"cards_removed":["hierophant:DivineIntervention"],"damage_healed":25,"gold_gain":0,"player_choice":"Offered Rare","damage_taken":0,"max_hp_gain":10,"max_hp_loss":0,"event_name":"Bonfire Elementals","floor":21,"gold_loss":0},{"damage_healed":0,"gold_gain":0,"player_choice":"Trade","damage_taken":0,"relics_obtained":["FaceOfCleric"],"max_hp_gain":0,"max_hp_loss":0,"event_name":"FaceTrader","floor":28,"gold_loss":0}],"is_beta":false,"boss_relics":[{"not_picked":["Tiny House","Empty Cage"],"picked":"Pandora\u0027s Box"}],"items_purged_floors":[],"is_endless":false,"potions_floor_spawned":[6,11,12,22,25],"killed_by":"conspire:HollyBat","ascension_level":0}}