{"host":"ttx8tv95o5vka1nm","time":1611190555,"event":{"mods":["AchievementEnabler","BaseMod","Colored Map","Downfall","Infinite Spire","Minty Spire (QoL Compilation)","Shop Mod","StSLib","The Jungle"],"gold_per_floor":[360,360,77,93,93,124,124,155,180,180,205,218,228,241,241,344,344,364,48,48,58,76,76,76,76],"floor_reached":24,"language":"ENG","playtime":2443,"items_purged":["downfall:Icky","Strike_R"],"score":268,"play_id":"e1cd31c0-6fc0-4c13-a930-842c4c9e3339","local_time":"20210121105555","is_ascension_mode":true,"campfire_choices":[{"data":"Body Slam","floor":7,"key":"SMITH"},{"floor":10,"key":"REST"},{"data":"Disarm","floor":15,"key":"SMITH"},{"floor":23,"key":"REST"}],"circlet_count":0,"master_deck":["Strike_R","Strike_R","Strike_R","Strike_R","Defend_R","Defend_R","Defend_R","Defend_R","Bash","Iron Wave+1","Body Slam+1","Headbutt","Flex","Thunderclap","Shrug It Off","Shrug It Off","Disarm+1","Barricade","RitualDagger","Intimidate","Flame Barrier"],"relics":["Burning Blood","MerchantsRug","Pen Nib","Torii","infinitespire:PuzzleCube","Odd Mushroom","SlaversCollar","Pantograph"],"acts_visited":["Exordium","TheCity"],"potions_floor_usage":[12,18,24],"damage_taken":[{"damage":0,"enemies":"2 Louse","floor":1,"turns":4},{"damage":0,"enemies":"Cultist","floor":4,"turns":3},{"damage":34,"enemies":"3 Sentries","floor":6,"turns":11},{"damage":33,"enemies":"Lagavulin","floor":8,"turns":6},{"damage":16,"enemies":"The Mushroom Lair","floor":11,"turns":4},{"damage":7,"enemies":"Jaw Worm","floor":12,"turns":2},{"damage":1,"enemies":"Looter","floor":13,"turns":4},{"damage":0,"enemies":"3 Louse","floor":14,"turns":3},{"damage":12,"enemies":"Hexaghost","floor":16,"turns":13},{"damage":12,"enemies":"3 Byrds","floor":18,"turns":4},{"damage":39,"enemies":"Shell Parasite","floor":21,"turns":10},{"damage":11,"enemies":"Shelled Parasite and Fungi","floor":22,"turns":9},{"damage":46,"enemies":"Gremlin Leader","floor":24,"turns":8}],"seed_played":"6147140650325845525","potions_obtained":[{"floor":6,"key":"Guardian:BlockOnCardUsePotion"},{"floor":8,"key":"SkillPotion"},{"floor":11,"key":"hexamod:SoulburnPotion"},{"floor":14,"key":"Explosive Potion"},{"floor":21,"key":"SteroidPotion"},{"floor":22,"key":"Fire Potion"}],"is_trial":false,"path_per_floor":["M","?","$","M","?","E","R","E","T","R","?","M","M","M","R","B",null,"M","$","?","M","M","R","E"],"character_chosen":"IRONCLAD","items_purchased":["Body Slam","MerchantsRug","Pantograph"],"campfire_rested":2,"item_purchase_floors":[3,3,19],"current_hp_per_floor":[78,78,78,80,80,52,52,25,25,49,39,38,43,49,49,43,71,65,65,59,26,21,45,0,0],"gold":76,"neow_bonus":"TWO_FIFTY_GOLD","is_daily":false,"chose_seed":false,"campfire_upgraded":2,"win_rate":0.0,"timestamp":1611190555,"path_taken":["M","?","$","?","?","E","R","E","T","R","?","M","M","M","R","BOSS","M","$","?","M","M","R","E"],"items_purchased_type":["Card","Relic","Relic"],"build_version":"2020-12-22","purchased_purges":2,"victory":false,"max_hp_per_floor":[80,80,80,80,80,80,80,80,80,80,80,80,80,80,80,80,80,80,80,80,80,80,80,80,80],"card_choices":[{"not_picked":["infinitespire:OneForAll","Anger"],"picked":"Iron Wave","floor":1},{"not_picked":["Searing Blow","True Grit"],"picked":"Headbutt","floor":4},{"not_picked":["Sword Boomerang","Whirlwind"],"picked":"Flex","floor":6},{"not_picked":["Carnage","Rupture"],"picked":"Thunderclap","floor":8},{"not_picked":["Clothesline","Cleave"],"picked":"Shrug It Off","floor":11},{"not_picked":["Headbutt","Combust","Twin Strike"],"picked":"SKIP","floor":12},{"not_picked":["Headbutt","Fiend Fire"],"picked":"Shrug It Off","floor":13},{"not_picked":["Headbutt","Clash"],"picked":"Disarm","floor":14},{"not_picked":["Demon Form","Immolate"],"picked":"Barricade","floor":16},{"not_picked":["Havoc","Headbutt","Rampage"],"picked":"SKIP","floor":18},{"not_picked":["Clothesline","Power Through+1"],"picked":"Intimidate","floor":21},{"not_picked":["True Grit","Twin Strike"],"picked":"Flame Barrier","floor":22}],"player_experience":759606,"relics_obtained":[{"floor":6,"key":"Pen Nib"},{"floor":8,"key":"Torii"},{"floor":9,"key":"infinitespire:PuzzleCube"},{"floor":11,"key":"Odd Mushroom"}],"event_choices":[{"damage_healed":0,"gold_gain":0,"player_choice":"Upgraded","damage_taken":0,"max_hp_gain":0,"max_hp_loss":0,"event_name":"Upgrade Shrine","floor":2,"gold_loss":0,"cards_upgraded":["Iron Wave"]},{"damage_healed":0,"gold_gain":0,"player_choice":"Fought Mushrooms","damage_taken":0,"max_hp_gain":0,"max_hp_loss":0,"event_name":"Mushrooms","floor":11,"gold_loss":0},{"damage_healed":0,"gold_gain":0,"player_choice":"Joined the Cult","damage_taken":6,"max_hp_gain":0,"max_hp_loss":0,"event_name":"Nest","floor":20,"gold_loss":0,"cards_obtained":["RitualDagger"]}],"is_beta":false,"boss_relics":[{"not_picked":["Runic Cube","Fusion Hammer"],"picked":"SlaversCollar"}],"items_purged_floors":[3,19],"is_endless":false,"potions_floor_spawned":[6,8,11,14,16,21,22],"killed_by":"Gremlin Leader","ascension_level":6}}