{"host":"ygfasg9u7olr7skw","time":1611247266,"event":{"mods":["AchievementEnabler","BaseMod","Better Note","Better Vampires","Colored Powertips","Minty Spire (QoL Compilation)","Replay The Spire","Spicy Shops","StSLib","The IronCluck"],"gold_per_floor":[113,124,138,63,73,73,73,73,73,83,110,128,147,97,97,172,172,272,272,252,252,252,252,264,279,279,7,7,7,7,103,103,118,118,223,223,234,234,252,252,252,252,127,127,127,127,127,127,137,147,147,147,147,147,147],"floor_reached":54,"language":"ENG","playtime":2013,"items_purged":["Strike_B","Strike_B","Clumsy"],"score":588,"play_id":"4e3f6775-5d76-400d-960b-dde69b41c6da","local_time":"20210121114106","is_ascension_mode":true,"campfire_choices":[{"data":"White Noise","floor":6,"key":"SMITH"},{"data":"Zap","floor":9,"key":"SMITH"},{"floor":17,"key":"REST"},{"floor":26,"key":"REST"},{"data":"Fission","floor":29,"key":"SMITH"},{"data":"Dualcast","floor":32,"key":"SMITH"},{"floor":34,"key":"REST"},{"floor":42,"key":"REST"},{"floor":44,"key":"REST"},{"floor":53,"key":"REST"}],"circlet_count":0,"master_deck":["Strike_B","Defend_B","Defend_B","Defend_B","Defend_B","Zap+1","Dualcast+1","Ball Lightning","White Noise+1","Ball Lightning","Fission+1","Static Discharge+1","Multi-Cast","Static Discharge+1","Thunder Strike","Loop+1"],"relics":["Cracked Core","Juzu Bracelet","Nuclear Battery","MutagenicStrength","Symbiotic Virus","MealTicket","ReplayTheSpireMod:Lightbulb","Inserter","Eternal Feather"],"acts_visited":["Exordium","TheCity","TheBeyond"],"potions_floor_usage":[18,18,25,25,54,54,54],"damage_taken":[{"damage":0,"enemies":"Cultist","floor":1,"turns":4},{"damage":5,"enemies":"Small Slimes","floor":2,"turns":3},{"damage":0,"enemies":"2 Louse","floor":3,"turns":2},{"damage":11,"enemies":"Blue Slaver","floor":5,"turns":3},{"damage":9,"enemies":"Exordium Wildlife","floor":10,"turns":3},{"damage":6,"enemies":"Looter","floor":12,"turns":2},{"damage":8,"enemies":"Blue Slaver","floor":13,"turns":3},{"damage":29,"enemies":"Slime Boss","floor":18,"turns":8},{"damage":18,"enemies":"2 Thieves","floor":20,"turns":4},{"damage":7,"enemies":"Chosen","floor":24,"turns":3},{"damage":16,"enemies":"Snecko","floor":25,"turns":4},{"damage":19,"enemies":"Snake Plant","floor":33,"turns":2},{"damage":57,"enemies":"Champ","floor":35,"turns":7},{"damage":38,"enemies":"3 Darklings","floor":37,"turns":3},{"damage":22,"enemies":"3 Shapes","floor":39,"turns":3},{"damage":38,"enemies":"Maw","floor":49,"turns":4},{"damage":25,"enemies":"Spire Growth","floor":50,"turns":3},{"damage":55,"enemies":"Replay:Hell Engine","floor":54,"turns":5}],"seed_played":"-1513073281350634108","potions_obtained":[{"floor":5,"key":"FocusPotion"},{"floor":10,"key":"Elixir"},{"floor":12,"key":"ColorlessPotion"},{"floor":20,"key":"PotionOfCapacity"},{"floor":24,"key":"Languid Potion"},{"floor":37,"key":"EssenceOfSteel"},{"floor":50,"key":"Elixir"},{"floor":51,"key":"Regen Potion"},{"floor":51,"key":"PowerPotion"}],"is_trial":false,"path_per_floor":["M","M","M","$","M","R","PTL","PTL","R","M","T","M","M","?","?","?","R","B",null,"M","?","?","?","M","M","R","$","T","R","$","?","R","M","R","B",null,"M","?","M","?","?","R","$","R","T","PTL","PTL","?","M","M","?","?","R","B"],"character_chosen":"DEFECT","items_purchased":["Symbiotic Virus","MealTicket"],"campfire_rested":6,"item_purchase_floors":[27,27],"current_hp_per_floor":[82,77,77,77,66,66,66,66,66,57,57,51,43,43,43,32,56,27,68,50,50,77,77,70,54,78,78,78,78,82,82,82,63,82,25,68,30,30,8,8,8,31,46,69,69,69,69,69,31,6,6,6,38,0,0],"gold":147,"neow_bonus":"TEN_PERCENT_HP_BONUS","is_daily":false,"chose_seed":false,"campfire_upgraded":4,"win_rate":0.0,"timestamp":1611247266,"path_taken":["M","M","M","$","M","R","PTL","PTL","R","M","T","M","M","?","?","?","R","BOSS","M","?","?","?","M","M","R","?","T","R","$","?","R","M","R","BOSS","M","?","M","?","?","R","?","R","T","PTL","PTL","?","M","M","?","?","R","BOSS"],"items_purchased_type":["Relic","Relic"],"build_version":"2020-12-22","purchased_purges":3,"victory":false,"max_hp_per_floor":[82,82,82,82,82,82,82,82,82,82,82,82,82,82,82,82,82,82,82,82,82,82,82,82,82,82,82,82,82,82,82,82,82,82,82,82,82,82,82,78,78,78,78,78,78,78,78,78,78,78,78,78,78,78,78],"card_choices":[{"not_picked":["Steam","Leap"],"picked":"Ball Lightning","floor":1},{"not_picked":["Leap","Chill"],"picked":"White Noise","floor":2},{"not_picked":["ReplayTheSpireMod:Reroute Power","Redo"],"picked":"Ball Lightning","floor":3},{"not_picked":["Turbo","ReplaySolidLightProjector","BasicCrystalCard"],"picked":"SKIP","floor":5},{"not_picked":["Stack","Hologram","Scrape"],"picked":"SKIP","floor":10},{"not_picked":["Beam Cell","BasicCrystalCard","Compile Driver"],"picked":"SKIP","floor":12},{"not_picked":["Beam Cell","Sweeping Beam","Steam"],"picked":"SKIP","floor":13},{"not_picked":["Amplify","Meteor Strike"],"picked":"Fission","floor":18},{"not_picked":["Darkness","White Noise+1","Steam"],"picked":"SKIP","floor":20},{"not_picked":["Stack","Hello World"],"picked":"Static Discharge+1","floor":24},{"not_picked":["Hello World","Steam"],"picked":"ReplayTheSpireMod:Calculation Training","floor":25},{"not_picked":["Sweeping Beam","Leap"],"picked":"Multi-Cast","floor":31},{"not_picked":["Barrage","Conserve Battery"],"picked":"Static Discharge+1","floor":33},{"not_picked":["Reboot","Fission"],"picked":"Thunder Strike","floor":35},{"not_picked":["White Noise+1","Steam+1","Reinforced Body"],"picked":"SKIP","floor":37},{"not_picked":["Chill","Stack","ReplaySort"],"picked":"SKIP","floor":39},{"not_picked":["Redo","Hologram","Leap"],"picked":"SKIP","floor":49},{"not_picked":["Gash","Force Field"],"picked":"Loop+1","floor":50}],"player_experience":346906,"relics_obtained":[{"floor":11,"key":"Juzu Bracelet"},{"floor":28,"key":"ReplayTheSpireMod:Lightbulb"},{"floor":45,"key":"Eternal Feather"}],"event_choices":[{"cards_removed":["Strike_B"],"damage_healed":0,"gold_gain":0,"player_choice":"Card Removal","damage_taken":0,"max_hp_gain":0,"max_hp_loss":0,"event_name":"The Cleric","floor":14,"gold_loss":50},{"damage_healed":0,"gold_gain":0,"player_choice":"Ignored","damage_taken":0,"max_hp_gain":0,"max_hp_loss":0,"event_name":"Liars Game","floor":15,"gold_loss":0},{"damage_healed":0,"gold_gain":75,"player_choice":"Gather Gold","damage_taken":11,"max_hp_gain":0,"max_hp_loss":0,"event_name":"World of Goop","floor":16,"gold_loss":0},{"damage_healed":0,"gold_gain":0,"player_choice":"Inject Mutagens","damage_taken":0,"relics_obtained":["MutagenicStrength"],"max_hp_gain":0,"max_hp_loss":0,"event_name":"Drug Dealer","floor":21,"gold_loss":0},{"damage_healed":27,"gold_gain":0,"player_choice":"Heal","damage_taken":0,"max_hp_gain":0,"max_hp_loss":0,"event_name":"The Library","floor":22,"gold_loss":0},{"damage_healed":0,"gold_gain":0,"player_choice":"Ignored","damage_taken":0,"max_hp_gain":0,"max_hp_loss":0,"event_name":"Ghosts","floor":23,"gold_loss":0},{"damage_healed":0,"gold_gain":0,"player_choice":"Max HP","damage_taken":0,"max_hp_gain":0,"max_hp_loss":4,"event_name":"Winding Halls","floor":40,"gold_loss":0},{"damage_healed":0,"gold_gain":0,"player_choice":"Ignored","damage_taken":0,"max_hp_gain":0,"max_hp_loss":0,"event_name":"Mysterious Sphere","floor":41,"gold_loss":0},{"cards_removed":["ReplayTheSpireMod:Calculation Training"],"damage_healed":0,"gold_gain":0,"player_choice":"Removed Skill","damage_taken":0,"max_hp_gain":0,"max_hp_loss":0,"event_name":"Falling","floor":48,"gold_loss":0},{"damage_healed":0,"gold_gain":0,"player_choice":"Got Potions","damage_taken":0,"max_hp_gain":0,"max_hp_loss":0,"event_name":"Lab","floor":51,"gold_loss":0},{"damage_healed":0,"gold_gain":0,"player_choice":"Memory 1","damage_taken":0,"max_hp_gain":0,"max_hp_loss":0,"event_name":"SensoryStone","floor":52,"gold_loss":0}],"is_beta":false,"boss_relics":[{"not_picked":["Replay:Wanted Poster","Replay:Drink Me"],"picked":"Nuclear Battery"},{"not_picked":["Painkiller Herb","Runic Dome"],"picked":"Inserter"}],"items_purged_floors":[4,27,43],"is_endless":false,"potions_floor_spawned":[5,10,12,20,24,37,50],"killed_by":"Replay:Hell Engine","ascension_level":5}}