{"host":"KYO","time":1611233781,"event":{"mods":["ATMod(°¢èªMod)","BaseMod","Minty Spire (QoL Compilation)","Permanent Neow","Shop Mod","StSLib","SuperFastMode","TestMod","[IsaacMod]ÒÔÈö¼âËþ","¡¾ÒÅÎï¿¨ÅÆ¡¿REMEMod"],"gold_per_floor":[111,184,196,208,208,234,234,266,292,302,302,316,341,374,374,448,448,468,117,117,135,135,135,163,57,103,103,103,131,148,182,182,254,254,271,284,111,130,130,155,155,181,181,209,209,234,234,64,64,64,64,64,64,4,34,34],"floor_reached":57,"language":"ZHS","playtime":2210,"items_purged":["Regret","Barricade+1","Strike_R","Strike_R+1"],"score":3174,"play_id":"8c3be55f-c655-4f54-ac03-8849e4b229dc","local_time":"20210121205621","is_ascension_mode":true,"campfire_choices":[{"data":"Offering","floor":11.0,"key":"SMITH"},{"data":"Shrug It Off","floor":15.0,"key":"SMITH"},{"data":"AT_ChampionStep","floor":23,"key":"SMITH"},{"data":"Carnage","floor":27,"key":"SMITH"},{"data":"Barricade","floor":32,"key":"SMITH"},{"floor":45,"key":"RECALL"},{"data":"Madness","floor":49,"key":"SMITH"},{"data":"Strike_R","floor":53,"key":"SMITH"}],"circlet_count":0,"master_deck":["AscendersBane","Defend_R+1","Bash+1","AT_ChampionStep+1","testmod-AutoReboundSystem+1","Carnage+1","Offering+1","Shrug It Off+1","testmod-AutoReboundSystem+1","Body Slam+1","Madness+1","Madness+1"],"relics":["Burning Blood","HushsDoor","AT_ATBox","REME_ComplimentaryCards","testmod-TestBox","GuppysPaw","testmod-SaigiyounoYou","Orichalcum","PillsDrop","Juzu Bracelet","AT_TrinityForce","testmod-Hope","Enchiridion","MerchantsRug","TheBean","testmod-CrystalShield","Gambling Chip","InkBottle","testmod-IndustrialRevolution","OrangePellets","Red Skull"],"acts_visited":["Exordium","TheCity","TheBeyond","TheEnding"],"potions_floor_usage":[24,31],"damage_taken":[{"damage":4.0,"enemies":"2 Louse","floor":1.0,"turns":3.0},{"damage":2.0,"enemies":"Cultist","floor":3.0,"turns":4.0},{"damage":12.0,"enemies":"Jaw Worm","floor":4.0,"turns":3.0},{"damage":28.0,"enemies":"3 Sentries","floor":6.0,"turns":9.0},{"damage":21.0,"enemies":"Lagavulin","floor":8.0,"turns":5.0},{"damage":9.0,"enemies":"Exordium Wildlife","floor":10.0,"turns":2.0},{"damage":11.0,"enemies":"Blue Slaver","floor":12.0,"turns":3.0},{"damage":22.0,"enemies":"3 Sentries","floor":14.0,"turns":7.0},{"damage":31.0,"enemies":"The Guardian","floor":16.0,"turns":8.0},{"damage":0.0,"enemies":"Chosen","floor":18.0,"turns":2.0},{"damage":15,"enemies":"Shell Parasite","floor":21,"turns":2},{"damage":6,"enemies":"Slavers","floor":24,"turns":1},{"damage":22,"enemies":"Gremlin Leader","floor":29,"turns":4},{"damage":6,"enemies":"Snecko","floor":30,"turns":3},{"damage":11,"enemies":"Book of Stabbing","floor":31,"turns":4},{"damage":8,"enemies":"Champ","floor":33,"turns":6},{"damage":10,"enemies":"3 Darklings","floor":35,"turns":3},{"damage":6,"enemies":"3 Shapes","floor":36,"turns":4},{"damage":6,"enemies":"Transient","floor":38,"turns":6},{"damage":6,"enemies":"Giant Head","floor":40,"turns":4},{"damage":14,"enemies":"Nemesis","floor":42,"turns":3},{"damage":6,"enemies":"Giant Head","floor":44,"turns":4},{"damage":18,"enemies":"Mind Bloom Boss Battle","floor":46,"turns":3},{"damage":9,"enemies":"Awakened One","floor":50,"turns":5},{"damage":6,"enemies":"Donu and Deca","floor":51,"turns":5},{"damage":6,"enemies":"Shield and Spear","floor":55,"turns":3},{"damage":93,"enemies":"The Heart","floor":56,"turns":3}],"seed_played":"225544521005864014","potions_obtained":[{"floor":3.0,"key":"Explosive Potion"},{"floor":4.0,"key":"AttackPotion"},{"floor":8.0,"key":"Weak Potion"},{"floor":10.0,"key":"ElixirPotion"},{"floor":18.0,"key":"ColorlessPotion"},{"floor":24,"key":"Weak Potion"},{"floor":30,"key":"Swift Potion"},{"floor":31,"key":"DistilledChaos"},{"floor":46,"key":"Weak Potion"},{"floor":55,"key":"BlessingOfTheForge"}],"is_trial":false,"path_per_floor":["M","?","M","M","?","E","?","E","T","M","R","M","T","E","R","B",null,"M","$","?","M","?","R","E","$","T","R","?","E","M","E","R","B",null,"M","M","$","M","?","E","?","E","T","E","R","?","?","$","R","B","B",null,"R","$","E","B",null],"character_chosen":"IRONCLAD","items_purchased":["testmod-Hope","MerchantsRug","testmod-CrystalShield","War Paint","OrangePellets"],"campfire_rested":0,"item_purchase_floors":[19,25,37,48,54],"current_hp_per_floor":[75,60,70,70,70,65,47,42,42,44,44,43,50,52,52,41,74,85,85,80,77,56,56,65,65,65,65,65,62,71,72,72,91,91,93,98,98,93,93,95,95,97,97,99,99,93,75,75,75,94,101,101,101,101,101,101],"gold":34,"neow_bonus":"UPGRADE_CARD","is_daily":false,"chose_seed":false,"campfire_upgraded":7,"win_rate":0.0,"timestamp":1611233781,"path_taken":["M","?","M","M","?","E","?","E","T","?","R","M","?","E","R","BOSS","M","$","?","M","?","R","E","$","T","R","?","E","M","E","R","BOSS","M","M","$","M","?","E","?","E","T","E","R","?","?","?","R","BOSS","BOSS","R","$","E","BOSS"],"items_purchased_type":["Relic","Relic","Relic","Relic","Relic"],"build_version":"2020-12-18","purchased_purges":4,"victory":true,"max_hp_per_floor":[75,75,75,75,75,75,75,75,75,75,75,75,82,85,85,85,85,85,85,85,88,88,88,90,90,90,90,90,92,94,94,94,91,91,93,98,98,93,93,95,95,97,97,99,99,101,101,101,101,101,101,101,101,101,101,101],"card_choices":[{"not_picked":["AT_IchimonjiDouble","Perfected Strike"],"picked":"Carnage","floor":1.0},{"not_picked":["Havoc","Perfected Strike","Ghostly Armor"],"picked":"SKIP","floor":3.0},{"not_picked":["Wild Strike","Perfected Strike","Whirlwind"],"picked":"SKIP","floor":4.0},{"not_picked":["Infernal Blade","Metallicize","Rupture"],"picked":"SKIP","floor":6.0},{"not_picked":["Perfected Strike","Sentinel"],"picked":"Offering","floor":8.0},{"not_picked":["Headbutt","Seeing Red"],"picked":"Shrug It Off","floor":10.0},{"not_picked":["True Grit","Anger","Headbutt"],"picked":"SKIP","floor":12.0},{"not_picked":["Power Through","Corruption","Rampage"],"picked":"SKIP","floor":14.0},{"not_picked":["Shockwave+1","Armaments","Iron Wave+1"],"picked":"SKIP","floor":18.0},{"not_picked":["Thunderclap","Havoc","Sever Soul"],"picked":"SKIP","floor":21},{"not_picked":["Bloodletting","Armaments","Entrench+1"],"picked":"Singing Bowl","floor":24},{"not_picked":["Ghostly Armor","Whirlwind","Wild Strike"],"picked":"Singing Bowl","floor":29},{"not_picked":["Body Slam+1","Havoc","Hemokinesis"],"picked":"Singing Bowl","floor":30},{"not_picked":["AT_IchimonjiDouble","Flex"],"picked":"Barricade","floor":31},{"not_picked":["Double Tap","Feed","Fiend Fire"],"picked":"Singing Bowl","floor":33},{"not_picked":["Havoc","AT_BodySlamDance","Headbutt"],"picked":"Singing Bowl","floor":35},{"not_picked":["REME_Scribble+1","REME_SingleHolding","AT_DiedThrough"],"picked":"Singing Bowl","floor":36},{"not_picked":["Thunderclap","AT_CaressingTears"],"picked":"Body Slam+1","floor":38},{"not_picked":["Shrug It Off+1","Body Slam","Searing Blow"],"picked":"Singing Bowl","floor":40},{"not_picked":["Flame Barrier","Uppercut","Twin Strike"],"picked":"Singing Bowl","floor":42},{"not_picked":["Shockwave","Limit Break","Perfected Strike"],"picked":"Singing Bowl","floor":44},{"not_picked":["True Grit+1","Havoc+1","Wild Strike+1"],"picked":"Singing Bowl","floor":46},{"not_picked":["REME_FearOfPain","Heavy Blade","Dark Embrace"],"picked":"SKIP","floor":55}],"player_experience":649720,"relics_obtained":[{"floor":6.0,"key":"Happy Flower"},{"floor":8.0,"key":"Kunai"},{"floor":13.0,"key":"Strawberry"},{"floor":14.0,"key":"Juzu Bracelet"},{"floor":22,"key":"Enchiridion"},{"floor":24,"key":"Singing Bowl"},{"floor":26,"key":"Smiling Mask"},{"floor":29,"key":"TheBean"},{"floor":40,"key":"Gambling Chip"},{"floor":42,"key":"Akabeko"},{"floor":43,"key":"InkBottle"},{"floor":44,"key":"testmod-IndustrialRevolution"},{"floor":55,"key":"Red Skull"}],"event_choices":[{"damage_healed":0.0,"max_hp_gain":0.0,"max_hp_loss":0.0,"gold_gain":0.0,"event_name":"Big Fish","player_choice":"Box","floor":5.0,"gold_loss":0.0,"damage_taken":0.0,"relics_obtained":["Orichalcum"],"cards_obtained":["Regret"]},{"damage_healed":0.0,"max_hp_gain":0.0,"max_hp_loss":0.0,"gold_gain":0.0,"event_name":"Scrap Ooze","player_choice":"Success","floor":7.0,"gold_loss":0.0,"damage_taken":18.0,"relics_obtained":["PillsDrop"]},{"damage_healed":0,"gold_gain":0,"player_choice":"Bought 0 Potions","damage_taken":0,"max_hp_gain":0,"max_hp_loss":0,"event_name":"The Woman in Blue","floor":20,"gold_loss":0},{"damage_healed":0,"gold_gain":0,"player_choice":"Obtained Book","damage_taken":21,"max_hp_gain":0,"max_hp_loss":0,"event_name":"Cursed Tome","floor":22,"gold_loss":0},{"damage_healed":0,"gold_gain":0,"player_choice":"Copied","damage_taken":0,"max_hp_gain":0,"max_hp_loss":0,"event_name":"Duplicator","floor":28,"gold_loss":0,"cards_obtained":["testmod-AutoReboundSystem"]},{"damage_healed":0,"gold_gain":0,"player_choice":"Forge","damage_taken":0,"max_hp_gain":0,"max_hp_loss":0,"event_name":"Accursed Blacksmith","floor":39,"gold_loss":0,"cards_upgraded":["Bash"]},{"damage_healed":0,"gold_gain":0,"player_choice":"Ignored","damage_taken":0,"max_hp_gain":0,"max_hp_loss":0,"event_name":"SecretPortal","floor":41,"gold_loss":0},{"damage_healed":0,"gold_gain":0,"player_choice":"Fight","damage_taken":0,"max_hp_gain":0,"max_hp_loss":0,"event_name":"MindBloom","floor":46,"gold_loss":0},{"damage_healed":0,"gold_gain":0,"player_choice":"Embrace Madness","damage_taken":18,"max_hp_gain":0,"max_hp_loss":0,"event_name":"Winding Halls","floor":47,"gold_loss":0,"cards_obtained":["Madness","Madness"]}],"is_beta":true,"boss_relics":[{"not_picked":["testmod-EnergyCheck","testmod-Fanaticism"],"picked":"AT_TrinityForce"},{"not_picked":[]},{"not_picked":["testmod-TimeTraveler","ChampionBelt"],"picked":"testmod-KeyOfTheVoid"},{"not_picked":[]}],"items_purged_floors":[19,37,48,54],"is_endless":false,"potions_floor_spawned":[3,4,8,10,18,24,30,31,35,46,55],"ascension_level":20}}