{"host":"rl3s470f8onwqc1s","time":1611204602,"event":{"mods":["ATMod(°¢èªMod)","BaseMod","Gold Saver","Minty Spire (QoL Compilation)","MostiFishMod","Shop Mod","Spicy Shops","StSLib","TestMod"],"gold_per_floor":[2264,2264,2284,2284,2434,2434,2469,2493,2516,1675,1693,1737,1760,1779,1779,1872,1872,1888,1904,1904,1927,1952,1990,1990,2031,2079,2117,2117,2140,2155,2155,2155,2249,2249,2269,2327,2342,955,974,1014,1014,1057,1057,1090,1113,1152,1172,433,433,433,433,433,433,38,78,78],"floor_reached":57,"language":"ZHS","playtime":2031,"items_purged":["Strike_G","Strike_G+1"],"score":3984,"play_id":"52f5a934-3795-4003-85e7-29811e925b71","local_time":"20210121125002","is_ascension_mode":true,"campfire_choices":[{"data":"MostiFishMod:Listen","floor":6.0,"key":"SMITH"},{"data":"Reflex","floor":15.0,"key":"SMITH"},{"floor":24,"key":"RECALL"},{"floor":32,"key":"REST"},{"data":"MostiFishMod:AdrenalineArouse","floor":41,"key":"SMITH"}],"circlet_count":0,"master_deck":["AscendersBane","Strike_G+1","Strike_G+1","Defend_G+1","Defend_G+1","Defend_G+1","Defend_G+1","Defend_G+1","Survivor+1","Neutralize+1","AT_ShrugMaster+1","Deadly Poison+1","MostiFishMod:Listen+1","MostiFishMod:PreservedThorns+1","Well Laid Plans+1","Calculated Gamble+1","Noxious Fumes+1","AT_WindFlip+1","Reflex+1","AT_KneejerkReflex+1","After Image+1","Concentrate+1","MostiFishMod:VineMother+1","AT_ArcaneSupremacy+1","Footwork+1","MostiFishMod:GrandStart+1","Acrobatics+1","AT_WomanClash+1","Finesse+1","Escape Plan+1","MostiFishMod:AdrenalineArouse+1","MostiFishMod:FrostNova+1","MostiFishMod:LethalBlade+1","Backflip+1","After Image+1","Adrenaline+1","Blade Dance+1"],"relics":["Ring of the Snake","testmod-TestBox","DaveBox","AT_ATBox","DSteel32","testmod-CasingShield","NeowsBlessing","SynthV:TestCard","Golden Idol","Snake Skull","Tiny Chest","Centennial Puzzle","Anchor","Frozen Egg 2","SentryEyes","AT_TrinityForce","WarpedTongs","AT_RedNoBalance","InkBottle","Bag of Marbles","Strawberry","Molten Egg 2","Coffee Dripper","testmod-RealStoneCalender","AT_ArchangelStaff","Vajra","Civilization","MerchantsRug","testmod-LifeArmor","Paper Crane","Lantern","SynthV:C4","Toy Ornithopter","testmod-Nyarlathotep","AT_DeathDance","PreservedInsect","AT_SunfireAegis","ClockworkSouvenir","Akabeko"],"acts_visited":["Exordium","TheCity","TheBeyond","TheEnding"],"potions_floor_usage":[44],"damage_taken":[{"damage":0.0,"enemies":"Small Slimes","floor":1.0,"turns":1.0},{"damage":0.0,"enemies":"Cultist","floor":3.0,"turns":1.0},{"damage":0.0,"enemies":"Gremlin Nob","floor":7.0,"turns":1.0},{"damage":0.0,"enemies":"2 Louse","floor":8.0,"turns":1.0},{"damage":0.0,"enemies":"Blue Slaver","floor":11.0,"turns":2.0},{"damage":0.0,"enemies":"3 Sentries","floor":12.0,"turns":2.0},{"damage":0.0,"enemies":"Red Slaver","floor":13.0,"turns":2.0},{"damage":0.0,"enemies":"Gremlin Gang","floor":14.0,"turns":1.0},{"damage":0.0,"enemies":"The Guardian","floor":16.0,"turns":5.0},{"damage":0,"enemies":"Shell Parasite","floor":18,"turns":3},{"damage":0,"enemies":"2 Thieves","floor":19,"turns":2},{"damage":7,"enemies":"Cultist and Chosen","floor":21,"turns":3},{"damage":4,"enemies":"3 Cultists","floor":22,"turns":2},{"damage":4,"enemies":"Book of Stabbing","floor":23,"turns":3},{"damage":4,"enemies":"Slavers","floor":25,"turns":2},{"damage":7,"enemies":"Book of Stabbing","floor":27,"turns":4},{"damage":7,"enemies":"Snake Plant","floor":29,"turns":3},{"damage":0,"enemies":"Snecko","floor":30,"turns":3},{"damage":4,"enemies":"Automaton","floor":33,"turns":5},{"damage":0,"enemies":"Orb Walker","floor":35,"turns":1},{"damage":0,"enemies":"2 Orb Walkers","floor":36,"turns":1},{"damage":0,"enemies":"3 Shapes","floor":37,"turns":1},{"damage":0,"enemies":"3 Darklings","floor":39,"turns":2},{"damage":0,"enemies":"Reptomancer","floor":40,"turns":2},{"damage":0,"enemies":"Nemesis","floor":42,"turns":3},{"damage":0,"enemies":"Reptomancer","floor":44,"turns":1},{"damage":6,"enemies":"Nemesis","floor":46,"turns":1},{"damage":5,"enemies":"Transient","floor":47,"turns":4},{"damage":0,"enemies":"Awakened One","floor":50,"turns":3},{"damage":0,"enemies":"Time Eater","floor":51,"turns":3},{"damage":0,"enemies":"Shield and Spear","floor":55,"turns":1},{"damage":0,"enemies":"The Heart","floor":56,"turns":4}],"seed_played":"-4712775988609318336","potions_obtained":[{"floor":1.0,"key":"testmod-EscapePotion"},{"floor":11.0,"key":"EssenceOfSteel"},{"floor":14.0,"key":"PowerPotion"},{"floor":16.0,"key":"SkillPotion"},{"floor":18,"key":"GhostInAJar"},{"floor":40,"key":"FairyPotion"},{"floor":44,"key":"FearPotion"},{"floor":55,"key":"LiquidMemories"}],"is_trial":false,"path_per_floor":["M","?","M","?","?","R","E","M","T","$","M","E","M","M","R","B",null,"M","M","?","M","M","E","R","E","T","E","T","M","M","?","R","B",null,"M","?","M","$","M","E","R","E","T","E","T","E","M","$","R","B","B",null,"R","$","E","B",null],"character_chosen":"THE_SILENT","items_purchased":["Tiny Chest","Centennial Puzzle","Anchor","Frozen Egg 2","Noxious Fumes+1","AT_ArchangelStaff","Darkstone Periapt","Vajra","Civilization","Finesse","Escape Plan","Technique","MerchantsRug","DollysMirror","testmod-Nyarlathotep","AT_DeathDance","PreservedInsect","AT_SunfireAegis","ClockworkSouvenir","Adrenaline"],"campfire_rested":1,"item_purchase_floors":[10,10,10,10,10,38,38,38,38,38,38,38,38,48,48,48,48,54,54,54],"current_hp_per_floor":[59,59,59,36,36,36,36,36,36,36,36,36,36,36,36,36,59,59,59,59,52,48,44,44,29,29,33,33,29,36,36,57,32,63,36,36,36,36,37,39,39,42,42,45,45,43,43,43,43,48,53,89,89,89,94,99],"gold":78,"neow_bonus":"THREE_ENEMY_KILL","is_daily":false,"chose_seed":false,"campfire_upgraded":3,"win_rate":0.0,"timestamp":1611204602,"path_taken":["M","?","?","?","?","R","E","M","T","?","M","E","M","M","R","BOSS","M","M","?","?","?","E","R","E","T","E","?","M","?","?","R","BOSS","M","?","M","$","M","E","R","E","T","E","?","E","M","?","R","BOSS","BOSS","R","$","E","BOSS"],"items_purchased_type":["Relic","Relic","Relic","Relic","Card","Relic","Relic","Relic","Relic","Card","Card","Relic","Relic","Relic","Relic","Relic","Relic","Relic","Relic","Card"],"build_version":"2020-12-22","purchased_purges":2,"victory":true,"max_hp_per_floor":[66,66,66,66,66,66,66,66,66,66,66,66,66,66,66,66,66,66,66,66,66,66,66,66,66,66,73,73,73,73,73,73,73,73,73,73,73,73,74,76,76,79,79,82,82,86,91,91,91,96,101,101,101,101,106,111],"card_choices":[{"not_picked":["Expertise","Choke"],"picked":"Deadly Poison","floor":1.0},{"not_picked":["Masterful Stab","Bane","Backstab","Outmaneuver"],"picked":"MostiFishMod:PreservedThorns","floor":3.0},{"not_picked":["Distraction","Dagger Spray","Leg Sweep","Deflect"],"picked":"Well Laid Plans","floor":7.0},{"not_picked":["PiercingWail","Riddle With Holes","Leg Sweep","AT_TinkerSharpsword"],"picked":"Calculated Gamble","floor":8.0},{"not_picked":["Poisoned Stab","Blur","Eviscerate","Slice"],"picked":"AT_WindFlip","floor":11.0},{"not_picked":["Dagger Throw","AT_TinkerSharpsword","Glass Knife","MostiFishMod:PoisonShield","Dodge and Roll"],"picked":"SKIP","floor":12.0},{"not_picked":["Underhanded Strike","PiercingWail","Flechettes","Deadly Poison"],"picked":"Reflex","floor":13.0},{"not_picked":["Sucker Punch","Cloak And Dagger","PiercingWail","MostiFishMod:Confrontation"],"picked":"AT_KneejerkReflex+1","floor":14.0},{"not_picked":["MostiFishMod:HiddenBlade","MostiFishMod:ShivMaster+1","Tools of the Trade+1","Venomology"],"picked":"After Image+1","floor":16.0},{"not_picked":["Dagger Throw","Footwork+1","Quick Slash","Deadly Poison+1"],"picked":"Concentrate","floor":18},{"not_picked":["Dodge and Roll","Noxious Fumes+1","Outmaneuver","AT_WindFlip","Dagger Throw+1"],"picked":"SKIP","floor":19},{"not_picked":["AT_WindFlip","Poisoned Stab","Quick Slash","Flying Knee","Bane"],"picked":"SKIP","floor":21},{"not_picked":["Finisher","AT_Desolate+1","Leg Sweep","Dagger Throw","Bane+1"],"picked":"SKIP","floor":22},{"not_picked":["Noxious Fumes+1","Dodge and Roll","Blade Dance","Caltrops+1","Bouncing Flask"],"picked":"SKIP","floor":23},{"not_picked":["Sucker Punch","MostiFishMod:SpreadingSpore","Bouncing Flask","Setup"],"picked":"MostiFishMod:VineMother+1","floor":25},{"not_picked":["Prepared","Bane","Dodge and Roll","Flying Knee+1","Concentrate"],"picked":"SKIP","floor":27},{"not_picked":["Acrobatics+1","Poisoned Stab+1","Quick Slash+1","Dagger Spray+1"],"picked":"AT_ArcaneSupremacy+1","floor":29},{"not_picked":["Blade Dance","Acrobatics","Dagger Spray+1","Prepared"],"picked":"Footwork+1","floor":30},{"not_picked":["MostiFishMod:FullyArmed","MostiFishMod:HiddenBlade","MostiFishMod:Dislodge","MostiFishMod:Neurotoxin+1"],"picked":"MostiFishMod:GrandStart+1","floor":33},{"not_picked":["Leg Sweep","Tactician","AT_WindFlip+1","Bane+1"],"picked":"Acrobatics+1","floor":35},{"not_picked":["Acrobatics","MostiFishMod:FrostNova","Slice+1","Dagger Throw+1"],"picked":"AT_WomanClash+1","floor":36},{"not_picked":["Dodge and Roll","Dagger Throw+1","Bane+1","MostiFishMod:PerfectParry","Cloak And Dagger"],"picked":"SKIP","floor":37},{"not_picked":["Blur+1","Cloak And Dagger","Flying Knee+1","Quick Slash+1","Distraction+1"],"picked":"SKIP","floor":39},{"not_picked":["Deflect","Sucker Punch+1","Blade Dance","Backflip"],"picked":"MostiFishMod:AdrenalineArouse","floor":40},{"not_picked":["Leg Sweep","Slice+1","Footwork+1","Accuracy+1"],"picked":"MostiFishMod:FrostNova","floor":42},{"not_picked":["Bane+1","Blur","Deadly Poison+1","Dodge and Roll"],"picked":"MostiFishMod:LethalBlade+1","floor":44},{"not_picked":["AT_WomanClash","Grand Finale+1","Caltrops+1","Blur+1"],"picked":"Backflip","floor":46},{"not_picked":["Prepared+1","Bouncing Flask+1","Reflex+1","Blade Dance","Dagger Spray+1"],"picked":"SKIP","floor":47},{"not_picked":["Dagger Spray+1","Concentrate","AT_WindFlip+1","Dagger Throw+1"],"picked":"Blade Dance","floor":55}],"player_experience":1309147,"relics_obtained":[{"floor":1.0,"key":"SynthV:TestCard"},{"floor":7.0,"key":"Snake Skull"},{"floor":12.0,"key":"SentryEyes"},{"floor":23,"key":"AT_SilverBalance"},{"floor":25,"key":"InkBottle"},{"floor":26,"key":"Bag of Marbles"},{"floor":27,"key":"Strawberry"},{"floor":28,"key":"Molten Egg 2"},{"floor":36,"key":"testmod-RealStoneCalender"},{"floor":40,"key":"testmod-LifeArmor"},{"floor":42,"key":"Paper Crane"},{"floor":43,"key":"Lantern"},{"floor":44,"key":"Omamori"},{"floor":45,"key":"SynthV:C4"},{"floor":46,"key":"Toy Ornithopter"},{"floor":55,"key":"Akabeko"}],"event_choices":[{"damage_healed":0.0,"max_hp_gain":0.0,"max_hp_loss":0.0,"gold_gain":0.0,"cards_transformed":["Strike_G"],"event_name":"Transmorgrifier","player_choice":"Transformed","floor":2.0,"gold_loss":0.0,"damage_taken":0.0,"cards_obtained":["MostiFishMod:Listen"]},{"damage_healed":0.0,"max_hp_gain":0.0,"max_hp_loss":0.0,"gold_gain":0.0,"event_name":"Golden Idol","player_choice":"Take Damage","floor":4.0,"gold_loss":0.0,"damage_taken":23.0,"relics_obtained":["Golden Idol"]},{"damage_healed":0.0,"max_hp_gain":0.0,"max_hp_loss":0.0,"gold_gain":150.0,"event_name":"Liars Game","player_choice":"AGREE","floor":5.0,"gold_loss":0.0,"damage_taken":0.0,"cards_obtained":["Doubt"]},{"damage_healed":0,"gold_gain":0,"player_choice":"Rummage","damage_taken":0,"relics_obtained":["WarpedTongs"],"max_hp_gain":0,"max_hp_loss":0,"event_name":"Accursed Blacksmith","floor":20,"gold_loss":0,"cards_obtained":["Pain"]},{"cards_removed":["Pain","Doubt"],"damage_healed":0,"gold_gain":0,"player_choice":"Removed Curses","damage_taken":0,"max_hp_gain":0,"max_hp_loss":0,"event_name":"Fountain of Cleansing","floor":31,"gold_loss":0},{"damage_healed":0,"gold_gain":0,"player_choice":"Fight","damage_taken":0,"max_hp_gain":0,"max_hp_loss":0,"event_name":"Mysterious Sphere","floor":36,"gold_loss":0}],"is_beta":false,"boss_relics":[{"not_picked":["Sozu","Calling Bell"],"picked":"AT_TrinityForce"},{"not_picked":["MoonlightInvasionPlan","Tiny House"],"picked":"Coffee Dripper"}],"items_purged_floors":[10,38],"is_endless":false,"potions_floor_spawned":[1,11,14,16,18,22,23,27,30,36,40,42,44,47,55],"ascension_level":20}}