{"host":"ux8r2oyej5019q8x","time":1611251812,"event":{"mods":["AchievementEnabler","BaseMod","Colored Map","Colored Powertips","GifTheSpireLib","HexUI Lib","Highlight Path","Minty Spire (QoL Compilation)","Rare Cards Sparkle","Relic Stats","StSLib","everything is the same but u backflip on backflip"],"gold_per_floor":[119,129,145,145,159,159,159],"floor_reached":6,"language":"ENG","playtime":431,"items_purged":[],"score":46,"play_id":"0e50bbab-56dc-4cac-aaf2-91635e8d053e","local_time":"20210121185652","is_ascension_mode":true,"campfire_choices":[],"circlet_count":0,"master_deck":["Strike_R","Strike_R","Strike_R","Strike_R","Strike_R","Defend_R","Defend_R","Defend_R","Defend_R","Bash","Pummel","True Grit","Pommel Strike","Thunderclap"],"relics":["Burning Blood","Centennial Puzzle","Peace Pipe"],"acts_visited":["Exordium"],"potions_floor_usage":[],"damage_taken":[{"damage":0,"enemies":"Small Slimes","floor":1,"turns":3},{"damage":16,"enemies":"2 Louse","floor":2,"turns":3},{"damage":12,"enemies":"Jaw Worm","floor":3,"turns":2},{"damage":34,"enemies":"Large Slime","floor":5,"turns":9},{"damage":32,"enemies":"Gremlin Nob","floor":6,"turns":3}],"seed_played":"-6793496791765505504","potions_obtained":[{"floor":1,"key":"Dexterity Potion"},{"floor":2,"key":"EntropicBrew"}],"is_trial":false,"path_per_floor":["M","M","M","?","M","E"],"character_chosen":"IRONCLAD","items_purchased":[],"campfire_rested":0,"item_purchase_floors":[],"current_hp_per_floor":[80,70,64,52,24,0,0],"gold":159,"neow_bonus":"RANDOM_COMMON_RELIC","is_daily":false,"chose_seed":false,"campfire_upgraded":0,"win_rate":0.0,"timestamp":1611251812,"path_taken":["M","M","M","?","M","E"],"items_purchased_type":[],"build_version":"2020-12-22","purchased_purges":0,"victory":false,"max_hp_per_floor":[80,80,80,80,80,80,80],"relic_stats":{"Peace Pipe":0,"Centennial Puzzle":[12],"counters":[5,20],"obtain_stats":[{"Peace Pipe":4,"Centennial Puzzle":0,"Burning Blood":0},{"Peace Pipe":3,"Centennial Puzzle":0,"Burning Blood":0},{"Peace Pipe":8,"Centennial Puzzle":0,"Burning Blood":0}],"Burning Blood":18},"card_choices":[{"not_picked":["Infernal Blade","Carnage"],"picked":"Pummel","floor":1},{"not_picked":["Sentinel","Bloodletting"],"picked":"True Grit","floor":2},{"not_picked":["Wild Strike","Reckless Charge"],"picked":"Pommel Strike","floor":3},{"not_picked":["Warcry","Armaments"],"picked":"Thunderclap","floor":5}],"player_experience":188826,"relics_obtained":[],"event_choices":[{"damage_healed":0,"gold_gain":0,"player_choice":"Success","damage_taken":12,"relics_obtained":["Peace Pipe"],"max_hp_gain":0,"max_hp_loss":0,"event_name":"Scrap Ooze","floor":4,"gold_loss":0}],"is_beta":false,"boss_relics":[],"items_purged_floors":[],"is_endless":false,"potions_floor_spawned":[1,2],"killed_by":"Gremlin Nob","ascension_level":4}}