{"host":"kzg3uglj8yekbxlz","time":1611224407,"event":{"mods":["Act Like it!","Alarm Clock","BaseMod","Better Synergies","Better Vampires","CapriCore","Challenge The Spire","Curses Come First","Displayed Cursed Tome","Downfall","Evolution","FoggyMod","Gensokyo","Hallownest","Highlight Path","KinomotoSakuraMod(木之本樱)","Koishi","Lobotomy","LobotomyExtend","Marisa（F雨　魔理沙）","Minty Spire (QoL Compilation)","Poem Panic","Poor People Problems","Prisma Mod","Shop Mod","StSLib","The Administrix","The Alterego","The Bug Knight","The Hierophant","The Immortal","TheWitcher","WarShipGirlsR/战舰少女R mod","Yuri Mod","残留之物"],"gold_per_floor":[99,99,110,110,129,163,163,180,180,180,205,205,5,18,29,29,14,114,126,214,214,214,214,214,227,127,27,27,27,27,27,45,45,45,45,122,42,42,4,4,14,14,24,42,138,138,138,138,538,538,538,557,583,583,487,487,506,506,406,151,164,164,184,134,94,409,59,85,85,110,110,110,130,154,34,49,49,62,0,101,319,319,319,70,82,82,82,82,101,101,113,209,209,209,209,189,204,11,132,132,32,48,48,61,61,91,91,103,103,103,103,438,14,14,14,14],"floor_reached":109,"language":"ZHS","playtime":13928,"items_purged":["Clumsy","hexamod:Sear","Shame"],"score":1919,"play_id":"e789e409-e6de-44f5-8a20-c3e2c8a61363","local_time":"20210121182007","is_ascension_mode":false,"campfire_choices":[{"data":"hexamod:Float","floor":1,"key":"SMITH"},{"data":"hexamod:Rewind","floor":10,"key":"SMITH"},{"data":"hexamod:HexaLevel","floor":12,"key":"SMITH"},{"data":"hexamod:ShieldOfDarkness","floor":14,"key":"SMITH"},{"data":"1","floor":25,"key":"LIFT"},{"data":"2","floor":26,"key":"LIFT"},{"data":"hexamod:CatchUp","floor":36,"key":"SMITH"},{"data":"3","floor":43,"key":"LIFT"},{"floor":52,"key":"RECALL"},{"data":"hexamod:GhostOfSpirePast","floor":55,"key":"SMITH"},{"data":"hexamod:HeatMetal","floor":56,"key":"SMITH"},{"data":"hexamod:SwordOfDarkness","floor":69,"key":"SMITH"},{"data":"hexamod:CatchUp","floor":78,"key":"SMITH"},{"data":"Dash","floor":80,"key":"SMITH"},{"data":"hexamod:SkipABeat","floor":86,"key":"SMITH"},{"data":"hexamod:TurnItUp","floor":93,"key":"SMITH"},{"data":"hexamod:EmpoweredFlame","floor":106,"key":"SMITH"}],"circlet_count":0,"master_deck":["hexamod:HeatMetal+1","hexamod:Float+1","hexamod:AdvancingGuard","hexamod:TimeWarp+1","hexamod:FastForward+1","hexamod:Rewind+1","hexamod:BacktrackSmack+1","hexamod:ApocalypseNow","hexamod:FastForward+1","hexamod:Hexaguard","hexamod:RetreatToShadows","hexamod:StepThrough","hexamod:HexaLevel+1","hexamod:ShieldOfDarkness+1","hexamod:SpectralSpark+1","hexamod:Haunt","hexamod:BacktrackSmack+1","hexamod:ForkedFlame","hexamod:SoulSteal+1","hexamod:GhostOfSpirePast+1","hexamod:FlamesFromBeyond","hexamod:CatchUp+1","hexamod:SkipABeat+1","hexamod:SpectersWail","hexamod:SwordOfDarkness+1","hexamod:SearingWound","Gensokyo:FourOfAKind","Gensokyo:FourOfAKind+1","Gensokyo:FourOfAKind","Gensokyo:FourOfAKind","hexamod:Hexaguard","hexamod:Incineration+1","hexamod:Hexaguard+1","hexamod:AdvancingGuard+1","hexamod:SpectersWail+1","hexamod:EmpoweredFlame+1","hexamod:SpectersWail+1","Dash+1","hexamod:HeatMetal+1","hexamod:ThirdSeal","hexamod:CatchUp+1","hexamod:FourthSeal","hexamod:TurnItUp+1","hexamod:InspiringFlames+1","hexamod:SpectersWail+1","hexamod:HeatShield+1","hexamod:ShieldOfDarkness+1","hexamod:SkipABeat+1","hexamod:TimeOfNeed","hexamod:CatchUp","hexamod:EmpoweredFlame+1","hexamod:Haunt+1"],"relics":["hexamod:SpiritBrand","EVO:Axolotl","PoemPanic:PoemPanicRelic","Gensokyo:NagashiBinaDoll","LetterFromLob","Gensokyo:PortableGap","PlaceholderMod:DaolothFragment","Akabeko","Centennial Puzzle","Eternal Feather","Girya","HollowMod:LifeEnderRelic","downfall:HeartBlessingGreen","Gensokyo:YoukaiFlower","SnafuTest:CatRelic","InkBottle","Kunai","Black Star","PreservedInsect","MerchantsRug","Gensokyo:SongOfSouls","downfall:HeartBlessingRed","hexamod:CandleOfCauterizing","Blood Vial","Gaze_r","Lantern","yuri:PortableGlitches","Gensokyo:SpiderMask","bronze:BronzeIdol","Heaven_r","Bottled Lightning","hexamod:JarOfFuel","Bird Faced Urn","downfall:HeartBlessingBlue","Unceasing Top","hexamod:SoulOfChaos","Nunchaku","Ice Cream","Orichalcum","Boot","hexamod:BolsterEngine","Mummified Hand"],"acts_visited":["Exordium","Gensokyo:Gensokyo","Gensokyo:Gensokyoer","TheEnding"],"potions_floor_usage":[15,18,57,70,73,91,101,107,107,107,108],"damage_taken":[{"damage":0,"enemies":"Gensokyo:Python","floor":3,"turns":2},{"damage":0,"enemies":"Gensokyo:2_Kodama","floor":5,"turns":3},{"damage":9,"enemies":"Gensokyo:Cirno","floor":6,"turns":5},{"damage":0,"enemies":"Gensokyo:3_Fairies","floor":8,"turns":3},{"damage":2,"enemies":"Gensokyo:Aya","floor":11,"turns":4},{"damage":0,"enemies":"Gensokyo:Python_and_Kodama","floor":14,"turns":3},{"damage":4,"enemies":"Gensokyo:Gryphon_and_Rabbit","floor":15,"turns":3},{"damage":2,"enemies":"downfall:FleeingMerchant","floor":15,"turns":4},{"damage":0,"enemies":"Gensokyo:VengefulSpirit","floor":17,"turns":3},{"damage":0,"enemies":"downfall:FleeingMerchant","floor":18,"turns":4},{"damage":0,"enemies":"Gensokyo:3_Kodama","floor":23,"turns":2},{"damage":0,"enemies":"Gensokyo:5_Fairies","floor":28,"turns":4},{"damage":0,"enemies":"Gensokyo:Kitsune","floor":37,"turns":2},{"damage":0,"enemies":"Gensokyo:VengefulSpirit","floor":39,"turns":2},{"damage":0,"enemies":"Gensokyo:Gryphon_and_Rabbit","floor":40,"turns":2},{"damage":0,"enemies":"DF_ARCHETYPE_STREAMLINE","floor":41,"turns":3},{"damage":0,"enemies":"Gensokyo:CosmicMonolith","floor":48,"turns":3},{"damage":0,"enemies":"Gensokyo:2_Gloops","floor":53,"turns":2},{"damage":1,"enemies":"Gensokyo:Slime_Group","floor":57,"turns":3},{"damage":0,"enemies":"Gensokyo:Chomper_and_Gloop","floor":57,"turns":2},{"damage":6,"enemies":"Gensokyo:Wraith","floor":60,"turns":4},{"damage":0,"enemies":"Gensokyo:Monolith_and_Dog","floor":63,"turns":2},{"damage":0,"enemies":"Gensokyo:Reisen","floor":64,"turns":2},{"damage":0,"enemies":"Gensokyo:Monolith_and_Dog","floor":67,"turns":1},{"damage":0,"enemies":"Gensokyo:3_Gloops","floor":70,"turns":2},{"damage":0,"enemies":"Gensokyo:Swordslinger","floor":70,"turns":2},{"damage":0,"enemies":"Gensokyo:Slime_Group","floor":73,"turns":2},{"damage":0,"enemies":"Gensokyo:Slime_Group","floor":74,"turns":1},{"damage":0,"enemies":"Gensokyo:Chomper_and_Gloop","floor":77,"turns":1},{"damage":0,"enemies":"Gensokyo:Wraith","floor":81,"turns":3},{"damage":0,"enemies":"Gensokyo:3_Gloops","floor":83,"turns":2},{"damage":0,"enemies":"SI_MIRROR_ARCHETYPE","floor":84,"turns":3},{"damage":0,"enemies":"Gensokyo:AncientGuardian","floor":89,"turns":2},{"damage":0,"enemies":"Gensokyo:3_Boulders","floor":94,"turns":3},{"damage":0,"enemies":"Gensokyo:AtlasGolem","floor":96,"turns":3},{"damage":0,"enemies":"Gensokyo:Doremy","floor":98,"turns":2},{"damage":7,"enemies":"Gensokyo:Dusk_and_Dawn","floor":100,"turns":3},{"damage":0,"enemies":"IC_BLOCK_ARCHETYPE","floor":101,"turns":6},{"damage":32,"enemies":"downfall:CharBossMerchant","floor":104,"turns":4},{"damage":7,"enemies":"downfall:NeowBoss","floor":107,"turns":11},{"damage":16,"enemies":"downfall:NeowBossFinal","floor":108,"turns":6}],"seed_played":"298163537758268384","potions_obtained":[{"floor":8,"key":"Guardian:BlockOnCardUsePotion"},{"floor":11,"key":"GamblersBrew"},{"floor":17,"key":"SteroidPotion"},{"floor":28,"key":"hexamod:EctoCoolerPotion"},{"floor":37,"key":"SteroidPotion"},{"floor":40,"key":"Fire Potion"},{"floor":41,"key":"Energy Potion"},{"floor":53,"key":"SteroidPotion"},{"floor":60,"key":"Block Potion"},{"floor":73,"key":"Block Potion"},{"floor":81,"key":"EntropicBrew"},{"floor":84,"key":"Strength Potion"},{"floor":94,"key":"bronze:BurnAndBuffPotion"},{"floor":94,"key":"LiquidBronze"},{"floor":96,"key":"PlaceholderMod:PlaceholderPotion"},{"floor":96,"key":"DistilledChaos"},{"floor":104,"key":"SpeedPotion"}],"is_trial":false,"path_per_floor":["R","?","M","?","M","E","T","M","?","R","E","R","COS","M","M","R","$","?","M","$","T","T","?","?","M","$","R","?","?","R","?","M","$","?","?","T","$","T","$","R","M","T","M","M","B",null,"R","?","?","?","?","M","T","?","$","R","M","?","R","COS","M","R","M","?","?","M","$","T","M","E","?","?","M","T","?","M","R","M","?","$","M","?","T","$","M","R","?","R","M","?","M","B",null,"R","?","?","M","COS","$","T","R","M","T","M","?","E","?","M","B",null,null,"E","$","R","B","B",null],"character_chosen":"THE_SPIRIT","items_purchased":["hexamod:ForkedFlame","hexamod:CatchUp","hexamod:SkipABeat","MerchantsRug","hexamod:CandleOfCauterizing","Pear","hexamod:BolsterEngine","Mummified Hand","hexamod:EctoCoolerPotion"],"campfire_rested":0,"item_purchase_floors":[18,33,35,51,61,76,105,105,105],"current_hp_per_floor":[70,70,70,63,63,54,54,54,47,47,45,45,45,45,41,41,39,39,39,39,39,39,39,47,47,47,59,59,59,71,78,78,78,78,78,78,78,78,78,78,78,78,78,78,78,78,78,55,55,55,55,55,55,55,55,55,55,55,55,55,52,52,52,59,59,53,53,53,55,57,55,55,55,62,62,59,59,59,59,59,59,49,49,59,61,69,69,69,69,69,69,69,69,69,69,69,69,69,69,69,79,79,79,79,79,79,79,72,79,79,79,47,47,77,72,66],"gold":14,"neow_bonus":"","is_daily":false,"chose_seed":false,"campfire_upgraded":13,"win_rate":0.0,"timestamp":1611224407,"path_taken":["R","?","?","?","?","E","T","?","?","R","E","R","COS","?","M","R","?","?","?","?","?","T","?","?","?","?","R","?","?","R","?","?","$","?","?","T","?","?","$","R","?","?","?","M","BOSS","R","?","?","?","?","?","T","?","?","R","?","?","R","COS","M","R","?","?","?","?","?","T","?","E","?","?","?","?","?","M","R","?","?","?","?","?","T","$","?","R","?","R","?","?","M","BOSS","R","?","?","?","COS","?","T","R","?","?","?","?","E","?","M","BOSS","E","$","R","BOSS","BOSS"],"items_purchased_type":["Card","Card","Card","Relic","Relic","Relic","Relic","Relic","Potion"],"build_version":"2020-12-22","purchased_purges":3,"victory":true,"max_hp_per_floor":[70,70,70,63,63,63,63,63,77,77,77,77,77,77,74,74,74,74,74,74,74,74,74,74,74,74,74,74,71,71,78,78,78,78,78,78,78,78,78,78,78,78,78,78,78,78,78,55,55,55,55,55,55,55,55,55,55,55,55,55,52,52,52,59,59,59,59,59,59,59,55,55,55,62,62,59,59,59,59,59,59,59,59,69,69,69,69,69,69,69,69,69,69,69,69,69,69,69,69,69,79,79,79,79,79,79,79,79,79,79,79,79,79,79,79,79],"card_choices":[{"not_picked":["hexamod:GhostShield","hexamod:HeatMetal"],"picked":"hexamod:FastForward","floor":3},{"not_picked":["hexamod:SuperheatedStrike","hexamod:GhostShield"],"picked":"hexamod:Hexaguard","floor":5},{"not_picked":["hexamod:SwordOfDarkness","hexamod:SecondSeal"],"picked":"hexamod:RetreatToShadows","floor":6},{"not_picked":["hexamod:ThirdSeal","hexamod:SuperheatedStrike"],"picked":"hexamod:StepThrough","floor":8},{"not_picked":["hexamod:Haunt","hexamod:GhostOfSpireFuture"],"picked":"hexamod:HexaLevel","floor":11},{"not_picked":["hexamod:RadiantFlame","hexamod:ThermalTransfer","hexamod:GhostLash"],"picked":"SKIP","floor":14},{"not_picked":["hexamod:HeatMetal","hexamod:GhostOfSpireFuture"],"picked":"hexamod:ShieldOfDarkness","floor":15},{"not_picked":["hexamod:SpectersWail+1","hexamod:ThermalTransfer+1"],"picked":"hexamod:SpectralSpark+1","floor":15},{"not_picked":["hexamod:GhostOfSpireFuture","hexamod:PhantomCloak","hexamod:HeatMetal"],"picked":"SKIP","floor":15},{"not_picked":["hexamod:ThirdSeal","hexamod:RetreatToShadows"],"picked":"hexamod:Haunt","floor":17},{"not_picked":["hexamod:SuperheatedStrike","hexamod:PowerFromBeyond"],"picked":"hexamod:BacktrackSmack","floor":18},{"not_picked":["hexamod:InspiringFlames","hexamod:HauntingEcho"],"picked":"hexamod:GhostOfSpirePast","floor":23},{"not_picked":["hexamod:RadiantFlame","hexamod:Firestarter","hexamod:ExtraCrispy"],"picked":"SKIP","floor":28},{"not_picked":["hexamod:GhostShield","hexamod:SpectersWail"],"picked":"hexamod:Hexaguard","floor":31},{"not_picked":["hexamod:GhostLash","hexamod:GhostShield"],"picked":"hexamod:FlamesFromBeyond","floor":31},{"not_picked":["hexamod:GhostLash","hexamod:ParanormalForm"],"picked":"hexamod:SpectersWail","floor":37},{"not_picked":["hexamod:SpectersWail","hexamod:SuperheatedStrike","hexamod:GhostShield"],"picked":"SKIP","floor":39},{"not_picked":["hexamod:Hexaguard","hexamod:SuperheatedStrike"],"picked":"hexamod:SwordOfDarkness","floor":40},{"not_picked":["hexamod:FlameSwitch","hexamod:ParanormalForm"],"picked":"hexamod:SearingWound","floor":41},{"not_picked":["hexamod:AdvancingGuard","hexamod:HeatMetal"],"picked":"hexamod:Incineration+1","floor":48},{"not_picked":["hexamod:BurningTouch","hexamod:Firestarter"],"picked":"hexamod:Hexaguard","floor":53},{"not_picked":["hexamod:HeatMetal","hexamod:Incineration"],"picked":"hexamod:AdvancingGuard+1","floor":57},{"not_picked":["hexamod:SuperheatedStrike","hexamod:SoulSteal+1"],"picked":"hexamod:SpectersWail","floor":57},{"not_picked":["hexamod:GhostflameBarrier","hexamod:EtherealExpedition"],"picked":"hexamod:EmpoweredFlame+1","floor":60},{"not_picked":["hexamod:HexaLevel","hexamod:NightmareStrike"],"picked":"hexamod:SpectersWail+1","floor":64},{"not_picked":["hexamod:HeatCrush","hexamod:SecondSeal","hexamod:NightmareGuise"],"picked":"SKIP","floor":67},{"not_picked":["hexamod:SpectersWail","hexamod:GhostShield","hexamod:NightmareStrike"],"picked":"SKIP","floor":70},{"not_picked":["hexamod:FastForward","hexamod:HeatCrush+1"],"picked":"hexamod:HeatMetal+1","floor":70},{"not_picked":["hexamod:FourthSeal","hexamod:PhantomFireball"],"picked":"hexamod:ThirdSeal","floor":73},{"not_picked":["hexamod:SecondSeal","hexamod:ApocalypseNow"],"picked":"hexamod:CatchUp","floor":77},{"not_picked":["hexamod:NightmareGuise","hexamod:AdvancingGuard","hexamod:NecessarySacrifice"],"picked":"SKIP","floor":81},{"not_picked":["hexamod:FlamesFromBeyond","hexamod:GhostOfSpireFuture+1","hexamod:AdvancingGuard"],"picked":"SKIP","floor":83},{"not_picked":[],"picked":"hexamod:TurnItUp","floor":88},{"not_picked":["hexamod:ThirdSeal","hexamod:SuperheatedStrike+1"],"picked":"hexamod:InspiringFlames+1","floor":89},{"not_picked":["hexamod:RadiantFlame","hexamod:HauntingEcho"],"picked":"hexamod:SpectersWail+1","floor":89},{"not_picked":["hexamod:UnleashSpirits","hexamod:SwordOfDarkness"],"picked":"hexamod:HeatShield+1","floor":89},{"not_picked":["hexamod:PhantomFireball+1","hexamod:GhostLash+1"],"picked":"hexamod:ShieldOfDarkness+1","floor":94},{"not_picked":["hexamod:HeatCrush","hexamod:SecondSeal"],"picked":"hexamod:SkipABeat+1","floor":94},{"not_picked":["hexamod:NightmareStrike","hexamod:PhantomFireball+1","hexamod:DynamicBlow+1"],"picked":"SKIP","floor":96},{"not_picked":["hexamod:PowerFromBeyond+1","hexamod:FlamesFromBeyond+1","hexamod:FourthSeal"],"picked":"SKIP","floor":98},{"not_picked":["hexamod:InspiringFlames+1","hexamod:AdvancingGuard"],"picked":"hexamod:TimeOfNeed","floor":100},{"not_picked":["hexamod:GhostShield","hexamod:Again"],"picked":"hexamod:CatchUp","floor":100},{"not_picked":["hexamod:BacktrackSmack","hexamod:ChargedBarrage+1"],"picked":"hexamod:EmpoweredFlame","floor":104},{"not_picked":["hexamod:ShieldOfDarkness","hexamod:GhostLash"],"picked":"hexamod:Haunt+1","floor":104}],"player_experience":653804,"relics_obtained":[{"floor":3,"key":"LetterFromLob"},{"floor":6,"key":"PlaceholderMod:DaolothFragment"},{"floor":7,"key":"Akabeko"},{"floor":11,"key":"Potion Belt"},{"floor":20,"key":"HollowMod:LifeEnderRelic"},{"floor":32,"key":"SnafuTest:CatRelic"},{"floor":34,"key":"InkBottle"},{"floor":38,"key":"Kunai"},{"floor":49,"key":"PreservedInsect"},{"floor":62,"key":"Blood Vial"},{"floor":64,"key":"Lantern"},{"floor":64,"key":"yuri:PortableGlitches"},{"floor":68,"key":"Strawberry"},{"floor":75,"key":"Bottled Lightning"},{"floor":92,"key":"Bird Faced Urn"},{"floor":95,"key":"Unceasing Top"},{"floor":98,"key":"hexamod:SoulOfChaos"},{"floor":98,"key":"Nunchaku"},{"floor":104,"key":"Orichalcum"},{"floor":104,"key":"Boot"}],"event_choices":[],"is_beta":false,"boss_relics":[{"not_picked":["Snecko Eye","Empty Cage"],"picked":"Black Star"},{"not_picked":["Astrolabe","Velvet Choker","PoemPanic:PoemPanicRelic"]}],"items_purged_floors":[18,24,61],"is_endless":false,"potions_floor_spawned":[8,11,17,28,37,40,41,48,53,60,63,73,81,84,94,96,100],"ascension_level":0}}