{"host":"kiczkwpc36uxnkg8","time":1611243859,"event":{"mods":["AchievementEnabler","Act Like it!","Aspiration","BaseMod","Better Note","Colored Powertips","Conspire","Defective Defect","Energized Spire","GifTheSpireLib","GungeonMod","Hermit","Hubris","Infinite Spire","Koishi","Marisa????????","Minty Spire (QoL Compilation)","Pale of the Ancients","Permanent Neow","Quick Restart","Relic Filter","Remilia??????","Replay The Spire","Spicy Shops","StSLib","Stuff the Spire","The Animator","The Bug Knight","The Kombatant","Uncapped","Wandering Minibosses"],"gold_per_floor":[110,110,129,141,141,141,175,175,175,190,220,238,19,34,34,132,132,149,149,149,149,49,84,84,95,122,140,156,255,286,286,286,385,385,395,395,395,395,412,412,442,107,107,107,107,118,136,163,163,413,458,508,553,294,294,330,330,170,170,170],"floor_reached":102,"language":"ENG","playtime":2168,"items_purged":["Strike_R","Defend_R","Defend_R","Strike_R","ReplayTheSpireMod:Strike From Hell+1","ReplayTheSpireMod:Strike From Hell+1","Strike_R","Strike_R"],"score":2317,"play_id":"8c7e1d45-fa85-4330-81cb-b64a420ed5f4","local_time":"20210121154419","is_ascension_mode":true,"campfire_choices":[{"data":"ReplayTheSpireMod:Strike From Hell","floor":6,"key":"SMITH"},{"floor":8,"key":"REST"},{"floor":15,"key":"REST"},{"data":"Iron Wave","floor":24,"key":"SMITH"},{"floor":32,"key":"REST"},{"data":"Demon Form","floor":40,"key":"SMITH"},{"floor":45,"key":"REST"},{"floor":49,"key":"REST"},{"data":"UnstableBomb","floor":40,"key":"SMITH"},{"data":"Bash","floor":48,"key":"SMITH"}],"circlet_count":0,"master_deck":["Strike_R","Bash+1","Armaments+1","Iron Wave+1","Double Tap+1","Clash","Envy_TH","Demon Form+1","UnstableBomb+1","MysteriousBeam+1","ShootingEcho+1"],"relics":["energizedSpire:DeadBattery","Happy Flower","HornCleat","Nunchaku","War Paint","aspiration:PoetsPen_weak","Kunai","Runic Pyramid","hubris:MobiusCoin","ReplayFunnel","Kunai","aspiration:MarisaSkillbook","wanderingMiniBosses:CarrionFlame","StuffTheSpire:Gunfinga","The Courier","StuffTheSpire:Experiment12","Self Forming Clay","Darkstone Periapt","DemoMod:WhiteGuonStone","paleoftheancients:Timepiece","paleoftheancients:KeyRelic","infinitespire:EvilPickle","DemoMod:GlassGuonStoneRelic","paleoftheancients:SoulOfTheSilent","paleoftheancients:BlurryLens","Bag of Marbles"],"acts_visited":["Exordium","TheCity","TheBeyond","paleoftheancients:PaleOfTheAncients"],"potions_floor_usage":[4,7],"damage_taken":[{"damage":6,"enemies":"Cultist","floor":1,"turns":3},{"damage":3,"enemies":"Small Slimes","floor":3,"turns":3},{"damage":0,"enemies":"2 Louse","floor":4,"turns":2},{"damage":44,"enemies":"3 Sentries","floor":7,"turns":12},{"damage":3,"enemies":"Blue Slaver","floor":10,"turns":3},{"damage":10,"enemies":"Lagavulin","floor":11,"turns":5},{"damage":7,"enemies":"2 Fungi Beasts","floor":12,"turns":4},{"damage":0,"enemies":"Looter","floor":14,"turns":6},{"damage":57,"enemies":"Slime Boss","floor":16,"turns":16},{"damage":2,"enemies":"2 Thieves","floor":18,"turns":3},{"damage":25,"enemies":"Slavers","floor":23,"turns":5},{"damage":0,"enemies":"Spheric Guardian","floor":25,"turns":1},{"damage":6,"enemies":"Cultist and Chosen","floor":27,"turns":3},{"damage":3,"enemies":"Chosen and Byrds","floor":28,"turns":3},{"damage":0,"enemies":"Book of Stabbing","floor":30,"turns":3},{"damage":20,"enemies":"Pondfish","floor":33,"turns":10},{"damage":22,"enemies":"3 Shapes","floor":35,"turns":5},{"damage":4,"enemies":"Orb Walker","floor":39,"turns":2},{"damage":36,"enemies":"Nemesis","floor":41,"turns":3},{"damage":13,"enemies":"4 Shapes","floor":46,"turns":1},{"damage":6,"enemies":"Maw","floor":47,"turns":3},{"damage":0,"enemies":"R_Hoarder","floor":48,"turns":5},{"damage":1,"enemies":"Awakened One","floor":50,"turns":5},{"damage":4,"enemies":"Awakened One","floor":51,"turns":3},{"damage":20,"enemies":"Awakened One","floor":52,"turns":3},{"damage":0,"enemies":"paleoftheancients:BASlime1","floor":53,"turns":1},{"damage":0,"enemies":"paleoftheancients:BASlime1","floor":47,"turns":2},{"damage":0,"enemies":"paleoftheancients:N","floor":98,"turns":4}],"seed_played":"2834528727516611338","potions_obtained":[{"floor":2,"key":"Fire Potion"},{"floor":2,"key":"Reflective Coating"},{"floor":2,"key":"SpeedPotion"},{"floor":4,"key":"Swift Potion"},{"floor":10,"key":"LifebloodPotion"},{"floor":46,"key":"Milkshake"}],"is_trial":false,"path_per_floor":["M","?","M","M","?","R","E","R","T","M","E","M","$","M","R","B",null,"M","?","AVR","?","$","E","R","M","T","M","M","?","E","?","R","B",null,"M","?","?","?","M","R","E","$","T","AVR","R","M","M","E","R","B","M","M","M","$","R","M","R","$","?","B",null],"character_chosen":"IRONCLAD","items_purchased":["War Paint","StuffTheSpire:Experiment12","Bag of Marbles"],"campfire_rested":5,"item_purchase_floors":[13,42,52],"current_hp_per_floor":[74,74,71,71,79,79,35,59,59,56,46,39,39,39,63,6,80,78,78,78,78,78,53,53,53,53,47,44,44,44,44,68,48,80,58,58,58,58,54,54,18,18,18,18,42,29,23,23,47,88,86,77,83,83,83,86,86,86,86,87],"gold":170,"neow_bonus":"BOSS_RELIC","is_daily":false,"chose_seed":false,"campfire_upgraded":5,"win_rate":0.0,"timestamp":1611243859,"path_taken":["M","?","M","?","?","R","E","R","T","M","E","M","$","M","R","BOSS","M","?","AVR","?","$","E","R","M","T","M","?","?","E","?","R","BOSS","M","?","?","?","?","R","E","$","T","AVR","R","?","M","E","R","BOSS","M","M","?","$","R","M","R","$","?","BOSS"],"items_purchased_type":["Relic","Relic","Relic"],"build_version":"2020-12-22","purchased_purges":8,"victory":true,"max_hp_per_floor":[80,80,80,80,80,80,80,80,80,80,80,80,80,80,80,80,80,80,80,80,80,80,80,80,80,80,80,80,80,80,80,80,80,80,80,80,80,80,80,80,80,80,80,80,80,80,80,80,80,88,88,88,88,88,88,88,88,88,88,88],"card_choices":[{"not_picked":["StuffTheSpire:RagingBull","Pommel Strike","Flex"],"picked":"SKIP","floor":1},{"not_picked":["True Grit","Run Through"],"picked":"ReplayTheSpireMod:Strike From Hell","floor":3},{"not_picked":["Run Through","Sentinel"],"picked":"Armaments","floor":4},{"not_picked":["Clash","Thunderclap","Run Through"],"picked":"SKIP","floor":7},{"not_picked":["Bloodletting","ReplayTheSpireMod:LeadingStrike","Warcry"],"picked":"SKIP","floor":10},{"not_picked":["Heavy Blade","Second Wind","Dropkick"],"picked":"SKIP","floor":11},{"not_picked":["Perfected Strike","Seeing Red"],"picked":"Iron Wave","floor":12},{"not_picked":["Headbutt","StuffTheSpire:RockThrow","Dual Wield"],"picked":"SKIP","floor":14},{"not_picked":["conspire:Purge","Exhume"],"picked":"Double Tap","floor":16},{"not_picked":["conspire:ExplosiveBarrier","Cleave+1","hubris:CleavingFinish"],"picked":"SKIP","floor":18},{"not_picked":["Headbutt","Warcry+1"],"picked":"Clash","floor":23},{"not_picked":["Rupture","Body Slam","Fire Breathing"],"picked":"SKIP","floor":25},{"not_picked":["Run Through","Entrench","Intimidate"],"picked":"SKIP","floor":27},{"not_picked":["Life Link","Metallicize","Defy Death"],"picked":"SKIP","floor":28},{"not_picked":["Inflame","Battle Trance+1","Havoc"],"picked":"SKIP","floor":30},{"not_picked":["Brutality","Double Tap"],"picked":"Demon Form","floor":33},{"not_picked":["Wild Strike+1","Uppercut","Armaments+1"],"picked":"UnstableBomb","floor":35},{"not_picked":["StuffTheSpire:RagingBull","Combust+1","Havoc","Twin Strike+1"],"picked":"SKIP","floor":39},{"not_picked":["StuffTheSpire:Slingshot","Whirlwind","hubris:ReadiedAction+1","Iron Wave"],"picked":"SKIP","floor":41},{"not_picked":["DarkMatter","Sentinel","Thunderclap"],"picked":"MysteriousBeam+1","floor":46},{"not_picked":["StuffTheSpire:BloodClot+1","GrandCross","Carnage+1"],"picked":"ShootingEcho+1","floor":47},{"not_picked":["ReplayReversal+1","Run Through","GasGiant+1","GravityBeat+1"],"picked":"SKIP","floor":48},{"not_picked":["Replay:Undeath\u0027s Touch","Flex","DC","Power Through"],"picked":"SKIP","floor":51},{"not_picked":["Flame Barrier+1","UnstableBomb+1","Perfected Strike","ShootingEcho+1"],"picked":"SKIP","floor":52},{"not_picked":["Run Through+1","GalacticHalo+1","GasGiant","MilkyWay"],"picked":"SKIP","floor":53},{"not_picked":["True Grit","Havoc","MagicChant","DemoMod:BlackBlade"],"picked":"SKIP","floor":47}],"player_experience":773370,"relics_obtained":[{"floor":7,"key":"Happy Flower"},{"floor":9,"key":"HornCleat"},{"floor":11,"key":"Nunchaku"},{"floor":23,"key":"hubris:MobiusCoin"},{"floor":26,"key":"ReplayFunnel"},{"floor":30,"key":"Kunai"},{"floor":35,"key":"wanderingMiniBosses:CarrionFlame"},{"floor":41,"key":"The Courier"},{"floor":43,"key":"Self Forming Clay"},{"floor":48,"key":"DemoMod:WhiteGuonStone"},{"floor":52,"key":"paleoftheancients:SoulOfTheSilent"},{"floor":53,"key":"paleoftheancients:BlurryLens"}],"event_choices":[{"damage_healed":0,"gold_gain":0,"player_choice":"Got Potions","damage_taken":0,"max_hp_gain":0,"max_hp_loss":0,"event_name":"Lab","floor":2,"gold_loss":0},{"damage_healed":0,"gold_gain":0,"player_choice":"Copied","damage_taken":0,"max_hp_gain":0,"max_hp_loss":0,"event_name":"Duplicator","floor":21,"gold_loss":0,"cards_obtained":["ReplayTheSpireMod:Strike From Hell"]},{"damage_healed":0,"gold_gain":99,"player_choice":"Stole From Cult","damage_taken":0,"max_hp_gain":0,"max_hp_loss":0,"event_name":"Nest","floor":29,"gold_loss":0},{"damage_healed":0,"gold_gain":0,"player_choice":"Memory 1","damage_taken":0,"max_hp_gain":0,"max_hp_loss":0,"event_name":"SensoryStone","floor":37,"gold_loss":0},{"damage_healed":0,"gold_gain":0,"player_choice":"Gave Potion","damage_taken":0,"relics_obtained":["StuffTheSpire:Gunfinga"],"max_hp_gain":0,"max_hp_loss":0,"event_name":"WeMeetAgain","floor":38,"gold_loss":0}],"is_beta":false,"boss_relics":[{"not_picked":["aspiration:FutureDiary","energizedSpire:StickyHand"],"picked":"aspiration:PoetsPen_weak"},{"not_picked":["infinitespire:Burning Sword","aspiration:SilentSkillbook"],"picked":"aspiration:MarisaSkillbook"}],"items_purged_floors":[13,20,22,42,42,44,52,49],"is_endless":false,"potions_floor_spawned":[4,10,12,14,16,18,27,28,30,46,47,48,47],"ascension_level":3}}