{"host":"7rmsgc3rayi00cdt","time":1611235796,"event":{"mods":["BaseMod","Minty Spire (QoL Compilation)"],"gold_per_floor":[119,119,135,135,145,172,184,197,197,213,134,134,161,177,177,248,248,259,274,274,293,313,313,313],"floor_reached":23,"language":"ENG","playtime":1007,"items_purged":[],"score":429,"play_id":"77f0b14a-8084-424d-9656-811cbcedf7d0","local_time":"20210121132956","is_ascension_mode":true,"campfire_choices":[{"floor":12,"key":"REST"},{"data":"Static Discharge","floor":15,"key":"SMITH"}],"circlet_count":0,"master_deck":["AscendersBane","Strike_B+1","Strike_B+1","Strike_B+1","Defend_B+1","Defend_B+1","Defend_B+1","Defend_B+1","Zap+1","Dualcast","Chill","Hologram","Chill","Regret","Go for the Eyes","Static Discharge+1","Beam Cell","Leap","FTL","Redo","Go for the Eyes+1"],"relics":["Cracked Core","Du-Vu Doll","Lantern","Eternal Feather","Letter Opener","Nuclear Battery"],"acts_visited":["Exordium","TheCity"],"potions_floor_usage":[8,13,16,16,18,23],"damage_taken":[{"damage":4,"enemies":"Cultist","floor":1,"turns":3},{"damage":7,"enemies":"Jaw Worm","floor":3,"turns":4},{"damage":0,"enemies":"Small Slimes","floor":5,"turns":3},{"damage":25,"enemies":"Lagavulin","floor":6,"turns":9},{"damage":2,"enemies":"2 Fungi Beasts","floor":7,"turns":3},{"damage":6,"enemies":"Large Slime","floor":8,"turns":4},{"damage":1,"enemies":"3 Louse","floor":10,"turns":4},{"damage":4,"enemies":"3 Sentries","floor":13,"turns":8},{"damage":8,"enemies":"Exordium Wildlife","floor":14,"turns":3},{"damage":18,"enemies":"The Guardian","floor":16,"turns":8},{"damage":1,"enemies":"3 Byrds","floor":18,"turns":4},{"damage":12,"enemies":"2 Thieves","floor":19,"turns":3},{"damage":8,"enemies":"Sentry and Sphere","floor":21,"turns":5},{"damage":11,"enemies":"Centurion and Healer","floor":22,"turns":9},{"damage":34,"enemies":"Slavers","floor":23,"turns":3}],"seed_played":"-5839937552764773670","potions_obtained":[{"floor":5,"key":"SkillPotion"},{"floor":7,"key":"EssenceOfSteel"},{"floor":10,"key":"Swift Potion"},{"floor":14,"key":"LiquidBronze"},{"floor":16,"key":"Fruit Juice"},{"floor":21,"key":"Dexterity Potion"}],"is_trial":false,"path_per_floor":["M","?","M","?","M","E","M","M","T","M","$","R","E","M","R","B",null,"M","M","?","M","M","E"],"character_chosen":"DEFECT","items_purchased":["FTL"],"campfire_rested":1,"item_purchase_floors":[11],"current_hp_per_floor":[60,60,53,53,53,28,26,20,20,19,19,49,45,37,49,31,61,65,53,53,45,34,0,0],"gold":313,"neow_bonus":"TRANSFORM_CARD","is_daily":false,"chose_seed":false,"campfire_upgraded":1,"win_rate":0.0,"timestamp":1611235796,"path_taken":["M","?","M","?","M","E","M","M","T","?","$","R","E","M","R","BOSS","M","M","?","M","M","E"],"items_purchased_type":["Card"],"build_version":"2020-12-22","purchased_purges":0,"victory":false,"max_hp_per_floor":[71,71,71,71,71,71,71,71,71,71,71,71,71,71,71,71,71,76,76,76,76,76,76,76],"card_choices":[{"not_picked":["Stack","Force Field"],"picked":"Hologram","floor":1},{"not_picked":["Undo","Capacitor"],"picked":"Chill","floor":3},{"not_picked":["Turbo","Steam"],"picked":"Go for the Eyes","floor":5},{"not_picked":["Sweeping Beam","Reinforced Body","Loop"],"picked":"SKIP","floor":6},{"not_picked":["Conserve Battery","Cold Snap"],"picked":"Static Discharge","floor":7},{"not_picked":["Steam Power","Compile Driver"],"picked":"Beam Cell","floor":8},{"not_picked":["Coolheaded","Barrage"],"picked":"Leap","floor":10},{"not_picked":["Creative AI","Conserve Battery","Force Field"],"picked":"SKIP","floor":13},{"not_picked":["Coolheaded","Force Field"],"picked":"Redo","floor":14},{"not_picked":["Redo","Go for the Eyes","Compile Driver"],"picked":"SKIP","floor":18},{"not_picked":["Stack","Turbo"],"picked":"Go for the Eyes+1","floor":19},{"not_picked":["Rip and Tear","Redo","Conserve Battery+1"],"picked":"SKIP","floor":21},{"not_picked":["Sweeping Beam","Rip and Tear","Go for the Eyes"],"picked":"SKIP","floor":22}],"player_experience":775638,"relics_obtained":[{"floor":6,"key":"Lantern"},{"floor":9,"key":"Eternal Feather"},{"floor":13,"key":"Letter Opener"}],"event_choices":[{"damage_healed":0,"gold_gain":0,"player_choice":"Grow","damage_taken":0,"max_hp_gain":0,"max_hp_loss":0,"event_name":"Living Wall","floor":2,"gold_loss":0,"cards_upgraded":["Zap"]},{"damage_healed":0,"gold_gain":0,"player_choice":"Box","damage_taken":0,"relics_obtained":["Du-Vu Doll"],"max_hp_gain":0,"max_hp_loss":0,"event_name":"Big Fish","floor":4,"gold_loss":0,"cards_obtained":["Regret"]},{"damage_healed":0,"gold_gain":0,"player_choice":"Simplicity","damage_taken":0,"max_hp_gain":0,"max_hp_loss":0,"event_name":"Back to Basics","floor":20,"gold_loss":0,"cards_upgraded":["Strike_B","Strike_B","Strike_B","Defend_B","Defend_B","Defend_B","Defend_B"]}],"is_beta":false,"boss_relics":[{"not_picked":["Black Star","Fusion Hammer"],"picked":"Nuclear Battery"}],"items_purged_floors":[],"is_endless":false,"potions_floor_spawned":[5,7,10,14,16,21],"killed_by":"Slavers","ascension_level":17}}