{"host":"08nxni9rwzvm98vp","time":1611235241,"event":{"mods":["AchievementEnabler","BaseMod","BetterRewards","Card Forge","Colored Powertips","Gold Saver","Googly Eyes","Highlight Path","Marisa£¨Ùöéë¡¡Øª×âÞÞ£©","Minty Spire (QoL Compilation)","Quick Restart","Rare Cards Sparkle","Remilia£¨?Ú·×é?£©","Shop Mod","StSLib","SuperFastMode"],"gold_per_floor":[639,658,112,112,112,139,139,157,157,4,33,33,48,66,66,167,167,178,178,228,242,107,136,136,170,170,170,195,195,195,214,214,314,1034,1048,1062,1077,1089,293,322,322,172,172,172,172,183,218,236,236,236,236],"floor_reached":50,"language":"ENG","playtime":3491,"items_purged":["Strike_MRS","Strike_MRS","Strike_MRS","Strike_MRS+1"],"score":840,"play_id":"624fe3f4-0270-42c7-a57d-e384eeee5408","local_time":"20210121222041","is_ascension_mode":true,"campfire_choices":[{"data":"FairyDestructionRay","floor":7.0,"key":"SMITH"},{"data":"NonDirectionalLaser","floor":12.0,"key":"SMITH"},{"data":"DarkMatter","floor":15.0,"key":"SMITH"},{"data":"SuperNova","floor":24.0,"key":"SMITH"},{"data":"SuperNova","floor":27.0,"key":"SMITH"},{"data":"GasGiant","floor":29.0,"key":"SMITH"},{"data":"PowerUp","floor":32.0,"key":"SMITH"},{"data":"MillisecondPulsars","floor":41,"key":"SMITH"},{"data":"EnergyRecoil","floor":44,"key":"SMITH"},{"data":"Defend_MRS","floor":49,"key":"SMITH"}],"circlet_count":0,"master_deck":["Defend_MRS+1","Defend_MRS","Defend_MRS","MasterSpark","UpSweep","FairyDestructionRay+1","OrrerysSun+1","EnergyRecoil+1","WitchLeyline","NonDirectionalLaser+1","DarkMatter+1","PowerUp+1","SuperNova+1","SuperNova+1","GasGiant+1","UnstableBomb","MillisecondPulsars+1","Singularity","WitchLeyline+1"],"relics":["MiniHakkero","Hammer of Thor","Seething Fire","Anvil of the Gods","Eternal Feather","MerchantsRug","Bottled Tornado","Turnip","White Beast Statue","Vajra","AmplifyWand","Busted Crown","MutagenicStrength","Blue Candle","Pantograph","BreadOfAWashokuLover","Coffee Dripper","SimpleLauncher","Art of War","Bottled Flame","Kunai","PreservedInsect"],"acts_visited":["Exordium","TheCity","TheBeyond"],"potions_floor_usage":[40,40,50,50],"damage_taken":[{"damage":0.0,"enemies":"2 Louse","floor":1.0,"turns":2.0},{"damage":2.0,"enemies":"Jaw Worm","floor":2.0,"turns":3.0},{"damage":24.0,"enemies":"Gremlin Nob","floor":6.0,"turns":5.0},{"damage":10.0,"enemies":"Small Slimes","floor":8.0,"turns":3.0},{"damage":14.0,"enemies":"Lagavulin","floor":11.0,"turns":6.0},{"damage":12.0,"enemies":"Red Slaver","floor":13.0,"turns":2.0},{"damage":1.0,"enemies":"2 Fungi Beasts","floor":14.0,"turns":2.0},{"damage":7.0,"enemies":"Slime Boss","floor":16.0,"turns":9.0},{"damage":7.0,"enemies":"Shell Parasite","floor":18.0,"turns":5.0},{"damage":3.0,"enemies":"3 Byrds","floor":21.0,"turns":5.0},{"damage":46.0,"enemies":"Book of Stabbing","floor":23.0,"turns":7.0},{"damage":15.0,"enemies":"Gremlin Leader","floor":25.0,"turns":7.0},{"damage":19.0,"enemies":"Slavers","floor":28.0,"turns":4.0},{"damage":0.0,"enemies":"3 Cultists","floor":31.0,"turns":4.0},{"damage":33.0,"enemies":"Champ","floor":33.0,"turns":14.0},{"damage":3.0,"enemies":"3 Darklings","floor":35.0,"turns":4.0},{"damage":25.0,"enemies":"3 Shapes","floor":36.0,"turns":2.0},{"damage":0.0,"enemies":"Maw","floor":37.0,"turns":6.0},{"damage":31.0,"enemies":"Spire Growth","floor":38.0,"turns":5.0},{"damage":28,"enemies":"Nemesis","floor":40,"turns":9},{"damage":21,"enemies":"3 Darklings","floor":46,"turns":3},{"damage":4,"enemies":"Giant Head","floor":47,"turns":5},{"damage":7,"enemies":"Maw","floor":48,"turns":5},{"damage":42,"enemies":"Time Eater","floor":50,"turns":6}],"seed_played":"-1069277612558102254","potions_obtained":[{"floor":1.0,"key":"SteroidPotion"},{"floor":8.0,"key":"Fire Potion"},{"floor":11.0,"key":"AttackPotion"},{"floor":13.0,"key":"SpeedPotion"},{"floor":14.0,"key":"Fruit Juice"},{"floor":16.0,"key":"DuplicationPotion"},{"floor":23.0,"key":"Explosive Potion"},{"floor":25.0,"key":"DuplicationPotion"},{"floor":28.0,"key":"BottledSpark"},{"floor":31.0,"key":"Energy Potion"},{"floor":40,"key":"Strength Potion"},{"floor":46,"key":"DistilledChaos"},{"floor":48,"key":"DuplicationPotion"}],"is_trial":false,"path_per_floor":["M","M","$","?","T","E","R","M","T","$","E","R","M","M","R","B",null,"M","?","?","M","$","E","R","E","T","R","E","R","?","M","R","B",null,"M","M","M","M","$","E","R","$","T","R","?","M","E","M","R","B"],"character_chosen":"MARISA","items_purchased":["Eternal Feather","EnergyRecoil","MerchantsRug","Vajra","GasGiant","SimpleLauncher","Art of War","MillisecondPulsars","Fruit Juice"],"campfire_rested":0,"item_purchase_floors":[3,3,3,10,22,39,39,39,39],"current_hp_per_floor":[82,80,80,64,64,40,46,36,36,36,22,28,16,20,29,22,87,80,80,80,77,77,31,40,25,25,34,15,24,24,26,35,34,87,84,74,74,43,43,20,29,29,29,38,38,17,13,6,15,0,0],"gold":236,"neow_bonus":"TEN_PERCENT_HP_BONUS","is_daily":false,"chose_seed":false,"campfire_upgraded":10,"win_rate":0.0,"timestamp":1611235241,"path_taken":["M","M","$","?","?","E","R","M","T","$","E","R","M","M","R","BOSS","M","?","?","?","$","E","R","E","T","R","E","R","?","?","R","BOSS","M","M","M","M","$","E","R","$","T","R","?","M","E","M","R","BOSS"],"items_purchased_type":["Relic","Card","Relic","Relic","Card","Relic","Relic","Card","Potion"],"build_version":"2020-12-22","purchased_purges":4,"victory":false,"max_hp_per_floor":[82,82,82,82,82,82,82,82,82,82,82,82,82,87,87,87,87,87,87,87,87,87,87,87,87,87,87,87,87,87,87,87,87,87,87,100,100,100,100,105,105,105,105,105,105,105,105,105,105,105,105],"card_choices":[{"not_picked":["6A","PropBag"],"picked":"FairyDestructionRay","floor":1.0},{"not_picked":["DC","Acceleration"],"picked":"OrrerysSun","floor":2.0},{"not_picked":["6A","ShootingEcho"],"picked":"WitchLeyline","floor":6.0},{"not_picked":["GravityBeat","GrandCross","EventHorizon"],"picked":"SKIP","floor":8.0},{"not_picked":["MaximisePower","GrandCross"],"picked":"NonDirectionalLaser","floor":11.0},{"not_picked":["LuminesStrike","6A"],"picked":"DarkMatter","floor":13.0},{"not_picked":["StarDustReverie","LuminesStrike"],"picked":"PowerUp","floor":14.0},{"not_picked":["TreasureHunter","SatelliteIllusion"],"picked":"SuperNova","floor":16.0},{"not_picked":["MilkyWay"],"picked":"SKIP","floor":18.0},{"not_picked":["ShootingEcho+1"],"picked":"SKIP","floor":21.0},{"not_picked":["MysteriousBeam"],"picked":"SKIP","floor":23.0},{"not_picked":["MilkyWay"],"picked":"SKIP","floor":25.0},{"not_picked":["WitchOfGreed"],"picked":"SKIP","floor":28.0},{"not_picked":["LuminesStrike"],"picked":"SKIP","floor":31.0},{"not_picked":[],"picked":"UnstableBomb","floor":35.0},{"not_picked":["Acceleration"],"picked":"SKIP","floor":36.0},{"not_picked":["FairyDestructionRay"],"picked":"SKIP","floor":37.0},{"not_picked":["RefractionSpark"],"picked":"SKIP","floor":38.0},{"not_picked":["DoubleSpark"],"picked":"SKIP","floor":40},{"not_picked":["MysteriousBeam"],"picked":"SKIP","floor":46},{"not_picked":[],"picked":"WitchLeyline+1","floor":47},{"not_picked":["ShootingEcho"],"picked":"SKIP","floor":48}],"player_experience":670272,"relics_obtained":[{"floor":5.0,"key":"Bottled Tornado"},{"floor":6.0,"key":"Turnip"},{"floor":9.0,"key":"White Beast Statue"},{"floor":11.0,"key":"AmplifyWand"},{"floor":23.0,"key":"Blue Candle"},{"floor":25.0,"key":"Pantograph"},{"floor":28.0,"key":"BreadOfAWashokuLover"},{"floor":40,"key":"Bottled Flame"},{"floor":43,"key":"Kunai"},{"floor":47,"key":"PreservedInsect"}],"event_choices":[{"damage_healed":0.0,"max_hp_gain":0.0,"max_hp_loss":0.0,"gold_gain":0.0,"event_name":"Shining Light","player_choice":"Entered Light","floor":4.0,"gold_loss":0.0,"damage_taken":16.0,"cards_upgraded":["Strike_MRS","OrrerysSun"]},{"damage_healed":0.0,"max_hp_gain":0.0,"max_hp_loss":0.0,"gold_gain":0.0,"event_name":"Drug Dealer","player_choice":"Inject Mutagens","floor":19.0,"gold_loss":0.0,"damage_taken":0.0,"relics_obtained":["MutagenicStrength"]},{"damage_healed":0.0,"max_hp_gain":0.0,"max_hp_loss":0.0,"gold_gain":100.0,"event_name":"The Joust","player_choice":"Bet on Murderer","floor":20.0,"gold_loss":50.0,"damage_taken":0.0},{"damage_healed":0.0,"max_hp_gain":0.0,"max_hp_loss":0.0,"gold_gain":0.0,"event_name":"The Woman in Blue","player_choice":"Bought 0 Potions","floor":30.0,"gold_loss":0.0,"damage_taken":0.0},{"damage_healed":0,"gold_gain":0,"cards_transformed":["Defend_MRS"],"player_choice":"Transformed","damage_taken":0,"max_hp_gain":0,"max_hp_loss":0,"event_name":"Transmorgrifier","floor":45,"gold_loss":0,"cards_obtained":["Singularity"]}],"is_beta":false,"boss_relics":[{"not_picked":["SlaversCollar","Astrolabe"],"picked":"Busted Crown"},{"not_picked":["Velvet Choker","Calling Bell"],"picked":"Coffee Dripper"}],"items_purged_floors":[3,22,39,42],"is_endless":false,"potions_floor_spawned":[1,8,11,13,14,16,18,21,23,25,28,31,33,35,36,37,38,40,46,47,48],"killed_by":"Time Eater","ascension_level":2}}