{"host":"swphzoo6hmc78epl","time":1611212983,"event":{"mods":["BaseMod","Highlight Path","Minty Spire (QoL Compilation)","Quick Restart"],"gold_per_floor":[115,40,54,70,85,85,260,275,343,361,378,378,401,401,401,503,503,521,521,446,446,426,426,459,459,484,494,513,551,195,304,304,409,409,438,438,438,448,470,470,510,525,525,414,454,454,175,211,211,211,211,211,32,67,67],"floor_reached":56,"language":"ENG","playtime":3267,"items_purged":["Strike_G","Strike_G","Strike_G","Strike_G"],"score":1594,"play_id":"1e627b55-502e-4876-8829-cc58b87397d6","local_time":"20210121020942","is_ascension_mode":true,"campfire_choices":[{"data":"Riddle With Holes","floor":6,"key":"SMITH"},{"data":"Dagger Spray","floor":12,"key":"SMITH"},{"data":"Leg Sweep","floor":15,"key":"SMITH"},{"data":"Corpse Explosion","floor":23,"key":"SMITH"},{"floor":25,"key":"DIG"},{"floor":32,"key":"DIG"},{"floor":40,"key":"DIG"},{"floor":46,"key":"DIG"},{"floor":49,"key":"RECALL"},{"floor":52,"key":"DIG"}],"circlet_count":0,"master_deck":["Strike_G","Defend_G","Defend_G","Defend_G","Defend_G","Survivor","Neutralize","Dagger Throw","Dagger Spray+1","Riddle With Holes+1","Acrobatics","Caltrops","Venomology","Leg Sweep+1","Corpse Explosion+1","Backflip","Caltrops","Underhanded Strike","Crippling Poison","Footwork+1","Bullet Time","Skewer+1","Malaise","Dash+1","Predator+1","Apotheosis+1","Dash+1","Caltrops+1","Caltrops+1"],"relics":["Snecko Eye","HornCleat","Odd Mushroom","Question Card","Coffee Dripper","Shovel","PreservedInsect","MealTicket","CeramicFish","Membership Card","Mango","Unceasing Top","Bottled Flame","Tiny Chest","SlaversCollar","Meat on the Bone","Frozen Egg 2","Toxic Egg 2","Sundial","Bottled Lightning","Anchor","Ornamental Fan","Chemical X","Vajra","Lantern"],"acts_visited":["Exordium","TheCity","TheBeyond","TheEnding"],"potions_floor_usage":[13,13,16,18,24,24,24,28,31,31,31,33,35,38,39,39,41,42,42,42,45,45,45,50,54,55,55,55],"damage_taken":[{"damage":5,"enemies":"Cultist","floor":1,"turns":5},{"damage":4,"enemies":"Small Slimes","floor":3,"turns":4},{"damage":0,"enemies":"Jaw Worm","floor":4,"turns":4},{"damage":1,"enemies":"Looter","floor":5,"turns":4},{"damage":4,"enemies":"Blue Slaver","floor":8,"turns":3},{"damage":0,"enemies":"2 Fungi Beasts","floor":10,"turns":3},{"damage":1,"enemies":"Looter","floor":11,"turns":2},{"damage":0,"enemies":"The Mushroom Lair","floor":13,"turns":2},{"damage":47,"enemies":"Slime Boss","floor":16,"turns":17},{"damage":6,"enemies":"2 Thieves","floor":18,"turns":2},{"damage":8,"enemies":"Slavers","floor":24,"turns":3},{"damage":1,"enemies":"Shell Parasite","floor":27,"turns":4},{"damage":15,"enemies":"Centurion and Healer","floor":28,"turns":3},{"damage":14,"enemies":"Book of Stabbing","floor":29,"turns":4},{"damage":1,"enemies":"Colosseum Slavers","floor":31,"turns":4},{"damage":0,"enemies":"Colosseum Nobs","floor":31,"turns":4},{"damage":0,"enemies":"Collector","floor":33,"turns":8},{"damage":13,"enemies":"Orb Walker","floor":35,"turns":4},{"damage":0,"enemies":"3 Darklings","floor":38,"turns":2},{"damage":19,"enemies":"Sphere and 2 Shapes","floor":39,"turns":4},{"damage":13,"enemies":"Reptomancer","floor":41,"turns":7},{"damage":10,"enemies":"Maw","floor":42,"turns":7},{"damage":6,"enemies":"Nemesis","floor":45,"turns":5},{"damage":0,"enemies":"Reptomancer","floor":48,"turns":4},{"damage":14,"enemies":"Awakened One","floor":50,"turns":10},{"damage":2,"enemies":"Shield and Spear","floor":54,"turns":3},{"damage":30,"enemies":"The Heart","floor":55,"turns":7}],"seed_played":"6570754525137053061","potions_obtained":[{"floor":1,"key":"SpeedPotion"},{"floor":3,"key":"SteroidPotion"},{"floor":11,"key":"Block Potion"},{"floor":16,"key":"EssenceOfSteel"},{"floor":22,"key":"Dexterity Potion"},{"floor":27,"key":"SmokeBomb"},{"floor":31,"key":"PowerPotion"},{"floor":38,"key":"BlessingOfTheForge"},{"floor":39,"key":"Block Potion"},{"floor":42,"key":"GamblersBrew"},{"floor":54,"key":"PowerPotion"}],"is_trial":false,"path_per_floor":["M","$","M","M","M","R","?","M","T","M","M","R","?","T","R","B",null,"M","?","?","?","?","R","E","R","T","M","M","E","$","?","R","B",null,"M","?","?","M","M","R","E","M","T","$","E","R","$","E","R","B",null,"R","$","E","B",null],"character_chosen":"THE_SILENT","items_purchased":["Membership Card","Mango","Fruit Juice","Apotheosis+1","Bottled Lightning","Chemical X","Vajra","Caltrops+1"],"campfire_rested":0,"item_purchase_floors":[30,30,44,47,47,53,53,53],"current_hp_per_floor":[65,65,61,61,60,60,60,56,56,56,55,55,55,55,55,8,70,64,64,64,64,64,64,56,56,56,55,40,26,55,54,54,54,84,71,71,71,71,52,52,51,41,41,56,55,55,70,70,70,56,85,85,85,83,61],"gold":67,"neow_bonus":"BOSS_RELIC","is_daily":false,"chose_seed":false,"campfire_upgraded":4,"win_rate":0.0,"timestamp":1611212982,"path_taken":["M","$","M","M","M","R","?","M","T","M","M","R","?","?","R","BOSS","M","?","?","?","?","R","E","R","T","?","M","E","$","?","R","BOSS","M","?","?","M","M","R","E","M","T","$","E","R","$","E","R","BOSS","R","$","E","BOSS"],"items_purchased_type":["Relic","Relic","Potion","Card","Relic","Relic","Relic","Card"],"build_version":"2020-12-22","purchased_purges":4,"victory":true,"max_hp_per_floor":[70,70,70,70,70,70,70,70,70,70,70,70,70,70,70,70,70,70,70,70,70,70,70,70,70,70,70,70,70,84,84,84,84,84,84,84,80,80,80,80,80,80,80,80,85,85,85,85,85,85,85,85,85,85,85],"card_choices":[{"not_picked":["Sucker Punch","Terror"],"picked":"Dagger Throw","floor":1},{"not_picked":["Concentrate","PiercingWail","Acrobatics"],"picked":"SKIP","floor":3},{"not_picked":["Sucker Punch","Poisoned Stab"],"picked":"Dagger Spray","floor":4},{"not_picked":["Blade Dance","Heel Hook"],"picked":"Riddle With Holes","floor":5},{"not_picked":["Heel Hook","Deflect"],"picked":"Acrobatics","floor":8},{"not_picked":["Backstab","Blade Dance"],"picked":"Caltrops","floor":10},{"not_picked":["Blade Dance","Outmaneuver"],"picked":"Venomology","floor":11},{"not_picked":["Dodge and Roll","Infinite Blades"],"picked":"Leg Sweep","floor":13},{"not_picked":["Glass Knife","Bullet Time","Night Terror"],"picked":"Corpse Explosion","floor":16},{"not_picked":["Reflex+1","Sucker Punch","Cloak And Dagger+1","Dagger Spray"],"picked":"SKIP","floor":18},{"not_picked":["Riddle With Holes","Escape Plan","Acrobatics"],"picked":"Backflip","floor":24},{"not_picked":["Deflect+1","Outmaneuver","Acrobatics+1"],"picked":"Caltrops","floor":27},{"not_picked":["Deadly Poison","Footwork","Heel Hook"],"picked":"Underhanded Strike","floor":28},{"not_picked":["Bullet Time","Leg Sweep","Dodge and Roll"],"picked":"Crippling Poison","floor":29},{"not_picked":["Poisoned Stab","Underhanded Strike","Deflect"],"picked":"Footwork+1","floor":31},{"not_picked":["Glass Knife","Die Die Die","Phantasmal Killer"],"picked":"Bullet Time","floor":33},{"not_picked":["Deflect","Blade Dance+1","Backstab"],"picked":"Skewer+1","floor":35},{"not_picked":["Underhanded Strike","Dagger Spray","Finisher","Masterful Stab+1"],"picked":"SKIP","floor":38},{"not_picked":["Acrobatics+1","Dagger Throw+1","Escape Plan"],"picked":"Malaise","floor":39},{"not_picked":["Noxious Fumes+1","Outmaneuver+1","Endless Agony"],"picked":"Dash+1","floor":41},{"not_picked":["Slice","Calculated Gamble+1","Prepared","Sucker Punch"],"picked":"SKIP","floor":42},{"not_picked":["Reflex+1","Blade Dance+1","Setup+1"],"picked":"Predator+1","floor":45},{"not_picked":["Dagger Spray","Deflect+1","After Image+1"],"picked":"Dash+1","floor":48},{"not_picked":["Prepared+1","Dagger Spray","Deadly Poison+1"],"picked":"Caltrops+1","floor":54}],"player_experience":807187,"relics_obtained":[{"floor":9,"key":"HornCleat"},{"floor":13,"key":"Odd Mushroom"},{"floor":14,"key":"Question Card"},{"floor":24,"key":"Shovel"},{"floor":25,"key":"PreservedInsect"},{"floor":26,"key":"MealTicket"},{"floor":29,"key":"CeramicFish"},{"floor":31,"key":"Unceasing Top"},{"floor":31,"key":"Bottled Flame"},{"floor":32,"key":"Tiny Chest"},{"floor":40,"key":"Meat on the Bone"},{"floor":41,"key":"Frozen Egg 2"},{"floor":45,"key":"Toxic Egg 2"},{"floor":46,"key":"Sundial"},{"floor":48,"key":"Anchor"},{"floor":52,"key":"Ornamental Fan"},{"floor":54,"key":"Lantern"}],"event_choices":[{"damage_healed":0,"gold_gain":175,"player_choice":"AGREE","damage_taken":0,"max_hp_gain":0,"max_hp_loss":0,"event_name":"Liars Game","floor":7,"gold_loss":0,"cards_obtained":["Doubt"]},{"damage_healed":0,"gold_gain":0,"player_choice":"Fought Mushrooms","damage_taken":0,"max_hp_gain":0,"max_hp_loss":0,"event_name":"Mushrooms","floor":13,"gold_loss":0},{"damage_healed":0,"gold_gain":0,"player_choice":"Ignored","damage_taken":0,"max_hp_gain":0,"max_hp_loss":0,"event_name":"Vampires","floor":19,"gold_loss":0},{"cards_removed":["Doubt"],"damage_healed":0,"gold_gain":0,"player_choice":"Gave Gold","damage_taken":0,"max_hp_gain":0,"max_hp_loss":0,"event_name":"Beggar","floor":20,"gold_loss":75},{"damage_healed":0,"gold_gain":0,"player_choice":"Ignored","damage_taken":0,"max_hp_gain":0,"max_hp_loss":0,"event_name":"Ghosts","floor":21,"gold_loss":0},{"damage_healed":0,"gold_gain":0,"player_choice":"Bought 1 Potion","damage_taken":0,"max_hp_gain":0,"max_hp_loss":0,"event_name":"The Woman in Blue","floor":22,"gold_loss":0},{"damage_healed":0,"gold_gain":0,"player_choice":"Fight","damage_taken":0,"max_hp_gain":0,"max_hp_loss":0,"event_name":"Colosseum","floor":31,"gold_loss":0},{"damage_healed":0,"gold_gain":0,"player_choice":"Fought Nobs","damage_taken":0,"max_hp_gain":0,"max_hp_loss":0,"event_name":"Colosseum","floor":31,"gold_loss":0},{"cards_removed":["Defend_G"],"damage_healed":0,"gold_gain":0,"player_choice":"Removed Skill","damage_taken":0,"max_hp_gain":0,"max_hp_loss":0,"event_name":"Falling","floor":36,"gold_loss":0},{"damage_healed":0,"gold_gain":0,"player_choice":"Max HP","damage_taken":0,"max_hp_gain":0,"max_hp_loss":4,"event_name":"Winding Halls","floor":37,"gold_loss":0}],"is_beta":false,"boss_relics":[{"not_picked":["WristBlade","Tiny House"],"picked":"Coffee Dripper"},{"not_picked":["Runic Pyramid","Cursed Key"],"picked":"SlaversCollar"}],"items_purged_floors":[2,30,44,47],"is_endless":false,"potions_floor_spawned":[1,3,11,16,27,31,31,33,38,39,42,54],"ascension_level":3}}