{"host":"q1yq0ibtlljsjzm9","time":1611208029,"event":{"mods":["BaseMod","DeckTracker","GifTheSpireLib","Minty Spire (QoL Compilation)","StSLib","The Servant 0.9.4"],"gold_per_floor":[113,113,40,5,25,45,55,55,355,386,386,404,420,436,436,532,532,532,532,83,83,83,83,83,0,0,0,0,0,0,0,0,0,0,0,0,0,0,0,0,0,0,0,0,0,0,0,0,0,0,0],"floor_reached":50,"language":"ENG","playtime":5646,"items_purged":[],"score":486,"play_id":"e188decc-170f-472d-8232-817467bb28a1","local_time":"20210120214709","is_ascension_mode":false,"campfire_choices":[{"data":"Accuracy","floor":11.0,"key":"SMITH"},{"data":"Infinite Blades","floor":15.0,"key":"SMITH"},{"floor":24.0,"key":"REST"},{"data":"Accuracy","floor":32,"key":"SMITH"},{"data":"Accuracy","floor":40,"key":"SMITH"},{"data":"A Thousand Cuts","floor":44,"key":"SMITH"},{"floor":49,"key":"RECALL"}],"circlet_count":0,"master_deck":["Strike_G","Strike_G","Strike_G","Strike_G","Strike_G","Defend_G","Defend_G+1","Defend_G","Defend_G","Defend_G+1","Survivor","Neutralize","Cloak And Dagger","Accuracy+1","Terror","Escape Plan","Infinite Blades+1","Accuracy+1","Sucker Punch","Backstab","Accuracy+1","Phantasmal Killer","Cloak And Dagger","Backflip","Grand Finale","Bane","Riddle With Holes+1","Crippling Poison","Blade Dance","Dash+1","A Thousand Cuts+1"],"relics":["WristBlade","Bird Faced Urn","Old Coin","Centennial Puzzle","Ectoplasm","Blood Vial","Lantern","Shuriken","Bottled Tornado","Eternal Feather","Busted Crown","Tingsha","Red Mask","CaptainsWheel"],"acts_visited":["Exordium","TheCity","TheBeyond"],"potions_floor_usage":[33,47],"damage_taken":[{"damage":0.0,"enemies":"Small Slimes","floor":1.0,"turns":4.0},{"damage":0.0,"enemies":"Jaw Worm","floor":5.0,"turns":4.0},{"damage":0.0,"enemies":"2 Louse","floor":6.0,"turns":4.0},{"damage":1.0,"enemies":"Lots of Slimes","floor":7.0,"turns":6.0},{"damage":5.0,"enemies":"Lagavulin","floor":10.0,"turns":5.0},{"damage":7.0,"enemies":"Blue Slaver","floor":12.0,"turns":3.0},{"damage":5.0,"enemies":"3 Louse","floor":13.0,"turns":3.0},{"damage":9.0,"enemies":"Exordium Thugs","floor":14.0,"turns":5.0},{"damage":18.0,"enemies":"Slime Boss","floor":16.0,"turns":9.0},{"damage":9.0,"enemies":"Shell Parasite","floor":18.0,"turns":4.0},{"damage":0.0,"enemies":"Spheric Guardian","floor":19.0,"turns":3.0},{"damage":8.0,"enemies":"Shelled Parasite and Fungi","floor":21.0,"turns":3.0},{"damage":20.0,"enemies":"Snake Plant","floor":22.0,"turns":4.0},{"damage":52.0,"enemies":"Slavers","floor":23.0,"turns":4.0},{"damage":9.0,"enemies":"Gremlin Leader","floor":27.0,"turns":4.0},{"damage":0.0,"enemies":"3 Cultists","floor":28.0,"turns":3.0},{"damage":6.0,"enemies":"Centurion and Healer","floor":30.0,"turns":4.0},{"damage":4,"enemies":"Cultist and Chosen","floor":31,"turns":4},{"damage":39,"enemies":"Collector","floor":33,"turns":6},{"damage":15,"enemies":"3 Darklings","floor":35,"turns":4},{"damage":10,"enemies":"Mind Bloom Boss Battle","floor":36,"turns":4},{"damage":0,"enemies":"3 Shapes","floor":41,"turns":4},{"damage":11,"enemies":"Jaw Worm Horde","floor":45,"turns":3},{"damage":27,"enemies":"2 Orb Walkers","floor":47,"turns":3},{"damage":0,"enemies":"Transient","floor":48,"turns":5},{"damage":91,"enemies":"Time Eater","floor":50,"turns":9}],"seed_played":"-7847916527467872264","potions_obtained":[{"floor":6.0,"key":"DistilledChaos"},{"floor":10.0,"key":"Fire Potion"},{"floor":12.0,"key":"LiquidMemories"},{"floor":14.0,"key":"Explosive Potion"},{"floor":18.0,"key":"Ancient Potion"},{"floor":23.0,"key":"LiquidBronze"},{"floor":28.0,"key":"Fruit Juice"},{"floor":41,"key":"LiquidMemories"}],"is_trial":false,"path_per_floor":["M","?","$","?","M","M","M","?","T","E","R","M","M","M","R","B",null,"M","M","$","M","M","E","R","?","T","E","M","?","M","M","R","B",null,"M","?","?","?","$","R","M","?","T","R","M","$","?","M","R","B"],"character_chosen":"THE_SILENT","items_purchased":["Accuracy","Grand Finale","Blood Vial","Lantern"],"campfire_rested":1,"item_purchase_floors":[3,20,20,20],"current_hp_per_floor":[70,56,56,70,70,70,69,69,69,65,65,63,64,61,61,51,70,63,69,69,68,56,12,33,33,33,34,40,63,71,75,75,40,75,64,66,66,66,66,75,75,75,75,75,66,66,47,57,75,0,0],"gold":0,"neow_bonus":"BOSS_RELIC","is_daily":false,"chose_seed":false,"campfire_upgraded":5,"win_rate":0.0,"timestamp":1611208029,"path_taken":["M","?","$","?","?","M","M","?","T","E","R","M","M","M","R","BOSS","M","M","$","M","M","E","R","?","T","E","M","?","M","M","R","BOSS","M","?","?","?","$","R","?","?","T","R","M","$","?","M","R","BOSS"],"items_purchased_type":["Card","Card","Relic","Relic"],"build_version":"2020-12-22","purchased_purges":0,"victory":false,"max_hp_per_floor":[70,70,70,70,70,70,70,70,70,70,70,70,70,70,70,70,70,70,70,70,70,70,70,70,70,70,70,70,70,75,75,75,75,75,75,75,75,75,75,75,75,75,75,75,75,75,75,75,75,75,75],"card_choices":[{"not_picked":["Catalyst","Deflect"],"picked":"Cloak And Dagger","floor":1.0},{"not_picked":["Poisoned Stab","Flying Knee"],"picked":"Terror","floor":5.0},{"not_picked":["Outmaneuver","Flechettes"],"picked":"Escape Plan","floor":6.0},{"not_picked":["Choke","Riddle With Holes"],"picked":"Infinite Blades","floor":7.0},{"not_picked":["Catalyst","Footwork"],"picked":"Accuracy","floor":10.0},{"not_picked":["Masterful Stab","PiercingWail"],"picked":"Sucker Punch","floor":12.0},{"not_picked":["Underhanded Strike","Quick Slash"],"picked":"Backstab","floor":13.0},{"not_picked":["Expertise","Acrobatics"],"picked":"Accuracy","floor":14.0},{"not_picked":["Night Terror","Wraith Form v2"],"picked":"Phantasmal Killer","floor":16.0},{"not_picked":["Poisoned Stab","Dagger Spray"],"picked":"Cloak And Dagger","floor":18.0},{"not_picked":["Catalyst","Calculated Gamble"],"picked":"Backflip","floor":19.0},{"not_picked":["Endless Agony","Dodge and Roll+1"],"picked":"Bane","floor":21.0},{"not_picked":["Quick Slash","Dagger Throw"],"picked":"Riddle With Holes+1","floor":22.0},{"not_picked":["Doppelganger","Bouncing Flask+1"],"picked":"Crippling Poison","floor":23.0},{"not_picked":["Quick Slash","Slice+1"],"picked":"Blade Dance","floor":27.0},{"not_picked":["Dagger Throw","Deflect"],"picked":"Dash+1","floor":28.0},{"not_picked":["Quick Slash","Slice","Backstab"],"picked":"SKIP","floor":30.0},{"not_picked":["Tools of the Trade","Dagger Throw+1","PiercingWail"],"picked":"SKIP","floor":31},{"not_picked":["Adrenaline","Bullet Time"],"picked":"A Thousand Cuts","floor":33},{"not_picked":["Masterful Stab"],"picked":"SKIP","floor":35},{"not_picked":["Quick Slash+1"],"picked":"SKIP","floor":41},{"not_picked":["Backflip+1"],"picked":"SKIP","floor":45},{"not_picked":["Dagger Spray+1"],"picked":"SKIP","floor":48}],"player_experience":110700,"relics_obtained":[{"floor":9.0,"key":"Old Coin"},{"floor":10.0,"key":"Centennial Puzzle"},{"floor":23.0,"key":"Shuriken"},{"floor":26.0,"key":"Bottled Tornado"},{"floor":27.0,"key":"Eternal Feather"},{"floor":36,"key":"Tingsha"},{"floor":47,"key":"CaptainsWheel"}],"event_choices":[{"damage_healed":0.0,"max_hp_gain":0.0,"max_hp_loss":0.0,"gold_gain":0.0,"event_name":"Shining Light","player_choice":"Entered Light","floor":2.0,"gold_loss":0.0,"damage_taken":14.0,"cards_upgraded":["Defend_G","Defend_G"]},{"damage_healed":17.0,"max_hp_gain":0.0,"max_hp_loss":0.0,"gold_gain":0.0,"event_name":"The Cleric","player_choice":"Healed","floor":4.0,"gold_loss":35.0,"damage_taken":0.0},{"damage_healed":0.0,"max_hp_gain":0.0,"max_hp_loss":0.0,"gold_gain":0.0,"event_name":"Big Fish","player_choice":"Box","floor":8.0,"gold_loss":0.0,"damage_taken":0.0,"relics_obtained":["Bird Faced Urn"],"cards_obtained":["Regret"]},{"damage_healed":0.0,"max_hp_gain":0.0,"max_hp_loss":0.0,"gold_gain":0.0,"event_name":"Masked Bandits","player_choice":"Paid Fearfully","floor":25.0,"gold_loss":83.0,"damage_taken":0.0},{"damage_healed":23.0,"max_hp_gain":0.0,"max_hp_loss":0.0,"gold_gain":0.0,"event_name":"The Library","player_choice":"Heal","floor":29.0,"gold_loss":0.0,"damage_taken":0.0},{"damage_healed":0,"gold_gain":0,"player_choice":"Fight","damage_taken":0,"max_hp_gain":0,"max_hp_loss":0,"event_name":"MindBloom","floor":36,"gold_loss":0},{"damage_healed":0,"gold_gain":0,"player_choice":"Memory 1","damage_taken":0,"max_hp_gain":0,"max_hp_loss":0,"event_name":"SensoryStone","floor":37,"gold_loss":0},{"cards_removed":["Regret"],"damage_healed":0,"gold_gain":0,"player_choice":"Card Removal","damage_taken":0,"max_hp_gain":0,"max_hp_loss":0,"event_name":"Wheel of Change","floor":38,"gold_loss":0},{"damage_healed":0,"gold_gain":0,"player_choice":"Paid","damage_taken":0,"relics_obtained":["Red Mask"],"max_hp_gain":0,"max_hp_loss":0,"event_name":"Tomb of Lord Red Mask","floor":42,"gold_loss":0},{"damage_healed":0,"gold_gain":0,"player_choice":"Fight","damage_taken":0,"max_hp_gain":0,"max_hp_loss":0,"event_name":"Mysterious Sphere","floor":47,"gold_loss":0}],"is_beta":false,"boss_relics":[{"not_picked":["Calling Bell","Velvet Choker"],"picked":"Ectoplasm"},{"not_picked":["Astrolabe","SacredBark"],"picked":"Busted Crown"}],"items_purged_floors":[],"is_endless":false,"potions_floor_spawned":[6,10,12,14,18,21,23,28,31,41],"killed_by":"Time Eater","ascension_level":0}}