{"host":"6e4d2nejd5141r00","time":1611241046,"event":{"mods":["Act Like it!","BaseMod","Better Synergies","Better Third Choice","BetterRewards","CapriCore","Colored Map","Colored Powertips","Elementarium","Evolution","GifTheSpireLib","Infinite Spire","Minty Spire (QoL Compilation)","Pale of the Ancients","Relic Stats","Replay The Spire","StSLib","Wandering Minibosses"],"gold_per_floor":[117,117,117,136,236,262,273,273,273,288,288,298,298,298,298,421,421,446,446,266,118,153,153,232,232,305,305,325,362,426,522,522,667,667,696,727,1472,1064,575,575,606,606,679,700,723,765,765,827,827,982,982,1005,1059,1059,1059,1059,1075,1075,1075,1075,1107,1107],"floor_reached":61,"language":"ENG","playtime":2308,"items_purged":["Parasite"],"score":993,"play_id":"f9a5cc78-ee7b-4bea-a776-084e3fbd644a","local_time":"20210121155726","is_ascension_mode":false,"campfire_choices":[{"floor":8,"key":"REST"},{"data":"Neutralize","floor":13,"key":"SMITH"},{"data":"Footwork","floor":13,"key":"SMITH"},{"data":"Infinite Blades","floor":15,"key":"SMITH"},{"data":"Dodge and Roll","floor":15,"key":"SMITH"},{"floor":23,"key":"REST"},{"floor":25,"key":"REST"},{"floor":32,"key":"REST"},{"floor":40,"key":"REST"},{"floor":42,"key":"REST"},{"data":"Specialist","floor":47,"key":"SMITH"},{"data":"Terror","floor":47,"key":"SMITH"},{"floor":49,"key":"REST"},{"data":"Choke","floor":56,"key":"SMITH"},{"data":"Sadistic Nature","floor":56,"key":"SMITH"},{"data":"Mayhem","floor":58,"key":"SMITH"},{"data":"Venomology","floor":58,"key":"SMITH"}],"circlet_count":0,"master_deck":["Poisoned Stab","Strike_G","Strike_G","Strike_G","Strike_G","Defend_G","Defend_G","Defend_G","Defend_G","Defend_G","Survivor","Neutralize+1","Dodge and Roll+1","Footwork+1","Dagger Spray","Riddle With Holes","Infinite Blades+1","Deflect","Injury","Atom Bomb+1","Enlightenment","Replay:Bag of Tricks+1","Prepared","Sadistic Nature+1","Backstab+1","Choke+1","infinitespire:Neurotoxin+1","Dodge and Roll","Blur+1","Corpse Explosion","Fluid Movement+1","Terror+1","Mayhem+1","Specialist+1","Venomology+1","PiercingWail+1","Caltrops+1","Storm of Steel","m_Survivalism","Unload","Bandage Up","Fluid Movement","Delirium"],"relics":["Ring of the Snake","EVO:Axolotl","Pen Nib","Replay:WaspNest","Replay:Arrowhead","infinitespire:FocusingShard","Golden Idol","Philosopher\u0027s Stone","Replay:Bandana","Anchor","Mummified Hand","Replay:Bottled Eggs","War Paint","infinitespire:Cupcake","wanderingMiniBosses:MasterThiefsPresence","HornCleat","Lizard Tail","ReplayTheSpireMod:SealedPack","paleoftheancients:Timepiece","paleoftheancients:KeyRelic","Letter Opener","CultistMask","paleoftheancients:SoulOfTheSilent","Ring of Misfortune","Ring of Fangs","infinitespire:BottledMercury","Mercury Hourglass"],"acts_visited":["Exordium","TheCity","TheBeyond","paleoftheancients:PaleOfTheAncients"],"potions_floor_usage":[24,33,33,37,44,45,46,50,50,50,50,53,61,61,61],"damage_taken":[{"damage":1,"enemies":"Cultist","floor":1,"turns":4},{"damage":2,"enemies":"Small Slimes","floor":4,"turns":5},{"damage":31,"enemies":"Gremlin Nob","floor":6,"turns":6},{"damage":0,"enemies":"2 Louse","floor":7,"turns":2},{"damage":0,"enemies":"Lots of Slimes","floor":10,"turns":1},{"damage":2,"enemies":"Large Slime","floor":12,"turns":6},{"damage":42,"enemies":"Fading Forest","floor":16,"turns":11},{"damage":25,"enemies":"Shell Parasite","floor":18,"turns":6},{"damage":9,"enemies":"Spheric Guardian","floor":22,"turns":3},{"damage":40,"enemies":"Nightmare","floor":24,"turns":7},{"damage":0,"enemies":"Snake Plant","floor":28,"turns":1},{"damage":2,"enemies":"Snecko","floor":29,"turns":3},{"damage":18,"enemies":"Book of Stabbing","floor":30,"turns":4},{"damage":19,"enemies":"Champ","floor":33,"turns":7},{"damage":0,"enemies":"Orb Walker","floor":35,"turns":2},{"damage":11,"enemies":"3 Shapes","floor":36,"turns":3},{"damage":54,"enemies":"Transient","floor":37,"turns":5},{"damage":4,"enemies":"Sphere and 2 Shapes","floor":41,"turns":3},{"damage":4,"enemies":"Writhing Mass","floor":44,"turns":2},{"damage":0,"enemies":"Spire Growth","floor":45,"turns":3},{"damage":0,"enemies":"Transient","floor":46,"turns":5},{"damage":9,"enemies":"R_Hoarder","floor":48,"turns":5},{"damage":22,"enemies":"Time Eater","floor":50,"turns":4},{"damage":0,"enemies":"Time Eater","floor":52,"turns":1},{"damage":66,"enemies":"Time Eater","floor":53,"turns":5},{"damage":81,"enemies":"Time Eater","floor":57,"turns":6},{"damage":69,"enemies":"paleoftheancients:N","floor":61,"turns":6}],"seed_played":"-4734317517781690434","potions_obtained":[{"floor":6,"key":"SteroidPotion"},{"floor":18,"key":"Adrenaline Potion"},{"floor":30,"key":"LiquidMemories"},{"floor":31,"key":"LiquidBronze"},{"floor":31,"key":"infinitespire:BlackPotion"},{"floor":33,"key":"Block Potion"},{"floor":35,"key":"Ancient Potion"},{"floor":45,"key":"Energy Potion"},{"floor":48,"key":"AttackPotion"},{"floor":53,"key":"DuplicationPotion"}],"is_trial":false,"path_per_floor":["M","$","?","M","?","E","M","R","T","M","?","M","R","?","R","B",null,"M","?","$","$","M","R","NM","R","T","?","M","M","E","?","R","B",null,"M","M","M","$","?","R","M","R","T","M","M","M","R","E","R","B",null,"M","M","?","T","R","M","R","T","?","B"],"character_chosen":"THE_SILENT","items_purchased":["Sadistic Nature","Replay:Bandana","Mayhem","Specialist","Fire Potion"],"campfire_rested":7,"item_purchase_floors":[20,21,38,38,38],"current_hp_per_floor":[69,69,51,49,49,18,18,39,39,39,56,54,54,54,54,20,70,45,45,45,45,36,57,17,38,38,38,38,36,18,18,39,20,70,70,59,5,5,5,25,21,41,41,37,37,37,37,28,48,26,67,67,34,34,34,34,67,67,67,67,0,0],"gold":1107,"neow_bonus":"RANDOM_COMMON_RELIC","is_daily":false,"chose_seed":false,"campfire_upgraded":10,"win_rate":0.0,"timestamp":1611241046,"path_taken":["M","?","?","M","?","E","?","R","T","M","?","M","R","?","R","BOSS","M","?","?","$","?","R","NM","R","T","?","?","M","E","?","R","BOSS","M","M","M","$","?","R","M","R","T","M","M","M","R","E","R","BOSS","M","M","?","T","R","M","R","T","?","BOSS"],"items_purchased_type":["Card","Relic","Card","Card","Potion"],"build_version":"2020-12-22","purchased_purges":1,"victory":false,"max_hp_per_floor":[70,70,70,70,70,70,70,70,70,70,70,70,70,70,70,70,70,70,70,70,70,70,70,70,70,70,70,70,70,70,70,70,70,70,70,70,70,67,67,67,67,67,67,67,67,67,67,67,67,67,67,67,67,67,67,67,67,67,67,67,67,67],"relic_stats":{"Lizard Tail":33,"counters":[27,116],"Golden Idol":176,"Mummified Hand":[59],"Pen Nib":[24],"Letter Opener":[119],"War Paint":["infinitespire:Neurotoxin","Replay:Bag of Tricks"],"obtain_stats":[{"infinitespire:BottledMercury":55,"EVO:Axolotl":0,"Replay:Bandana":21,"Lizard Tail":48,"HornCleat":43,"Ring of Fangs":54,"Mummified Hand":26,"Philosopher\u0027s Stone":17,"Replay:Bottled Eggs":30,"Ring of the Snake":0,"paleoftheancients:KeyRelic":51,"Golden Idol":14,"wanderingMiniBosses:MasterThiefsPresence":37,"Pen Nib":0,"Replay:WaspNest":3,"infinitespire:FocusingShard":9,"ReplayTheSpireMod:SealedPack":51,"Letter Opener":51,"War Paint":31,"Replay:Arrowhead":6,"Mercury Hourglass":59,"paleoftheancients:Timepiece":51,"Anchor":24,"Ring of Misfortune":54,"CultistMask":51,"paleoftheancients:SoulOfTheSilent":52,"infinitespire:Cupcake":34},{"infinitespire:BottledMercury":25,"EVO:Axolotl":0,"Replay:Bandana":8,"Lizard Tail":22,"HornCleat":18,"Ring of Fangs":25,"Mummified Hand":10,"Philosopher\u0027s Stone":7,"Replay:Bottled Eggs":13,"Ring of the Snake":0,"paleoftheancients:KeyRelic":23,"Golden Idol":6,"wanderingMiniBosses:MasterThiefsPresence":17,"Pen Nib":0,"Replay:WaspNest":1,"infinitespire:FocusingShard":4,"ReplayTheSpireMod:SealedPack":23,"Letter Opener":23,"War Paint":13,"Replay:Arrowhead":3,"Mercury Hourglass":26,"paleoftheancients:Timepiece":23,"Anchor":10,"Ring of Misfortune":25,"CultistMask":23,"paleoftheancients:SoulOfTheSilent":24,"infinitespire:Cupcake":14},{"infinitespire:BottledMercury":104,"EVO:Axolotl":0,"Replay:Bandana":41,"Lizard Tail":94,"HornCleat":79,"Ring of Fangs":104,"Mummified Hand":51,"Philosopher\u0027s Stone":35,"Replay:Bottled Eggs":59,"Ring of the Snake":0,"paleoftheancients:KeyRelic":98,"Golden Idol":24,"wanderingMiniBosses:MasterThiefsPresence":76,"Pen Nib":0,"Replay:WaspNest":4,"infinitespire:FocusingShard":17,"ReplayTheSpireMod:SealedPack":98,"Letter Opener":98,"War Paint":59,"Replay:Arrowhead":15,"Mercury Hourglass":110,"paleoftheancients:Timepiece":98,"Anchor":51,"Ring of Misfortune":104,"CultistMask":98,"paleoftheancients:SoulOfTheSilent":99,"infinitespire:Cupcake":66}],"Ring of the Snake":[54],"Mercury Hourglass":[59]},"card_choices":[{"not_picked":["Backflip","Deadly Poison"],"picked":"Dodge and Roll","floor":1},{"not_picked":["Unload","Acrobatics"],"picked":"Footwork","floor":4},{"not_picked":["Outmaneuver","Endless Agony"],"picked":"Dagger Spray","floor":6},{"not_picked":["Slice","Prepared"],"picked":"Riddle With Holes","floor":7},{"not_picked":["Finisher","Dagger Throw"],"picked":"Infinite Blades","floor":10},{"not_picked":["Bane","ReplayTheSpireMod:Shiv Toss"],"picked":"Deflect","floor":12},{"not_picked":["Poison Darts","Glass Knife"],"picked":"Atom Bomb","floor":16},{"not_picked":["Slice","Cloak And Dagger","Acrobatics+1"],"picked":"SKIP","floor":18},{"not_picked":["Prepared+1","Blade Dance"],"picked":"Backstab+1","floor":22},{"not_picked":["Bane+1","Sucker Punch+1"],"picked":"Choke","floor":24},{"not_picked":["Quick Slash","Outmaneuver"],"picked":"infinitespire:Neurotoxin","floor":28},{"not_picked":["Blade Dance+1","Dagger Throw","ReplayTheSpireMod:The Works"],"picked":"SKIP","floor":29},{"not_picked":["Backflip","Sneak Up+1"],"picked":"Dodge and Roll","floor":30},{"not_picked":["Blade Dance","Dagger Throw"],"picked":"Blur+1","floor":31},{"not_picked":["ReplayTheSpireMod:From All Sides","Doppelganger"],"picked":"Corpse Explosion","floor":33},{"not_picked":["Dagger Throw","Poisoned Stab"],"picked":"Fluid Movement+1","floor":35},{"not_picked":["Quick Slash+1","Prepared+1","Slice+1"],"picked":"SKIP","floor":36},{"not_picked":["Poisoned Stab","Underhanded Strike"],"picked":"Terror","floor":37},{"not_picked":["Dagger Spray","Blade Dance"],"picked":"Venomology","floor":41},{"not_picked":["Prepared","Poisoned Stab+1"],"picked":"PiercingWail+1","floor":44},{"not_picked":["Eviscerate","Heel Hook+1","Sucker Punch+1"],"picked":"SKIP","floor":45},{"not_picked":["Skewer+1","Replay:Bag of Tricks","Underhanded Strike+1"],"picked":"SKIP","floor":46},{"not_picked":["Outmaneuver+1","Sucker Punch+1"],"picked":"Caltrops+1","floor":48},{"not_picked":["Corpse Explosion","ReplayTheSpireMod:From All Sides"],"picked":"Storm of Steel","floor":50},{"not_picked":["Vigilance","Bash"],"picked":"m_Survivalism","floor":51},{"not_picked":["Atom Bomb","Doppelganger"],"picked":"Unload","floor":51},{"not_picked":["Survey Options","Blind"],"picked":"Bandage Up","floor":51},{"not_picked":["infinitespire:Starlight","infinitespire:Punishment"],"picked":"infinitespire:SealOfDarkness+","floor":51},{"not_picked":["Dagger Throw","Prepared+1","ReplayTheSpireMod:The Works"],"picked":"SKIP","floor":52},{"not_picked":["Sucker Punch","Prepared"],"picked":"Fluid Movement","floor":53}],"player_experience":81165,"relics_obtained":[{"floor":6,"key":"Replay:Arrowhead"},{"floor":9,"key":"infinitespire:FocusingShard"},{"floor":24,"key":"Anchor"},{"floor":26,"key":"Mummified Hand"},{"floor":30,"key":"Replay:Bottled Eggs"},{"floor":31,"key":"War Paint"},{"floor":37,"key":"wanderingMiniBosses:MasterThiefsPresence"},{"floor":43,"key":"HornCleat"},{"floor":48,"key":"Lizard Tail"},{"floor":52,"key":"paleoftheancients:SoulOfTheSilent"},{"floor":54,"key":"Ring of Misfortune"},{"floor":54,"key":"Ring of Fangs"},{"floor":55,"key":"infinitespire:BottledMercury"},{"floor":59,"key":"Mercury Hourglass"}],"event_choices":[{"damage_healed":0,"gold_gain":0,"player_choice":"Relic ","damage_taken":18,"max_hp_gain":0,"max_hp_loss":0,"event_name":"betterThird:BetterScrap","floor":3,"gold_loss":0,"cards_obtained":["Massacre"]},{"damage_healed":0,"gold_gain":100,"player_choice":"Gold","damage_taken":0,"max_hp_gain":0,"max_hp_loss":0,"event_name":"Wheel of Change","floor":5,"gold_loss":0},{"damage_healed":17,"gold_gain":0,"player_choice":"Healed and dodged fight","damage_taken":0,"max_hp_gain":0,"max_hp_loss":0,"event_name":"Mushrooms","floor":11,"gold_loss":0,"cards_obtained":["Parasite"]},{"damage_healed":0,"gold_gain":0,"player_choice":"Take Wound","damage_taken":0,"relics_obtained":["Golden Idol"],"max_hp_gain":0,"max_hp_loss":0,"event_name":"Golden Idol","floor":14,"gold_loss":0,"cards_obtained":["Injury"]},{"damage_healed":0,"gold_gain":0,"player_choice":"3 cards matched","damage_taken":0,"max_hp_gain":0,"max_hp_loss":0,"event_name":"Match and Keep!","floor":19,"gold_loss":0,"cards_obtained":["Enlightenment","Replay:Bag of Tricks","Prepared"]},{"damage_healed":0,"gold_gain":0,"player_choice":"Upgraded","damage_taken":0,"max_hp_gain":0,"max_hp_loss":0,"event_name":"Upgrade Shrine","floor":27,"gold_loss":0,"cards_upgraded":["Atom Bomb"]}],"is_beta":false,"boss_relics":[{"not_picked":["Tiny House","Coffee Dripper"],"picked":"Philosopher\u0027s Stone"},{"not_picked":["Fusion Hammer","Snecko Eye"],"picked":"infinitespire:Cupcake"},{"not_picked":["Runic Dome","Kintsugi"],"picked":"ReplayTheSpireMod:SealedPack"}],"items_purged_floors":[38],"is_endless":true,"potions_floor_spawned":[6,18,30,33,35,36,45,48,53],"killed_by":"paleoftheancients:N","ascension_level":0}}