{"host":"foq4mrde4mssg7vt","time":1611238016,"event":{"mods":["AchievementEnabler","BaseMod","Colored Map","Colored Powertips","Highlight Path","Minty Spire (QoL Compilation)","Relic Stats","everything is the same but u backflip on backflip"],"gold_per_floor":[122,145,169,193,205,217,239,251,310,354,139,171,184,11,11,85,85,96,126,126,126,126],"floor_reached":21,"language":"ENG","playtime":763,"items_purged":["Pain"],"score":369,"play_id":"eddc1bdd-507d-47fa-a288-ff872ae04660","local_time":"20210121220656","is_ascension_mode":true,"campfire_choices":[{"data":"Bash","floor":6,"key":"SMITH"},{"data":"Cleave","floor":8,"key":"SMITH"},{"floor":15,"key":"REST"}],"circlet_count":0,"master_deck":["AscendersBane","Strike_R","Strike_R","Strike_R","Strike_R","Strike_R","Defend_R","Defend_R","Defend_R","Defend_R","Bash+1","Fire Breathing","Shrug It Off","Reckless Charge","Iron Wave","Cleave+1","Uppercut","Spot Weakness","Combust","Evolve","Twin Strike","Limit Break","True Grit","Feed","Ghostly","Ghostly","Ghostly"],"relics":["Burning Blood","MawBank","WarpedTongs","Bag of Preparation","The Courier","Regal Pillow","Busted Crown","Red Mask"],"acts_visited":["Exordium","TheCity"],"potions_floor_usage":[12,19,19],"damage_taken":[{"damage":21,"enemies":"Jaw Worm","floor":1,"turns":5},{"damage":6,"enemies":"Cultist","floor":2,"turns":3},{"damage":7,"enemies":"Small Slimes","floor":3,"turns":3},{"damage":6,"enemies":"3 Louse","floor":4,"turns":5},{"damage":13,"enemies":"Looter","floor":7,"turns":3},{"damage":19,"enemies":"3 Sentries","floor":10,"turns":5},{"damage":17,"enemies":"Lagavulin","floor":12,"turns":6},{"damage":0,"enemies":"2 Fungi Beasts","floor":13,"turns":3},{"damage":32,"enemies":"Slime Boss","floor":16,"turns":7},{"damage":31,"enemies":"Chosen","floor":18,"turns":7},{"damage":43,"enemies":"Masked Bandits","floor":19,"turns":4},{"damage":11,"enemies":"3 Byrds","floor":21,"turns":2}],"seed_played":"-73883640179049211","potions_obtained":[{"floor":1,"key":"SkillPotion"},{"floor":2,"key":"DistilledChaos"},{"floor":16,"key":"PowerPotion"}],"is_trial":false,"path_per_floor":["M","M","M","M","?","R","M","R","T","E","$","E","M","$","R","B",null,"M","?","?","M"],"character_chosen":"IRONCLAD","items_purchased":["Spot Weakness","Combust","Evolve","Limit Break","True Grit"],"campfire_rested":1,"item_purchase_floors":[11,11,11,14,14],"current_hp_per_floor":[53,53,52,52,52,52,45,45,45,32,32,21,27,27,64,38,66,45,11,11,0,0],"gold":126,"neow_bonus":"RANDOM_COMMON_RELIC","is_daily":false,"chose_seed":false,"campfire_upgraded":2,"win_rate":0.0,"timestamp":1611238016,"path_taken":["M","M","M","M","?","R","M","R","T","E","?","E","M","$","R","BOSS","M","?","?","M"],"items_purchased_type":["Card","Card","Card","Card","Card"],"build_version":"2020-12-22","purchased_purges":1,"victory":false,"max_hp_per_floor":[75,75,75,75,75,75,75,75,75,75,75,75,75,75,75,75,75,79,82,41,41,41],"relic_stats":{"Regal Pillow":15,"Busted Crown":4,"counters":[12,53],"Bag of Preparation":[14],"MawBank":132,"obtain_stats":[{"Regal Pillow":12,"Busted Crown":17,"The Courier":10,"Bag of Preparation":9,"Red Mask":19,"MawBank":0,"Burning Blood":0,"WarpedTongs":5},{"Regal Pillow":7,"Busted Crown":9,"The Courier":6,"Bag of Preparation":5,"Red Mask":11,"MawBank":0,"Burning Blood":0,"WarpedTongs":4},{"Regal Pillow":30,"Busted Crown":40,"The Courier":24,"Bag of Preparation":19,"Red Mask":51,"MawBank":0,"Burning Blood":0,"WarpedTongs":16}],"Burning Blood":66,"WarpedTongs":[36]},"card_choices":[{"not_picked":["Second Wind","Shockwave"],"picked":"Fire Breathing","floor":1},{"not_picked":["Clothesline","True Grit"],"picked":"Shrug It Off","floor":2},{"not_picked":["Perfected Strike","Dark Embrace"],"picked":"Reckless Charge","floor":3},{"not_picked":["Dark Embrace","Fire Breathing"],"picked":"Iron Wave","floor":4},{"not_picked":["True Grit","Sever Soul"],"picked":"Cleave","floor":7},{"not_picked":["Armaments","Reckless Charge"],"picked":"Uppercut","floor":10},{"not_picked":["Ghostly Armor","Metallicize","Iron Wave"],"picked":"SKIP","floor":12},{"not_picked":["Shrug It Off","Havoc"],"picked":"Twin Strike","floor":13},{"not_picked":["Immolate","Juggernaut"],"picked":"Feed","floor":16},{"not_picked":["Clothesline"],"picked":"SKIP","floor":18}],"player_experience":529426,"relics_obtained":[{"floor":9,"key":"Bag of Preparation"},{"floor":10,"key":"The Courier"},{"floor":12,"key":"Regal Pillow"},{"floor":19,"key":"Red Mask"}],"event_choices":[{"damage_healed":0,"gold_gain":0,"player_choice":"Rummage","damage_taken":0,"relics_obtained":["WarpedTongs"],"max_hp_gain":0,"max_hp_loss":0,"event_name":"Accursed Blacksmith","floor":5,"gold_loss":0,"cards_obtained":["Pain"]},{"damage_healed":0,"gold_gain":0,"player_choice":"Fought Bandits","damage_taken":0,"max_hp_gain":0,"max_hp_loss":0,"event_name":"Masked Bandits","floor":19,"gold_loss":0},{"damage_healed":0,"gold_gain":0,"player_choice":"Became a Ghost","damage_taken":0,"max_hp_gain":0,"max_hp_loss":41,"event_name":"Ghosts","floor":20,"gold_loss":0,"cards_obtained":["Ghostly","Ghostly","Ghostly"]}],"is_beta":false,"boss_relics":[{"not_picked":["Ectoplasm","Black Blood"],"picked":"Busted Crown"}],"items_purged_floors":[11],"is_endless":false,"potions_floor_spawned":[1,2,10,16],"killed_by":"3 Byrds","ascension_level":19}}