{"host":"xp5rvh2jwe2ejyfm","time":1611188658,"event":{"mods":["BaseMod","Downfall","Hermit","Minty Spire (QoL Compilation)","Robot Space Explorer","StSLib","The Clintock","The Construct","The Cursed","The Disciple","The Forsaken","The Hierophant","The Runesmith"],"gold_per_floor":[99,109,109,128,128,141,141,41,41,141,161,0,11,11,11,11],"floor_reached":14,"language":"ENG","playtime":440,"items_purged":[],"score":80,"play_id":"2a870dd4-484b-42db-9398-e72cacc402c3","local_time":"20210120192418","is_ascension_mode":false,"campfire_choices":[{"floor":1,"key":"RECALL"},{"data":"hexamod:EmpoweredFlame","floor":8,"key":"SMITH"}],"circlet_count":0,"master_deck":["hexamod:Strike","hexamod:Strike","hexamod:Strike","hexamod:Strike","hexamod:Defend","hexamod:Defend","hexamod:Defend","hexamod:Defend","hexamod:Sear+1","hexamod:Float","Mind Blast","hexamod:BacktrackSmack+1","Normality","hexamod:EmpoweredFlame+1","hexamod:SwordOfDarkness","hexamod:Again","hexamod:BacktrackSmack","hexamod:RadiantFlame","hexamod:HeatCrush","hexamod:ExtraCrispy"],"relics":["hexamod:SpiritBrand","Question Card","downfall:HeartBlessingRed"],"acts_visited":["Exordium"],"potions_floor_usage":[14],"damage_taken":[{"damage":1,"enemies":"Cultist","floor":2,"turns":3},{"damage":8,"enemies":"2 Louse","floor":4,"turns":3},{"damage":9,"enemies":"Jaw Worm","floor":6,"turns":4},{"damage":16,"enemies":"Large Slime","floor":11,"turns":5},{"damage":0,"enemies":"downfall:FleeingMerchant","floor":12,"turns":4},{"damage":8,"enemies":"Lots of Slimes","floor":13,"turns":5},{"damage":28,"enemies":"Lagavulin","floor":14,"turns":5}],"seed_played":"-2974154165099766952","potions_obtained":[{"floor":11,"key":"Block Potion"}],"is_trial":false,"path_per_floor":["R","M","?","M","?","M","T","R","?","?","M","$","M","E"],"character_chosen":"THE_SPIRIT","items_purchased":["hexamod:RadiantFlame","hexamod:HeatCrush"],"campfire_rested":0,"item_purchase_floors":[12,12],"current_hp_per_floor":[70,69,69,61,61,52,52,52,52,52,36,36,28,0,0,0],"gold":11,"neow_bonus":"RANDOM_COLORLESS","is_daily":false,"chose_seed":false,"campfire_upgraded":1,"win_rate":0.0,"timestamp":1611188658,"path_taken":["R","M","?","?","?","M","T","R","?","?","?","$","M","E"],"items_purchased_type":["Card","Card"],"build_version":"2020-12-22","purchased_purges":0,"victory":false,"max_hp_per_floor":[70,70,70,70,70,70,70,70,70,70,70,70,70,70,70,70],"card_choices":[{"not_picked":["Forethought","Panacea"],"picked":"Mind Blast","floor":0},{"not_picked":["hexamod:SpectersWail","hexamod:NightmareGuise"],"picked":"hexamod:BacktrackSmack","floor":2},{"not_picked":["hexamod:ChargedBarrage","hexamod:FastForward"],"picked":"hexamod:EmpoweredFlame","floor":4},{"not_picked":["hexamod:FourthSeal","hexamod:Hexaguard"],"picked":"hexamod:SwordOfDarkness","floor":6},{"not_picked":["hexamod:GhostLash","hexamod:BacktrackSmack","hexamod:NightmareGuise"],"picked":"hexamod:Again","floor":11},{"not_picked":["hexamod:NightmareStrike","hexamod:GhostOfSpireFuture","hexamod:Rewind"],"picked":"hexamod:BacktrackSmack","floor":12},{"not_picked":["hexamod:BacktrackSmack","hexamod:GhostLash","hexamod:SwordOfDarkness"],"picked":"hexamod:ExtraCrispy","floor":13}],"player_experience":273264,"relics_obtained":[{"floor":7,"key":"Question Card"}],"event_choices":[],"is_beta":false,"boss_relics":[],"items_purged_floors":[],"is_endless":false,"potions_floor_spawned":[11],"killed_by":"Lagavulin","ascension_level":0}}