{"host":"11728qvdvolffudn","time":1611249387,"event":{"mods":["BaseMod","Block Reminder","Colored Powertips","Curses Come First","Custom Start","Displayed Cursed Tome","Highlight Path","Minty Spire (QoL Compilation)","Permanent Neow","Quick Restart","Rare Cards Sparkle","Relic Stats","StSLib"],"gold_per_floor":[114,127,137,87,102,131,131,94,162,162,182,182,196,215,215,313,313,324,304,304,149,161,161,161],"floor_reached":23,"language":"ENG","playtime":2894,"items_purged":["Strike_P"],"score":195,"play_id":"9c10613d-6757-4c9d-a6df-afaed6eb1280","local_time":"20210121171627","is_ascension_mode":false,"campfire_choices":[{"data":"ConjureBlade","floor":7,"key":"SMITH"},{"data":"Eruption","floor":10,"key":"SMITH"},{"data":"Halt","floor":12,"key":"SMITH"},{"floor":15,"key":"REST"}],"circlet_count":0,"master_deck":["Strike_P","Strike_P","Defend_P","Defend_P","Defend_P","Defend_P","Eruption+1","Vigilance","ConjureBlade+1","EmptyMind","FlurryOfBlows","EmptyFist","Halt+1","Tantrum","FollowUp+1","Scrawl","DeusExMachina","ThirdEye+1","Tantrum+1","Halt+1"],"relics":["PureWater","Calipers","Molten Egg 2","VioletLotus"],"acts_visited":["Exordium","TheCity"],"potions_floor_usage":[6,6,16],"damage_taken":[{"damage":2,"enemies":"Cultist","floor":1,"turns":4},{"damage":0,"enemies":"2 Louse","floor":2,"turns":4},{"damage":1,"enemies":"Jaw Worm","floor":3,"turns":5},{"damage":26,"enemies":"Exordium Thugs","floor":5,"turns":9},{"damage":18,"enemies":"Gremlin Nob","floor":6,"turns":4},{"damage":9,"enemies":"Blue Slaver","floor":11,"turns":4},{"damage":0,"enemies":"2 Fungi Beasts","floor":13,"turns":2},{"damage":0,"enemies":"Large Slime","floor":14,"turns":3},{"damage":29,"enemies":"The Guardian","floor":16,"turns":7},{"damage":2,"enemies":"Spheric Guardian","floor":18,"turns":3},{"damage":16,"enemies":"2 Thieves","floor":19,"turns":4},{"damage":30,"enemies":"Snake Plant","floor":22,"turns":4},{"damage":27,"enemies":"Gremlin Leader","floor":23,"turns":1}],"seed_played":"-6855942458661720142","potions_obtained":[{"floor":1,"key":"FearPotion"},{"floor":2,"key":"ColorlessPotion"},{"floor":3,"key":"Ambrosia"},{"floor":19,"key":"Fire Potion"}],"is_trial":false,"path_per_floor":["M","M","M","?","M","E","R","$","T","R","M","R","M","M","R","B",null,"M","M","?","$","M","E"],"character_chosen":"WATCHER","items_purchased":["Tantrum","Tantrum+1"],"campfire_rested":1,"item_purchase_floors":[8,21],"current_hp_per_floor":[70,70,69,69,43,25,25,25,25,25,16,16,16,16,37,8,72,70,54,54,54,24,0,0],"gold":161,"neow_bonus":"ONE_RANDOM_RARE_CARD","is_daily":false,"chose_seed":false,"campfire_upgraded":3,"win_rate":0.0,"timestamp":1611249387,"path_taken":["M","?","M","?","M","E","R","$","T","R","M","R","M","M","R","BOSS","M","M","?","$","?","E"],"items_purchased_type":["Card","Card"],"build_version":"2020-12-22","purchased_purges":1,"victory":false,"max_hp_per_floor":[72,72,72,72,72,72,72,72,72,72,72,72,72,72,72,72,72,72,72,72,72,72,72,72],"relic_stats":{"counters":[13,54],"VioletLotus":[1],"obtain_stats":[{"Calipers":6,"Molten Egg 2":9,"VioletLotus":17,"PureWater":0},{"Calipers":5,"Molten Egg 2":5,"VioletLotus":9,"PureWater":0},{"Calipers":26,"Molten Egg 2":26,"VioletLotus":42,"PureWater":0}]},"card_choices":[{"not_picked":["PathToVictory","Adaptation"],"picked":"EmptyMind","floor":1},{"not_picked":["FollowUp","BowlingBash"],"picked":"FlurryOfBlows","floor":2},{"not_picked":["Consecrate","Worship"],"picked":"EmptyFist","floor":3},{"not_picked":["Study","EmptyFist"],"picked":"Halt","floor":5},{"not_picked":["JustLucky","PathToVictory","WaveOfTheHand"],"picked":"SKIP","floor":6},{"not_picked":["ThirdEye","Vault"],"picked":"FollowUp+1","floor":11},{"not_picked":["ThirdEye","EmptyMind","Crescendo"],"picked":"SKIP","floor":13},{"not_picked":["SashWhip+1","Prostrate"],"picked":"Scrawl","floor":14},{"not_picked":["Brilliance+1","Establishment"],"picked":"DeusExMachina","floor":16},{"not_picked":["InnerPeace","Wallop+1"],"picked":"ThirdEye+1","floor":18},{"not_picked":["WaveOfTheHand+1","Collect","FollowUp+1"],"picked":"SKIP","floor":19},{"not_picked":["BowlingBash+1","CutThroughFate+1"],"picked":"Halt+1","floor":22}],"player_experience":149973,"relics_obtained":[{"floor":6,"key":"Calipers"},{"floor":9,"key":"Molten Egg 2"}],"event_choices":[{"cards_removed":["Strike_P"],"damage_healed":0,"gold_gain":0,"player_choice":"Card Removal","damage_taken":0,"max_hp_gain":0,"max_hp_loss":0,"event_name":"The Cleric","floor":4,"gold_loss":50},{"damage_healed":0,"gold_gain":0,"player_choice":"Ignored","damage_taken":0,"max_hp_gain":0,"max_hp_loss":0,"event_name":"NoteForYourself","floor":20,"gold_loss":0}],"is_beta":false,"boss_relics":[{"not_picked":["Coffee Dripper","Cursed Key"],"picked":"VioletLotus"}],"items_purged_floors":[21],"is_endless":false,"potions_floor_spawned":[1,2,3,19],"killed_by":"Gremlin Leader","ascension_level":0}}