{"host":"aqym1xxr3lb31d9m","time":1611233256,"event":{"mods":["BaseMod","Block Reminder","Colored Map","Colored Powertips","DeckTracker","Highlight Path","Minty Spire (QoL Compilation)","Quick Restart","Random Character Button","StSLib","SuperFastMode","UnlockEverythingMod"],"gold_per_floor":[17,17,17,36,49,49,49,49,49,62,137,177,177,218,218,312,312,331,331,331,331],"floor_reached":20,"language":"JPN","playtime":560,"items_purged":[],"score":360,"play_id":"331d5c14-a497-479a-aa51-7738a499bc0e","local_time":"20210121214736","is_ascension_mode":true,"campfire_choices":[{"data":"Bash","floor":6.0,"key":"SMITH"},{"data":"Bludgeon","floor":8.0,"key":"SMITH"},{"data":"Havoc","floor":13.0,"key":"SMITH"},{"data":"Entrench","floor":15.0,"key":"SMITH"}],"circlet_count":0,"master_deck":["AscendersBane","Strike_R","Strike_R","Strike_R","Defend_R","Defend_R","Defend_R","Defend_R","Bash+1","Bludgeon+1","Wild Strike+1","Wild Strike","Havoc+1","Shrug It Off","Feed","Entrench+1","Demon Form","Spot Weakness","Reaper","Heavy Blade"],"relics":["Burning Blood","Golden Idol","Meat on the Bone","Potion Belt","The Courier","Mark of Pain"],"acts_visited":["Exordium","TheCity"],"potions_floor_usage":[20],"damage_taken":[{"damage":5.0,"enemies":"Small Slimes","floor":1.0,"turns":3.0},{"damage":3.0,"enemies":"2 Louse","floor":4.0,"turns":2.0},{"damage":9.0,"enemies":"Jaw Worm","floor":5.0,"turns":3.0},{"damage":7.0,"enemies":"Exordium Thugs","floor":10.0,"turns":3.0},{"damage":15.0,"enemies":"3 Sentries","floor":12.0,"turns":7.0},{"damage":8.0,"enemies":"Gremlin Nob","floor":14.0,"turns":3.0},{"damage":42.0,"enemies":"The Guardian","floor":16.0,"turns":11.0},{"damage":58,"enemies":"3 Byrds","floor":18,"turns":8},{"damage":43,"enemies":"Shell Parasite","floor":20,"turns":6}],"seed_played":"7102079341464066924","potions_obtained":[{"floor":4.0,"key":"Fire Potion"},{"floor":5.0,"key":"AttackPotion"},{"floor":10.0,"key":"PowerPotion"},{"floor":14.0,"key":"Block Potion"},{"floor":18,"key":"BlessingOfTheForge"}],"is_trial":false,"path_per_floor":["M","?","?","M","M","R","$","R","T","M","?","E","R","E","R","B",null,"M","?","M"],"character_chosen":"IRONCLAD","items_purchased":[],"campfire_rested":0,"item_purchase_floors":[],"current_hp_per_floor":[69,43,43,46,43,43,43,43,43,54,43,46,46,47,47,23,64,27,27,0,0],"gold":331,"neow_bonus":"THREE_RARE_CARDS","is_daily":false,"chose_seed":false,"campfire_upgraded":4,"win_rate":0.0,"timestamp":1611233256,"path_taken":["M","?","?","M","M","R","$","R","T","M","?","E","R","E","R","BOSS","M","?","M"],"items_purchased_type":[],"build_version":"2020-12-22","purchased_purges":0,"victory":false,"max_hp_per_floor":[75,75,75,75,75,75,75,75,75,75,75,75,75,78,78,78,78,81,81,81,81],"card_choices":[{"not_picked":["Offering","Reaper"],"picked":"Bludgeon","floor":0.0},{"not_picked":["Heavy Blade","Sword Boomerang"],"picked":"Wild Strike","floor":1.0},{"not_picked":["Armaments","Infernal Blade"],"picked":"Wild Strike","floor":4.0},{"not_picked":["Body Slam","Barricade"],"picked":"Havoc","floor":5.0},{"not_picked":["Bloodletting","Twin Strike"],"picked":"Shrug It Off","floor":10.0},{"not_picked":["Armaments","Anger"],"picked":"Feed","floor":12.0},{"not_picked":["Carnage","Sever Soul"],"picked":"Entrench","floor":14.0},{"not_picked":["Limit Break","Reaper"],"picked":"Demon Form","floor":16.0},{"not_picked":["Rampage","Heavy Blade"],"picked":"Spot Weakness","floor":18}],"player_experience":3961165,"relics_obtained":[{"floor":9.0,"key":"Meat on the Bone"},{"floor":12.0,"key":"Potion Belt"},{"floor":14.0,"key":"The Courier"}],"event_choices":[{"damage_healed":0.0,"max_hp_gain":0.0,"max_hp_loss":0.0,"gold_gain":0.0,"event_name":"Golden Idol","player_choice":"Take Damage","floor":2.0,"gold_loss":0.0,"damage_taken":26.0,"relics_obtained":["Golden Idol"]},{"damage_healed":0.0,"max_hp_gain":0.0,"max_hp_loss":0.0,"gold_gain":0.0,"event_name":"Living Wall","player_choice":"Grow","floor":3.0,"gold_loss":0.0,"damage_taken":0.0,"cards_upgraded":["Wild Strike"]},{"damage_healed":0.0,"max_hp_gain":0.0,"max_hp_loss":0.0,"gold_gain":75.0,"event_name":"World of Goop","player_choice":"Gather Gold","floor":11.0,"gold_loss":0.0,"damage_taken":11.0},{"damage_healed":0,"gold_gain":0,"cards_transformed":["Strike_R","Strike_R"],"player_choice":"Became Test Subject","damage_taken":0,"max_hp_gain":0,"max_hp_loss":0,"event_name":"Drug Dealer","floor":19,"gold_loss":0,"cards_obtained":["Reaper","Heavy Blade"]}],"is_beta":false,"boss_relics":[{"not_picked":["Philosopher\u0027s Stone","Pandora\u0027s Box"],"picked":"Mark of Pain"}],"items_purged_floors":[],"is_endless":false,"potions_floor_spawned":[4,5,10,14,18],"killed_by":"Shell Parasite","ascension_level":20}}