{"host":"ndpbn7fqb3wjbd7p","time":1611193061,"event":{"mods":["AchievementEnabler","Act Like it!","AlwaysNeverKeys","BaseMod","Better Vampires","Block Reminder","Colored Powertips","DeckTracker","Defuse TimeMaze Blight","Friendly Minions","Hallownest","Hermit","Highlight Path","MarisaÅiñ∂âJÅ@ñÇóùçπÅj","Minty Spire (QoL Compilation)","Permanent Neow","Shade Mod","StSLib","SuperFastMode","Synergy Search","The Mystic","Unceasing Turn Reminder","egg"],"gold_per_floor":[112,187,187,112,112,112,112,112],"floor_reached":7,"language":"ENG","playtime":168,"items_purged":["Strike_G"],"score":72,"play_id":"e49c8b4b-0e6c-4a90-bb16-218c27fdadff","local_time":"20210121023741","is_ascension_mode":true,"campfire_choices":[{"data":"Strike_G","floor":6,"key":"SMITH"}],"circlet_count":0,"master_deck":["AscendersBane","Strike_G","Strike_G","Strike_G","Strike_G+1","Defend_G","Defend_G","Defend_G","Defend_G","Survivor","Neutralize+1","Reflex"],"relics":["Ring of the Snake","Golden Idol"],"acts_visited":["Exordium"],"potions_floor_usage":[],"damage_taken":[{"damage":7,"enemies":"Jaw Worm","floor":1,"turns":5},{"damage":41,"enemies":"Gremlin Nob","floor":7,"turns":4}],"seed_played":"-3513841100128372567","potions_obtained":[],"is_trial":false,"path_per_floor":["M","?","?","$","?","R","E"],"character_chosen":"THE_SILENT","items_purchased":[],"campfire_rested":0,"item_purchase_floors":[],"current_hp_per_floor":[52,41,41,41,41,41,0,0],"gold":112,"neow_bonus":"UPGRADE_CARD","is_daily":false,"chose_seed":false,"campfire_upgraded":1,"win_rate":0.0,"timestamp":1611193061,"path_taken":["M","?","?","$","?","R","E"],"items_purchased_type":[],"build_version":"2020-12-22","purchased_purges":1,"victory":false,"max_hp_per_floor":[66,66,60,60,60,60,60,60],"card_choices":[{"not_picked":["Bane","Deflect"],"picked":"Reflex","floor":1}],"player_experience":1167636,"relics_obtained":[],"event_choices":[{"damage_healed":0,"gold_gain":75,"player_choice":"Gather Gold","damage_taken":11,"max_hp_gain":0,"max_hp_loss":0,"event_name":"World of Goop","floor":2,"gold_loss":0},{"damage_healed":0,"gold_gain":0,"player_choice":"Lose Max HP","damage_taken":0,"relics_obtained":["Golden Idol"],"max_hp_gain":0,"max_hp_loss":6,"event_name":"Golden Idol","floor":3,"gold_loss":0},{"cards_removed":["Defend_G"],"damage_healed":0,"gold_gain":0,"player_choice":"Purged","damage_taken":0,"max_hp_gain":0,"max_hp_loss":0,"event_name":"Purifier","floor":5,"gold_loss":0}],"is_beta":false,"boss_relics":[],"items_purged_floors":[4],"is_endless":false,"potions_floor_spawned":[],"killed_by":"Gremlin Nob","ascension_level":19}}