{"host":"fxrgx7wt2cpkbhka","time":1611228631,"event":{"mods":["AchievementEnabler","BaseMod","Colored Powertips","Minty Spire (QoL Compilation)","Permanent Neow","Quick Restart","Slay-I","StSLib","Waifu the Spire"],"gold_per_floor":[219,219,238,13,13,13,40,40,65,93,105,118,137,162,162,266,266,285,285,335,355,16,16,16,35,35,35,60,60,60,73,73,169,169,183,201,201,201],"floor_reached":37,"language":"ENG","playtime":1947,"items_purged":[],"score":417,"play_id":"c3d9b5f0-bb7d-4346-b06e-24667543041d","local_time":"20210121033031","is_ascension_mode":true,"campfire_choices":[{"data":"Fasting2","floor":6,"key":"SMITH"},{"data":"LikeWater","floor":8,"key":"SMITH"},{"data":"TalkToTheHand","floor":15,"key":"SMITH"},{"data":"Apotheosis","floor":23,"key":"SMITH"},{"floor":27,"key":"REST"},{"floor":29,"key":"REST"},{"floor":32,"key":"REST"}],"circlet_count":0,"master_deck":["Strike_P","Strike_P","Defend_P","Defend_P","Defend_P","Eruption","Vigilance","Fasting2+1","EmptyFist","LikeWater+1","FollowUp","CutThroughFate","Consecrate","TalkToTheHand+1","Consecrate","Judgement","Scrawl+1","Nirvana+1","WaveOfTheHand+1","DeceiveReality","Worship","Apotheosis+1","LikeWater+1","Writhe"],"relics":["PureWater","Strawberry","Dead Branch","Happy Flower","Bottled Tornado","MealTicket","Astrolabe","Akabeko","Sundial","StrikeDummy","Ancient Tea Set","Busted Crown"],"acts_visited":["Exordium","TheCity","TheBeyond"],"potions_floor_usage":[3,7,16],"damage_taken":[{"damage":2,"enemies":"2 Louse","floor":1,"turns":3},{"damage":10,"enemies":"Cultist","floor":3,"turns":6},{"damage":17,"enemies":"3 Sentries","floor":7,"turns":7},{"damage":2,"enemies":"Gremlin Nob","floor":10,"turns":4},{"damage":2,"enemies":"Small Slimes","floor":11,"turns":3},{"damage":10,"enemies":"Gremlin Gang","floor":12,"turns":2},{"damage":14,"enemies":"Exordium Thugs","floor":13,"turns":3},{"damage":8,"enemies":"Hexaghost","floor":16,"turns":11},{"damage":5,"enemies":"Shell Parasite","floor":18,"turns":5},{"damage":7,"enemies":"Spheric Guardian","floor":21,"turns":6},{"damage":23,"enemies":"Cultist and Chosen","floor":25,"turns":5},{"damage":52,"enemies":"Slavers","floor":28,"turns":5},{"damage":21,"enemies":"Snake Plant","floor":31,"turns":4},{"damage":6,"enemies":"Collector","floor":33,"turns":14},{"damage":27,"enemies":"3 Shapes","floor":35,"turns":8},{"damage":0,"enemies":"Orb Walker","floor":36,"turns":5},{"damage":63,"enemies":"2 Orb Walkers","floor":37,"turns":7}],"seed_played":"1664126064592636798","potions_obtained":[{"floor":1,"key":"PowerPotion"},{"floor":2,"key":"Ambrosia"},{"floor":2,"key":"Block Potion"},{"floor":3,"key":"Energy Potion"},{"floor":13,"key":"SpeedPotion"},{"floor":16,"key":"FearPotion"}],"is_trial":false,"path_per_floor":["M","?","M","$","?","R","E","R","T","E","M","M","M","T","R","B",null,"M","?","?","M","$","R","?","M","T","R","E","R","?","M","R","B",null,"M","M","?"],"character_chosen":"WATCHER","items_purchased":["LikeWater","Strawberry","Apotheosis","Akabeko"],"campfire_rested":3,"item_purchase_floors":[4,4,22,22],"current_hp_per_floor":[70,70,60,67,67,67,50,50,50,48,46,36,22,22,22,14,79,74,59,59,52,67,67,67,44,44,69,17,42,42,21,46,40,84,57,57,0,0],"gold":201,"neow_bonus":"HUNDRED_GOLD","is_daily":false,"chose_seed":false,"campfire_upgraded":4,"win_rate":0.0,"timestamp":1611228631,"path_taken":["M","?","?","$","?","R","E","R","T","E","M","M","?","?","R","BOSS","M","?","?","?","?","R","?","?","T","R","E","R","?","M","R","BOSS","M","M","?"],"items_purchased_type":["Card","Relic","Card","Relic"],"build_version":"2020-12-22","purchased_purges":0,"victory":false,"max_hp_per_floor":[72,72,72,79,79,79,79,79,79,79,79,79,79,79,79,79,79,79,84,84,84,84,84,84,84,84,84,84,84,84,84,84,84,84,84,84,84,84],"card_choices":[{"not_picked":["LikeWater","Wallop"],"picked":"Fasting2","floor":1},{"not_picked":["Protect","InnerPeace"],"picked":"EmptyFist","floor":3},{"not_picked":["Prostrate","Fasting2"],"picked":"CutThroughFate","floor":7},{"not_picked":["Protect","ThirdEye"],"picked":"Consecrate","floor":10},{"not_picked":["WindmillStrike","Protect"],"picked":"TalkToTheHand","floor":11},{"not_picked":["Conclude","FollowUp"],"picked":"Consecrate","floor":12},{"not_picked":["Vengeance","Perseverance","MasterReality"],"picked":"SKIP","floor":13},{"not_picked":["Wish","DeusExMachina"],"picked":"Judgement","floor":16},{"not_picked":["ReachHeaven","JustLucky"],"picked":"DeceiveReality","floor":18},{"not_picked":["Vengeance","Prostrate"],"picked":"Worship","floor":21},{"not_picked":["Worship","EmptyBody","JustLucky"],"picked":"SKIP","floor":25},{"not_picked":["CutThroughFate","WaveOfTheHand","SashWhip"],"picked":"SKIP","floor":28},{"not_picked":["ThirdEye","SashWhip","Tantrum"],"picked":"SKIP","floor":31},{"not_picked":["Meditate+1"],"picked":"SKIP","floor":35},{"not_picked":["Worship+1"],"picked":"SKIP","floor":36}],"player_experience":725591,"relics_obtained":[{"floor":7,"key":"Dead Branch"},{"floor":9,"key":"Happy Flower"},{"floor":10,"key":"Bottled Tornado"},{"floor":14,"key":"MealTicket"},{"floor":26,"key":"Sundial"},{"floor":28,"key":"StrikeDummy"}],"event_choices":[{"damage_healed":0,"gold_gain":0,"player_choice":"Got Potions","damage_taken":0,"max_hp_gain":0,"max_hp_loss":0,"event_name":"Lab","floor":2,"gold_loss":0},{"damage_healed":0,"gold_gain":0,"player_choice":"1 cards matched","damage_taken":0,"max_hp_gain":0,"max_hp_loss":0,"event_name":"Match and Keep!","floor":5,"gold_loss":0,"cards_obtained":["FollowUp"]},{"damage_healed":0,"gold_gain":0,"player_choice":"Shed Blood","damage_taken":20,"max_hp_gain":5,"max_hp_loss":0,"event_name":"Forgotten Altar","floor":19,"gold_loss":0},{"damage_healed":0,"gold_gain":100,"player_choice":"Bet on Murderer","damage_taken":0,"max_hp_gain":0,"max_hp_loss":0,"event_name":"The Joust","floor":20,"gold_loss":50},{"damage_healed":0,"gold_gain":0,"player_choice":"Copied","damage_taken":0,"max_hp_gain":0,"max_hp_loss":0,"event_name":"Duplicator","floor":24,"gold_loss":0,"cards_obtained":["LikeWater"]},{"damage_healed":0,"gold_gain":0,"player_choice":"Opened","damage_taken":0,"relics_obtained":["Ancient Tea Set"],"max_hp_gain":0,"max_hp_loss":0,"event_name":"The Mausoleum","floor":30,"gold_loss":0,"cards_obtained":["Writhe"]},{"damage_healed":0,"gold_gain":0,"player_choice":"Fight","damage_taken":0,"max_hp_gain":0,"max_hp_loss":0,"event_name":"Mysterious Sphere","floor":37,"gold_loss":0}],"is_beta":false,"boss_relics":[{"not_picked":["Coffee Dripper","Cursed Key"],"picked":"Astrolabe"},{"not_picked":["Fusion Hammer","HolyWater"],"picked":"Busted Crown"}],"items_purged_floors":[],"is_endless":false,"potions_floor_spawned":[1,3,13,16,21,36],"killed_by":"2 Orb Walkers","ascension_level":1}}