{"host":"ÇïÍ¥»¨¿ªÃÎÀïÏã","time":1611206030,"event":{"mods":["ATMod(°¢èªMod)","BaseMod","Challenge The Spire","Custom Start","DeckTracker","Minty Spire (QoL Compilation)","Quick Restart","StSLib"],"gold_per_floor":[925,526,560,587,614,614,614,614,723,780,884,884,884,306,356,409,466,542],"floor_reached":19,"language":"ZHS","playtime":914,"items_purged":["Defend_G","Defend_G","Strike_G"],"score":520,"play_id":"e8f63954-9afa-4ee2-b599-844b2f940a9e","local_time":"20210121131350","daily_mods":["challengethespire:Bronze Difficulty","challengethespire:Elite Rush","Uncertain Future"],"is_ascension_mode":false,"campfire_choices":[{"data":"Calculated Gamble","floor":7.0,"key":"SMITH"},{"data":"AT_DiedThrough","floor":8.0,"key":"SMITH"},{"data":"Reflex","floor":13.0,"key":"SMITH"}],"circlet_count":0,"master_deck":["Strike_G","Strike_G","Strike_G","Strike_G","Defend_G+1","Defend_G+1","Defend_G","Survivor","Neutralize","AT_DiedThrough+1","After Image","Calculated Gamble","After Image","Calculated Gamble+1","Reflex+1","Prepared","Violence","AT_ShadowStep+1","Reflex+1","Acrobatics+1"],"relics":["Ring of the Snake","Black Star","Sling","PreservedInsect","AT_ATBox","Bag of Preparation","Bird Faced Urn","Orichalcum","Du-Vu Doll","AT_Kusabimaru","Art of War","AT_MibuBalloonWealth","AT_TrinityForce","Pear","AT_BellDemon","Bottled Lightning","AT_SilverBalance","Happy Flower","Lizard Tail","Pen Nib","Frozen Egg 2","Runic Pyramid","Strawberry","Cauldron","Gambling Chip","AT_EbonyIvory","Toxic Egg 2","AT_DeathDance","Mercury Hourglass","Lantern","Blood Vial","AT_RedTearstoneRing","War Paint","Potion Belt","Omamori","Meat on the Bone"],"acts_visited":["Exordium"],"potions_floor_usage":[],"damage_taken":[{"damage":4.0,"enemies":"3 Sentries","floor":3.0,"turns":5.0},{"damage":11.0,"enemies":"Gremlin Nob","floor":4.0,"turns":4.0},{"damage":0.0,"enemies":"Lagavulin","floor":5.0,"turns":6.0},{"damage":0.0,"enemies":"Gremlin Leader","floor":9.0,"turns":3.0},{"damage":18.0,"enemies":"Book of Stabbing","floor":10.0,"turns":3.0},{"damage":41.0,"enemies":"Slavers","floor":11.0,"turns":5.0},{"damage":0.0,"enemies":"Giant Head","floor":15.0,"turns":1.0},{"damage":0,"enemies":"Nemesis","floor":16,"turns":3},{"damage":0,"enemies":"Giant Head","floor":17,"turns":3},{"damage":0,"enemies":"Shield and Spear","floor":18,"turns":2}],"seed_played":"3891414325943173348","potions_obtained":[{"floor":4.0,"key":"LiquidBronze"},{"floor":9.0,"key":"ColorlessPotion"},{"floor":10.0,"key":"Strength Potion"},{"floor":14.0,"key":"EntropicBrew"},{"floor":14.0,"key":"FairyPotion"},{"floor":14.0,"key":"LiquidMemories"}],"is_trial":true,"path_per_floor":["$","$","E","E","E","T","R","R","E","E","E","T","R","$","E","E","E","E",null],"character_chosen":"THE_SILENT","items_purchased":["Bag of Preparation","After Image","Strawberry","Cauldron","Violence"],"campfire_rested":0,"item_purchase_floors":[2,2,14,14,14],"current_hp_per_floor":[70,70,66,57,61,61,61,61,75,61,3,3,3,10,47,47,47,49],"gold":542,"neow_bonus":"","is_daily":false,"chose_seed":false,"campfire_upgraded":3,"win_rate":0.0,"timestamp":1611206030,"path_taken":["$","$","E","E","E","T","R","R","E","E","E","T","R","$","E","E","E","E"],"items_purchased_type":["Relic","Card","Relic","Relic","Card"],"build_version":"2020-12-18","purchased_purges":3,"victory":true,"max_hp_per_floor":[70,70,70,70,70,70,70,70,80,80,80,80,80,87,87,87,87,87],"card_choices":[],"player_experience":484480,"relics_obtained":[{"floor":3.0,"key":"Bird Faced Urn"},{"floor":3.0,"key":"Orichalcum"},{"floor":4.0,"key":"Du-Vu Doll"},{"floor":4.0,"key":"AT_Kusabimaru"},{"floor":5.0,"key":"Art of War"},{"floor":5.0,"key":"AT_MibuBalloonWealth"},{"floor":9.0,"key":"Pear"},{"floor":9.0,"key":"AT_BellDemon"},{"floor":10.0,"key":"Bottled Lightning"},{"floor":10.0,"key":"AT_SilverBalance"},{"floor":10.0,"key":"Happy Flower"},{"floor":11.0,"key":"Lizard Tail"},{"floor":11.0,"key":"Pen Nib"},{"floor":11.0,"key":"Frozen Egg 2"},{"floor":15.0,"key":"Gambling Chip"},{"floor":15.0,"key":"AT_EbonyIvory"},{"floor":15.0,"key":"Toxic Egg 2"},{"floor":16,"key":"AT_DeathDance"},{"floor":16,"key":"Mercury Hourglass"},{"floor":16,"key":"Lantern"},{"floor":17,"key":"Blood Vial"},{"floor":17,"key":"AT_RedTearstoneRing"},{"floor":17,"key":"War Paint"},{"floor":18,"key":"Potion Belt"},{"floor":18,"key":"Omamori"},{"floor":18,"key":"Meat on the Bone"}],"event_choices":[],"is_beta":true,"boss_relics":[{"not_picked":["AT_MortalBlade","HoveringKite"],"picked":"AT_TrinityForce"},{"not_picked":["Fusion Hammer","Snecko Eye"],"picked":"Runic Pyramid"}],"items_purged_floors":[1,2,14],"is_endless":false,"potions_floor_spawned":[4,9,10,15,16],"ascension_level":0}}