{"host":"wutzay93uet9pf9y","time":1611239003,"event":{"mods":["BaseMod","Colored Map","Downfall","Minty Spire (QoL Compilation)","StSLib"],"gold_per_floor":[99,99,274,274,274,305,387,487,587,601,601,612,412,427,439,537,537,537,550,550,568,568,582,582,600,600,617,617,652,665,682,702,805,805,705,715,725,370,416,416,441,476,538,46,46,46,64,32,47,47,47,47,47,47],"floor_reached":52,"language":"ENG","playtime":3051,"items_purged":["champ:Defend"],"score":786,"play_id":"719f7ad6-552e-4a9f-a5b5-9dd375ab2260","local_time":"20210121092323","is_ascension_mode":true,"campfire_choices":[{"floor":1.0,"key":"RECALL"},{"data":"champ:BerserkersShout","floor":13.0,"key":"SMITH"},{"data":"champ:UltimateStance","floor":18.0,"key":"SMITH"},{"data":"champ:Improvising","floor":26.0,"key":"SMITH"},{"floor":28.0,"key":"REST"},{"data":"champ:CheapShot","floor":35.0,"key":"SMITH"},{"floor":40,"key":"REST"}],"circlet_count":0,"master_deck":["champ:Strike","champ:Strike+1","champ:Strike","champ:Defend","champ:Defend","champ:Defend","champ:Execute","champ:Taunt","champ:StanceDance","champ:BladeFlurry","champ:LastStand+1","champ:SteelEdge+1","champ:Improvising+1","champ:EndlessRage","champ:BerserkersShout+1","champ:FlashCut","champ:CheapShot+1","champ:UltimateStance+1","champ:Endure+1","champ:Shatter","champ:FaceSlap+1","champ:CrookedStrike","champ:TornadoPunch","champ:PerfectedStrike+1","champ:GladiatorStyle","champ:EnGarde+1","champ:VampiricStrike+1","champ:DefensiveShout","champ:AdrenalArmor","champ:ShieldWall","champ:SkillfulDodge","champ:DeathBlow","champ:Duel+1","champ:FocusedDefense","champ:FaceSlap","champ:ViciousMockery","champ:CrownThrow","expansioncontent:AwakenDeath+1","champ:EnGarde","champ:Duel","champ:DefensiveShout"],"relics":["champ:ChampionCrown","downfall:HeartsMalice","StoneCalendar","downfall:HeartBlessingBlue","downfall:HeartBlessingRed","Busted Crown","HornCleat","Pantograph","Black Star","downfall:HeartBlessingGreen","Strawberry","CaptainsWheel","Centennial Puzzle","MawBank","MealTicket","Bird Faced Urn","Whetstone","Juzu Bracelet","Blue Candle","Bottled Lightning"],"acts_visited":["Exordium","TheCity","TheBeyond","TheEnding"],"potions_floor_usage":[42,42,44,44,50,50,50],"damage_taken":[{"damage":0.0,"enemies":"Small Slimes","floor":2.0,"turns":1.0},{"damage":0.0,"enemies":"Cultist","floor":5.0,"turns":1.0},{"damage":0.0,"enemies":"3 Sentries","floor":6.0,"turns":1.0},{"damage":51.0,"enemies":"downfall:Heads","floor":9.0,"turns":7.0},{"damage":1.0,"enemies":"2 Louse","floor":10.0,"turns":3.0},{"damage":5.0,"enemies":"2 Fungi Beasts","floor":12.0,"turns":3.0},{"damage":36.0,"enemies":"Red Slaver","floor":14.0,"turns":5.0},{"damage":15.0,"enemies":"Exordium Wildlife","floor":15.0,"turns":3.0},{"damage":33.0,"enemies":"SI_SHIV_ARCHETYPE","floor":16.0,"turns":5.0},{"damage":30.0,"enemies":"3 Byrds","floor":19.0,"turns":6.0},{"damage":42.0,"enemies":"Shell Parasite","floor":21.0,"turns":5.0},{"damage":46.0,"enemies":"Chosen and Byrds","floor":23.0,"turns":6.0},{"damage":10.0,"enemies":"Shelled Parasite and Fungi","floor":25.0,"turns":3.0},{"damage":5.0,"enemies":"Snake Plant","floor":27.0,"turns":4.0},{"damage":59.0,"enemies":"Slavers","floor":29.0,"turns":5.0},{"damage":22.0,"enemies":"Centurion and Healer","floor":30.0,"turns":2.0},{"damage":21.0,"enemies":"Chosen and Byrds","floor":31.0,"turns":5.0},{"damage":10.0,"enemies":"Snake Plant","floor":32.0,"turns":3.0},{"damage":61.0,"enemies":"WA_ARCHETYPE_CALM","floor":33.0,"turns":9.0},{"damage":24.0,"enemies":"3 Shapes","floor":36.0,"turns":4.0},{"damage":27.0,"enemies":"3 Darklings","floor":37.0,"turns":7.0},{"damage":20.0,"enemies":"downfall:FleeingMerchant","floor":38.0,"turns":4.0},{"damage":80,"enemies":"2 Orb Walkers","floor":39,"turns":5},{"damage":21,"enemies":"Nemesis","floor":42,"turns":7},{"damage":51,"enemies":"Nemesis","floor":43,"turns":6},{"damage":25,"enemies":"downfall:FleeingMerchant","floor":44,"turns":4},{"damage":25,"enemies":"Transient","floor":47,"turns":5},{"damage":5,"enemies":"downfall:FleeingMerchant","floor":48,"turns":1},{"damage":0,"enemies":"4 Shapes","floor":49,"turns":3},{"damage":135,"enemies":"DF_ARCHETYPE_ORBS","floor":50,"turns":14},{"damage":266,"enemies":"downfall:CharBossMerchant","floor":52,"turns":11}],"seed_played":"7172721562771695587","potions_obtained":[{"floor":6.0,"key":"Strength Potion"},{"floor":10.0,"key":"Energy Potion"},{"floor":15.0,"key":"Ancient Potion"},{"floor":19.0,"key":"Ancient Potion"},{"floor":22.0,"key":"FearPotion"},{"floor":22.0,"key":"CultistPotion"},{"floor":25.0,"key":"bronze:BurnAndBuffPotion"},{"floor":30.0,"key":"Fruit Juice"},{"floor":32.0,"key":"Strength Potion"},{"floor":33.0,"key":"bronze:BurnAndBuffPotion"},{"floor":39,"key":"DuplicationPotion"},{"floor":42,"key":"Regen Potion"},{"floor":43,"key":"FearPotion"},{"floor":47,"key":"Dexterity Potion"},{"floor":49,"key":"Slimebound:ThreeZeroPotion"}],"is_trial":false,"path_per_floor":["R","M","?","?","M","E","T","?","?","M","?","M","R","M","M","B",null,"R","M","?","M","?","M","T","M","R","M","R","E","M","M","M","B",null,"R","M","M","$","?","R","T","E","?","$","?","T","M","$","M","B",null,"E"],"character_chosen":"THE_CHAMP","items_purchased":["Strawberry","champ:SkillfulDodge","champ:DeathBlow","champ:ViciousMockery","champ:CrownThrow","expansioncontent:AwakenDeath","Whetstone","Juzu Bracelet","Bottled Lightning","Dexterity Potion","champ:OpenerPotion"],"campfire_rested":2,"item_purchase_floors":[38,38,38,44,44,44,44,44,48,48,48],"current_hp_per_floor":[90,90,90,75,75,75,75,75,54,53,53,48,58,37,37,29,100,100,95,95,83,83,62,62,62,62,57,87,48,41,40,35,34,105,105,91,79,86,41,74,74,53,62,93,93,93,95,110,112,33,112,0,0,0],"gold":47,"neow_bonus":"THREE_ENEMY_KILL","is_daily":false,"chose_seed":false,"campfire_upgraded":4,"win_rate":0.0,"timestamp":1611239003,"path_taken":["R","M","?","?","?","E","T","?","?","M","?","M","R","M","M","BOSS","R","M","?","M","?","M","T","?","R","M","R","E","M","M","M","BOSS","R","M","M","$","?","R","T","E","?","?","?","?","M","$","M","BOSS","E"],"items_purchased_type":["Relic","Card","Card","Card","Card","Card","Relic","Relic","Relic","Potion","Potion"],"build_version":"2020-12-22","purchased_purges":1,"victory":false,"max_hp_per_floor":[90,90,90,90,90,90,90,90,90,90,90,90,100,100,100,100,100,100,100,100,100,100,100,100,100,100,100,100,100,105,105,105,105,105,105,105,105,112,112,112,112,112,112,112,112,112,112,112,112,112,112,112,112,112],"card_choices":[{"not_picked":["champ:EnGarde","champ:EndlessRage"],"picked":"champ:StanceDance","floor":2.0},{"not_picked":["champ:Backstep","champ:GutPunch"],"picked":"champ:BladeFlurry","floor":5.0},{"not_picked":["champ:FancyFootwork","champ:FocusedDefense"],"picked":"champ:LastStand","floor":6.0},{"not_picked":["champ:DefensiveShout","champ:Haymaker"],"picked":"champ:Improvising","floor":9.0},{"not_picked":["champ:ViciousMockery","champ:BringItOn"],"picked":"champ:EndlessRage","floor":10.0},{"not_picked":["champ:ArenaPreparation","champ:AdrenalArmor"],"picked":"champ:BerserkersShout","floor":12.0},{"not_picked":["champ:BerserkersShout","champ:Endure"],"picked":"champ:FlashCut","floor":14.0},{"not_picked":["champ:EnragedBash","champ:Shatter"],"picked":"champ:CheapShot","floor":15.0},{"not_picked":["champ:HeavySlash","champ:SwordThrow"],"picked":"champ:UltimateStance","floor":16.0},{"not_picked":[],"picked":"champ:Endure+1","floor":19.0},{"not_picked":[],"picked":"champ:Shatter","floor":21.0},{"not_picked":[],"picked":"champ:FaceSlap+1","floor":23.0},{"not_picked":[],"picked":"champ:CrookedStrike","floor":25.0},{"not_picked":[],"picked":"champ:TornadoPunch","floor":27.0},{"not_picked":[],"picked":"champ:PerfectedStrike+1","floor":29.0},{"not_picked":[],"picked":"champ:GladiatorStyle","floor":30.0},{"not_picked":[],"picked":"champ:EnGarde+1","floor":31.0},{"not_picked":["champ:Circumvent"],"picked":"SKIP","floor":32.0},{"not_picked":[],"picked":"champ:VampiricStrike","floor":33.0},{"not_picked":[],"picked":"champ:DefensiveShout","floor":36.0},{"not_picked":[],"picked":"champ:AdrenalArmor","floor":37.0},{"not_picked":[],"picked":"champ:ShieldWall","floor":38.0},{"not_picked":[],"picked":"champ:Duel+1","floor":39},{"not_picked":[],"picked":"champ:FocusedDefense","floor":42},{"not_picked":[],"picked":"champ:FaceSlap","floor":44},{"not_picked":["champ:EnGarde"],"picked":"SKIP","floor":47},{"not_picked":[],"picked":"champ:EnGarde","floor":47},{"not_picked":[],"picked":"champ:Duel","floor":48},{"not_picked":[],"picked":"champ:DefensiveShout","floor":49}],"player_experience":318525,"relics_obtained":[{"floor":6.0,"key":"StoneCalendar"},{"floor":24.0,"key":"HornCleat"},{"floor":29.0,"key":"Pantograph"},{"floor":39,"key":"CaptainsWheel"},{"floor":41,"key":"Centennial Puzzle"},{"floor":42,"key":"MawBank"},{"floor":42,"key":"MealTicket"},{"floor":43,"key":"Bird Faced Urn"},{"floor":46,"key":"Blue Candle"}],"event_choices":[{"damage_healed":0.0,"max_hp_gain":0.0,"max_hp_loss":0.0,"gold_gain":0.0,"event_name":"Lab","player_choice":"Got Potions","floor":22.0,"gold_loss":0.0,"damage_taken":0.0},{"damage_healed":0,"gold_gain":0,"player_choice":"Fight","damage_taken":0,"max_hp_gain":0,"max_hp_loss":0,"event_name":"Mysterious Sphere","floor":39,"gold_loss":0}],"is_beta":false,"boss_relics":[{"not_picked":["Cursed Key","Coffee Dripper"],"picked":"Busted Crown"},{"not_picked":["Fusion Hammer","Tiny House"],"picked":"Black Star"}],"items_purged_floors":[38],"is_endless":false,"potions_floor_spawned":[6,10,15,19,23,25,30,32,33,39,42,43,47,49],"killed_by":"downfall:CharBossMerchant","ascension_level":1}}