{"host":"0tiuc76yumknr6qf","time":1611256066,"event":{"mods":["BaseMod","Bestiary","Colored Map","DeckTracker","Downfall","Highlight Path","Minty Spire (QoL Compilation)","StSLib"],"gold_per_floor":[99,99,99,178,278,289,315,215,140,240,190,224,238,238,253,358,358,308,328,328,348,348,365,365,380,230,139,171,21,39,54,68,164,164,114,132,186,186,203,222,301,251,266,216,233,254,254,274,288,288,288,320,31,31,31,31,31,31],"floor_reached":56,"language":"ENG","playtime":5509,"items_purged":[],"score":944,"play_id":"e37bf17d-0ab7-42c3-aec0-9044c22e9299","local_time":"20210121130746","is_ascension_mode":true,"campfire_choices":[{"data":"Slimebound:Split","floor":1,"key":"SMITH"},{"data":"Slimebound:MassFeed","floor":8,"key":"SMITH"},{"data":"Slimebound:RollThrough","floor":11,"key":"SMITH"},{"floor":18,"key":"RECALL"},{"floor":26,"key":"REST"},{"floor":29,"key":"REST"},{"floor":35,"key":"REST"},{"floor":42,"key":"REST"},{"floor":44,"key":"REST"},{"floor":54,"key":"REST"}],"circlet_count":0,"master_deck":["Slimebound:Strike_Slimebound+1","Slimebound:Tackle+1","Slimebound:Defend_Slimebound","Slimebound:Defend_Slimebound","Slimebound:Defend_Slimebound","Slimebound:Defend_Slimebound","Slimebound:Split+1","Slimebound:CorrosiveSpit","Slimebound:RollThrough+1","Slimebound:Equalize","Slimebound:MassFeed+1","Slimebound:SpikyOuterGoop","Slimebound:FlameTackle","Slimebound:Prepare+1","Slimebound:GoopSpray","Slimebound:LeadByExample","Slimebound:ForwardTackle","Slimebound:CheckThePlaybook","Slimebound:GrowthPunch+1","Slimebound:Schlurp","Slimebound:Chomp","Slimebound:FlameTackle","Slimebound:Grow","Slimebound:Prepare","Slimebound:LivingWall+1","Slimebound:LeechLife","Slimebound:Replication+1","Slimebound:LivingWall+1","Slimebound:Repurpose","Slimebound:PrepareCrush","Slimebound:SpikyOuterGoop","Slimebound:Gluttony+1","expansioncontent:QuickStudy"],"relics":["Slimebound:AbsorbEndCombat","downfall:HeartsMalice","Pen Nib","downfall:HeartBlessingBlue","Slimebound:GreedOozeRelic","Toy Ornithopter","Strawberry","Fusion Hammer","InkBottle","downfall:HeartBlessingRed","Meat on the Bone","downfall:HeartBlessingGreen","Snecko Eye","Ice Cream","Bottled Flame","Membership Card","Slimebound:PreparedRelic","Oddly Smooth Stone","Lizard Tail","Shuriken","Akabeko"],"acts_visited":["Exordium","TheCity","TheBeyond","TheEnding"],"potions_floor_usage":[12,23,28,33,37,49,50,55,55],"damage_taken":[{"damage":0,"enemies":"Cultist","floor":2,"turns":1},{"damage":0,"enemies":"Small Slimes","floor":3,"turns":1},{"damage":0,"enemies":"downfall:Heads","floor":5,"turns":1},{"damage":6,"enemies":"2 Louse","floor":6,"turns":2},{"damage":45,"enemies":"downfall:LadyInBlue","floor":10,"turns":12},{"damage":12,"enemies":"Gremlin Nob","floor":12,"turns":4},{"damage":7,"enemies":"2 Fungi Beasts","floor":13,"turns":4},{"damage":3,"enemies":"Red Slaver","floor":15,"turns":4},{"damage":3,"enemies":"SI_SHIV_ARCHETYPE","floor":16,"turns":7},{"damage":7,"enemies":"Shell Parasite","floor":19,"turns":5},{"damage":25,"enemies":"3 Cultists","floor":21,"turns":5},{"damage":20,"enemies":"Centurion and Healer","floor":23,"turns":5},{"damage":3,"enemies":"Cultist and Chosen","floor":25,"turns":5},{"damage":18,"enemies":"downfall:FleeingMerchant","floor":27,"turns":4},{"damage":37,"enemies":"Book of Stabbing","floor":28,"turns":5},{"damage":21,"enemies":"Snake Plant","floor":30,"turns":2},{"damage":4,"enemies":"Centurion and Healer","floor":31,"turns":6},{"damage":5,"enemies":"Sentry and Sphere","floor":32,"turns":3},{"damage":38,"enemies":"IC_MUSHROOM_ARCHETYPE","floor":33,"turns":8},{"damage":0,"enemies":"Orb Walker","floor":36,"turns":2},{"damage":17,"enemies":"2 Orb Walkers","floor":37,"turns":4},{"damage":18,"enemies":"3 Darklings","floor":39,"turns":5},{"damage":32,"enemies":"4 Shapes","floor":40,"turns":7},{"damage":0,"enemies":"Spire Growth","floor":43,"turns":3},{"damage":6,"enemies":"Writhing Mass","floor":45,"turns":6},{"damage":0,"enemies":"downfall:FleeingMerchant","floor":46,"turns":3},{"damage":22,"enemies":"Maw","floor":48,"turns":6},{"damage":0,"enemies":"Jaw Worm Horde","floor":49,"turns":4},{"damage":41,"enemies":"DF_ARCHETYPE_ORBS","floor":50,"turns":11},{"damage":99,"enemies":"downfall:CharBossMerchant","floor":52,"turns":7},{"damage":49,"enemies":"downfall:NeowBoss","floor":55,"turns":11},{"damage":191,"enemies":"downfall:NeowBossFinal","floor":56,"turns":9}],"seed_played":"8547298324377190293","potions_obtained":[{"floor":10,"key":"Energy Potion"},{"floor":10,"key":"Fruit Juice"},{"floor":10,"key":"SkillPotion"},{"floor":12,"key":"GamblersBrew"},{"floor":23,"key":"hexamod:SoulburnPotion"},{"floor":28,"key":"FearPotion"},{"floor":33,"key":"CultistPotion"},{"floor":40,"key":"SkillPotion"},{"floor":49,"key":"CultistPotion"}],"is_trial":false,"path_per_floor":["R","M","M","T","?","M","T","R","?","?","R","E","M","?","M","B",null,"R","M","?","M","?","M","T","M","R","$","E","R","M","M","M","B",null,"R","M","?","?","M","M","T","R","M","R","M","$","T","M","M","B",null,"E","$","R","B","B"],"character_chosen":"SLIMEBOUND","items_purchased":["Slimebound:Grow","Membership Card","Slimebound:SpikyOuterGoop","Slimebound:PreparedRelic","expansioncontent:QuickStudy","Shuriken","Akabeko"],"campfire_rested":6,"item_purchase_floors":[27,46,46,46,53,53,53],"current_hp_per_floor":[59,59,59,59,59,56,56,66,66,33,33,50,45,45,46,59,85,85,90,90,77,69,68,68,77,106,90,68,99,82,90,87,66,99,110,110,99,99,102,92,92,122,126,126,126,130,130,118,135,115,132,61,61,102,79,0,0,0],"gold":31,"neow_bonus":"THREE_ENEMY_KILL","is_daily":false,"chose_seed":false,"campfire_upgraded":3,"win_rate":0.0,"timestamp":1611256066,"path_taken":["R","M","M","?","?","M","T","R","?","?","R","E","?","?","M","BOSS","R","M","?","M","?","M","T","?","R","$","E","R","M","M","M","BOSS","R","M","?","?","M","?","T","R","?","R","M","$","?","M","M","BOSS","E","$","R","BOSS","BOSS"],"items_purchased_type":["Card","Relic","Card","Relic","Card","Relic","Relic"],"build_version":"2020-12-22","purchased_purges":0,"victory":false,"max_hp_per_floor":[65,65,65,65,65,68,68,78,78,78,78,90,90,90,90,94,94,94,98,98,98,98,102,102,106,106,106,106,106,106,110,110,110,110,110,110,114,114,118,122,122,122,126,126,130,130,130,134,138,138,138,138,138,138,138,138,138,138],"card_choices":[{"not_picked":["Slimebound:GrowthPunch","Slimebound:ForwardTackle"],"picked":"Slimebound:RollThrough","floor":2},{"not_picked":["Slimebound:SamplingLick","Slimebound:GoopSpray"],"picked":"Slimebound:Equalize","floor":3},{"not_picked":["Slimebound:ViciousTackle","Slimebound:SplitMire"],"picked":"Slimebound:SpikyOuterGoop","floor":5},{"not_picked":["Slimebound:RollThrough","Slimebound:SplitBruiser"],"picked":"Slimebound:FlameTackle","floor":6},{"not_picked":["Slimebound:RollThrough","Slimebound:SlimeBarrage"],"picked":"Slimebound:Prepare","floor":10},{"not_picked":["Slimebound:MinionMaster","Slimebound:FinishingTackle"],"picked":"Slimebound:GoopSpray","floor":12},{"not_picked":["Slimebound:HungryTackle","Slimebound:HauntingLick"],"picked":"Slimebound:LeadByExample","floor":13},{"not_picked":["Slimebound:SplitBruiser","Slimebound:LeechingTouch"],"picked":"Slimebound:ForwardTackle","floor":15},{"not_picked":["Slimebound:Overexert","Slimebound:MassRepurpose"],"picked":"Slimebound:CheckThePlaybook","floor":16},{"not_picked":["Slimebound:RainOfGoop","Slimebound:LeechEnergy+1"],"picked":"Slimebound:GrowthPunch+1","floor":19},{"not_picked":["Slimebound:PressTheAttack+1","Slimebound:SplitMire+1","Slimebound:SplitAcid"],"picked":"SKIP","floor":21},{"not_picked":["Slimebound:SlimeBarrage","Slimebound:LeechingTouch"],"picked":"Slimebound:Schlurp","floor":23},{"not_picked":["Slimebound:GoopTackle+1","Slimebound:Equalize"],"picked":"Slimebound:Chomp","floor":25},{"not_picked":["Slimebound:HungryTackle","Slimebound:TongueLash"],"picked":"Slimebound:FlameTackle","floor":27},{"not_picked":["Slimebound:ItLooksTasty","Slimebound:SlimeBarrage","Slimebound:SplitAcid"],"picked":"SKIP","floor":28},{"not_picked":["Slimebound:PrepareCrush","Slimebound:GoopTackle"],"picked":"Slimebound:Prepare","floor":30},{"not_picked":["Slimebound:Prepare","Slimebound:SlimeBarrage"],"picked":"Slimebound:LivingWall+1","floor":31},{"not_picked":["Slimebound:Dissolve","Slimebound:LeechEnergy","Slimebound:Recollect"],"picked":"SKIP","floor":32},{"not_picked":["Slimebound:SelfFormingGoo","Slimebound:DouseInSlime"],"picked":"Slimebound:LeechLife","floor":33},{"not_picked":["Slimebound:LeechEnergy+1","Slimebound:PressTheAttack+1","Slimebound:Prepare"],"picked":"SKIP","floor":36},{"not_picked":["Slimebound:SlimeBarrage","Slimebound:ItLooksTasty+1"],"picked":"Slimebound:Replication+1","floor":37},{"not_picked":["Slimebound:Recollect","Slimebound:FinishingTackle+1","Slimebound:Schlurp+1"],"picked":"SKIP","floor":39},{"not_picked":["Slimebound:ServeAndProtect+1","Slimebound:SplitLeeching"],"picked":"Slimebound:LivingWall+1","floor":40},{"not_picked":["Slimebound:SplitMire+1","Slimebound:TongueLash+1"],"picked":"Slimebound:Repurpose","floor":43},{"not_picked":["Slimebound:PressTheAttack","Slimebound:SamplingLick"],"picked":"Slimebound:PrepareCrush","floor":45},{"not_picked":["Slimebound:ComboTackle","Slimebound:LivingWall","Slimebound:ForwardTackle"],"picked":"SKIP","floor":46},{"not_picked":["Slimebound:GoopTackle","Slimebound:MegaLick+1","Slimebound:PressTheAttack+1"],"picked":"SKIP","floor":48},{"not_picked":["Slimebound:LivingWall+1","Slimebound:GrowthPunch"],"picked":"Slimebound:Gluttony+1","floor":49},{"not_picked":["Slimebound:GrowthPunch","Slimebound:FlameTackle+1","Slimebound:GoopSpray+1"],"picked":"SKIP","floor":52}],"player_experience":2034788,"relics_obtained":[{"floor":7,"key":"Pen Nib"},{"floor":10,"key":"Toy Ornithopter"},{"floor":12,"key":"Strawberry"},{"floor":24,"key":"InkBottle"},{"floor":28,"key":"Meat on the Bone"},{"floor":37,"key":"Ice Cream"},{"floor":41,"key":"Bottled Flame"},{"floor":47,"key":"Oddly Smooth Stone"},{"floor":52,"key":"Lizard Tail"}],"event_choices":[{"damage_healed":0,"gold_gain":0,"player_choice":"Ignored","damage_taken":0,"max_hp_gain":0,"max_hp_loss":0,"event_name":"Vampires","floor":20,"gold_loss":0},{"damage_healed":0,"gold_gain":0,"player_choice":"Fight","damage_taken":0,"max_hp_gain":0,"max_hp_loss":0,"event_name":"Mysterious Sphere","floor":37,"gold_loss":0}],"is_beta":false,"boss_relics":[{"not_picked":["Slimebound:TarBlob","Philosopher\u0027s Stone"],"picked":"Fusion Hammer"},{"not_picked":["Runic Dome","SlaversCollar"],"picked":"Snecko Eye"}],"items_purged_floors":[],"is_endless":false,"potions_floor_spawned":[12,13,15,16,23,25,28,33,40,45,48,49],"killed_by":"downfall:NeowBossFinal","ascension_level":7}}