{"host":"rz8ryyppw1rffr47","time":1611255846,"event":{"mods":["BaseMod","BetterRewards","Googly Eyes","Minty Spire (QoL Compilation)","Quick Restart","Replay The Spire","StSLib","everything is the same but u backflip on backflip","slay the spire mod where everything is the same but ironclad has a cowboy hat"],"gold_per_floor":[119,132,132,132,157,193,22,22,22,122,122,146,146,211,211,353,353,393,432,65,5,5,66,66,116,116,177,26,53,53,92,92,234,234,280,280,30,30,59,59,118,118,141,141,196,196,289,336,336,354],"floor_reached":51,"language":"ENG","playtime":1961,"items_purged":[],"score":1099,"play_id":"9ed68df1-9f19-42ca-bc6b-cb17d1ca1f6e","local_time":"20210121190406","is_ascension_mode":false,"campfire_choices":[{"data":"Disarm","floor":8,"key":"SMITH"},{"data":"Flex","floor":11,"key":"SMITH"},{"floor":15,"key":"REST"},{"floor":24,"key":"REST"},{"floor":32,"key":"REST"},{"data":"Infernal Blade","floor":40,"key":"SMITH"},{"data":"Inflame","floor":44,"key":"SMITH"},{"data":"Bloodletting","floor":46,"key":"SMITH"},{"floor":49,"key":"REST"}],"circlet_count":0,"master_deck":["Strike_R","Strike_R","Strike_R","Defend_R","Defend_R+1","Defend_R","Defend_R+1","Bash+1","Disarm+1","Anger","Sword Boomerang+1","ReplayTheSpireMod:Limb From Limb","Pommel Strike","Flex+1","Clash","Thunderclap","Bloodletting+1","Feed","Evolve","Necronomicurse","Infernal Blade+1","Twin Strike+1","Inflame+1","ReplayTheSpireMod:Stacked","Spot Weakness"],"relics":["Burning Blood","Golden Idol","Kunai","Replay:Bandana","Juzu Bracelet","ReplayTheSpireMod:TigerMarble","Busted Crown","Red Skull","Bronze Scales","Necronomicon","King of Hearts","Pondfish Scales","Happy Flower","Gremlin Food","Mark of Pain","Shuriken","Frozen Egg 2","Dream Catcher","Regal Pillow","CaptainsWheel"],"acts_visited":["Exordium","TheCity","TheBeyond"],"potions_floor_usage":[6,16,23,25,33,50,50],"damage_taken":[{"damage":0,"enemies":"Cultist","floor":1,"turns":3},{"damage":6,"enemies":"Jaw Worm","floor":2,"turns":4},{"damage":0,"enemies":"2 Louse","floor":5,"turns":3},{"damage":28,"enemies":"Gremlin Nob","floor":6,"turns":4},{"damage":10,"enemies":"Red Slaver","floor":12,"turns":4},{"damage":18,"enemies":"3 Sentries","floor":14,"turns":5},{"damage":61,"enemies":"Fading Forest","floor":16,"turns":11},{"damage":11,"enemies":"2 Thieves","floor":18,"turns":3},{"damage":3,"enemies":"Spheric Guardian","floor":19,"turns":3},{"damage":31,"enemies":"Gremlin Leader","floor":23,"turns":7},{"damage":27,"enemies":"Snake Plant","floor":25,"turns":3},{"damage":19,"enemies":"Slavers","floor":27,"turns":2},{"damage":10,"enemies":"Centurion and Healer","floor":29,"turns":2},{"damage":0,"enemies":"Snecko","floor":31,"turns":2},{"damage":20,"enemies":"Pondfish","floor":33,"turns":13},{"damage":7,"enemies":"3 Shapes","floor":35,"turns":3},{"damage":0,"enemies":"Orb Walker","floor":39,"turns":1},{"damage":3,"enemies":"R_Hoarder","floor":41,"turns":5},{"damage":27,"enemies":"Giant Head","floor":45,"turns":6},{"damage":22,"enemies":"Mind Bloom Boss Battle","floor":47,"turns":4},{"damage":18,"enemies":"4 Shapes","floor":48,"turns":4},{"damage":64,"enemies":"Replay:Hell Engine","floor":50,"turns":10}],"seed_played":"6836689196281315159","potions_obtained":[{"floor":2,"key":"FairyPotion"},{"floor":5,"key":"SteroidPotion"},{"floor":6,"key":"Languid Potion"},{"floor":16,"key":"Languid Potion"},{"floor":23,"key":"SteroidPotion"},{"floor":25,"key":"SpeedPotion"},{"floor":27,"key":"Swift Potion"},{"floor":29,"key":"Venom Potion"},{"floor":31,"key":"Elixir"},{"floor":39,"key":"Flashbang"}],"is_trial":false,"path_per_floor":["M","M","?","?","M","E","$","R","T","?","R","M","?","E","R","B",null,"M","M","$","?","?","E","R","M","T","E","$","M","?","M","R","B",null,"M","?","$","?","M","R","E","?","T","R","E","R","?","M","R","B",null],"character_chosen":"IRONCLAD","items_purchased":["Disarm","Anger","Clash","Replay:Bandana","Red Skull","Bronze Scales","Evolve","Gremlin Food","Shuriken"],"campfire_rested":4,"item_purchase_floors":[0,0,7,7,20,20,20,28,37],"current_hp_per_floor":[77,77,61,61,67,45,45,45,45,45,45,41,41,29,53,14,80,75,78,78,78,62,37,61,43,43,30,30,26,26,32,56,42,83,85,85,85,85,86,86,89,89,89,89,68,68,52,43,85,27],"gold":354,"neow_bonus":"","is_daily":false,"chose_seed":false,"campfire_upgraded":5,"win_rate":0.0,"timestamp":1611255846,"path_taken":["M","?","?","?","M","E","$","R","T","?","R","M","?","E","R","BOSS","M","M","$","?","?","E","R","M","T","E","$","M","?","M","R","BOSS","M","?","$","?","M","R","E","?","T","R","E","R","?","M","R","BOSS"],"items_purchased_type":["Card","Card","Card","Relic","Relic","Relic","Card","Relic","Relic"],"build_version":"2020-12-22","purchased_purges":0,"victory":true,"max_hp_per_floor":[80,80,80,80,80,80,80,80,80,80,80,80,80,80,80,80,80,80,80,80,80,80,80,80,83,83,83,83,83,83,83,83,83,83,86,86,86,86,86,86,89,89,89,89,89,89,89,92,92,92],"card_choices":[{"not_picked":["Warcry","Wild Strike"],"picked":"Sword Boomerang","floor":1},{"not_picked":["Clothesline","ReplayTheSpireMod:Strike From Hell"],"picked":"ReplayTheSpireMod:Limb From Limb","floor":2},{"not_picked":["Sentinel","Havoc"],"picked":"Pommel Strike","floor":5},{"not_picked":["Havoc","Iron Wave"],"picked":"Flex","floor":6},{"not_picked":["ReplayReversal","Dual Wield"],"picked":"Thunderclap","floor":12},{"not_picked":["Metallicize","Dropkick"],"picked":"Bloodletting","floor":14},{"not_picked":["Hemogenesis","Immolate"],"picked":"Feed","floor":16},{"not_picked":["Pommel Strike+1"],"picked":"SKIP","floor":18},{"not_picked":["Armaments"],"picked":"SKIP","floor":19},{"not_picked":["Abandon"],"picked":"SKIP","floor":23},{"not_picked":["Body Slam"],"picked":"SKIP","floor":25},{"not_picked":[],"picked":"Infernal Blade","floor":27},{"not_picked":[],"picked":"Twin Strike","floor":29},{"not_picked":["Wild Strike"],"picked":"SKIP","floor":31},{"not_picked":[],"picked":"Inflame","floor":35},{"not_picked":["Twin Strike"],"picked":"SKIP","floor":39},{"not_picked":["Intimidate"],"picked":"SKIP","floor":41},{"not_picked":["Twin Strike+1"],"picked":"SKIP","floor":45},{"not_picked":[],"picked":"ReplayTheSpireMod:Stacked","floor":47},{"not_picked":["Feel No Pain+1"],"picked":"SKIP","floor":48},{"not_picked":[],"picked":"Spot Weakness","floor":49}],"player_experience":353963,"relics_obtained":[{"floor":6,"key":"Kunai"},{"floor":9,"key":"Juzu Bracelet"},{"floor":14,"key":"ReplayTheSpireMod:TigerMarble"},{"floor":22,"key":"Necronomicon"},{"floor":23,"key":"King of Hearts"},{"floor":26,"key":"Pondfish Scales"},{"floor":27,"key":"Happy Flower"},{"floor":41,"key":"Frozen Egg 2"},{"floor":43,"key":"Dream Catcher"},{"floor":45,"key":"Regal Pillow"},{"floor":47,"key":"CaptainsWheel"}],"event_choices":[{"damage_healed":0,"gold_gain":0,"player_choice":"Entered Light","damage_taken":16,"max_hp_gain":0,"max_hp_loss":0,"event_name":"Shining Light","floor":3,"gold_loss":0,"cards_upgraded":["Bash","Defend_R"]},{"damage_healed":0,"gold_gain":100,"player_choice":"Pray","damage_taken":0,"max_hp_gain":0,"max_hp_loss":0,"event_name":"Golden Shrine","floor":10,"gold_loss":0},{"cards_removed":["Strike_R"],"damage_healed":0,"gold_gain":0,"player_choice":"Card Removal","damage_taken":0,"max_hp_gain":0,"max_hp_loss":0,"event_name":"Wheel of Change","floor":13,"gold_loss":0},{"damage_healed":0,"gold_gain":0,"player_choice":"Obtained Book","damage_taken":16,"max_hp_gain":0,"max_hp_loss":0,"event_name":"Cursed Tome","floor":22,"gold_loss":0},{"damage_healed":0,"gold_gain":0,"player_choice":"Memory 1","damage_taken":0,"max_hp_gain":0,"max_hp_loss":0,"event_name":"SensoryStone","floor":36,"gold_loss":0},{"damage_healed":0,"gold_gain":0,"player_choice":"Bought 0 Potions","damage_taken":0,"max_hp_gain":0,"max_hp_loss":0,"event_name":"The Woman in Blue","floor":42,"gold_loss":0},{"damage_healed":0,"gold_gain":0,"player_choice":"Fight","damage_taken":0,"max_hp_gain":0,"max_hp_loss":0,"event_name":"MindBloom","floor":47,"gold_loss":0}],"is_beta":false,"boss_relics":[{"not_picked":["Honey Jar","Coffee Dripper"],"picked":"Busted Crown"},{"not_picked":["Philosopher\u0027s Stone","Replay:Grab Bag"],"picked":"Mark of Pain"}],"items_purged_floors":[],"is_endless":false,"potions_floor_spawned":[2,5,6,16,23,25,27,29,31,39,47],"ascension_level":0}}