{"host":"7z9izfsmsy4azoxx","time":1611241400,"event":{"mods":["AchievementEnabler","BaseMod","Colored Map","Custom Start","Hermit","Minty Spire (QoL Compilation)","Replay The Spire","StSLib","SuperFastMode"],"gold_per_floor":[565581,565581,565581,565593,565611,565611,565641,565068,565136,565154,565166,564325,564339,564356,564356,564433,564533,564547,564547,563895,563153,563173,563173,563199,563199,563199,562898,562898,562914,562914,562931,562931,563008,563008,563024,563044,563054,563068,562316,562343,561620,561654,561654,561694,561751,561793,561842,561878,561878,561900,561900],"floor_reached":50,"language":"KOR","playtime":4390,"items_purged":["Defend_R"],"score":1240,"play_id":"79d39c59-fa93-47c7-8b00-8ae0fa10d8bd","local_time":"20210122000320","is_ascension_mode":true,"campfire_choices":[{"data":"Perfected Strike","floor":6.0,"key":"SMITH"},{"data":"Strike_R+1","floor":15.0,"key":"SMITH"},{"data":"Armaments","floor":23.0,"key":"SMITH"},{"data":"Dual Wield","floor":25.0,"key":"SMITH"},{"floor":30.0,"key":"REST"},{"floor":32.0,"key":"RECALL"},{"data":"Juggernaut","floor":49,"key":"SMITH"}],"circlet_count":4,"master_deck":["AscendersBane","Strike_R","Strike_R+1","Strike_R+1","Strike_R","Strike_R","Defend_R","Defend_R","Defend_R","Bash","Juggernaut+1","True Grit","Perfected Strike+1","Pommel Strike","Pommel Strike","Bludgeon","Shrug It Off","Dual Wield+1","ReplayTheSpireMod:LeadingStrike","Armaments+1","Flex+1","Hemokinesis","Pommel Strike","Disarm","Double Tap","ReplayTheSpireMod:Strike From Hell","Wild Strike","Power Through+1"],"relics":["Burning Blood","Ring of Panic","ReplayTheSpireMod:Ring of Addiction","SacredBark","Potion Belt","Spirit Poop","Regal Pillow","Omamori","Blue Doll","Simple Rune","Replay:Multitool","OrangePellets","Replay:Wanted Poster","Gremlin Horn","Replay:Bottled Flurry","White Beast Statue","ReplayFunnel","HandDrill","Ornamental Fan","ReplayTheSpireMod:Shallot","Vajra","Cursed Key","Bronze Scales","Sling","Meat on the Bone","Matryoshka","Unceasing Top","BargainBundle","Replay:Bandana","King of Hearts","Mirror","Circlet","Centennial Puzzle","Bloody Idol","WingedGreaves","Torii"],"acts_visited":["Exordium","TheCity","TheBeyond"],"potions_floor_usage":[45,45,45,47,50,50,50],"damage_taken":[{"damage":4.0,"enemies":"Small Slimes","floor":1.0,"turns":4.0},{"damage":14.0,"enemies":"2 Louse","floor":4.0,"turns":3.0},{"damage":0.0,"enemies":"Cultist","floor":5.0,"turns":3.0},{"damage":24.0,"enemies":"Lagavulin","floor":7.0,"turns":5.0},{"damage":14.0,"enemies":"Blue Slaver","floor":10.0,"turns":3.0},{"damage":12.0,"enemies":"Exordium Thugs","floor":11.0,"turns":2.0},{"damage":0.0,"enemies":"Gremlin Gang","floor":13.0,"turns":3.0},{"damage":11.0,"enemies":"2 Fungi Beasts","floor":14.0,"turns":3.0},{"damage":37.0,"enemies":"Slime Boss","floor":16.0,"turns":11.0},{"damage":0.0,"enemies":"Chosen","floor":18.0,"turns":2.0},{"damage":3.0,"enemies":"3 Byrds","floor":22.0,"turns":3.0},{"damage":51.0,"enemies":"Gremlin Leader","floor":24.0,"turns":8.0},{"damage":0.0,"enemies":"Sentry and Sphere","floor":29.0,"turns":1.0},{"damage":0.0,"enemies":"Snake Plant","floor":31.0,"turns":1.0},{"damage":37.0,"enemies":"Collector","floor":33.0,"turns":9.0},{"damage":0.0,"enemies":"Orb Walker","floor":35.0,"turns":2.0},{"damage":6.0,"enemies":"3 Darklings","floor":36.0,"turns":4.0},{"damage":24.0,"enemies":"Sphere and 2 Shapes","floor":37.0,"turns":5.0},{"damage":4.0,"enemies":"Writhing Mass","floor":38.0,"turns":3.0},{"damage":6.0,"enemies":"R_Hoarder","floor":40.0,"turns":5.0},{"damage":26.0,"enemies":"4 Shapes","floor":42.0,"turns":2.0},{"damage":11.0,"enemies":"Sphere and 2 Shapes","floor":44.0,"turns":3.0},{"damage":22,"enemies":"Reptomancer","floor":45,"turns":3},{"damage":15,"enemies":"3 Darklings","floor":46,"turns":4},{"damage":6,"enemies":"R_Hoarder","floor":47,"turns":5},{"damage":9,"enemies":"Maw","floor":48,"turns":8},{"damage":65,"enemies":"Time Eater","floor":50,"turns":4}],"seed_played":"8028552276535095090","potions_obtained":[{"floor":2.0,"key":"Dexterity Potion"},{"floor":2.0,"key":"SkillPotion"},{"floor":2.0,"key":"LiquidMemories"},{"floor":5.0,"key":"CultistPotion"},{"floor":11.0,"key":"LifebloodPotion"},{"floor":16.0,"key":"SkillPotion"},{"floor":18.0,"key":"Venom Potion"},{"floor":22.0,"key":"Block Potion"},{"floor":24.0,"key":"Dexterity Potion"},{"floor":31.0,"key":"Doom Potion"},{"floor":33.0,"key":"SpeedPotion"},{"floor":35.0,"key":"PowerPotion"},{"floor":36.0,"key":"SpeedPotion"},{"floor":37.0,"key":"Strength Potion"},{"floor":38.0,"key":"Strength Potion"},{"floor":40.0,"key":"SteroidPotion"},{"floor":42.0,"key":"FearPotion"},{"floor":44,"key":"DistilledChaos"},{"floor":45,"key":"Strength Potion"},{"floor":46,"key":"SpeedPotion"},{"floor":47,"key":"Energy Potion"},{"floor":48,"key":"Flashbang"}],"is_trial":false,"path_per_floor":["M","?","?","M","M","R","E","$","T","M","M","$","M","M","R","B",null,"M","?","$","$","M","R","E","R","T","$","R","M","R","M","R_BF","B",null,"M","M","M","M","$","E","$","M","T","M","E","M","E","M","R","B"],"character_chosen":"IRONCLAD","items_purchased":["Omamori","Blue Doll","Pommel Strike","SkillPotion","Adrenaline Potion","Simple Rune","Replay:Multitool","OrangePellets","Rage","Bludgeon","Dual Wield","Gremlin Horn","Replay:Bottled Flurry","Strength Potion","White Beast Statue","ReplayFunnel","HandDrill","ReplayTheSpireMod:LeadingStrike","Armaments","Vajra","Adrenaline Potion","Fire Potion","Flex+1","Bronze Scales","Sling","Meat on the Bone","Disarm","Adrenaline Potion","Unceasing Top","BargainBundle","ReplayTheSpireMod:Strike From Hell","Replay:Bandana"],"campfire_rested":1,"item_purchase_floors":[8,8,8,8,8,12,12,12,12,12,20,20,20,20,21,21,21,21,21,27,27,27,27,39,39,39,39,39,41,41,41,41],"current_hp_per_floor":[70,70,70,62,68,68,50,50,50,42,36,36,42,37,37,7,55,61,61,61,61,64,64,19,19,19,19,19,25,60,65,65,34,57,63,63,45,47,47,47,47,39,39,46,42,45,50,52,52,0,0],"gold":561900,"neow_bonus":"ONE_RANDOM_RARE_CARD","is_daily":false,"chose_seed":false,"campfire_upgraded":5,"win_rate":0.0,"timestamp":1611241400,"path_taken":["M","?","?","M","?","R","E","$","T","M","M","$","M","M","R","BOSS","M","?","?","$","M","R","E","R","T","$","R","M","R","M","R_BF","BOSS","M","M","?","M","$","E","$","M","T","?","E","M","E","M","R","BOSS"],"items_purchased_type":["Relic","Relic","Card","Potion","Potion","Relic","Relic","Relic","Card","Card","Card","Relic","Relic","Potion","Relic","Relic","Relic","Card","Card","Relic","Potion","Potion","Card","Relic","Relic","Relic","Card","Potion","Relic","Relic","Card","Relic"],"build_version":"2020-12-22","purchased_purges":1,"victory":false,"max_hp_per_floor":[75,75,75,75,75,73,73,73,73,73,71,71,71,71,71,71,71,71,71,69,69,69,69,69,69,69,69,67,67,67,65,65,65,65,65,65,65,65,65,65,65,65,65,63,63,63,63,63,63,63,63],"card_choices":[{"not_picked":["Twin Strike","Wild Strike"],"picked":"True Grit","floor":1.0},{"not_picked":["True Grit","Fiend Fire"],"picked":"Perfected Strike","floor":4.0},{"not_picked":["Rage","Headbutt","Body Slam"],"picked":"SKIP","floor":5.0},{"not_picked":["Warcry","Rupture"],"picked":"Pommel Strike","floor":7.0},{"not_picked":["Sword Boomerang","Feel No Pain","Body Slam"],"picked":"SKIP","floor":10.0},{"not_picked":["Havoc","Reaper","Armaments"],"picked":"SKIP","floor":11.0},{"not_picked":["Carnage","Feel No Pain","Sword Boomerang"],"picked":"SKIP","floor":13.0},{"not_picked":["Body Slam","Life Link"],"picked":"Shrug It Off","floor":14.0},{"not_picked":["Warcry","Dark Embrace","Run Through"],"picked":"SKIP","floor":18.0},{"not_picked":["Body Slam","Pummel+1","ReplayTheSpireMod:Stacked"],"picked":"SKIP","floor":22.0},{"not_picked":["Hemokinesis","Headbutt+1","Sword Boomerang"],"picked":"SKIP","floor":24.0},{"not_picked":["Armaments","Reckless Charge","Clothesline"],"picked":"SKIP","floor":29.0},{"not_picked":["Burning Pact","ReplayTheSpireMod:Muscle Training+1","ReplayTheSpireMod:Stacked"],"picked":"SKIP","floor":31.0},{"not_picked":["Pommel Strike","Warcry","Havoc+1"],"picked":"SKIP","floor":35.0},{"not_picked":["Replay:Undeath\u0027s Touch","Spot Weakness","Pommel Strike"],"picked":"SKIP","floor":36.0},{"not_picked":["Clash+1","Bloodletting"],"picked":"Pommel Strike","floor":37.0},{"not_picked":["Intimidate","Sword Boomerang+1","Hemogenesis"],"picked":"SKIP","floor":38.0},{"not_picked":["ReplayReversal+1","Intimidate"],"picked":"Double Tap","floor":40.0},{"not_picked":["ReplayTheSpireMod:Strike From Hell","Run Through"],"picked":"Wild Strike","floor":42.0},{"not_picked":["Power Through+1","Shrug It Off+1","Sword Boomerang"],"picked":"SKIP","floor":44},{"not_picked":["Second Wind+1","Thunderclap+1","Power Through"],"picked":"SKIP","floor":45},{"not_picked":["Pummel","Run Through","Clash"],"picked":"SKIP","floor":46},{"not_picked":["Seeing Red","Flex"],"picked":"Power Through+1","floor":47},{"not_picked":["True Grit","Armaments","Inflame"],"picked":"SKIP","floor":48}],"player_experience":538739,"relics_obtained":[{"floor":2.0,"key":"Ring of Panic"},{"floor":2.0,"key":"ReplayTheSpireMod:Ring of Addiction"},{"floor":2.0,"key":"SacredBark"},{"floor":2.0,"key":"Potion Belt"},{"floor":7.0,"key":"Regal Pillow"},{"floor":24.0,"key":"Ornamental Fan"},{"floor":26.0,"key":"ReplayTheSpireMod:Shallot"},{"floor":40.0,"key":"Matryoshka"},{"floor":43.0,"key":"King of Hearts"},{"floor":43.0,"key":"Mirror"},{"floor":45,"key":"Centennial Puzzle"},{"floor":47,"key":"Torii"}],"event_choices":[{"cards_removed":["ReplayTheSpireMod:Restless Dread"],"damage_healed":0.0,"max_hp_gain":0.0,"max_hp_loss":0.0,"gold_gain":0.0,"event_name":"Bonfire Elementals","player_choice":"Offered Curse","floor":3.0,"gold_loss":0.0,"damage_taken":0.0,"relics_obtained":["Spirit Poop"]},{"damage_healed":0.0,"max_hp_gain":0.0,"max_hp_loss":0.0,"gold_gain":0.0,"event_name":"FaceTrader","player_choice":"Leave","floor":19.0,"gold_loss":0.0,"damage_taken":0.0}],"is_beta":false,"boss_relics":[{"not_picked":["Painkiller Herb","Astrolabe"],"picked":"Replay:Wanted Poster"},{"not_picked":["Kintsugi","Ooze Armor"],"picked":"Cursed Key"}],"items_purged_floors":[8],"is_endless":false,"potions_floor_spawned":[5,10,11,16,18,22,24,29,31,33,35,36,37,38,40,42,44,45,46,47,48],"killed_by":"Time Eater","ascension_level":20}}