{"host":"g8ufh7m4frdlkxwv","time":1611201384,"event":{"mods":["AchievementEnabler","BaseMod","Colored Map","Dark Map","Minty Spire (QoL Compilation)","Relic Stats","StSLib","ojb\u0027s Info Mod"],"gold_per_floor":[14,14,33,54,54,90,90,15,15,15,55,69,100,120,120,213,213,238,253,168,191,191,227,227,250,250,5,44,44,87,114,114,207,207,226,226,501,526,526,526],"floor_reached":39,"language":"ENG","playtime":1960,"items_purged":["Strike_G"],"score":1089,"play_id":"6d0608f6-1104-447e-8c02-6a8ccce25e46","local_time":"20210121045624","is_ascension_mode":true,"campfire_choices":[{"data":"Skewer","floor":7.0,"key":"SMITH"},{"data":"Envenom","floor":10.0,"key":"SMITH"},{"data":"Cloak And Dagger","floor":15.0,"key":"SMITH"},{"data":"Terror","floor":24.0,"key":"SMITH"},{"data":"Night Terror","floor":29.0,"key":"SMITH"},{"data":"Catalyst","floor":32.0,"key":"SMITH"}],"circlet_count":0,"master_deck":["AscendersBane","Strike_G","Defend_G","Defend_G","Defend_G","Defend_G","Defend_G","Survivor","Neutralize","Skewer+1","Envenom+1","Terror+1","Backstab","Cloak And Dagger+1","Leg Sweep","Venomology","Catalyst+1","Night Terror+1","Dagger Spray","Noxious Fumes","Acrobatics","Night Terror","Regret"],"relics":["Ring of the Snake","Golden Idol","Pantograph","PreservedInsect","Singing Bowl","Bottled Tornado","Gremlin Horn","Philosopher\u0027s Stone","Pen Nib","Torii","Nunchaku","Meat on the Bone","StrikeDummy","Tiny Chest","SlaversCollar"],"acts_visited":["Exordium","TheCity","TheBeyond"],"potions_floor_usage":[39],"damage_taken":[{"damage":0.0,"enemies":"2 Louse","floor":1.0,"turns":3.0},{"damage":1.0,"enemies":"Jaw Worm","floor":3.0,"turns":4.0},{"damage":0.0,"enemies":"Small Slimes","floor":4.0,"turns":3.0},{"damage":23.0,"enemies":"Gremlin Nob","floor":6.0,"turns":4.0},{"damage":9.0,"enemies":"3 Sentries","floor":11.0,"turns":7.0},{"damage":0.0,"enemies":"Red Slaver","floor":12.0,"turns":4.0},{"damage":0.0,"enemies":"Gremlin Nob","floor":13.0,"turns":2.0},{"damage":2.0,"enemies":"Exordium Thugs","floor":14.0,"turns":4.0},{"damage":43.0,"enemies":"Slime Boss","floor":16.0,"turns":8.0},{"damage":16.0,"enemies":"2 Thieves","floor":18.0,"turns":4.0},{"damage":0.0,"enemies":"Chosen","floor":19.0,"turns":3.0},{"damage":5.0,"enemies":"Snake Plant","floor":21.0,"turns":3.0},{"damage":3.0,"enemies":"Gremlin Leader","floor":23.0,"turns":3.0},{"damage":2.0,"enemies":"3 Cultists","floor":25.0,"turns":4.0},{"damage":11.0,"enemies":"Book of Stabbing","floor":28.0,"turns":4.0},{"damage":0.0,"enemies":"Slavers","floor":30.0,"turns":4.0},{"damage":47.0,"enemies":"Automaton","floor":33.0,"turns":7.0},{"damage":0.0,"enemies":"3 Shapes","floor":35.0,"turns":9.0},{"damage":51.0,"enemies":"3 Darklings","floor":38.0,"turns":4.0},{"damage":14,"enemies":"4 Shapes","floor":39,"turns":3}],"seed_played":"415490994891755888","potions_obtained":[{"floor":1.0,"key":"Fire Potion"},{"floor":12.0,"key":"Fire Potion"},{"floor":13.0,"key":"CultistPotion"},{"floor":30.0,"key":"Weak Potion"},{"floor":33.0,"key":"Weak Potion"},{"floor":38.0,"key":"Block Potion"}],"is_trial":false,"path_per_floor":["M","?","M","M","?","E","R","$","T","R","E","M","E","M","R","B",null,"M","M","?","M","?","E","R","M","T","$","E","R","E","T","R","B",null,"M","?","?","M","M"],"character_chosen":"THE_SILENT","items_purchased":["Nunchaku","Noxious Fumes"],"campfire_rested":0,"item_purchase_floors":[27,27],"current_hp_per_floor":[59,59,58,58,53,30,30,30,30,30,23,25,25,25,25,7,51,37,37,37,34,34,31,31,29,29,29,20,20,32,32,32,22,60,62,62,62,25,11,11],"gold":526,"neow_bonus":"TRANSFORM_TWO_CARDS","is_daily":false,"chose_seed":false,"campfire_upgraded":6,"win_rate":0.0,"timestamp":1611201384,"path_taken":["M","?","M","M","?","E","R","$","T","R","E","M","E","M","R","BOSS","M","M","?","M","?","E","R","?","T","$","E","R","E","?","R","BOSS","M","?","?","M","?"],"items_purchased_type":["Relic","Card"],"build_version":"2020-12-22","purchased_purges":1,"victory":false,"max_hp_per_floor":[66,60,60,60,60,60,60,60,60,60,62,64,64,66,66,66,66,68,68,68,70,70,70,70,70,70,70,72,72,72,72,72,72,72,74,74,74,76,76,76],"relic_stats":{"Singing Bowl":16,"Gremlin Horn":[16,16],"Torii":7,"counters":[20,87],"Golden Idol":125,"PreservedInsect":185,"Pen Nib":[7],"Nunchaku":[4],"Pantograph":50,"Tiny Chest":0,"obtain_stats":[{"Singing Bowl":9,"Gremlin Horn":13,"Torii":23,"Golden Idol":2,"PreservedInsect":6,"Pen Nib":20,"Bottled Tornado":11,"SlaversCollar":34,"Nunchaku":27,"Pantograph":5,"Philosopher\u0027s Stone":17,"Tiny Chest":31,"StrikeDummy":30,"Ring of the Snake":0,"Meat on the Bone":28},{"Singing Bowl":4,"Gremlin Horn":7,"Torii":13,"Golden Idol":1,"PreservedInsect":4,"Pen Nib":11,"Bottled Tornado":5,"SlaversCollar":17,"Nunchaku":14,"Pantograph":3,"Philosopher\u0027s Stone":9,"Tiny Chest":16,"StrikeDummy":16,"Ring of the Snake":0,"Meat on the Bone":15},{"Singing Bowl":14,"Gremlin Horn":27,"Torii":52,"Golden Idol":3,"PreservedInsect":14,"Pen Nib":46,"Bottled Tornado":21,"SlaversCollar":71,"Nunchaku":56,"Pantograph":10,"Philosopher\u0027s Stone":39,"Tiny Chest":64,"StrikeDummy":64,"Ring of the Snake":0,"Meat on the Bone":60}],"Ring of the Snake":[40],"Meat on the Bone":36},"card_choices":[{"not_picked":["Expertise","Blade Dance"],"picked":"Terror","floor":1.0},{"not_picked":["Eviscerate","Backflip","Outmaneuver"],"picked":"SKIP","floor":3.0},{"not_picked":["PiercingWail","Outmaneuver"],"picked":"Backstab","floor":4.0},{"not_picked":["Caltrops","Acrobatics"],"picked":"Cloak And Dagger","floor":6.0},{"not_picked":["Deflect","Acrobatics","Expertise"],"picked":"Singing Bowl","floor":11.0},{"not_picked":["Prepared","Deadly Poison","Well Laid Plans"],"picked":"Singing Bowl","floor":12.0},{"not_picked":["Concentrate","Reflex"],"picked":"Leg Sweep","floor":13.0},{"not_picked":["Night Terror","Distraction","PiercingWail"],"picked":"Singing Bowl","floor":14.0},{"not_picked":["Storm of Steel","Glass Knife"],"picked":"Venomology","floor":16.0},{"not_picked":["Choke","Quick Slash","All Out Attack"],"picked":"Singing Bowl","floor":18.0},{"not_picked":["All Out Attack+1","Heel Hook"],"picked":"Catalyst","floor":19.0},{"not_picked":["Predator","Infinite Blades","Flying Knee+1"],"picked":"Singing Bowl","floor":21.0},{"not_picked":["Terror+1","Slice"],"picked":"Night Terror","floor":23.0},{"not_picked":["Masterful Stab","Acrobatics"],"picked":"Dagger Spray","floor":25.0},{"not_picked":["Poisoned Stab","Masterful Stab","Outmaneuver"],"picked":"Singing Bowl","floor":28.0},{"not_picked":["Sucker Punch","All Out Attack"],"picked":"Acrobatics","floor":30.0},{"not_picked":["Grand Finale","Storm of Steel"],"picked":"Night Terror","floor":33.0},{"not_picked":["PiercingWail","Finisher+1","Heel Hook"],"picked":"Singing Bowl","floor":35.0},{"not_picked":["Poisoned Stab","Dagger Spray","PiercingWail"],"picked":"Singing Bowl","floor":38.0}],"player_experience":1051740,"relics_obtained":[{"floor":6.0,"key":"PreservedInsect"},{"floor":9.0,"key":"Singing Bowl"},{"floor":11.0,"key":"Bottled Tornado"},{"floor":13.0,"key":"Gremlin Horn"},{"floor":23.0,"key":"Torii"},{"floor":28.0,"key":"Meat on the Bone"},{"floor":30.0,"key":"StrikeDummy"},{"floor":31.0,"key":"Tiny Chest"}],"event_choices":[{"damage_healed":0.0,"max_hp_gain":0.0,"max_hp_loss":6.0,"gold_gain":0.0,"event_name":"Golden Idol","player_choice":"Lose Max HP","floor":2.0,"gold_loss":0.0,"damage_taken":0.0,"relics_obtained":["Golden Idol"]},{"damage_healed":0.0,"max_hp_gain":0.0,"max_hp_loss":0.0,"gold_gain":0.0,"event_name":"Scrap Ooze","player_choice":"Success","floor":5.0,"gold_loss":0.0,"damage_taken":5.0,"relics_obtained":["Pantograph"]},{"damage_healed":0.0,"max_hp_gain":0.0,"max_hp_loss":0.0,"gold_gain":0.0,"event_name":"Addict","player_choice":"Obtained Relic","floor":20.0,"gold_loss":85.0,"damage_taken":0.0,"relics_obtained":["Pen Nib"]},{"cards_removed":["Strike_G"],"damage_healed":0.0,"max_hp_gain":0.0,"max_hp_loss":0.0,"gold_gain":0.0,"event_name":"Purifier","player_choice":"Purged","floor":22.0,"gold_loss":0.0,"damage_taken":0.0},{"damage_healed":0.0,"max_hp_gain":0.0,"max_hp_loss":0.0,"gold_gain":0.0,"event_name":"Tomb of Lord Red Mask","player_choice":"Ignored","floor":36.0,"gold_loss":0.0,"damage_taken":0.0},{"damage_healed":0.0,"max_hp_gain":0.0,"max_hp_loss":0.0,"gold_gain":275.0,"event_name":"Golden Shrine","player_choice":"Desecrate","floor":37.0,"gold_loss":0.0,"damage_taken":0.0,"cards_obtained":["Regret"]}],"is_beta":false,"boss_relics":[{"not_picked":["Pandora\u0027s Box","Velvet Choker"],"picked":"Philosopher\u0027s Stone"},{"not_picked":["Empty Cage","Runic Dome"],"picked":"SlaversCollar"}],"items_purged_floors":[8],"is_endless":false,"potions_floor_spawned":[1,12,13,14,19,21,30,33,35,38],"killed_by":"4 Shapes","ascension_level":20}}