{"host":"ml80p9p157c7xd90","time":1611202904,"event":{"mods":["Ascension Unlocker","Aspiration","BaseMod","Bestiary","Better Altar","Better Match","Better Note","Better Sensory Stone","Better Skull","Better Third Choice","Colored Map","Conspire","Dark Map","Downfall","Friendly Minions","Halation","Hubris","Minty Spire (QoL Compilation)","Relic Stats","StSLib","Wandering Minibosses"],"gold_per_floor":[99,99,99,99,99,99,99,99],"floor_reached":6,"language":"ENG","playtime":163,"items_purged":[],"score":60,"play_id":"00670414-f5cd-49b6-9b5e-d6980079bb16","local_time":"20210120212144","is_ascension_mode":true,"campfire_choices":[{"data":"Slimebound:Split","floor":1,"key":"SMITH"}],"circlet_count":0,"master_deck":["AscendersBane","Slimebound:Strike_Slimebound","Slimebound:Strike_Slimebound","Slimebound:Strike_Slimebound","Slimebound:Tackle","Slimebound:Defend_Slimebound","Slimebound:Defend_Slimebound","Slimebound:Defend_Slimebound","Slimebound:Defend_Slimebound","Slimebound:Split+1","Slimebound:CorrosiveSpit","Slimebound:RollThrough","Slimebound:GrowthPunch","Slimebound:Repurpose"],"relics":["Slimebound:AbsorbEndCombat","downfall:HeartsMalice","hubris:Towel"],"acts_visited":["Exordium"],"potions_floor_usage":[],"damage_taken":[{"damage":0,"enemies":"Cultist","floor":2,"turns":1},{"damage":0,"enemies":"Small Slimes","floor":3,"turns":1},{"damage":0,"enemies":"2 Louse","floor":5,"turns":1},{"damage":44,"enemies":"3 Sentries","floor":6,"turns":8}],"seed_played":"-3623734186587668132","potions_obtained":[],"is_trial":false,"path_per_floor":["R","M","M","?","M","E"],"character_chosen":"SLIMEBOUND","items_purchased":[],"campfire_rested":0,"item_purchase_floors":[],"current_hp_per_floor":[53,53,53,53,53,9,9,9],"gold":99,"neow_bonus":"THREE_ENEMY_KILL","is_daily":false,"chose_seed":false,"campfire_upgraded":1,"win_rate":0.0,"timestamp":1611202904,"path_taken":["R","M","M","?","M","E"],"items_purchased_type":[],"build_version":"2020-12-22","purchased_purges":0,"victory":false,"max_hp_per_floor":[59,59,59,59,59,59,59,59],"relic_stats":{"counters":[4,8],"obtain_stats":[{"downfall:HeartsMalice":0,"Slimebound:AbsorbEndCombat":0,"hubris:Towel":4},{"downfall:HeartsMalice":0,"Slimebound:AbsorbEndCombat":0,"hubris:Towel":2},{"downfall:HeartsMalice":0,"Slimebound:AbsorbEndCombat":0,"hubris:Towel":0}]},"card_choices":[{"not_picked":["Slimebound:SlimeTap","Slimebound:Equalize"],"picked":"Slimebound:RollThrough","floor":2},{"not_picked":["Slimebound:SlimeSpikes","Slimebound:ServeAndProtect"],"picked":"Slimebound:GrowthPunch","floor":3},{"not_picked":["Slimebound:SplitAcid","Slimebound:SlimeBrawl"],"picked":"Slimebound:Repurpose","floor":5}],"player_experience":452380,"relics_obtained":[],"event_choices":[],"is_beta":false,"boss_relics":[],"items_purged_floors":[],"is_endless":false,"potions_floor_spawned":[],"killed_by":"3 Sentries","ascension_level":20}}