{"host":"tq99ucv8ezzqzioe","time":1611241395,"event":{"mods":["BaseMod","Colored Map","Downfall","Highlight Path","Minty Spire (QoL Compilation)","StSLib"],"gold_per_floor":[113,113,188,188,202,232,232,259,286,286,307,307,307,321,321,420,420,452,479,503,515,515],"floor_reached":21,"language":"ENG","playtime":1624,"items_purged":[],"score":265,"play_id":"21c6643a-116e-4c32-aa54-3ba143a4e488","local_time":"20210121100315","is_ascension_mode":true,"campfire_choices":[{"floor":7,"key":"RECALL"},{"data":"Rampage","floor":13,"key":"SMITH"},{"data":"Juggernaut","floor":15,"key":"SMITH"}],"circlet_count":0,"master_deck":["Strike_R","Strike_R","Strike_R","Strike_R","Defend_R","Defend_R","Defend_R","Defend_R+1","Bash","Shrug It Off+1","Juggernaut+1","Hemokinesis","Rampage+1","Pommel Strike","Barricade","CurseOfTheBell","Spot Weakness+1"],"relics":["Burning Blood","NeowsBlessing","Bag of Preparation","Gambling Chip","War Paint","Pen Nib","Odd Mushroom","Calling Bell","MawBank","Sundial","Thread and Needle"],"acts_visited":["Exordium","TheCity"],"potions_floor_usage":[8,8,11,18],"damage_taken":[{"damage":0,"enemies":"2 Louse","floor":1,"turns":1},{"damage":0,"enemies":"Small Slimes","floor":5,"turns":1},{"damage":0,"enemies":"Gremlin Nob","floor":6,"turns":1},{"damage":29,"enemies":"Lagavulin","floor":8,"turns":10},{"damage":2,"enemies":"The Mushroom Lair","floor":11,"turns":6},{"damage":1,"enemies":"Jaw Worm","floor":14,"turns":4},{"damage":30,"enemies":"The Guardian","floor":16,"turns":12},{"damage":21,"enemies":"2 Thieves","floor":18,"turns":4},{"damage":20,"enemies":"Spheric Guardian","floor":19,"turns":4},{"damage":34,"enemies":"Snecko","floor":20,"turns":8},{"damage":35,"enemies":"3 Cultists","floor":21,"turns":4}],"seed_played":"4119211794081689109","potions_obtained":[{"floor":1,"key":"ColorlessPotion"},{"floor":5,"key":"ColorlessPotion"},{"floor":6,"key":"Guardian:BlockOnCardUsePotion"},{"floor":16,"key":"ColorlessPotion"},{"floor":18,"key":"FairyPotion"}],"is_trial":false,"path_per_floor":["M","?","?","?","M","E","R","E","T","T","?","?","R","M","R","B",null,"M","M","M","M"],"character_chosen":"IRONCLAD","items_purchased":[],"campfire_rested":0,"item_purchase_floors":[],"current_hp_per_floor":[80,80,69,51,57,63,63,40,40,40,44,44,44,49,49,25,66,51,37,9,0,0],"gold":515,"neow_bonus":"THREE_ENEMY_KILL","is_daily":false,"chose_seed":false,"campfire_upgraded":2,"win_rate":0.0,"timestamp":1611241395,"path_taken":["M","?","?","?","M","E","R","E","T","?","?","?","R","M","R","BOSS","M","M","M","M"],"items_purchased_type":[],"build_version":"2020-12-22","purchased_purges":0,"victory":false,"max_hp_per_floor":[80,80,80,80,80,80,80,80,80,80,80,80,80,80,80,80,80,80,80,80,80,80],"card_choices":[{"not_picked":["Intimidate","Anger","Dark Embrace"],"picked":"SKIP","floor":1},{"not_picked":["Headbutt","Havoc"],"picked":"Shrug It Off","floor":5},{"not_picked":["Rage","Blood for Blood"],"picked":"Juggernaut","floor":6},{"not_picked":["Infernal Blade","Anger"],"picked":"Hemokinesis","floor":8},{"not_picked":["Heavy Blade","Flame Barrier"],"picked":"Rampage","floor":11},{"not_picked":["Shrug It Off","Flex"],"picked":"Pommel Strike","floor":14},{"not_picked":["Berserk","Reaper"],"picked":"Barricade","floor":16},{"not_picked":["Headbutt","Havoc","True Grit"],"picked":"SKIP","floor":18},{"not_picked":["Perfected Strike","Bloodletting","Dual Wield"],"picked":"SKIP","floor":19},{"not_picked":["Fiend Fire","Feel No Pain"],"picked":"Spot Weakness+1","floor":20}],"player_experience":713253,"relics_obtained":[{"floor":6,"key":"Gambling Chip"},{"floor":8,"key":"War Paint"},{"floor":9,"key":"Pen Nib"},{"floor":11,"key":"Odd Mushroom"},{"floor":17,"key":"MawBank"},{"floor":17,"key":"Sundial"},{"floor":17,"key":"Thread and Needle"}],"event_choices":[{"damage_healed":0,"gold_gain":0,"player_choice":"Ignored","damage_taken":0,"max_hp_gain":0,"max_hp_loss":0,"event_name":"Liars Game","floor":2,"gold_loss":0},{"damage_healed":0,"gold_gain":75,"player_choice":"Gather Gold","damage_taken":11,"max_hp_gain":0,"max_hp_loss":0,"event_name":"World of Goop","floor":3,"gold_loss":0},{"damage_healed":0,"gold_gain":0,"player_choice":"Success","damage_taken":18,"relics_obtained":["Bag of Preparation"],"max_hp_gain":0,"max_hp_loss":0,"event_name":"Scrap Ooze","floor":4,"gold_loss":0},{"damage_healed":0,"gold_gain":0,"player_choice":"Fought Mushrooms","damage_taken":0,"max_hp_gain":0,"max_hp_loss":0,"event_name":"Mushrooms","floor":11,"gold_loss":0},{"cards_removed":["Strike_R"],"damage_healed":0,"gold_gain":0,"player_choice":"Forget","damage_taken":0,"max_hp_gain":0,"max_hp_loss":0,"event_name":"Living Wall","floor":12,"gold_loss":0}],"is_beta":false,"boss_relics":[{"not_picked":["Pandora\u0027s Box","Astrolabe"],"picked":"Calling Bell"}],"items_purged_floors":[],"is_endless":false,"potions_floor_spawned":[1,5,6,16,18],"killed_by":"3 Cultists","ascension_level":5}}