{"host":"9ndbo4kgsfoemf7y","time":1611225802,"event":{"mods":["AchievementEnabler","BaseMod","Colored Map","DeckTracker","Keyboard Shortcuts","Minty Spire (QoL Compilation)","Permanent Neow","Quick Restart","Relic Stats","StSLib","SuperFastMode"],"gold_per_floor":[116,130,150,150,160,160,186,111,111,111,111],"floor_reached":10,"language":"KOR","playtime":253,"items_purged":["Defend_R"],"score":68,"play_id":"67ea21b2-d9ee-4ef1-9a4f-f68de4c2a772","local_time":"20210121194322","is_ascension_mode":false,"campfire_choices":[{"data":"Barricade","floor":6.0,"key":"SMITH"}],"circlet_count":0,"master_deck":["Strike_R","Strike_R","Strike_R","Defend_R","Defend_R","Defend_R","Bash","Barricade+1","True Grit","Blood for Blood","Shrug It Off","Impervious"],"relics":["Burning Blood","CultistMask","InkBottle","Ornamental Fan"],"acts_visited":["Exordium"],"potions_floor_usage":[],"damage_taken":[{"damage":0.0,"enemies":"Small Slimes","floor":1.0,"turns":4.0},{"damage":1.0,"enemies":"Cultist","floor":2.0,"turns":3.0},{"damage":3.0,"enemies":"Jaw Worm","floor":3.0,"turns":4.0},{"damage":6.0,"enemies":"3 Louse","floor":5.0,"turns":6.0},{"damage":49.0,"enemies":"Gremlin Nob","floor":7.0,"turns":6.0},{"damage":38,"enemies":"Lagavulin","floor":10,"turns":13}],"seed_played":"-764009581505733326","potions_obtained":[{"floor":2.0,"key":"FearPotion"},{"floor":7.0,"key":"SpeedPotion"}],"is_trial":false,"path_per_floor":["M","M","M","?","M","R","E","$","T","E"],"character_chosen":"IRONCLAD","items_purchased":[],"campfire_rested":0,"item_purchase_floors":[],"current_hp_per_floor":[62,67,70,70,70,70,27,27,27,0,0],"gold":111,"neow_bonus":"TRANSFORM_TWO_CARDS","is_daily":false,"chose_seed":false,"campfire_upgraded":1,"win_rate":0.0,"timestamp":1611225802,"path_taken":["M","M","M","?","M","R","E","$","T","E"],"items_purchased_type":[],"build_version":"2020-12-22","purchased_purges":1,"victory":false,"max_hp_per_floor":[80,80,80,80,80,80,80,80,80,80,80],"relic_stats":{"counters":[6,36],"Ornamental Fan":[0],"obtain_stats":[{"Ornamental Fan":9,"CultistMask":4,"Burning Blood":0,"InkBottle":7},{"Ornamental Fan":5,"CultistMask":3,"Burning Blood":0,"InkBottle":5},{"Ornamental Fan":23,"CultistMask":11,"Burning Blood":0,"InkBottle":23}],"Burning Blood":30,"InkBottle":[1]},"card_choices":[{"not_picked":["Body Slam","Perfected Strike"],"picked":"Blood for Blood","floor":1.0},{"not_picked":["Headbutt","Sentinel","Whirlwind"],"picked":"SKIP","floor":2.0},{"not_picked":["Iron Wave","Bloodletting","Headbutt"],"picked":"SKIP","floor":3.0},{"not_picked":["Metallicize","Sever Soul"],"picked":"Shrug It Off","floor":5.0},{"not_picked":["Warcry","Iron Wave"],"picked":"Impervious","floor":7.0}],"player_experience":836943,"relics_obtained":[{"floor":7.0,"key":"InkBottle"},{"floor":9.0,"key":"Ornamental Fan"}],"event_choices":[{"damage_healed":0.0,"max_hp_gain":0.0,"max_hp_loss":0.0,"gold_gain":0.0,"event_name":"FaceTrader","player_choice":"Trade","floor":4.0,"gold_loss":0.0,"damage_taken":0.0,"relics_obtained":["CultistMask"]}],"is_beta":false,"boss_relics":[],"items_purged_floors":[8],"is_endless":false,"potions_floor_spawned":[2,7],"killed_by":"Lagavulin","ascension_level":0}}