{"host":"ftbkoc3ruyyiy16n","time":1611187773,"event":{"mods":["AchievementEnabler","BaseMod","Colored Map","Colored Powertips","Downfall","Filter the Spire","Highlight Path","Minty Spire (QoL Compilation)","Permanent Neow","Quick Restart","Rare Cards Sparkle","Relic Stats","StSLib"],"gold_per_floor":[99,109,209,226,237,237,237,248,267,301,301,311,311,340,355,455,455,455,467,479,495,110,110,110,110,138,150,179,17,47,61,76,178,178,178,189,200,92,106,106,129,145,145,156,187,201,228,244,255,255],"floor_reached":51,"language":"ENG","playtime":6240,"items_purged":["champ:Strike","champ:Defend"],"score":837,"play_id":"0361c26d-78fc-4bb7-9f34-b8730368348b","local_time":"20210121010933","is_ascension_mode":false,"campfire_choices":[{"data":"champ:Taunt","floor":1,"key":"SMITH"},{"floor":6,"key":"RECALL"},{"data":"champ:StanceDance","floor":11,"key":"SMITH"},{"data":"champ:EnchantShield","floor":18,"key":"SMITH"},{"data":"champ:Circumvent","floor":25,"key":"SMITH"},{"data":"champ:EnchantCrown","floor":35,"key":"SMITH"}],"circlet_count":0,"master_deck":["champ:Defend","champ:Defend","champ:Execute","champ:Taunt+1","champ:TornadoPunch","champ:Endure","champ:FlashCut","champ:StanceDance+1","champ:Circumvent+1","champ:RageSigil","champ:IronFortress+1","champ:RisingSlash","champ:FocusedDefense","champ:EnchantShield+1","CurseOfTheBell","champ:BringItOn+1","champ:DefensiveStyle+1","champ:DefensiveShout+1","champ:BringItOn","Slimebound:Tackle+1","Slimebound:Tackle+1","Slimebound:Tackle+1","champ:RageSigil","champ:SkillfulDodge","champ:ShieldWall","champ:ShieldSlam+1","champ:HoldFirm","champ:EnGarde+1","champ:ArenaPreparation+1","champ:Circumvent+1","champ:DefensiveShout+1","champ:SwordSigil+1","champ:EnchantCrown+1","champ:DefensiveShout+1","champ:Parry+1","expansioncontent:AwakenDeath","Parasite","champ:FalseCounter"],"relics":["champ:ChampionCrown","Anchor","Question Card","Strawberry","Blood Vial","Calling Bell","Bag of Preparation","Meat on the Bone","Torii","Membership Card","Turnip","Lizard Tail","Regal Pillow","Pantograph","Orrery","Happy Flower","Philosopher\u0027s Stone","champ:FightingForDummies","Shovel","War Paint","Calipers"],"acts_visited":["Exordium","TheCity","TheBeyond"],"potions_floor_usage":[9,14,14,14,14,21,21,30,32,47,50,50],"damage_taken":[{"damage":20,"enemies":"Cultist","floor":2,"turns":3},{"damage":10,"enemies":"Jaw Worm","floor":4,"turns":3},{"damage":10,"enemies":"2 Louse","floor":5,"turns":3},{"damage":0,"enemies":"2 Fungi Beasts","floor":8,"turns":3},{"damage":25,"enemies":"Gremlin Gang","floor":9,"turns":4},{"damage":23,"enemies":"Lagavulin","floor":10,"turns":9},{"damage":10,"enemies":"Blue Slaver","floor":12,"turns":3},{"damage":20,"enemies":"Gremlin Nob","floor":14,"turns":4},{"damage":0,"enemies":"2 Fungi Beasts","floor":15,"turns":2},{"damage":51,"enemies":"DF_ARCHETYPE_STREAMLINE","floor":16,"turns":11},{"damage":0,"enemies":"Chosen","floor":19,"turns":4},{"damage":0,"enemies":"3 Byrds","floor":20,"turns":5},{"damage":29,"enemies":"Snecko","floor":21,"turns":7},{"damage":10,"enemies":"downfall:FleeingMerchant","floor":22,"turns":4},{"damage":7,"enemies":"Book of Stabbing","floor":26,"turns":6},{"damage":15,"enemies":"Cultist and Chosen","floor":27,"turns":6},{"damage":11,"enemies":"Slavers","floor":28,"turns":6},{"damage":10,"enemies":"downfall:FleeingMerchant","floor":29,"turns":4},{"damage":5,"enemies":"Book of Stabbing","floor":30,"turns":5},{"damage":11,"enemies":"Sentry and Sphere","floor":31,"turns":5},{"damage":18,"enemies":"Snecko","floor":32,"turns":6},{"damage":7,"enemies":"SI_MIRROR_ARCHETYPE","floor":33,"turns":11},{"damage":0,"enemies":"Orb Walker","floor":36,"turns":2},{"damage":20,"enemies":"3 Darklings","floor":37,"turns":5},{"damage":10,"enemies":"downfall:FleeingMerchant","floor":38,"turns":4},{"damage":0,"enemies":"Jaw Worm Horde","floor":39,"turns":3},{"damage":11,"enemies":"Transient","floor":42,"turns":5},{"damage":0,"enemies":"Sphere and 2 Shapes","floor":44,"turns":4},{"damage":30,"enemies":"Giant Head","floor":45,"turns":10},{"damage":10,"enemies":"Writhing Mass","floor":46,"turns":4},{"damage":26,"enemies":"Reptomancer","floor":47,"turns":6},{"damage":0,"enemies":"Jaw Worm Horde","floor":48,"turns":3},{"damage":0,"enemies":"Sphere and 2 Shapes","floor":49,"turns":5},{"damage":31,"enemies":"WA_ARCHETYPE_DIVINITY","floor":50,"turns":12}],"seed_played":"706313352195543124","potions_obtained":[{"floor":5,"key":"Block Potion"},{"floor":8,"key":"PowerPotion"},{"floor":9,"key":"Energy Potion"},{"floor":10,"key":"EntropicBrew"},{"floor":16,"key":"Swift Potion"},{"floor":26,"key":"FearPotion"},{"floor":27,"key":"champ:OpenerPotion"},{"floor":28,"key":"Block Potion"},{"floor":31,"key":"SkillPotion"},{"floor":32,"key":"Fire Potion"},{"floor":33,"key":"champ:OpenerPotion"},{"floor":44,"key":"DistilledChaos"},{"floor":47,"key":"SneckoOil"}],"is_trial":false,"path_per_floor":["R","M","?","M","M","R","T","M","M","E","R","M","?","E","M","B",null,"R","M","M","M","$","?","T","R","E","M","E","$","E","M","M","B",null,"R","M","M","$","M","?","T","M","?","M","E","M","E","M","M","B",null],"character_chosen":"THE_CHAMP","items_purchased":["Membership Card","champ:BringItOn","Turnip","champ:HoldFirm","Orrery","expansioncontent:AwakenDeath"],"campfire_rested":0,"item_purchase_floors":[22,22,22,29,29,38],"current_hp_per_floor":[90,90,90,90,90,90,90,90,90,84,84,84,84,79,81,62,97,97,97,97,78,80,80,80,80,75,67,68,70,72,63,74,95,97,97,97,87,89,91,91,91,92,92,94,96,97,96,97,97,96],"gold":255,"neow_bonus":"RANDOM_COMMON_RELIC","is_daily":false,"chose_seed":false,"campfire_upgraded":5,"win_rate":0.0,"timestamp":1611187773,"path_taken":["R","M","?","M","M","R","T","M","M","E","R","M","?","E","M","BOSS","R","M","?","M","$","?","T","R","E","M","E","$","E","M","M","BOSS","R","M","M","$","M","?","T","?","?","M","E","M","E","M","M","BOSS"],"items_purchased_type":["Relic","Card","Relic","Card","Relic","Card"],"build_version":"2020-12-22","purchased_purges":2,"victory":true,"max_hp_per_floor":[90,90,90,90,90,90,90,90,90,97,97,97,97,97,97,97,97,97,97,97,97,97,97,97,97,97,97,97,97,97,97,97,97,97,97,97,97,97,97,97,97,97,97,97,97,97,97,97,97,97],"relic_stats":{"Regal Pillow":0,"Torii":22,"Happy Flower":[28],"counters":[34,177],"Bag of Preparation":[48],"War Paint":["champ:BringItOn","champ:Parry"],"Question Card":36,"Blood Vial":32,"Lizard Tail":0,"Shovel":0,"Pantograph":23,"Turnip":[15],"obtain_stats":[{"Regal Pillow":26,"Calipers":47,"Torii":17,"Happy Flower":30,"champ:ChampionCrown":0,"Bag of Preparation":17,"War Paint":45,"Question Card":7,"Blood Vial":14,"Calling Bell":17,"Anchor":0,"Lizard Tail":24,"Shovel":43,"Strawberry":10,"Pantograph":28,"Orrery":29,"Philosopher\u0027s Stone":34,"Turnip":22,"Membership Card":22,"champ:FightingForDummies":41,"Meat on the Bone":17},{"Regal Pillow":15,"Calipers":31,"Torii":10,"Happy Flower":19,"champ:ChampionCrown":0,"Bag of Preparation":10,"War Paint":29,"Question Card":3,"Blood Vial":8,"Calling Bell":10,"Anchor":0,"Lizard Tail":14,"Shovel":27,"Strawberry":6,"Pantograph":17,"Orrery":18,"Philosopher\u0027s Stone":22,"Turnip":14,"Membership Card":14,"champ:FightingForDummies":26,"Meat on the Bone":10},{"Regal Pillow":71,"Calipers":157,"Torii":45,"Happy Flower":92,"champ:ChampionCrown":0,"Bag of Preparation":45,"War Paint":147,"Question Card":9,"Blood Vial":32,"Calling Bell":45,"Anchor":0,"Lizard Tail":65,"Shovel":133,"Strawberry":25,"Pantograph":83,"Orrery":87,"Philosopher\u0027s Stone":114,"Turnip":65,"Membership Card":65,"champ:FightingForDummies":128,"Meat on the Bone":45}],"Meat on the Bone":12},"card_choices":[{"not_picked":["champ:AdrenalArmor","champ:EndlessRage"],"picked":"champ:TornadoPunch","floor":2},{"not_picked":["champ:Parry","champ:FlashCut"],"picked":"champ:Endure","floor":4},{"not_picked":["champ:TornadoPunch","champ:PreemptiveStrike"],"picked":"champ:FlashCut","floor":5},{"not_picked":["champ:EnragedBash","champ:FancyFootwork","champ:Encircle"],"picked":"champ:StanceDance","floor":8},{"not_picked":["champ:Haymaker","champ:ShieldWall","champ:FaceSlap"],"picked":"champ:Circumvent","floor":9},{"not_picked":["champ:FocusedBerserking","champ:HeavySlash","champ:VampiricStrike"],"picked":"champ:RageSigil","floor":10},{"not_picked":["champ:PerfectedStrike","champ:TornadoPunch","champ:BerserkersShout"],"picked":"champ:IronFortress","floor":12},{"not_picked":["champ:FanOfKnives","champ:FlashCut","champ:SetATrap"],"picked":"champ:RisingSlash","floor":14},{"not_picked":["champ:BerserkersShout","champ:ShieldSlam","champ:Endure"],"picked":"champ:FocusedDefense","floor":15},{"not_picked":["champ:MurderStrike","champ:SwordThrow","champ:UltimateStance"],"picked":"champ:EnchantShield","floor":16},{"not_picked":["champ:TornadoPunch","champ:DancingMaster","champ:DefensiveShout"],"picked":"champ:BringItOn","floor":19},{"not_picked":["champ:SwordSigil","champ:EnGarde","champ:FanOfKnives"],"picked":"champ:DefensiveStyle+1","floor":20},{"not_picked":["champ:FanOfKnives","champ:Backstep","champ:StanceDance","champ:FaceSlap+1"],"picked":"SKIP","floor":21},{"not_picked":["champ:HeartStrike","champ:Parry","champ:SwordThrow"],"picked":"champ:DefensiveShout+1","floor":22},{"not_picked":["champ:TornadoPunch","champ:BerserkersShout","champ:StanceDance"],"picked":"champ:RageSigil","floor":26},{"not_picked":["champ:Shatter+1","champ:ShieldSlam+1","champ:FlashCut"],"picked":"champ:SkillfulDodge","floor":27},{"not_picked":["champ:RisingSlash","champ:IronFortress","champ:DancingMaster"],"picked":"champ:ShieldWall","floor":28},{"not_picked":["champ:BladeFlurry","champ:BerserkersShout+1","champ:ViciousMockery"],"picked":"champ:ShieldSlam+1","floor":29},{"not_picked":["champ:CrownThrow","champ:Circumvent+1","champ:ShieldWall"],"picked":"champ:EnGarde+1","floor":29},{"not_picked":["champ:MurderStrike","champ:SetATrap+1","champ:BringItOn"],"picked":"champ:ArenaPreparation+1","floor":29},{"not_picked":["champ:PreciseThrust","champ:RisingSlash","champ:ShieldSigil"],"picked":"champ:Circumvent+1","floor":29},{"not_picked":["champ:GutPunch","champ:DefensiveStyle+1","champ:CrownThrow+1"],"picked":"champ:DefensiveShout+1","floor":30},{"not_picked":["champ:GutPunch","champ:CalledShot","champ:GladiatorStyle","champ:BladeFlurry"],"picked":"SKIP","floor":31},{"not_picked":["champ:EnGarde","champ:DefensiveShout","champ:Circumvent"],"picked":"champ:SwordSigil+1","floor":32},{"not_picked":["champ:GladiatorForm","champ:MurderStrike","champ:TripleStrike"],"picked":"champ:EnchantCrown","floor":33},{"not_picked":["champ:FlashCut","champ:PreemptiveStrike+1","champ:BerserkersShout+1","champ:CrownThrow"],"picked":"SKIP","floor":36},{"not_picked":["champ:Shatter+1","champ:Haymaker+1","champ:FanOfKnives"],"picked":"champ:DefensiveShout+1","floor":37},{"not_picked":["champ:Shatter+1","champ:CrownThrow","champ:SteelEdge"],"picked":"champ:Parry","floor":38},{"not_picked":["champ:CrownThrow+1","champ:ShieldSlam+1","champ:Lariat","champ:PreciseThrust"],"picked":"SKIP","floor":39},{"not_picked":["champ:FanOfKnives","champ:BerserkersShout","champ:PerfectedStrike","champ:StanceDance"],"picked":"SKIP","floor":42},{"not_picked":["champ:Haymaker","champ:Endure+1","champ:Lariat","champ:SwordSigil+1"],"picked":"SKIP","floor":44},{"not_picked":["champ:Haymaker+1","champ:PerfectedStrike","champ:AdrenalArmor+1","champ:BringItOn+1"],"picked":"SKIP","floor":45},{"not_picked":["champ:GutPunch","champ:RapidStrikes+1","champ:StanceDance+1","champ:ShieldSigil"],"picked":"SKIP","floor":46},{"not_picked":["champ:EnGarde+1","champ:Shatter+1","champ:ArenaPreparation+1","champ:Backstep"],"picked":"SKIP","floor":47},{"not_picked":["champ:DefensiveShout","champ:FlashCut","champ:FanOfKnives","champ:ArenaPreparation+1"],"picked":"SKIP","floor":48},{"not_picked":["champ:Shatter","champ:PerfectedStrike","champ:Backstep"],"picked":"champ:FalseCounter","floor":49}],"player_experience":306695,"relics_obtained":[{"floor":7,"key":"Question Card"},{"floor":10,"key":"Strawberry"},{"floor":14,"key":"Blood Vial"},{"floor":17,"key":"Bag of Preparation"},{"floor":17,"key":"Meat on the Bone"},{"floor":17,"key":"Torii"},{"floor":24,"key":"Lizard Tail"},{"floor":26,"key":"Regal Pillow"},{"floor":28,"key":"Pantograph"},{"floor":30,"key":"Happy Flower"},{"floor":41,"key":"champ:FightingForDummies"},{"floor":43,"key":"Shovel"},{"floor":45,"key":"War Paint"},{"floor":47,"key":"Calipers"}],"event_choices":[{"damage_healed":0,"gold_gain":0,"player_choice":"Forge","damage_taken":0,"max_hp_gain":0,"max_hp_loss":0,"event_name":"Accursed Blacksmith","floor":13,"gold_loss":0,"cards_upgraded":["champ:IronFortress"]},{"cards_removed":["champ:Defend"],"damage_healed":0,"gold_gain":0,"player_choice":"Card Removal","damage_taken":0,"max_hp_gain":0,"max_hp_loss":0,"event_name":"Wheel of Change","floor":40,"gold_loss":0}],"is_beta":false,"boss_relics":[{"not_picked":["Pandora\u0027s Box","Runic Dome"],"picked":"Calling Bell"},{"not_picked":["Runic Pyramid","Black Star"],"picked":"Philosopher\u0027s Stone"}],"items_purged_floors":[22,38],"is_endless":false,"potions_floor_spawned":[5,8,9,10,12,16,26,27,28,31,32,33,39,42,44,46,47],"ascension_level":0}}