{"host":"0ricjaa7rfq9v76t","time":1611201056,"event":{"mods":["AchievementEnabler","Aspiration","BaseMod","Better Vampires","BetterRewards","Colored Powertips","Highlight Path","Hubris","Infinite Spire","Minty Spire (QoL Compilation)","Quick Restart","Rare Cards Sparkle","Relic Sorter","Replay The Spire","StSLib","SuperFastMode","Synergy Search","The Cursed","The Disciple","The Jungle","The Marked","The Runesmith","Uncapped"],"gold_per_floor":[114,114,126,137,137,62,76,76,76,93,122,87,87,137,137,253,253,281,281,75,75,75,75,75,175,201,211,211],"floor_reached":27,"language":"ENG","playtime":2927,"items_purged":["TheCursedMod:Strike_TheCursed","TheCursedMod:Strike_TheCursed"],"score":217,"play_id":"51937dbd-ca24-4ff5-94ab-3102c9df88aa","local_time":"20210121115056","is_ascension_mode":false,"campfire_choices":[{"data":"TheCursedMod:CleanUpWorkshop","floor":8,"key":"SMITH"},{"floor":15,"key":"REST"},{"floor":23,"key":"REST"}],"circlet_count":0,"master_deck":["TheCursedMod:Strike_TheCursed","TheCursedMod:Strike_TheCursed","TheCursedMod:Defend_TheCursed","TheCursedMod:Defend_TheCursed","TheCursedMod:Defend_TheCursed","TheCursedMod:Defend_TheCursed","TheCursedMod:CursedWand","TheCursedMod:CleanUpWorkshop+1","TheCursedMod:Dregs","TheCursedMod:WearCloak","TheCursedMod:CursedMace","TheCursedMod:CursedBlade","Voices","Parasite","hubris:InfiniteBlow","TheCursedMod:CircleOfAbyss","TheCursedMod:Wield","TheCursedMod:ReleasedKnowledge","TheCursedMod:DemonicPact","TheCursedMod:Evocation","TheCursedMod:SpitefulPlan+1","TheCursedMod:SpreadPlague","RitualDagger"],"relics":["TheCursedMod:BlackMagic101","aspiration:Nostalgia","Burning Blood","Replay:Bandana","hubris:Towel","Lantern","SacredBark","PreservedInsect"],"acts_visited":["Exordium","TheCity"],"potions_floor_usage":[16,16],"damage_taken":[{"damage":3,"enemies":"2 Louse","floor":1,"turns":3},{"damage":3,"enemies":"infinitespire:Voidling","floor":3,"turns":4},{"damage":0,"enemies":"Cultist","floor":4,"turns":4},{"damage":4,"enemies":"Blue Slaver","floor":7,"turns":3},{"damage":2,"enemies":"Exordium Thugs","floor":10,"turns":4},{"damage":34,"enemies":"Lagavulin","floor":11,"turns":8},{"damage":36,"enemies":"3 Sentries","floor":14,"turns":9},{"damage":40,"enemies":"Hexaghost","floor":16,"turns":10},{"damage":57,"enemies":"Spheric Guardian","floor":18,"turns":8},{"damage":15,"enemies":"3 Byrds","floor":27,"turns":3}],"seed_played":"-6046988427934135002","potions_obtained":[{"floor":3,"key":"SpeedPotion"},{"floor":7,"key":"ColorlessPotion"},{"floor":10,"key":"Weak Potion"},{"floor":11,"key":"SkillPotion"}],"is_trial":false,"path_per_floor":["M","?","M","M","?","$","M","R","T","M","E","?","?","E","R","B",null,"M","?","$","?","?","R","?","?","T","M"],"character_chosen":"THE_CURSED","items_purchased":["TheCursedMod:SpitefulPlan","TheCursedMod:SpreadPlague"],"campfire_rested":2,"item_purchase_floors":[20,20],"current_hp_per_floor":[75,75,75,75,75,75,75,75,75,75,47,65,65,35,57,23,75,24,10,10,10,4,28,7,7,7,0,0],"gold":211,"neow_bonus":"NOSTALGIA","is_daily":false,"chose_seed":false,"campfire_upgraded":1,"win_rate":0.0,"timestamp":1611201056,"path_taken":["M","?","?","M","?","?","M","R","T","?","E","?","?","E","R","BOSS","M","?","$","?","?","R","?","?","T","?"],"items_purchased_type":["Card","Card"],"build_version":"2020-12-22","purchased_purges":2,"victory":false,"max_hp_per_floor":[75,75,75,75,75,75,75,75,75,75,75,75,75,75,75,75,75,75,80,80,80,80,80,80,80,80,80,80],"card_choices":[{"not_picked":["TheCursedMod:Hemoplague","TheCursedMod:CircleOfFlame"],"picked":"TheCursedMod:WearCloak","floor":1},{"not_picked":["TheCursedMod:Stigma","TheCursedMod:SpreadPlague"],"picked":"TheCursedMod:CursedMace","floor":3},{"not_picked":["TheCursedMod:ReleasedKnowledge","TheCursedMod:RapidMovement"],"picked":"TheCursedMod:CursedBlade","floor":4},{"not_picked":["infinitespire:Fortify","infinitespire:FinalStrike"],"picked":"hubris:InfiniteBlow","floor":5},{"not_picked":["TheCursedMod:Obscuration","TheCursedMod:WearCloak"],"picked":"TheCursedMod:CircleOfAbyss","floor":7},{"not_picked":["TheCursedMod:Hemoplague","TheCursedMod:RapidMovement"],"picked":"TheCursedMod:Wield","floor":10},{"not_picked":["TheCursedMod:CircleOfCorruption","TheCursedMod:Obscuration"],"picked":"TheCursedMod:ReleasedKnowledge","floor":11},{"not_picked":["TheCursedMod:WearCloak","TheCursedMod:TacticalStrike","TheCursedMod:FleshFromBone"],"picked":"SKIP","floor":14},{"not_picked":["TheCursedMod:ParallelWorld","TheCursedMod:ManaCirculation"],"picked":"TheCursedMod:DemonicPact","floor":16},{"not_picked":["TheCursedMod:Stigma","TheCursedMod:Wield"],"picked":"TheCursedMod:Evocation","floor":18}],"player_experience":173416,"relics_obtained":[{"floor":11,"key":"Replay:Bandana"},{"floor":14,"key":"Lantern"},{"floor":26,"key":"PreservedInsect"}],"event_choices":[{"damage_healed":0,"gold_gain":0,"player_choice":"Full Heal","damage_taken":0,"max_hp_gain":0,"max_hp_loss":0,"event_name":"Wheel of Change","floor":2,"gold_loss":0},{"damage_healed":18,"gold_gain":0,"player_choice":"Healed","damage_taken":0,"max_hp_gain":0,"max_hp_loss":0,"event_name":"The Cleric","floor":12,"gold_loss":35},{"damage_healed":0,"gold_gain":0,"player_choice":"Shed Blood","damage_taken":19,"max_hp_gain":5,"max_hp_loss":0,"event_name":"Forgotten Altar","floor":19,"gold_loss":0},{"damage_healed":0,"gold_gain":0,"player_choice":"Joined the Cult","damage_taken":6,"max_hp_gain":0,"max_hp_loss":0,"event_name":"Nest","floor":22,"gold_loss":0,"cards_obtained":["RitualDagger"]},{"damage_healed":0,"gold_gain":100,"player_choice":"Pray","damage_taken":0,"max_hp_gain":0,"max_hp_loss":0,"event_name":"Golden Shrine","floor":25,"gold_loss":0}],"is_beta":false,"boss_relics":[{"not_picked":["aspiration:SecretTechniqueScroll","Runic Dome"],"picked":"SacredBark"}],"items_purged_floors":[6,20],"is_endless":false,"potions_floor_spawned":[3,7,10,11],"killed_by":"3 Byrds","ascension_level":0}}