{"host":"e6sgj53qqwx3piqv","time":1611243023,"event":{"mods":["AchievementEnabler","Aspiration","BaseMod","BetterRewards","Colored Powertips","Downfall","Hermit","Highlight Path","Hubris","Infinite Spire","Minty Spire (QoL Compilation)","Quick Restart","Rare Cards Sparkle","Shop Mod","StSLib","The Cursed","The Disciple","The Jungle","The Runesmith"],"gold_per_floor":[116,36,36,36,36,36,49,49,49,87,87,118,132,155,155,155,155],"floor_reached":16,"language":"ENG","playtime":663,"items_purged":[],"score":133,"play_id":"96988d4a-f548-4224-94d8-0c61a3a04c05","local_time":"20210121103023","is_ascension_mode":false,"campfire_choices":[{"floor":6,"key":"RECALL"},{"data":"infinitespire:NeuralNetwork","floor":8,"key":"SMITH"},{"floor":15,"key":"DIG"}],"circlet_count":0,"master_deck":["Strike_B","Strike_B","Strike_B","Strike_B","Defend_B","Defend_B","Defend_B","Defend_B","Zap+1","Dualcast","Steam","FTL","infinitespire:NeuralNetwork+1","Steam","Go for the Eyes","FTL","Double Energy","Hyperbeam"],"relics":["Cracked Core","NeowsBlessing","Golden Idol","Shovel","HornCleat","Art of War","Pen Nib"],"acts_visited":["Exordium"],"potions_floor_usage":[16],"damage_taken":[{"damage":0,"enemies":"Jaw Worm","floor":1,"turns":1},{"damage":0,"enemies":"2 Louse","floor":7,"turns":1},{"damage":0,"enemies":"Gremlin Nob","floor":10,"turns":1},{"damage":21,"enemies":"3 Sentries","floor":12,"turns":10},{"damage":0,"enemies":"Small Slimes","floor":13,"turns":2},{"damage":2,"enemies":"Blue Slaver","floor":14,"turns":3},{"damage":16,"enemies":"Hexaghost","floor":16,"turns":9}],"seed_played":"1207530563587417154","potions_obtained":[{"floor":7,"key":"FocusPotion"},{"floor":14,"key":"PowerPotion"}],"is_trial":false,"path_per_floor":["M","$","?","?","?","R","M","R","T","E","?","E","M","M","R","B"],"character_chosen":"DEFECT","items_purchased":["FTL"],"campfire_rested":0,"item_purchase_floors":[2],"current_hp_per_floor":[75,75,56,38,38,38,38,38,38,38,38,17,17,15,15,0,0],"gold":155,"neow_bonus":"THREE_ENEMY_KILL","is_daily":false,"chose_seed":false,"campfire_upgraded":1,"win_rate":0.0,"timestamp":1611243023,"path_taken":["M","$","?","?","?","R","M","R","T","E","?","E","M","M","R","BOSS"],"items_purchased_type":["Card"],"build_version":"2020-12-22","purchased_purges":0,"victory":false,"max_hp_per_floor":[75,75,75,75,75,75,75,75,75,75,75,75,75,75,75,75,75],"card_choices":[{"not_picked":["Coolheaded","Leap"],"picked":"Steam","floor":1},{"not_picked":["infinitespire:UltimateForm","infinitespire:Fortify"],"picked":"infinitespire:NeuralNetwork","floor":3},{"not_picked":["Reprogram","Stack"],"picked":"Steam","floor":7},{"not_picked":["Chaos","Genetic Algorithm"],"picked":"Go for the Eyes","floor":10},{"not_picked":["Rip and Tear","Stack"],"picked":"FTL","floor":12},{"not_picked":["Conserve Battery","Static Discharge"],"picked":"Double Energy","floor":13},{"not_picked":["Stack","Ball Lightning"],"picked":"Hyperbeam","floor":14}],"player_experience":207578,"relics_obtained":[{"floor":10,"key":"Shovel"},{"floor":11,"key":"HornCleat"},{"floor":12,"key":"Art of War"},{"floor":15,"key":"Pen Nib"}],"event_choices":[{"damage_healed":0,"gold_gain":0,"player_choice":"Take Damage","damage_taken":18,"relics_obtained":["Golden Idol"],"max_hp_gain":0,"max_hp_loss":0,"event_name":"Golden Idol","floor":4,"gold_loss":0},{"damage_healed":0,"gold_gain":0,"player_choice":"Grow","damage_taken":0,"max_hp_gain":0,"max_hp_loss":0,"event_name":"Living Wall","floor":5,"gold_loss":0,"cards_upgraded":["Zap"]}],"is_beta":false,"boss_relics":[],"items_purged_floors":[],"is_endless":false,"potions_floor_spawned":[7,14],"killed_by":"Hexaghost","ascension_level":0}}