{"host":"hwrdjx5eod2cxh09","time":1611234908,"event":{"mods":["AchievementEnabler","BaseMod","Bestiary","Minty Spire (QoL Compilation)","Relic Stats"],"gold_per_floor":[117,132,207,307,6,39,39,50,50,82,96,111,127,137,137,236,286,304,138,138,150,169,169,195,195,248,248,278,288,301,301,301,301,301],"floor_reached":33,"language":"ENG","playtime":1645,"items_purged":["Strike_R","Strike_R"],"score":335,"play_id":"5c46c822-e109-44d5-8b94-d99ccc6a602f","local_time":"20210121221508","is_ascension_mode":true,"campfire_choices":[{"data":"Berserk","floor":7,"key":"SMITH"},{"data":"Flame Barrier","floor":15,"key":"SMITH"},{"floor":23,"key":"REST"},{"data":"Entrench","floor":25,"key":"SMITH"},{"floor":27,"key":"REST"},{"floor":32,"key":"REST"}],"circlet_count":0,"master_deck":["Strike_R","Strike_R","Strike_R","Defend_R","Defend_R","Defend_R","Defend_R","Bash","Berserk+1","Pommel Strike","Evolve+1","Flame Barrier+1","Hemokinesis","Combust","Pummel","Entrench+1","Fiend Fire","Clothesline","Whirlwind","Uppercut+1","Reaper","Juggernaut+1"],"relics":["Burning Blood","Membership Card","Happy Flower","Meat on the Bone","Anchor","Tiny House","Bronze Scales","Frozen Egg 2","Nunchaku","Omamori"],"acts_visited":["Exordium","TheCity"],"potions_floor_usage":[10,16,16,28,29,31],"damage_taken":[{"damage":12,"enemies":"2 Louse","floor":1,"turns":2},{"damage":0,"enemies":"Small Slimes","floor":2,"turns":4},{"damage":23,"enemies":"3 Sentries","floor":6,"turns":9},{"damage":4,"enemies":"Cultist","floor":8,"turns":4},{"damage":22,"enemies":"Gremlin Nob","floor":10,"turns":4},{"damage":3,"enemies":"3 Louse","floor":11,"turns":3},{"damage":14,"enemies":"Lots of Slimes","floor":12,"turns":7},{"damage":2,"enemies":"Looter","floor":13,"turns":3},{"damage":6,"enemies":"2 Fungi Beasts","floor":14,"turns":3},{"damage":54,"enemies":"The Guardian","floor":16,"turns":13},{"damage":41,"enemies":"Spheric Guardian","floor":18,"turns":7},{"damage":6,"enemies":"Shell Parasite","floor":21,"turns":6},{"damage":33,"enemies":"Shelled Parasite and Fungi","floor":22,"turns":4},{"damage":30,"enemies":"Book of Stabbing","floor":24,"turns":5},{"damage":68,"enemies":"Slavers","floor":28,"turns":5},{"damage":44,"enemies":"Cultist and Chosen","floor":29,"turns":7},{"damage":28,"enemies":"Sentry and Sphere","floor":30,"turns":6},{"damage":8,"enemies":"Gremlin Leader","floor":31,"turns":4},{"damage":33,"enemies":"Automaton","floor":33,"turns":6}],"seed_played":"7975761231609566097","potions_obtained":[{"floor":1,"key":"AttackPotion"},{"floor":8,"key":"Strength Potion"},{"floor":12,"key":"ColorlessPotion"},{"floor":16,"key":"FairyPotion"},{"floor":17,"key":"SmokeBomb"},{"floor":22,"key":"SteroidPotion"},{"floor":28,"key":"EssenceOfSteel"}],"is_trial":false,"path_per_floor":["M","M","?","?","$","E","R","M","T","E","M","M","M","M","R","B",null,"M","$","?","M","M","R","E","R","T","R","E","M","M","E","R","B"],"character_chosen":"IRONCLAD","items_purchased":["Membership Card","Happy Flower","Evolve","Whirlwind","Bronze Scales"],"campfire_rested":3,"item_purchase_floors":[5,5,5,19,19],"current_hp_per_floor":[74,80,69,69,69,52,52,54,54,50,53,57,61,61,61,25,85,50,50,50,50,35,60,48,48,48,73,35,43,33,43,68,43,43],"gold":301,"neow_bonus":"ONE_RANDOM_RARE_CARD","is_daily":false,"chose_seed":false,"campfire_upgraded":3,"win_rate":0.0,"timestamp":1611234908,"path_taken":["M","M","?","?","$","E","R","M","T","E","M","M","M","M","R","BOSS","M","$","?","M","M","R","E","R","T","R","E","M","M","E","R","BOSS"],"items_purchased_type":["Relic","Relic","Card","Card","Relic"],"build_version":"2020-12-22","purchased_purges":2,"victory":false,"max_hp_per_floor":[80,80,80,80,80,80,80,80,80,80,80,80,80,80,80,80,85,85,85,85,85,85,85,85,85,85,85,85,85,85,85,85,85,85],"relic_stats":{"Nunchaku":[4],"Happy Flower":[32],"counters":[19,102],"Bronze Scales":[153],"obtain_stats":[{"Anchor":10,"Nunchaku":26,"Tiny House":17,"Happy Flower":5,"Bronze Scales":19,"Omamori":28,"Membership Card":5,"Frozen Egg 2":24,"Burning Blood":0,"Meat on the Bone":6},{"Anchor":5,"Nunchaku":14,"Tiny House":10,"Happy Flower":2,"Bronze Scales":11,"Omamori":15,"Membership Card":2,"Frozen Egg 2":14,"Burning Blood":0,"Meat on the Bone":3},{"Anchor":23,"Nunchaku":74,"Tiny House":52,"Happy Flower":6,"Bronze Scales":59,"Omamori":79,"Membership Card":6,"Frozen Egg 2":74,"Burning Blood":0,"Meat on the Bone":15}],"Burning Blood":108,"Meat on the Bone":108},"card_choices":[{"not_picked":["Rage","Shrug It Off"],"picked":"Pommel Strike","floor":1},{"not_picked":["Anger","Searing Blow","Heavy Blade"],"picked":"SKIP","floor":2},{"not_picked":["Flex","Shrug It Off"],"picked":"Flame Barrier","floor":6},{"not_picked":["Second Wind","Armaments"],"picked":"Hemokinesis","floor":8},{"not_picked":["Fiend Fire","Hemokinesis"],"picked":"Combust","floor":10},{"not_picked":["Heavy Blade","Perfected Strike","Warcry"],"picked":"SKIP","floor":11},{"not_picked":["Second Wind","Sentinel","Anger"],"picked":"SKIP","floor":12},{"not_picked":["Anger","Perfected Strike"],"picked":"Pummel","floor":13},{"not_picked":["Clothesline","Flame Barrier"],"picked":"Entrench","floor":14},{"not_picked":["Berserk","Bludgeon"],"picked":"Fiend Fire","floor":16},{"not_picked":["Armaments","Evolve"],"picked":"Clothesline","floor":17},{"not_picked":["Pommel Strike","Sword Boomerang","Havoc"],"picked":"SKIP","floor":18},{"not_picked":["Iron Wave","Heavy Blade"],"picked":"Uppercut+1","floor":21},{"not_picked":["Pummel","Headbutt","Clothesline+1"],"picked":"SKIP","floor":22},{"not_picked":["Clothesline","Wild Strike"],"picked":"Reaper","floor":24},{"not_picked":["Havoc","Armaments","Anger"],"picked":"SKIP","floor":28},{"not_picked":["Perfected Strike","Armaments","Clothesline"],"picked":"SKIP","floor":29},{"not_picked":["Perfected Strike","Clash"],"picked":"Juggernaut+1","floor":30}],"player_experience":210669,"relics_obtained":[{"floor":6,"key":"Meat on the Bone"},{"floor":10,"key":"Anchor"},{"floor":24,"key":"Frozen Egg 2"},{"floor":26,"key":"Nunchaku"},{"floor":28,"key":"Omamori"}],"event_choices":[{"damage_healed":0,"gold_gain":75,"player_choice":"Gather Gold","damage_taken":11,"max_hp_gain":0,"max_hp_loss":0,"event_name":"World of Goop","floor":3,"gold_loss":0},{"damage_healed":0,"gold_gain":100,"player_choice":"Pray","damage_taken":0,"max_hp_gain":0,"max_hp_loss":0,"event_name":"Golden Shrine","floor":4,"gold_loss":0},{"damage_healed":0,"gold_gain":0,"player_choice":"Ignored","damage_taken":0,"max_hp_gain":0,"max_hp_loss":0,"event_name":"The Mausoleum","floor":20,"gold_loss":0}],"is_beta":false,"boss_relics":[{"not_picked":["Fusion Hammer","Busted Crown"],"picked":"Tiny House"}],"items_purged_floors":[5,19],"is_endless":false,"potions_floor_spawned":[1,8,12,16,22,28,31],"killed_by":"Automaton","ascension_level":1}}