{"host":"o1scrl1hgy598kuq","time":1611216090,"event":{"mods":["BaseMod","Colored Map","Colored Powertips","Minty Spire (QoL Compilation)","Remilia??????","Replay The Spire","Shop Mod","StSLib","The Jungle","The Marked","The Servant 0.9.4"],"gold_per_floor":[111,111,61,76,0,0,0,17,17,17,17,17,30,45,45,45,45],"floor_reached":16,"language":"ENG","playtime":675,"items_purged":[],"score":90,"play_id":"9e20a4e4-4b76-4f6f-ac93-5f01e7d8823a","local_time":"20210121020130","is_ascension_mode":false,"campfire_choices":[{"data":"Reprogram","floor":7,"key":"SMITH"},{"data":"Foresight","floor":10,"key":"SMITH"},{"data":"Reboot","floor":12,"key":"SMITH"},{"data":"Starlight","floor":15,"key":"SMITH"}],"circlet_count":0,"master_deck":["Strike_S","Strike_S","Strike_S","Defend_S","Defend_S","Defend_S","Starlight","Starlight+1","Foresight+1","Reprogram+1","Reboot+1","Revamp","Ricochet"],"relics":["Uniform"],"acts_visited":["Exordium"],"potions_floor_usage":[13,16],"damage_taken":[{"damage":7,"enemies":"Small Slimes","floor":1,"turns":4},{"damage":5,"enemies":"2 Louse","floor":4,"turns":3},{"damage":11,"enemies":"Jaw Worm","floor":8,"turns":3},{"damage":0,"enemies":"Exordium Thugs","floor":13,"turns":4},{"damage":6,"enemies":"Looter","floor":14,"turns":3},{"damage":35,"enemies":"The Guardian","floor":16,"turns":8}],"seed_played":"78912645104916604","potions_obtained":[{"floor":4,"key":"Reflective Coating"},{"floor":8,"key":"Fire Potion"},{"floor":14,"key":"Ancient Potion"}],"is_trial":false,"path_per_floor":["M","?","?","M","$","?","R","M","T","R","$","R","M","M","R","B"],"character_chosen":"THE_SERVANT","items_purchased":["Foresight"],"campfire_rested":0,"item_purchase_floors":[5],"current_hp_per_floor":[64,57,57,52,52,52,52,41,41,41,41,41,41,35,35,0,0],"gold":45,"neow_bonus":"TEN_PERCENT_HP_BONUS","is_daily":false,"chose_seed":false,"campfire_upgraded":4,"win_rate":0.0,"timestamp":1611216090,"path_taken":["M","?","?","M","$","?","R","M","T","R","$","R","M","M","R","BOSS"],"items_purchased_type":["Card"],"build_version":"2020-12-22","purchased_purges":0,"victory":false,"max_hp_per_floor":[71,71,71,71,71,71,71,71,71,71,71,71,71,71,71,71,71],"card_choices":[{"not_picked":["Rewind","Rearm"],"picked":"Starlight","floor":1},{"not_picked":["Unruled","TimeWarp"],"picked":"Starlight","floor":4},{"not_picked":["FloweringNight","Replace"],"picked":"Revamp","floor":8},{"not_picked":["TimeWarp","Spin"],"picked":"Ricochet","floor":13},{"not_picked":["DoubleEdge","Ricochet","Rewind"],"picked":"SKIP","floor":14}],"player_experience":201096,"relics_obtained":[],"event_choices":[{"cards_removed":["Strike_S"],"damage_healed":0,"gold_gain":0,"player_choice":"Card Removal","damage_taken":7,"max_hp_gain":0,"max_hp_loss":0,"event_name":"Golden Wing","floor":2,"gold_loss":0},{"cards_removed":["Defend_S"],"damage_healed":0,"gold_gain":0,"player_choice":"Card Removal","damage_taken":0,"max_hp_gain":0,"max_hp_loss":0,"event_name":"The Cleric","floor":3,"gold_loss":50}],"is_beta":false,"boss_relics":[],"items_purged_floors":[],"is_endless":false,"potions_floor_spawned":[4,8,14],"killed_by":"The Guardian","ascension_level":0}}