{"host":"r3eb5kff0hcmimdq","time":1611202410,"event":{"mods":["ATMod(°¢èªMod)","Arknights The Spire","BaseMod","Colored Powertips","Conspire","Highlight Path","Lobotomy","LobotomyExtend","Luminous","Marisa£¨ìFÓê¡¡Ä§ÀíÉ³£©","Minty Spire (QoL Compilation)","MostiFishMod","Quick Restart","Relic Filter","Replay The Spire","RyuuouÁúÍõ","Shop Mod","Spicy Shops","StSLib","TestMod","The Bug Knight","The Jungle","Youmu£¨»êÆÇÑýÃÎ£©","vexMod","¡¾¹¦ÄÜMod¡¿´ÏÃ÷µÄ×îÖÕBoss","¡¾ÒÅÎï¿¨ÅÆ¡¿REMEMod","óô»ðÖ¸ÄÏ"],"gold_per_floor":[113,131,144,155,175,67,100,100,100,114,149,149,180,70,70,170,170,170,189,206,60,60,60,85,85,85,97,111,139,139,150,150,254,254,274,284,295,309,209,241,241,251,251,301,318,337,337,355,111,111],"floor_reached":51,"language":"ZHS","playtime":1996,"items_purged":["ats:Defend","ats:Defend"],"score":1113,"play_id":"4fe6d4b3-56c3-4bb4-924f-a3fccc4dd926","local_time":"20210121121330","is_ascension_mode":false,"campfire_choices":[{"data":"MostiFishMod:RainCloud","floor":8.0,"key":"SMITH"},{"data":"ats:Mental Burst","floor":12,"key":"SMITH"},{"floor":15,"key":"DIG"},{"data":"AT_FamilyPortrait","floor":23,"key":"SMITH"},{"data":"ats:Rat Pack","floor":25,"key":"SMITH"},{"floor":41,"key":"REST"},{"floor":47,"key":"REST"}],"circlet_count":0,"master_deck":["ats:Strike C","ats:Strike G","ats:Strike S","ats:Strike V","ats:Armor Crushing Shot+1","ats:Defend","ats:Defend","ats:Emotion Absorption","MostiFishMod:RainCloud+1","AT_FamilyPortrait+1","ats:Overload+1","ats:Wolf Pack","ats:Mental Burst+1","Normality","ats:Automatic Cover","ats:Shadow Assault+1","ats:Disruption Kick+1","ats:Volcano+1","ats:Rat Pack+1","ats:Echo Reverb","MostiFishMod:JungleRules"],"relics":["ats:Sanity","DaveBox","REME_ComplimentaryCards","AT_ATBox","testmod-TestBox","BirthdayGift-Tetrahedron","testmod-Prudence","SynthV:TestCard","LetterFromLob","MerchantsRug","ReplayTheSpireMod:CursedCoin","Molten Egg 2","Omamori","ats:Ability Aura","ats:Originium","conspire:DecoderRing","testmod-ArcanaOfDestiny","Dodecahedron","testmod-DragonStarHat","Replay:Grab Bag","vexMod:TanglingVine","vexMod:CursedCompass","testmod-EnergyCheck","HalfPhantom","Chameleon Ring","AT_ChloranthyRing","Red Mask","conspire:RoyalGoblet","testmod-Hope","vexMod:FocusSash","testmod-Fortitude","ats:Arts"],"acts_visited":["Exordium","TheCity","TheBeyond"],"potions_floor_usage":[13,13],"damage_taken":[{"damage":0.0,"enemies":"Jaw Worm","floor":1.0,"turns":1.0},{"damage":0.0,"enemies":"Small Slimes","floor":2.0,"turns":1.0},{"damage":2.0,"enemies":"Cultist","floor":3.0,"turns":2.0},{"damage":1.0,"enemies":"2 Fungi Beasts","floor":4.0,"turns":1.0},{"damage":0.0,"enemies":"Large Slime","floor":5.0,"turns":1.0},{"damage":2.0,"enemies":"conspire:MimicChest","floor":7.0,"turns":2.0},{"damage":2.0,"enemies":"Looter","floor":10.0,"turns":2.0},{"damage":0.0,"enemies":"Replay:BlueRogue","floor":11.0,"turns":1.0},{"damage":8,"enemies":"3 Sentries","floor":13,"turns":2},{"damage":10,"enemies":"Fading Forest","floor":16,"turns":6},{"damage":0,"enemies":"Spheric Guardian","floor":19,"turns":1},{"damage":0,"enemies":"Shell Parasite","floor":20,"turns":1},{"damage":3,"enemies":"Gremlin Leader","floor":24,"turns":2},{"damage":2,"enemies":"3 Cultists","floor":27,"turns":2},{"damage":9,"enemies":"Snake Plant","floor":28,"turns":2},{"damage":3,"enemies":"Masked Bandits","floor":29,"turns":2},{"damage":3,"enemies":"Cultist and Chosen","floor":31,"turns":2},{"damage":4,"enemies":"Collector","floor":33,"turns":3},{"damage":2,"enemies":"Orb Walker","floor":35,"turns":2},{"damage":2,"enemies":"3 Darklings","floor":36,"turns":2},{"damage":10,"enemies":"Sphere and 2 Shapes","floor":37,"turns":2},{"damage":2,"enemies":"Maw","floor":38,"turns":2},{"damage":18,"enemies":"R_Hoarder","floor":40,"turns":4},{"damage":2,"enemies":"Jaw Worm Horde","floor":42,"turns":2},{"damage":6,"enemies":"Mind Bloom Boss Battle","floor":44,"turns":3},{"damage":9,"enemies":"3 Darklings","floor":45,"turns":2},{"damage":0,"enemies":"Sphere and 2 Shapes","floor":46,"turns":1},{"damage":2,"enemies":"Spire Growth","floor":48,"turns":2},{"damage":3,"enemies":"Donu and Deca","floor":50,"turns":2}],"seed_played":"5258295814602989427","potions_obtained":[{"floor":3.0,"key":"SteroidPotion"},{"floor":5.0,"key":"REME_GoldPotion"},{"floor":7.0,"key":"Swift Potion"},{"floor":11.0,"key":"LiquidBronze"},{"floor":13,"key":"REME_GoldPotion"},{"floor":19,"key":"Swift Potion"},{"floor":28,"key":"Swift Potion"},{"floor":29,"key":"Milkshake"},{"floor":30,"key":"ColorlessPotion"},{"floor":30,"key":"FairyPotion"}],"is_trial":false,"path_per_floor":["M","M","M","M","M","R","?","R","T","M","E","R","E","$","R","B",null,"M","M","M","$","?","R","E","R","T","M","M","?","?","M","R","B",null,"M","M","M","M","$","E","R","M","T","?","M","M","R","M","R","B",null],"character_chosen":"DOCTOR_CLASS","items_purchased":["MerchantsRug","ReplayTheSpireMod:CursedCoin","Molten Egg 2","Dodecahedron","ats:Volcano+1","ats:Arts","MostiFishMod:JungleRules"],"campfire_rested":2,"item_purchase_floors":[6,6,6,14,21,49,49],"current_hp_per_floor":[72,72,70,69,69,69,67,67,67,65,65,65,57,57,57,47,72,72,72,72,72,72,72,69,69,69,67,58,55,55,52,72,68,72,70,68,58,56,56,38,59,57,57,51,42,42,63,61,61,63],"gold":111,"neow_bonus":"RANDOM_EVENT","is_daily":false,"chose_seed":false,"campfire_upgraded":4,"win_rate":0.0,"timestamp":1611202410,"path_taken":["M","M","M","M","M","R","?","R","T","M","E","R","E","?","R","BOSS","M","M","M","$","?","R","E","R","T","M","M","?","?","M","R","BOSS","M","?","M","M","$","E","R","?","T","?","M","M","R","M","R","BOSS"],"items_purchased_type":["Relic","Relic","Relic","Relic","Card","Relic","Card"],"build_version":"2020-12-22","purchased_purges":2,"victory":true,"max_hp_per_floor":[72,72,72,72,72,72,72,72,72,72,72,72,72,72,72,72,72,72,72,72,72,72,72,72,72,72,72,72,72,72,72,72,72,72,72,72,72,72,72,72,72,72,72,72,72,72,72,72,72,72],"card_choices":[{"not_picked":["ats:Powerful Strike","ats:Revitalization"],"picked":"ats:Overload","floor":1.0},{"not_picked":["ats:Revitalization","ats:Healing Drone","ats:Explosion Area Strengthen","ats:Consecutive Shot Auto","ats:Flame Of Heaven"],"picked":"SKIP","floor":2.0},{"not_picked":["ats:Closed Bolt Burst Fire","ats:Ignite","ats:Childhood Dance","ats:Beaten Up"],"picked":"ats:Wolf Pack","floor":3.0},{"not_picked":["ats:Assault Order","ats:Powerful Strike","ats:Very Hot Blade","ats:Childhood Dance"],"picked":"ats:Mental Burst","floor":4.0},{"not_picked":["ats:Cat Scratch","ats:Explosion Area Strengthen","ats:Assault Order","ats:Hammer On","ats:Charging Defense"],"picked":"SKIP","floor":5.0},{"not_picked":["ats:Directed Diagnosis","ats:Counter Healing Mode","ats:Support Order","ats:Curse Doll"],"picked":"ats:Automatic Cover","floor":10.0},{"not_picked":["ats:Shell Defense","ats:Childhood Dance","ats:Apocalypse","ats:Assault Order"],"picked":"ats:Shadow Assault+1","floor":11.0},{"not_picked":["ats:Directed Diagnosis","ats:Encircling Forest","ats:Shadow Raid","ats:Phantom","ats:Assault Order"],"picked":"SKIP","floor":13},{"not_picked":["ats:Rat Pack","ats:Calcification","ats:Nebulous Foxfire","ats:Shadow Assault+1"],"picked":"ats:Disruption Kick+1","floor":16},{"not_picked":["ats:Phantom","ats:Curse Doll","ats:Counter Healing Mode","ats:Consecutive Shot Auto+1","ats:Powerful Strike+1"],"picked":"SKIP","floor":19},{"not_picked":["ats:Neurotoxin","ats:Healing Drone","ats:Explosion Area Strengthen+1","ats:Assault Order","ats:Curse Doll"],"picked":"SKIP","floor":20},{"not_picked":["ats:Ignite+1","ats:Song Of Battle","ats:Very Hot Blade+1","ats:Phantom"],"picked":"ats:Rat Pack","floor":24},{"not_picked":["ats:Consecutive Shot Auto+1","ats:Curse Doll","ats:Magnetic Hammer+1","ats:Explosion Area Strengthen+1","ats:Closed Bolt Burst Fire+1"],"picked":"SKIP","floor":27},{"not_picked":["ats:Explosion Area Strengthen+1","ats:Blood Oath+1","ats:Cat Scratch+1","ats:Closed Bolt Burst Fire+1","ats:Shell Defense"],"picked":"SKIP","floor":28},{"not_picked":["ats:Powerful Strike+1","ats:Shadow Assault+1","ats:Revitalization+1","ats:Thorns","ats:Cat Scratch+1"],"picked":"SKIP","floor":31},{"not_picked":["ats:Volcano+1","ats:Rat Pack","ats:Shadow Assault+1","ats:Disruption Kick+1"],"picked":"ats:Echo Reverb","floor":33},{"not_picked":["ats:Sashimi Platter+1","ats:Poison Spread+1","ats:Automatic Cover","ats:Revitalization+1","ats:Flexible Camouflage+1"],"picked":"SKIP","floor":35},{"not_picked":["ats:Leaping Hammer+1","ats:Explosion Area Strengthen+1","ats:Apocalypse","ats:Very Hot Blade+1","ats:Closed Bolt Burst Fire+1"],"picked":"SKIP","floor":36},{"not_picked":["ats:Consecutive Shot Auto+1","ats:Healing Strengthening","ats:Cat Scratch+1","ats:Curse Doll+1","ats:Soul Absorption"],"picked":"SKIP","floor":37},{"not_picked":["ats:Phantom","ats:Soul Absorption","ats:Collapsing Strike+1","ats:Revitalization+1","ats:Very Hot Blade+1"],"picked":"SKIP","floor":38},{"not_picked":["ats:Collapsing Strike+1","ats:Neurotoxin","ats:Echo Reverb","ats:Apocalypse","ats:Closed Bolt Burst Fire+1"],"picked":"SKIP","floor":40},{"not_picked":["ats:Consecutive Shot Auto+1","ats:Childhood Dance","ats:Steam Pump","ats:Flexible Camouflage+1","ats:Sunburst+1"],"picked":"SKIP","floor":42},{"not_picked":["ats:Consecutive Shot Auto+1","ats:Support Order+1","ats:Chain Hook+1","ats:Serious Mode","ats:Composite Medical Shells"],"picked":"SKIP","floor":45},{"not_picked":["ats:Leaping Hammer+1","ats:Consecutive Shot Auto+1","ats:Encircling Forest+1","ats:Powerful Strike+1","ats:Ignite+1"],"picked":"SKIP","floor":46},{"not_picked":["ats:Sword Rain+1","ats:Curse Doll","ats:Defend Order","ats:Song Of Battle","ats:Durian"],"picked":"SKIP","floor":48}],"player_experience":202989,"relics_obtained":[{"floor":1.0,"key":"SynthV:TestCard"},{"floor":1.0,"key":"LetterFromLob"},{"floor":7.0,"key":"Omamori"},{"floor":9.0,"key":"ats:Ability Aura"},{"floor":11.0,"key":"ats:Originium"},{"floor":11.0,"key":"conspire:DecoderRing"},{"floor":13,"key":"ats:Originium"},{"floor":13,"key":"testmod-ArcanaOfDestiny"},{"floor":15,"key":"testmod-DragonStarHat"},{"floor":24,"key":"ats:Originium"},{"floor":24,"key":"Chameleon Ring"},{"floor":26,"key":"AT_ChloranthyRing"},{"floor":29,"key":"Red Mask"},{"floor":40,"key":"ats:Originium"},{"floor":40,"key":"testmod-Hope"},{"floor":43,"key":"vexMod:FocusSash"},{"floor":44,"key":"testmod-Fortitude"}],"event_choices":[{"damage_healed":0,"gold_gain":0,"player_choice":"Fought Bandits","damage_taken":0,"max_hp_gain":0,"max_hp_loss":0,"event_name":"Masked Bandits","floor":29,"gold_loss":0},{"damage_healed":0,"gold_gain":0,"player_choice":"Got Potions","damage_taken":0,"max_hp_gain":0,"max_hp_loss":0,"event_name":"Lab","floor":30,"gold_loss":0},{"damage_healed":0,"gold_gain":0,"player_choice":"Fight","damage_taken":0,"max_hp_gain":0,"max_hp_loss":0,"event_name":"MindBloom","floor":44,"gold_loss":0}],"is_beta":false,"boss_relics":[{"not_picked":["vexMod:DeviousBotling","Philosopher\u0027s Stone"],"picked":"Replay:Grab Bag"},{"not_picked":["vexMod:FluxCapacitor","Sozu"],"picked":"vexMod:TanglingVine"},{"not_picked":["Cursed Key","Velvet Choker"],"picked":"vexMod:CursedCompass"},{"not_picked":["FrostBlade","vexMod:MegatonBomb"],"picked":"testmod-EnergyCheck"},{"not_picked":["testmod-DeterminationOfClimber","MostiFishMod:Hod"],"picked":"conspire:RoyalGoblet"}],"items_purged_floors":[14,39],"is_endless":false,"potions_floor_spawned":[3,5,7,11,13,19,28,29,31,33,37,38,40,42,48],"ascension_level":0}}