{"host":"pf9sh7nh6rpu9sau","time":1611199350,"event":{"mods":["2.2 Compatiblity","BaseMod","BetterRewards","Clockwork Mod","Downfall","Hermit","Mad Scientist","Minty Spire (QoL Compilation)","Permanent Neow","Quick Restart","Somnambulant","StSLib","The Clintock","The Cursed","The Disciple","The Hierophant","The Necromancer","The Runesmith"],"gold_per_floor":[99,111,126,36,36,36,90,90,90,90,90],"floor_reached":9,"language":"ENG","playtime":422,"items_purged":["bronze:Strike"],"score":49,"play_id":"9bb7f617-5b25-4479-b755-828476ea6800","local_time":"20210120222230","is_ascension_mode":false,"campfire_choices":[{"data":"bronze:Replicate","floor":1,"key":"SMITH"},{"data":"bronze:ShipIt","floor":8,"key":"SMITH"}],"circlet_count":0,"master_deck":["bronze:Strike","bronze:Strike","bronze:Strike","bronze:Defend","bronze:Defend","bronze:Defend","bronze:Defend","bronze:Replicate+1","bronze:Goto","bronze:ShipIt+1","bronze:Shield","bronze:Boost+1","bronze:BuggyMess+1","Clumsy"],"relics":["bronze:BronzeCore","bronze:BottledCode","MealTicket"],"acts_visited":["Exordium"],"potions_floor_usage":[9],"damage_taken":[{"damage":0,"enemies":"2 Louse","floor":2,"turns":4},{"damage":6,"enemies":"Jaw Worm","floor":3,"turns":3},{"damage":0,"enemies":"downfall:FleeingMerchant","floor":4,"turns":4},{"damage":35,"enemies":"Gremlin Nob","floor":9,"turns":4}],"seed_played":"1277283928609617367","potions_obtained":[{"floor":3,"key":"bronze:BurnAndBuffPotion"}],"is_trial":false,"path_per_floor":["R","M","M","$","?","?","T","R","E"],"character_chosen":"THE_AUTOMATON","items_purchased":[],"campfire_rested":0,"item_purchase_floors":[],"current_hp_per_floor":[49,49,43,43,43,43,43,43,8,8,8],"gold":90,"neow_bonus":"THREE_RARE_CARDS","is_daily":false,"chose_seed":false,"campfire_upgraded":2,"win_rate":0.0,"timestamp":1611199350,"path_taken":["R","M","M","$","?","?","T","R","E"],"items_purchased_type":[],"build_version":"2020-12-22","purchased_purges":1,"victory":false,"max_hp_per_floor":[70,70,70,70,60,60,60,60,60,60,60],"card_choices":[{"not_picked":["bronze:Break","bronze:Assembly"],"picked":"bronze:ShipIt","floor":0},{"not_picked":["bronze:CutThrough","bronze:Iterate"],"picked":"bronze:Shield","floor":2},{"not_picked":["bronze:Turbo","bronze:Safeguard"],"picked":"bronze:Boost","floor":3},{"not_picked":["bronze:Iterate","bronze:Repair"],"picked":"bronze:BuggyMess","floor":4}],"player_experience":816868,"relics_obtained":[{"floor":7,"key":"MealTicket"}],"event_choices":[],"is_beta":false,"boss_relics":[],"items_purged_floors":[4],"is_endless":false,"potions_floor_spawned":[3],"killed_by":"Gremlin Nob","ascension_level":0}}