{"host":"wj6vwlg8bkoql3lv","time":1611260547,"event":{"mods":["AchievementEnabler","Bard","Bartender","BaseMod","Colored Map","Decade(???)","Friendly Minions","Hermit","Hubris","Infinite Spire","JesterMod","Jorbs\u0027s Wanderer Trilogy","KinomotoSakuraMod(????)","Marisa????????","Minty Spire (QoL Compilation)","Potionbrewer","Quick Restart","Replay The Spire","Robot Space Explorer","SIMod","Shade Mod","StSLib","The Blue Laboratory","The Bug Knight","The Construct","The Cursed","The Death Knight","The Disciple","The Forsaken","The Gatherer","The Hayseed","The Hierophant","The Jungle","The Marked","The Mystic","The Runesmith","The Saiyan","The Senshi","The Servant 0.9.4","TheFirefly","TheVacant","Transform Curses"],"gold_per_floor":[112,40,40,40,52,52,66,66,90,90,125,142,142,142,142,142,142],"floor_reached":16,"language":"ENG","playtime":1195,"items_purged":[],"score":98,"play_id":"6437897b-ed01-4c42-9aad-860f4b09b4b6","local_time":"20210121202227","is_ascension_mode":false,"campfire_choices":[{"data":"HollowMod:RecoilStrike","floor":6,"key":"SMITH"},{"data":"HollowMod:FocusHealStart","floor":8,"key":"SMITH"},{"data":"HollowMod:VengefulVoid","floor":10,"key":"SMITH"},{"floor":13,"key":"REST"},{"floor":15,"key":"REST"}],"circlet_count":0,"master_deck":["HollowMod:NailStrikeStart","HollowMod:NailStrikeStart","HollowMod:NailStrikeStart","HollowMod:NailStrikeStart","HollowMod:QuickDashStart","HollowMod:QuickDashStart","HollowMod:QuickDashStart","HollowMod:QuickDashStart","HollowMod:FocusHealStart+1","HollowMod:PogoStrike","HollowMod:VengefulVoid+1","HollowMod:RecoilStrike+1","theForsaken:PlagueCurse","HollowMod:BrokenVessel","HollowMod:DashSlash","HollowMod:ShapeofUnn","HollowMod:NewJinnsSoul","HollowMod:MonarchWings"],"relics":["HollowMod:VesselMask","Dream Catcher","theForsaken:PlagueMask","Vajra","hubris:BottledRain"],"acts_visited":["Exordium"],"potions_floor_usage":[11,12],"damage_taken":[{"damage":5,"enemies":"Jaw Worm","floor":1,"turns":4},{"damage":3,"enemies":"Small Slimes","floor":5,"turns":3},{"damage":5,"enemies":"Cultist","floor":7,"turns":3},{"damage":34,"enemies":"Lagavulin","floor":11,"turns":3},{"damage":21,"enemies":"Gremlin Gang","floor":12,"turns":3},{"damage":75,"enemies":"The Guardian","floor":16,"turns":11}],"seed_played":"-5624395373135264540","potions_obtained":[{"floor":1,"key":"Death Potion"},{"floor":11,"key":"DuplicationPotion"},{"floor":12,"key":"Cursed Concoction"}],"is_trial":false,"path_per_floor":["M","$","?","?","M","R","M","R","T","R","E","M","R","?","R","B"],"character_chosen":"THE_BUGKNIGHT","items_purchased":["HollowMod:RecoilStrike"],"campfire_rested":2,"item_purchase_floors":[2],"current_hp_per_floor":[75,75,75,75,72,72,67,67,67,67,39,18,40,40,62,0,0],"gold":142,"neow_bonus":"RANDOM_COMMON_RELIC","is_daily":false,"chose_seed":false,"campfire_upgraded":3,"win_rate":0.0,"timestamp":1611260547,"path_taken":["M","$","?","?","M","R","M","R","T","R","E","M","R","?","R","BOSS"],"items_purchased_type":["Card"],"build_version":"2020-12-22","purchased_purges":0,"victory":false,"max_hp_per_floor":[75,75,75,75,75,75,75,75,75,75,75,75,75,75,75,75,75],"card_choices":[{"not_picked":["HollowMod:CloakDash","HollowMod:CornifersMapStart"],"picked":"HollowMod:VengefulVoid","floor":1},{"not_picked":["HollowMod:InfectionAssault","HollowMod:PerfectDash"],"picked":"HollowMod:BrokenVessel","floor":5},{"not_picked":["HollowMod:NewLittleFool","HollowMod:SoulStrike"],"picked":"HollowMod:DashSlash","floor":7},{"not_picked":["HollowMod:DashSlash","HollowMod:SoulVessel"],"picked":"HollowMod:ShapeofUnn","floor":11},{"not_picked":["HollowMod:DreamGate","HollowMod:ChannelNail","HollowMod:SoulShaman"],"picked":"SKIP","floor":12},{"not_picked":["HollowMod:MidwifesHunger","HollowMod:DreamGate"],"picked":"HollowMod:NewJinnsSoul","floor":13},{"not_picked":["HollowMod:DashSlash","HollowMod:ShapeofUnn"],"picked":"HollowMod:MonarchWings","floor":15}],"player_experience":130712,"relics_obtained":[{"floor":9,"key":"Vajra"},{"floor":11,"key":"hubris:BottledRain"}],"event_choices":[{"damage_healed":0,"gold_gain":0,"player_choice":"Obtain Plague Curse","damage_taken":0,"max_hp_gain":0,"max_hp_loss":0,"event_name":"Plague Doctor","floor":3,"gold_loss":0,"cards_obtained":["theForsaken:PlagueCurse"]},{"damage_healed":0,"gold_gain":0,"player_choice":"Leave","damage_taken":0,"max_hp_gain":0,"max_hp_loss":0,"event_name":"The Cleric","floor":4,"gold_loss":0},{"damage_healed":0,"gold_gain":0,"player_choice":"Ignored","damage_taken":0,"max_hp_gain":0,"max_hp_loss":0,"event_name":"Liars Game","floor":14,"gold_loss":0}],"is_beta":false,"boss_relics":[],"items_purged_floors":[],"is_endless":false,"potions_floor_spawned":[1,11,12],"killed_by":"The Guardian","ascension_level":0}}