{"host":"c52z9ixzgdjttcmx","time":1611199068,"event":{"mods":["BaseMod","Colored Powertips","Minty Spire (QoL Compilation)","Rare Cards Sparkle","Relic Stats"],"gold_per_floor":[112,128,143,143,15,47,47,79,79,79,108,123,123,138,138,212,212,225,97,97,37,56,56,91,91,91,91,103,120,131,131,131,207,207,218,228,246,264,79,79,0,0,0],"floor_reached":42,"language":"ENG","playtime":2023,"items_purged":["Regret"],"score":867,"play_id":"71488c01-7a88-4c4b-8696-65d1c8e7ca94","local_time":"20210120211748","is_ascension_mode":true,"campfire_choices":[{"data":"Defragment","floor":7,"key":"SMITH"},{"floor":10,"key":"REST"},{"data":"Hello World","floor":13,"key":"SMITH"},{"floor":15,"key":"REST"},{"data":"Zap","floor":23,"key":"SMITH"},{"floor":25,"key":"REST"},{"floor":27,"key":"REST"},{"floor":32,"key":"REST"}],"circlet_count":0,"master_deck":["AscendersBane","Zap+1","Dualcast","Go for the Eyes","Defragment+1","Hello World+1","Coolheaded","BootSequence","Scrape","Capacitor+1","Steam","Lockon","Echo Form+1","Cold Snap+1","Storm+1","Steam","Coolheaded","Turbo","Sweeping Beam","Glacier","Redo","Biased Cognition+1","Buffer+1","All For One","Hyperbeam","Steam","Storm+1","Chaos","Conserve Battery","Thunder Strike","Conserve Battery+1","Sweeping Beam+1","Gash","Cold Snap+1","Go for the Eyes"],"relics":["Cracked Core","NeowsBlessing","Shuriken","Ornamental Fan","Boot","White Beast Statue","Frozen Egg 2","Nuclear Battery","Oddly Smooth Stone","Bronze Scales","Kunai","Pandora\u0027s Box","PreservedInsect","Red Mask"],"acts_visited":["Exordium","TheCity","TheBeyond"],"potions_floor_usage":[24,36,40],"damage_taken":[{"damage":0,"enemies":"2 Louse","floor":1,"turns":1},{"damage":0,"enemies":"Jaw Worm","floor":2,"turns":1},{"damage":0,"enemies":"Cultist","floor":3,"turns":1},{"damage":5,"enemies":"Lagavulin","floor":6,"turns":7},{"damage":33,"enemies":"Gremlin Nob","floor":8,"turns":5},{"damage":3,"enemies":"Lagavulin","floor":11,"turns":8},{"damage":6,"enemies":"Looter","floor":12,"turns":3},{"damage":13,"enemies":"Blue Slaver","floor":14,"turns":3},{"damage":37,"enemies":"Slime Boss","floor":16,"turns":10},{"damage":10,"enemies":"Spheric Guardian","floor":18,"turns":6},{"damage":6,"enemies":"Shell Parasite","floor":22,"turns":4},{"damage":37,"enemies":"Slavers","floor":24,"turns":5},{"damage":1,"enemies":"3 Cultists","floor":28,"turns":5},{"damage":1,"enemies":"Cultist and Chosen","floor":29,"turns":5},{"damage":9,"enemies":"Snake Plant","floor":30,"turns":3},{"damage":22,"enemies":"Champ","floor":33,"turns":13},{"damage":5,"enemies":"Orb Walker","floor":35,"turns":3},{"damage":19,"enemies":"3 Darklings","floor":36,"turns":7},{"damage":49,"enemies":"Writhing Mass","floor":37,"turns":4},{"damage":7,"enemies":"Spire Growth","floor":38,"turns":5},{"damage":11,"enemies":"Giant Head","floor":40,"turns":8},{"damage":25,"enemies":"Reptomancer","floor":42,"turns":2}],"seed_played":"7561768061850745284","potions_obtained":[{"floor":1,"key":"BlessingOfTheForge"},{"floor":8,"key":"FearPotion"},{"floor":12,"key":"FairyPotion"},{"floor":16,"key":"Dexterity Potion"},{"floor":18,"key":"EssenceOfDarkness"},{"floor":24,"key":"AttackPotion"},{"floor":36,"key":"EssenceOfSteel"},{"floor":37,"key":"SpeedPotion"},{"floor":38,"key":"SmokeBomb"}],"is_trial":false,"path_per_floor":["M","M","M","?","$","E","R","E","T","R","E","M","R","M","R","B",null,"M","$","?","?","M","R","E","R","T","R","M","M","M","?","R","B",null,"M","M","M","M","$","E","?","E"],"character_chosen":"DEFECT","items_purchased":["Coolheaded","Storm+1","Steam","PreservedInsect","Go for the Eyes"],"campfire_rested":5,"item_purchase_floors":[5,19,19,39,39],"current_hp_per_floor":[64,64,64,64,64,59,59,26,26,47,44,38,38,25,46,9,56,46,46,46,46,40,40,3,24,24,45,44,43,34,34,55,33,62,57,38,21,14,14,3,3,0,0],"gold":0,"neow_bonus":"THREE_ENEMY_KILL","is_daily":false,"chose_seed":false,"campfire_upgraded":3,"win_rate":0.0,"timestamp":1611199068,"path_taken":["M","M","M","?","$","E","R","E","T","R","E","M","R","M","R","BOSS","M","$","?","?","M","R","E","R","T","R","M","?","M","?","R","BOSS","M","M","M","M","$","E","?","E"],"items_purchased_type":["Card","Card","Card","Relic","Card"],"build_version":"2020-12-22","purchased_purges":1,"victory":false,"max_hp_per_floor":[71,71,71,71,71,71,71,71,71,71,71,71,71,71,71,71,71,71,71,71,71,71,71,71,71,71,71,71,71,71,71,71,71,71,71,71,71,71,71,71,71,71,71],"relic_stats":{"counters":[22,109],"Shuriken":[23],"Ornamental Fan":[84],"Bronze Scales":[169],"Pandora\u0027s Box":["Hyperbeam","Steam","Storm","Chaos","Conserve Battery","Thunder Strike"],"PreservedInsect":190,"Kunai":[12],"Boot":[90],"obtain_stats":[{"NeowsBlessing":0,"Oddly Smooth Stone":21,"PreservedInsect":39,"Frozen Egg 2":11,"Boot":8,"White Beast Statue":9,"Nuclear Battery":17,"Shuriken":4,"Ornamental Fan":6,"Bronze Scales":24,"Pandora\u0027s Box":34,"Red Mask":41,"Kunai":26,"Cracked Core":0},{"NeowsBlessing":0,"Oddly Smooth Stone":10,"PreservedInsect":20,"Frozen Egg 2":6,"Boot":5,"White Beast Statue":5,"Nuclear Battery":9,"Shuriken":3,"Ornamental Fan":4,"Bronze Scales":12,"Pandora\u0027s Box":16,"Red Mask":21,"Kunai":12,"Cracked Core":0},{"NeowsBlessing":0,"Oddly Smooth Stone":45,"PreservedInsect":99,"Frozen Egg 2":23,"Boot":15,"White Beast Statue":15,"Nuclear Battery":39,"Shuriken":3,"Ornamental Fan":10,"Bronze Scales":54,"Pandora\u0027s Box":80,"Red Mask":107,"Kunai":54,"Cracked Core":0}]},"card_choices":[{"not_picked":["Undo","Beam Cell"],"picked":"Go for the Eyes","floor":1},{"not_picked":["Rip and Tear","Aggregate"],"picked":"Defragment","floor":2},{"not_picked":["Steam Power","Recycle"],"picked":"Hello World","floor":3},{"not_picked":["Hello World","Aggregate"],"picked":"BootSequence","floor":6},{"not_picked":["Redo","Barrage"],"picked":"Scrape","floor":8},{"not_picked":["Compile Driver","Cold Snap"],"picked":"Capacitor+1","floor":11},{"not_picked":["Melter","Rebound"],"picked":"Steam","floor":12},{"not_picked":["Turbo","Force Field"],"picked":"Lockon","floor":14},{"not_picked":["Thunder Strike","Fission"],"picked":"Echo Form+1","floor":16},{"not_picked":["Ball Lightning","Gash"],"picked":"Cold Snap+1","floor":18},{"not_picked":["Streamline","Reinforced Body+1"],"picked":"Coolheaded","floor":22},{"not_picked":["Amplify","Streamline"],"picked":"Turbo","floor":24},{"not_picked":["Rebound","Steam"],"picked":"Sweeping Beam","floor":28},{"not_picked":["Reprogram","Tempest"],"picked":"Glacier","floor":29},{"not_picked":["Streamline","Doom and Gloom"],"picked":"Redo","floor":30},{"not_picked":["Thunder Strike","Machine Learning+1"],"picked":"All For One","floor":33},{"not_picked":["Coolheaded","Undo"],"picked":"Conserve Battery+1","floor":35},{"not_picked":["Beam Cell","Hello World+1"],"picked":"Sweeping Beam+1","floor":36},{"not_picked":["Redo","Sweeping Beam"],"picked":"Gash","floor":37},{"not_picked":["Redo","Steam+1"],"picked":"Cold Snap+1","floor":38}],"player_experience":3297124,"relics_obtained":[{"floor":6,"key":"Ornamental Fan"},{"floor":8,"key":"Boot"},{"floor":9,"key":"White Beast Statue"},{"floor":11,"key":"Frozen Egg 2"},{"floor":24,"key":"Bronze Scales"},{"floor":26,"key":"Kunai"}],"event_choices":[{"damage_healed":0,"gold_gain":0,"player_choice":"Box","damage_taken":0,"relics_obtained":["Shuriken"],"max_hp_gain":0,"max_hp_loss":0,"event_name":"Big Fish","floor":4,"gold_loss":0,"cards_obtained":["Regret"]},{"damage_healed":0,"gold_gain":0,"player_choice":"Ignored","damage_taken":0,"max_hp_gain":0,"max_hp_loss":0,"event_name":"Ghosts","floor":20,"gold_loss":0},{"damage_healed":0,"gold_gain":0,"player_choice":"Paid Gold","damage_taken":0,"relics_obtained":["Oddly Smooth Stone"],"max_hp_gain":0,"max_hp_loss":0,"event_name":"WeMeetAgain","floor":21,"gold_loss":60},{"damage_healed":0,"gold_gain":0,"cards_transformed":["Strike_B","Strike_B"],"player_choice":"Became Test Subject","damage_taken":0,"max_hp_gain":0,"max_hp_loss":0,"event_name":"Drug Dealer","floor":31,"gold_loss":0,"cards_obtained":["Biased Cognition","Buffer"]},{"damage_healed":0,"gold_gain":0,"player_choice":"Paid","damage_taken":0,"relics_obtained":["Red Mask"],"max_hp_gain":0,"max_hp_loss":0,"event_name":"Tomb of Lord Red Mask","floor":41,"gold_loss":79}],"is_beta":false,"boss_relics":[{"not_picked":["FrozenCore","Cursed Key"],"picked":"Nuclear Battery"},{"not_picked":["Coffee Dripper","Astrolabe"],"picked":"Pandora\u0027s Box"}],"items_purged_floors":[5],"is_endless":false,"potions_floor_spawned":[1,8,11,12,14,16,18,22,24,28,29,30,33,35,36,37,38,40],"killed_by":"Reptomancer","ascension_level":16}}