{"host":"7sni158j623xchr2","time":1611212791,"event":{"mods":["BaseMod","Colored Map","Highlight Path","Minty Spire (QoL Compilation)","Permanent Neow","Potion Indicator Mod","Rare Cards Sparkle","Relic Sorter","Relic Stats","StSLib","everything is the same but u backflip on backflip"],"gold_per_floor":[116,22,22,37,55,55,82,82,108,119,148,148,183,198,198,303,303,319,319,319,70,70,98,98,98,124,124,124,142,167,167,167,265,265,282,59,59,78,98,124,49,84,130,30,39,48,57,86,86,86,86,86,18,58,58,58],"floor_reached":55,"language":"ENG","playtime":2254,"items_purged":["Writhe","Strike_G"],"score":976,"play_id":"26f0a827-f56e-4c4c-9672-a6d6f222a53c","local_time":"20210121010631","is_ascension_mode":true,"campfire_choices":[{"data":"Bouncing Flask","floor":6,"key":"SMITH"},{"data":"Footwork","floor":8,"key":"SMITH"},{"data":"Neutralize","floor":12,"key":"SMITH"},{"data":"Predator","floor":15,"key":"SMITH"},{"data":"Sucker Punch","floor":24,"key":"SMITH"},{"data":"After Image","floor":27,"key":"SMITH"},{"floor":32,"key":"REST"},{"floor":45,"key":"REST"},{"floor":49,"key":"RECALL"},{"data":"Glass Knife","floor":52,"key":"SMITH"}],"circlet_count":0,"master_deck":["Strike_G","Strike_G","Defend_G","Defend_G","Defend_G","Defend_G","Defend_G","Survivor","Neutralize+1","Corpse Explosion+1","Bouncing Flask+1","Footwork+1","Deflect","Flying Knee","Sucker Punch+1","Predator+1","Quick Slash","PiercingWail","Acrobatics","After Image+1","Backstab","Noxious Fumes+1","Expertise","Terror+1","Necronomicurse","Backflip+1","Glass Knife+1","Leg Sweep","Predator+1","Writhe","Dark Shackles+1","Crippling Poison+1","Poisoned Stab+1"],"relics":["Ring of the Snake","Art of War","Dream Catcher","Juzu Bracelet","Bronze Scales","Black Star","Frozen Egg 2","Paper Crane","CultistMask","Ninja Scroll","Pear","Orichalcum","Toy Ornithopter","Bag of Marbles","Pocketwatch","Necronomicon","Snecko Eye","PreservedInsect","Toxic Egg 2","InkBottle","CeramicFish","Vajra","Mummified Hand","Pen Nib","Ornamental Fan","Boot"],"acts_visited":["Exordium","TheCity","TheBeyond","TheEnding"],"potions_floor_usage":[18,23,50,55,55],"damage_taken":[{"damage":6,"enemies":"Jaw Worm","floor":1,"turns":4},{"damage":0,"enemies":"Cultist","floor":4,"turns":3},{"damage":0,"enemies":"2 Louse","floor":5,"turns":3},{"damage":11,"enemies":"Lagavulin","floor":7,"turns":5},{"damage":1,"enemies":"Blue Slaver","floor":10,"turns":6},{"damage":6,"enemies":"3 Sentries","floor":11,"turns":2},{"damage":10,"enemies":"Gremlin Nob","floor":13,"turns":4},{"damage":10,"enemies":"Exordium Thugs","floor":14,"turns":3},{"damage":12,"enemies":"The Guardian","floor":16,"turns":9},{"damage":6,"enemies":"Chosen","floor":18,"turns":6},{"damage":9,"enemies":"Slavers","floor":23,"turns":3},{"damage":0,"enemies":"3 Byrds","floor":29,"turns":1},{"damage":13,"enemies":"Book of Stabbing","floor":30,"turns":5},{"damage":22,"enemies":"Automaton","floor":33,"turns":10},{"damage":0,"enemies":"3 Darklings","floor":35,"turns":2},{"damage":5,"enemies":"3 Shapes","floor":38,"turns":3},{"damage":44,"enemies":"Spire Growth","floor":39,"turns":5},{"damage":0,"enemies":"Giant Head","floor":40,"turns":7},{"damage":10,"enemies":"Reptomancer","floor":42,"turns":6},{"damage":22,"enemies":"Nemesis","floor":48,"turns":3},{"damage":21,"enemies":"Awakened One","floor":50,"turns":14},{"damage":57,"enemies":"Shield and Spear","floor":54,"turns":5},{"damage":27,"enemies":"The Heart","floor":55,"turns":5}],"seed_played":"2919737068302600371","potions_obtained":[{"floor":7,"key":"Dexterity Potion"},{"floor":11,"key":"Ancient Potion"},{"floor":13,"key":"Fire Potion"},{"floor":16,"key":"SkillPotion"},{"floor":30,"key":"AttackPotion"},{"floor":33,"key":"PowerPotion"}],"is_trial":false,"path_per_floor":["M","$","?","M","M","R","E","R","T","M","E","R","E","M","R","B",null,"M","T","?","$","?","E","R","?","T","R","?","M","E","?","R","B",null,"M","$","?","M","M","E","$","E","T","$","R","?","?","E","R","B",null,"R","$","E","B"],"character_chosen":"THE_SILENT","items_purchased":["Footwork","Deflect","Paper Crane","PreservedInsect","DuplicationPotion","Crippling Poison+1"],"campfire_rested":2,"item_purchase_floors":[2,2,21,36,36,53],"current_hp_per_floor":[57,57,57,57,57,57,46,46,46,45,39,39,29,19,19,7,63,57,57,57,57,57,58,58,58,58,58,58,58,45,29,50,28,73,73,73,73,68,24,24,24,14,14,14,35,53,43,21,21,5,73,73,73,16,0,0],"gold":58,"neow_bonus":"THREE_RARE_CARDS","is_daily":false,"chose_seed":false,"campfire_upgraded":7,"win_rate":0.0,"timestamp":1611212791,"path_taken":["M","$","?","M","M","R","E","R","T","M","E","R","E","M","R","BOSS","M","?","?","$","?","E","R","?","T","R","?","M","E","?","R","BOSS","M","$","?","M","M","E","$","E","T","?","R","?","?","E","R","BOSS","R","$","E","BOSS"],"items_purchased_type":["Card","Card","Relic","Relic","Potion","Card"],"build_version":"2020-12-22","purchased_purges":2,"victory":false,"max_hp_per_floor":[63,63,63,63,63,63,63,63,63,63,63,63,63,63,63,63,63,63,63,63,63,63,73,73,73,73,73,73,73,73,73,73,73,73,73,73,73,73,73,73,73,73,73,73,73,73,73,73,73,73,73,73,73,73,73,73],"relic_stats":{"counters":[23,114],"CeramicFish":45,"PreservedInsect":299,"Pen Nib":[5],"Juzu Bracelet":4,"Orichalcum":[6],"Boot":[0],"Dream Catcher":2,"Mummified Hand":[20],"Ornamental Fan":[12],"Bronze Scales":[328],"Snecko Eye":[117,87,109,103],"Art of War":[7],"Black Star":6,"Necronomicon":[18],"obtain_stats":[{"CeramicFish":42,"Vajra":42,"Juzu Bracelet":11,"Boot":54,"Dream Catcher":9,"Ninja Scroll":23,"Mummified Hand":48,"Necronomicon":31,"Toxic Egg 2":40,"InkBottle":40,"Ring of the Snake":0,"Pear":23,"PreservedInsect":36,"Pen Nib":48,"Frozen Egg 2":19,"Paper Crane":21,"Orichalcum":26,"Ornamental Fan":54,"Bronze Scales":13,"Snecko Eye":34,"CultistMask":22,"Art of War":7,"Black Star":17,"Bag of Marbles":30,"Toy Ornithopter":28,"Pocketwatch":30},{"CeramicFish":19,"Vajra":19,"Juzu Bracelet":6,"Boot":22,"Dream Catcher":4,"Ninja Scroll":11,"Mummified Hand":20,"Necronomicon":13,"Toxic Egg 2":18,"InkBottle":18,"Ring of the Snake":0,"Pear":11,"PreservedInsect":15,"Pen Nib":20,"Frozen Egg 2":10,"Paper Crane":10,"Orichalcum":11,"Ornamental Fan":22,"Bronze Scales":7,"Snecko Eye":14,"CultistMask":10,"Art of War":4,"Black Star":9,"Bag of Marbles":13,"Toy Ornithopter":11,"Pocketwatch":13},{"CeramicFish":87,"Vajra":87,"Juzu Bracelet":23,"Boot":109,"Dream Catcher":15,"Ninja Scroll":48,"Mummified Hand":90,"Necronomicon":54,"Toxic Egg 2":81,"InkBottle":81,"Ring of the Snake":0,"Pear":48,"PreservedInsect":66,"Pen Nib":90,"Frozen Egg 2":45,"Paper Crane":45,"Orichalcum":48,"Ornamental Fan":109,"Bronze Scales":27,"Snecko Eye":64,"CultistMask":45,"Art of War":15,"Black Star":39,"Bag of Marbles":54,"Toy Ornithopter":48,"Pocketwatch":54}],"Toy Ornithopter":15,"InkBottle":[15],"Ring of the Snake":[28],"Pocketwatch":[27]},"card_choices":[{"not_picked":["A Thousand Cuts","Phantasmal Killer"],"picked":"Corpse Explosion","floor":0},{"not_picked":["PiercingWail","Setup"],"picked":"Bouncing Flask","floor":1},{"not_picked":["Dodge and Roll","Acrobatics"],"picked":"Flying Knee","floor":4},{"not_picked":["Cloak And Dagger","Prepared"],"picked":"Sucker Punch","floor":5},{"not_picked":["Outmaneuver","Acrobatics","Prepared"],"picked":"SKIP","floor":7},{"not_picked":["Cloak And Dagger","Dodge and Roll"],"picked":"Predator","floor":10},{"not_picked":["Accuracy","Skewer"],"picked":"Quick Slash","floor":11},{"not_picked":["Doppelganger","Blur"],"picked":"PiercingWail","floor":13},{"not_picked":["Outmaneuver","Heel Hook"],"picked":"Acrobatics","floor":14},{"not_picked":["Night Terror","Envenom"],"picked":"After Image","floor":16},{"not_picked":["Concentrate","Poisoned Stab","Sucker Punch+1"],"picked":"SKIP","floor":18},{"not_picked":["Dagger Throw","Poisoned Stab"],"picked":"Noxious Fumes+1","floor":23},{"not_picked":["Setup","Dagger Throw"],"picked":"Terror+1","floor":29},{"not_picked":["Noxious Fumes+1","Deflect","Dagger Throw"],"picked":"SKIP","floor":30},{"not_picked":["Bouncing Flask+1","Escape Plan"],"picked":"Backflip+1","floor":32},{"not_picked":["Storm of Steel","Die Die Die"],"picked":"Glass Knife","floor":33},{"not_picked":["Tactician","Dagger Throw","Poisoned Stab+1"],"picked":"SKIP","floor":35},{"not_picked":["Dagger Throw+1","Infinite Blades+1","Outmaneuver"],"picked":"SKIP","floor":38},{"not_picked":["Heel Hook+1","Masterful Stab+1"],"picked":"Leg Sweep","floor":39},{"not_picked":["Prepared+1","Distraction+1","Finisher+1"],"picked":"SKIP","floor":40},{"not_picked":["Blade Dance+1","Prepared+1","Setup+1"],"picked":"SKIP","floor":42},{"not_picked":["Deadly Poison+1","Quick Slash"],"picked":"Predator+1","floor":45},{"not_picked":["Finesse+1","Bandage Up+1"],"picked":"Dark Shackles+1","floor":47},{"not_picked":["Bane+1","Riddle With Holes+1","Outmaneuver+1"],"picked":"SKIP","floor":48},{"not_picked":["Endless Agony+1","Finisher"],"picked":"Poisoned Stab+1","floor":54}],"player_experience":1665013,"relics_obtained":[{"floor":7,"key":"Art of War"},{"floor":9,"key":"Dream Catcher"},{"floor":11,"key":"Juzu Bracelet"},{"floor":13,"key":"Bronze Scales"},{"floor":19,"key":"Frozen Egg 2"},{"floor":23,"key":"Ninja Scroll"},{"floor":23,"key":"Pear"},{"floor":26,"key":"Orichalcum"},{"floor":30,"key":"Bag of Marbles"},{"floor":30,"key":"Pocketwatch"},{"floor":31,"key":"Necronomicon"},{"floor":40,"key":"Toxic Egg 2"},{"floor":40,"key":"InkBottle"},{"floor":42,"key":"CeramicFish"},{"floor":42,"key":"Vajra"},{"floor":48,"key":"Mummified Hand"},{"floor":48,"key":"Pen Nib"},{"floor":54,"key":"Ornamental Fan"},{"floor":54,"key":"Boot"}],"event_choices":[{"damage_healed":0,"gold_gain":0,"player_choice":"Upgraded","damage_taken":0,"max_hp_gain":0,"max_hp_loss":0,"event_name":"Upgrade Shrine","floor":3,"gold_loss":0,"cards_upgraded":["Corpse Explosion"]},{"damage_healed":0,"gold_gain":0,"player_choice":"Read","damage_taken":0,"max_hp_gain":0,"max_hp_loss":0,"event_name":"The Library","floor":20,"gold_loss":0,"cards_obtained":["Backstab"]},{"damage_healed":0,"gold_gain":0,"player_choice":"Trade","damage_taken":0,"relics_obtained":["CultistMask"],"max_hp_gain":0,"max_hp_loss":0,"event_name":"FaceTrader","floor":22,"gold_loss":0},{"damage_healed":0,"gold_gain":0,"cards_transformed":["Strike_G"],"player_choice":"Transformed","damage_taken":0,"max_hp_gain":0,"max_hp_loss":0,"event_name":"Transmorgrifier","floor":25,"gold_loss":0,"cards_obtained":["Expertise"]},{"damage_healed":0,"gold_gain":0,"player_choice":"Opened","damage_taken":0,"relics_obtained":["Toy Ornithopter"],"max_hp_gain":0,"max_hp_loss":0,"event_name":"The Mausoleum","floor":28,"gold_loss":0,"cards_obtained":["Writhe"]},{"damage_healed":0,"gold_gain":0,"player_choice":"Obtained Book","damage_taken":16,"max_hp_gain":0,"max_hp_loss":0,"event_name":"Cursed Tome","floor":31,"gold_loss":0},{"cards_removed":["Strike_G"],"damage_healed":0,"gold_gain":0,"player_choice":"Removed Attack","damage_taken":0,"max_hp_gain":0,"max_hp_loss":0,"event_name":"Falling","floor":37,"gold_loss":0},{"damage_healed":18,"gold_gain":0,"player_choice":"Writhe","damage_taken":0,"max_hp_gain":0,"max_hp_loss":0,"event_name":"Winding Halls","floor":46,"gold_loss":0,"cards_obtained":["Writhe"]},{"damage_healed":0,"gold_gain":0,"player_choice":"Memory 3","damage_taken":10,"max_hp_gain":0,"max_hp_loss":0,"event_name":"SensoryStone","floor":47,"gold_loss":0}],"is_beta":false,"boss_relics":[{"not_picked":["Velvet Choker","Ring of the Serpent"],"picked":"Black Star"},{"not_picked":["Runic Dome","Coffee Dripper"],"picked":"Snecko Eye"}],"items_purged_floors":[41,44],"is_endless":false,"potions_floor_spawned":[7,11,13,16,30,33,38,39,42],"killed_by":"The Heart","ascension_level":3}}