{"host":"4udtejx3ummmwg8f","time":1611195800,"event":{"mods":["BaseMod","Minty Spire (QoL Compilation)"],"gold_per_floor":[116,132,132,148,48,78,78,113,185,199,212,212,252,265,265,389,389,413,434,434,448,448,448,448],"floor_reached":23,"language":"ENG","playtime":2046,"items_purged":["Defend_G"],"score":238,"play_id":"bd4f9236-1147-4f16-92c8-eedf983aa8f9","local_time":"20210121125320","daily_mods":["Heirloom","Time Dilation"],"is_ascension_mode":false,"campfire_choices":[{"floor":12,"key":"REST"},{"data":"Infinite Blades","floor":15,"key":"SMITH"}],"circlet_count":0,"master_deck":["Survivor","Neutralize","Underhanded Strike","Endless Agony","Dash","Acrobatics","Corpse Explosion","Endless Agony","Crippling Poison","Setup","Infinite Blades+1","Concentrate","Phantasmal Killer","Tactician","Blade Dance","Catalyst","Masterful Stab","Prepared","Finisher","Deflect","Dagger Throw","Deflect","Blur+1","Accuracy","Flechettes","Bite","Bite","Bite","Bite","Bite"],"relics":["Ring of the Snake","Torii","Ginger","Golden Idol","Oddly Smooth Stone","Matryoshka","Ancient Tea Set","Pandora\u0027s Box"],"acts_visited":["Exordium","TheCity"],"potions_floor_usage":[6,8,13,16,21],"damage_taken":[{"damage":0,"enemies":"Cultist","floor":1,"turns":3},{"damage":0,"enemies":"2 Louse","floor":2,"turns":3},{"damage":0,"enemies":"Jaw Worm","floor":4,"turns":2},{"damage":3,"enemies":"3 Sentries","floor":6,"turns":8},{"damage":11,"enemies":"Lagavulin","floor":8,"turns":7},{"damage":0,"enemies":"2 Fungi Beasts","floor":10,"turns":2},{"damage":0,"enemies":"Blue Slaver","floor":11,"turns":3},{"damage":2,"enemies":"Gremlin Nob","floor":13,"turns":5},{"damage":0,"enemies":"Exordium Wildlife","floor":14,"turns":2},{"damage":32,"enemies":"Slime Boss","floor":16,"turns":12},{"damage":6,"enemies":"2 Thieves","floor":18,"turns":3},{"damage":5,"enemies":"3 Byrds","floor":19,"turns":2},{"damage":7,"enemies":"Cultist and Chosen","floor":21,"turns":4},{"damage":63,"enemies":"Gremlin Leader","floor":23,"turns":4}],"seed_played":"5388530810965785201","potions_obtained":[{"floor":1,"key":"SpeedPotion"},{"floor":3,"key":"DistilledChaos"},{"floor":3,"key":"Weak Potion"},{"floor":4,"key":"FearPotion"},{"floor":8,"key":"Block Potion"},{"floor":16,"key":"Fire Potion"}],"is_trial":true,"path_per_floor":["M","M","?","M","$","E","?","E","T","M","M","R","E","M","R","B",null,"M","M","?","M","?","E"],"character_chosen":"THE_SILENT","items_purchased":["Acrobatics"],"campfire_rested":1,"item_purchase_floors":[5],"current_hp_per_floor":[70,70,70,70,70,67,67,56,56,56,56,70,68,68,68,36,70,64,59,59,52,49,0,0],"gold":448,"neow_bonus":"","is_daily":false,"chose_seed":false,"campfire_upgraded":1,"win_rate":0.0,"timestamp":1611195800,"path_taken":["M","M","?","M","?","E","?","E","T","M","M","R","E","M","R","BOSS","M","M","?","M","?","E"],"items_purchased_type":["Card"],"build_version":"2020-12-22","purchased_purges":1,"victory":false,"max_hp_per_floor":[70,70,70,70,70,70,70,70,70,70,70,70,70,70,70,70,70,70,70,70,70,49,49,49],"card_choices":[{"not_picked":["Heel Hook","Quick Slash"],"picked":"Underhanded Strike","floor":1},{"not_picked":["PiercingWail","Calculated Gamble"],"picked":"Endless Agony","floor":2},{"not_picked":["Acrobatics","Dagger Throw"],"picked":"Dash","floor":4},{"not_picked":["Dodge and Roll","Slice"],"picked":"Corpse Explosion","floor":6},{"not_picked":["Quick Slash","Tactician"],"picked":"Endless Agony","floor":8},{"not_picked":["Dodge and Roll","Slice"],"picked":"Crippling Poison","floor":10},{"not_picked":["Deflect","Finisher"],"picked":"Setup","floor":11},{"not_picked":["Storm of Steel","Crippling Poison"],"picked":"Infinite Blades","floor":13},{"not_picked":["Cloak And Dagger","Flying Knee"],"picked":"Concentrate","floor":14},{"not_picked":["Bullet Time","Die Die Die"],"picked":"Phantasmal Killer","floor":16},{"not_picked":["Poisoned Stab","Skewer"],"picked":"Blur+1","floor":18},{"not_picked":["Calculated Gamble","Sucker Punch"],"picked":"Accuracy","floor":19},{"not_picked":["Finisher","Expertise"],"picked":"Flechettes","floor":21}],"player_experience":116355,"relics_obtained":[{"floor":6,"key":"Ginger"},{"floor":8,"key":"Oddly Smooth Stone"},{"floor":9,"key":"Matryoshka"},{"floor":13,"key":"Ancient Tea Set"}],"event_choices":[{"damage_healed":0,"gold_gain":0,"player_choice":"Got Potions","damage_taken":0,"max_hp_gain":0,"max_hp_loss":0,"event_name":"Lab","floor":3,"gold_loss":0},{"damage_healed":0,"gold_gain":0,"player_choice":"Take Wound","damage_taken":0,"relics_obtained":["Golden Idol"],"max_hp_gain":0,"max_hp_loss":0,"event_name":"Golden Idol","floor":7,"gold_loss":0,"cards_obtained":["Injury"]},{"cards_removed":["Injury"],"damage_healed":0,"gold_gain":0,"player_choice":"Elegance","damage_taken":0,"max_hp_gain":0,"max_hp_loss":0,"event_name":"Back to Basics","floor":20,"gold_loss":0},{"damage_healed":0,"gold_gain":0,"player_choice":"Became a vampire","damage_taken":0,"max_hp_gain":0,"max_hp_loss":21,"event_name":"Vampires","floor":22,"gold_loss":0,"cards_obtained":["Bite","Bite","Bite","Bite","Bite"]}],"is_beta":false,"boss_relics":[{"not_picked":["SacredBark","Philosopher\u0027s Stone"],"picked":"Pandora\u0027s Box"}],"items_purged_floors":[5],"is_endless":true,"potions_floor_spawned":[1,4,8,16],"killed_by":"Gremlin Leader","ascension_level":0}}