{"host":"pcbz64t4k17ey4z1","time":1611262250,"event":{"mods":["2.2 Compatiblity","AchievementEnabler","Act Like it!","Aspiration","BaseMod","Beaked The Cultist","Better Match","Better Third Choice","BetterRewards","Card Forge","Colored Map","Colored Powertips","Conspire","Disable Question Mark Monsters","Fireblade Mod","Friendly Minions","Gensokyo","GifTheSpireLib","Glutton Mod","Googly Eyes","Gremlin Mod","Hermit","Hubris","Infinite Spire","Koishi","Marisa????????","Minty Spire (QoL Compilation)","Permanent Neow","Potionbrewer","Quick Restart","Random Character Button","Rare Cards Sparkle","Relic Filter","Replay The Spire","Robot Space Explorer","Shade Mod","Shop Mod","Spicy Shops","StSLib","Stuff the Spire","SuperFastMode","The Cursed","The Druid","The Gatherer","The Hierophant","The IronCluck","The Jungle","The Marked","The Runesmith","Virulent Crown","Waifu the Spire","Wandering Minibosses","vexMod"],"gold_per_floor":[119,119,134,152,170,201,217,245,325,325,356,373,407,434,434,537,537,548,567,581,164,177,177,177],"floor_reached":23,"language":"ENG","playtime":1419,"items_purged":["beaked:Strike_Y+1"],"score":405,"play_id":"40954641-f977-4432-8e26-8e0bdbcc2e16","local_time":"20210121205050","is_ascension_mode":true,"campfire_choices":[{"data":"beaked:FakeOut","floor":10,"key":"SMITH"},{"data":"beaked:KnowThyFoe","floor":15,"key":"SMITH"}],"circlet_count":0,"master_deck":["beaked:Strike_Y+1","beaked:Strike_Y+1","beaked:Strike_Y+1","beaked:Strike_Y+1","beaked:Strike_Y+1","beaked:Defend_Y+1","beaked:Defend_Y+1","beaked:Defend_Y+1","beaked:Defend_Y+1","beaked:Ceremony+1","beaked:Ceremony+1","beaked:Ceremony+1","beaked:CrazyRituals+1","beaked:WarriorEssence","beaked:FakeOut+1","beaked:Insight","beaked:Insight","beaked:Resilience","beaked:Insight","beaked:WarriorSpirit","beaked:KnowThyFoe+1","beaked:Sacrifice","beaked:FeelMyPain+1","beaked:WildInstinct","beaked:MachineSpirit+1"],"relics":["beaked:MendingPlumage","Hammer of Thor","Seething Fire","Anvil of the Gods","ClockworkSouvenir","WarpedTongs","conspire:DecoderRing","Kunai","aspiration:FetidBarrel","The Courier","StuffTheSpire:NeowsTribute","Cursed Key","vexMod:Cooldron","infinitespire:Satchel"],"acts_visited":["Exordium","TheCity"],"potions_floor_usage":[8,14,14,16,16,23],"damage_taken":[{"damage":4,"enemies":"Jaw Worm","floor":1,"turns":3},{"damage":0,"enemies":"Cultist","floor":3,"turns":5},{"damage":0,"enemies":"conspire:RoseBush","floor":4,"turns":5},{"damage":8,"enemies":"Blue Slaver","floor":5,"turns":4},{"damage":38,"enemies":"Gremlin Nob","floor":6,"turns":6},{"damage":5,"enemies":"3 Louse","floor":7,"turns":6},{"damage":32,"enemies":"3 Sentries","floor":8,"turns":10},{"damage":14,"enemies":"Replay:BlueRogue","floor":11,"turns":7},{"damage":24,"enemies":"Looter","floor":12,"turns":4},{"damage":39,"enemies":"Red Slaver","floor":13,"turns":6},{"damage":4,"enemies":"Lagavulin","floor":14,"turns":7},{"damage":50,"enemies":"Hexaghost","floor":16,"turns":7},{"damage":11,"enemies":"conspire:FuzzyDice","floor":18,"turns":7},{"damage":28,"enemies":"Chosen","floor":19,"turns":5},{"damage":39,"enemies":"Sentry and Sphere","floor":20,"turns":6},{"damage":10,"enemies":"Centurion and Healer","floor":22,"turns":2},{"damage":45,"enemies":"Book of Stabbing","floor":23,"turns":4}],"seed_played":"-1915161499827534716","potions_obtained":[{"floor":7,"key":"Adrenaline Potion"},{"floor":11,"key":"Elixir"},{"floor":12,"key":"Dexterity Potion"},{"floor":13,"key":"SpeedPotion"},{"floor":14,"key":"SneckoOil"},{"floor":19,"key":"potionbrewer:ToxicPotion"},{"floor":20,"key":"Strength Potion"}],"is_trial":false,"path_per_floor":["M","?","M","M","M","E","M","E","T","R","E","M","M","E","R","B",null,"M","M","M","$","M","E"],"character_chosen":"BEAKED_THE_CULTIST","items_purchased":["ClockworkSouvenir","beaked:CrazyRituals+1","vexMod:Cooldron","beaked:WildInstinct","infinitespire:Satchel"],"campfire_rested":0,"item_purchase_floors":[0,0,21,21,21],"current_hp_per_floor":[50,50,50,50,50,25,49,38,38,38,50,36,19,39,39,50,50,50,37,20,20,22,0,0],"gold":177,"neow_bonus":"","is_daily":false,"chose_seed":false,"campfire_upgraded":2,"win_rate":0.0,"timestamp":1611262250,"path_taken":["M","?","M","?","M","E","M","E","T","R","E","M","M","E","R","BOSS","M","M","M","$","M","E"],"items_purchased_type":["Relic","Card","Relic","Card","Relic"],"build_version":"2020-12-22","purchased_purges":1,"victory":false,"max_hp_per_floor":[50,50,50,50,50,50,50,50,50,50,50,50,50,50,50,50,50,50,50,50,50,53,53,53],"card_choices":[{"not_picked":["beaked:Evade","beaked:Resilience"],"picked":"beaked:WarriorEssence","floor":1},{"not_picked":["beaked:FeelMyPain","beaked:SacrificialAttack"],"picked":"beaked:FakeOut","floor":3},{"not_picked":["ReplayTheSpireMod:Wings of Steel","beaked:DesperateSwing"],"picked":"beaked:Insight","floor":4},{"not_picked":["beaked:Daydream","beaked:SacrificialDive"],"picked":"beaked:WindBringer","floor":5},{"not_picked":["beaked:WarriorEssence","beaked:Evade"],"picked":"beaked:Insight","floor":6},{"not_picked":["beaked:FeelMyPain","beaked:SurvivalInstinct","beaked:Brace"],"picked":"SKIP","floor":7},{"not_picked":["beaked:Evade","beaked:Tradeoff","beaked:ShadowFade"],"picked":"SKIP","floor":8},{"not_picked":["beaked:DigDeeper","beaked:Daydream"],"picked":"beaked:Resilience","floor":11},{"not_picked":["beaked:Daydream","beaked:BraceForImpact"],"picked":"beaked:Insight","floor":12},{"not_picked":["beaked:Tradeoff","beaked:Daydream"],"picked":"beaked:WarriorSpirit","floor":13},{"not_picked":["beaked:MachineSpirit","beaked:Mantra"],"picked":"beaked:KnowThyFoe","floor":14},{"not_picked":["beaked:ShadowFade","beaked:Caw"],"picked":"beaked:Sacrifice","floor":16},{"not_picked":["beaked:Daydream+1","ReplayTheSpireMod:RavenHex","ReplayTheSpireMod:Prepare the Ceremony"],"picked":"SKIP","floor":18},{"not_picked":["beaked:Replenish","beaked:BloodForTheGods"],"picked":"beaked:FeelMyPain+1","floor":19},{"not_picked":["beaked:SacrificialAttack","beaked:Overpower+1","beaked:Redirect"],"picked":"SKIP","floor":20},{"not_picked":["beaked:Cower","ReplayTheSpireMod:Prepare the Ceremony+1"],"picked":"beaked:MachineSpirit+1","floor":22}],"player_experience":3348078,"relics_obtained":[{"floor":6,"key":"conspire:DecoderRing"},{"floor":8,"key":"Kunai"},{"floor":9,"key":"aspiration:FetidBarrel"},{"floor":11,"key":"The Courier"},{"floor":14,"key":"StuffTheSpire:NeowsTribute"}],"event_choices":[{"damage_healed":0,"gold_gain":0,"player_choice":"Rummage","damage_taken":0,"relics_obtained":["WarpedTongs"],"max_hp_gain":0,"max_hp_loss":0,"event_name":"Accursed Blacksmith","floor":2,"gold_loss":0,"cards_obtained":["Pain"]}],"is_beta":false,"boss_relics":[{"not_picked":["beaked:SacredDeck","aspiration:SilentSkillbook"],"picked":"Cursed Key"}],"items_purged_floors":[21],"is_endless":false,"potions_floor_spawned":[7,11,12,13,14,19,20],"killed_by":"Book of Stabbing","ascension_level":3}}