{"host":"28p8ce41sjwa6lzf","time":1611245473,"event":{"mods":["BaseMod","Bestiary","Colored Map","Colored Powertips","Dark Map","Highlight Path","Minty Spire (QoL Compilation)","Permanent Neow","Quick Restart","Random Character Button","Rare Cards Sparkle","Relic Stats","StSLib","Unceasing Turn Reminder"],"gold_per_floor":[116,116,136,152,162,197,197,231,231,242,242,281,302,302,302],"floor_reached":14,"language":"ENG","playtime":1188,"items_purged":[],"score":224,"play_id":"122fcdb4-8ff8-45bb-88c4-5f7a2821ef70","local_time":"20210121101113","is_ascension_mode":true,"campfire_choices":[{"floor":7.0,"key":"REST"},{"floor":11.0,"key":"REST"}],"circlet_count":0,"master_deck":["AscendersBane","Strike_B","Strike_B","Strike_B","Strike_B","Defend_B","Defend_B","Defend_B","Defend_B","Zap","Dualcast","Reprogram+1","Reprogram","Barrage","Doom and Gloom","Thunder Strike","Gash","Beam Cell","Recycle","Hello World"],"relics":["Cracked Core","Juzu Bracelet","Centennial Puzzle","Pantograph","Letter Opener","CeramicFish"],"acts_visited":["Exordium"],"potions_floor_usage":[13,13],"damage_taken":[{"damage":0.0,"enemies":"2 Louse","floor":1.0,"turns":2.0},{"damage":0.0,"enemies":"Small Slimes","floor":3.0,"turns":3.0},{"damage":7.0,"enemies":"Jaw Worm","floor":4.0,"turns":4.0},{"damage":0.0,"enemies":"3 Louse","floor":5.0,"turns":2.0},{"damage":36.0,"enemies":"Lagavulin","floor":6.0,"turns":9.0},{"damage":18.0,"enemies":"3 Sentries","floor":8.0,"turns":4.0},{"damage":5.0,"enemies":"2 Fungi Beasts","floor":10.0,"turns":2.0},{"damage":22.0,"enemies":"Lagavulin","floor":12.0,"turns":6.0},{"damage":12,"enemies":"Gremlin Gang","floor":13,"turns":3},{"damage":10,"enemies":"3 Sentries","floor":14,"turns":2}],"seed_played":"6235492775830157872","potions_obtained":[{"floor":1.0,"key":"EntropicBrew"},{"floor":3.0,"key":"Explosive Potion"},{"floor":6.0,"key":"Explosive Potion"},{"floor":10.0,"key":"LiquidBronze"}],"is_trial":false,"path_per_floor":["M","?","M","M","M","E","R","E","T","M","R","E","M","E"],"character_chosen":"DEFECT","items_purchased":[],"campfire_rested":2,"item_purchase_floors":[],"current_hp_per_floor":[64,64,64,57,57,21,42,24,24,19,40,18,6,0,0],"gold":302,"neow_bonus":"RANDOM_COMMON_RELIC","is_daily":false,"chose_seed":false,"campfire_upgraded":0,"win_rate":0.0,"timestamp":1611245473,"path_taken":["M","?","M","M","M","E","R","E","T","M","R","E","M","E"],"items_purchased_type":[],"build_version":"2020-12-22","purchased_purges":0,"victory":false,"max_hp_per_floor":[71,71,71,71,71,71,71,71,71,71,71,71,71,71,71],"relic_stats":{"Centennial Puzzle":[12],"counters":[10,37],"Pantograph":0,"CeramicFish":18,"Juzu Bracelet":0,"Letter Opener":[28],"obtain_stats":[{"Centennial Puzzle":6,"Pantograph":8,"CeramicFish":12,"Juzu Bracelet":0,"Letter Opener":9,"Cracked Core":0},{"Centennial Puzzle":5,"Pantograph":6,"CeramicFish":8,"Juzu Bracelet":0,"Letter Opener":6,"Cracked Core":0},{"Centennial Puzzle":20,"Pantograph":24,"CeramicFish":32,"Juzu Bracelet":0,"Letter Opener":24,"Cracked Core":0}]},"card_choices":[{"not_picked":["Force Field","Stack"],"picked":"Reprogram","floor":1.0},{"not_picked":["Sweeping Beam","Ball Lightning"],"picked":"Reprogram","floor":3.0},{"not_picked":["Redo","Compile Driver"],"picked":"Barrage","floor":4.0},{"not_picked":["Redo","Cold Snap"],"picked":"Doom and Gloom","floor":5.0},{"not_picked":["Amplify","Loop"],"picked":"Thunder Strike","floor":6.0},{"not_picked":["Cold Snap","Ball Lightning"],"picked":"Gash","floor":8.0},{"not_picked":["Ball Lightning","Stack"],"picked":"Beam Cell","floor":10.0},{"not_picked":["Leap","Cold Snap"],"picked":"Recycle","floor":12.0},{"not_picked":["Compile Driver","Coolheaded"],"picked":"Hello World","floor":13}],"player_experience":1166316,"relics_obtained":[{"floor":6.0,"key":"Centennial Puzzle"},{"floor":8.0,"key":"Pantograph"},{"floor":9.0,"key":"Letter Opener"},{"floor":12.0,"key":"CeramicFish"}],"event_choices":[{"damage_healed":0.0,"max_hp_gain":0.0,"max_hp_loss":0.0,"gold_gain":0.0,"event_name":"Living Wall","player_choice":"Grow","floor":2.0,"gold_loss":0.0,"damage_taken":0.0,"cards_upgraded":["Reprogram"]}],"is_beta":false,"boss_relics":[],"items_purged_floors":[],"is_endless":false,"potions_floor_spawned":[1,3,6,10,12],"killed_by":"3 Sentries","ascension_level":20}}