{"host":"kiczkwpc36uxnkg8","time":1611240754,"event":{"mods":["AchievementEnabler","Act Like it!","Aspiration","BaseMod","Better Note","Colored Powertips","Conspire","Defective Defect","Energized Spire","GifTheSpireLib","GungeonMod","Hermit","Hubris","Infinite Spire","Koishi","Marisa????????","Minty Spire (QoL Compilation)","Pale of the Ancients","Permanent Neow","Quick Restart","Relic Filter","Remilia??????","Replay The Spire","Spicy Shops","StSLib","Stuff the Spire","The Animator","The Bug Knight","The Kombatant","Uncapped","Wandering Minibosses"],"gold_per_floor":[10,10,10,30,40,66,36,36,62,82,82,82,82],"floor_reached":12,"language":"ENG","playtime":419,"items_purged":[],"score":90,"play_id":"06dc17a3-83e7-48b3-a77f-c7191afa9963","local_time":"20210121145234","is_ascension_mode":true,"campfire_choices":[{"floor":11,"key":"REST"}],"circlet_count":0,"master_deck":["Strike_R","Strike_R","Strike_R","Strike_R","Strike_R","Defend_R","Defend_R","Defend_R","Defend_R","Bash","Juggernaut+1","Dual Wield","Regret","Flame Barrier"],"relics":["Burning Blood","StuffTheSpire:RedRose","hubris:MysteriousPyramids","Centennial Puzzle"],"acts_visited":["Exordium"],"potions_floor_usage":[5,10],"damage_taken":[{"damage":7,"enemies":"Jaw Worm","floor":1,"turns":4},{"damage":0,"enemies":"2 Louse","floor":4,"turns":2},{"damage":7,"enemies":"Small Slimes","floor":5,"turns":4},{"damage":57,"enemies":"Gremlin Nob","floor":6,"turns":6},{"damage":10,"enemies":"Looter","floor":7,"turns":4},{"damage":10,"enemies":"3 Louse","floor":10,"turns":5},{"damage":28,"enemies":"3 Sentries","floor":12,"turns":4}],"seed_played":"6462364374887391380","potions_obtained":[{"floor":1,"key":"Weak Potion"},{"floor":5,"key":"ColorlessPotion"}],"is_trial":false,"path_per_floor":["M","?","?","M","M","E","M","?","T","M","R","E"],"character_chosen":"IRONCLAD","items_purchased":[],"campfire_rested":1,"item_purchase_floors":[],"current_hp_per_floor":[79,79,79,80,79,28,24,24,24,20,44,16,16],"gold":82,"neow_bonus":"THREE_RARE_CARDS","is_daily":false,"chose_seed":false,"campfire_upgraded":0,"win_rate":0.0,"timestamp":1611240754,"path_taken":["M","?","?","M","M","E","?","?","T","M","R","E"],"items_purchased_type":[],"build_version":"2020-12-22","purchased_purges":0,"victory":false,"max_hp_per_floor":[80,80,80,80,80,80,80,80,80,80,80,80,80],"card_choices":[{"not_picked":["Hemogenesis","Double Tap"],"picked":"Juggernaut","floor":0},{"not_picked":["Replay:Undeath\u0027s Touch","Havoc"],"picked":"Dual Wield","floor":1},{"not_picked":["Headbutt","Thunderclap"],"picked":"Flame Barrier","floor":4},{"not_picked":["Havoc","hubris:ReadiedAction","Perfected Strike"],"picked":"SKIP","floor":5},{"not_picked":["Power Through","Clothesline","Immolate"],"picked":"SKIP","floor":6},{"not_picked":["Run Through","Perfected Strike","Pommel Strike"],"picked":"SKIP","floor":7},{"not_picked":["StuffTheSpire:Incineration","True Grit","Infernal Blade"],"picked":"SKIP","floor":10}],"player_experience":773370,"relics_obtained":[{"floor":6,"key":"hubris:MysteriousPyramids"},{"floor":9,"key":"Centennial Puzzle"}],"event_choices":[{"damage_healed":0,"gold_gain":0,"player_choice":"Ignored","damage_taken":0,"max_hp_gain":0,"max_hp_loss":0,"event_name":"Golden Idol","floor":2,"gold_loss":0}],"is_beta":false,"boss_relics":[],"items_purged_floors":[],"is_endless":false,"potions_floor_spawned":[1,5],"killed_by":"3 Sentries","ascension_level":3}}