{"host":"l2dnabsh5e0fsksb","time":1611192976,"event":{"mods":["2.2 Compatiblity","BaseMod","Downfall","Minty Spire (QoL Compilation)","Quick Restart","StSLib"],"gold_per_floor":[99,99,99,99,99,127,181,212,212,238,254,267,67,101,112,112,112,112],"floor_reached":16,"language":"ENG","playtime":462,"items_purged":[],"score":176,"play_id":"f4e42735-a0a6-4e56-ae96-50628ac27710","local_time":"20210121120616","is_ascension_mode":true,"campfire_choices":[{"floor":1.0,"key":"RECALL"},{"floor":13,"key":"REST"}],"circlet_count":0,"master_deck":["bronze:Strike","bronze:Strike","bronze:Strike+1","bronze:Strike","bronze:Defend","bronze:Defend","bronze:Defend","bronze:Defend","bronze:Replicate+1","bronze:Goto","bronze:ChosenStrike","bronze:Spike","bronze:Frontload","Regret","bronze:OilSpill","bronze:GetLatest","bronze:DelayedSlice","bronze:CutThrough","bronze:FineTuning","bronze:ChildClass","bronze:Iterate","bronze:Constructor"],"relics":["bronze:BronzeCore","downfall:HeartsMalice","Oddly Smooth Stone","Mercury Hourglass","bronze:BronzeIdol","Whetstone","Odd Mushroom","downfall:HeartBlessingRed","downfall:HeartBlessingGreen","Bottled Flame"],"acts_visited":["Exordium"],"potions_floor_usage":[8,12,16,16],"damage_taken":[{"damage":0.0,"enemies":"2 Louse","floor":2.0,"turns":1.0},{"damage":0.0,"enemies":"2 Louse","floor":3.0,"turns":1.0},{"damage":0.0,"enemies":"Jaw Worm","floor":5.0,"turns":1.0},{"damage":46.0,"enemies":"3 Sentries","floor":6.0,"turns":9.0},{"damage":0,"enemies":"Gremlin Nob","floor":8,"turns":2},{"damage":10,"enemies":"The Mushroom Lair","floor":10,"turns":3},{"damage":0,"enemies":"Small Slimes","floor":11,"turns":1},{"damage":11,"enemies":"Blue Slaver","floor":12,"turns":2},{"damage":11,"enemies":"3 Sentries","floor":14,"turns":3},{"damage":1,"enemies":"Gremlin Gang","floor":15,"turns":2},{"damage":14,"enemies":"DF_ARCHETYPE_STREAMLINE","floor":16,"turns":9}],"seed_played":"5650526403239023318","potions_obtained":[{"floor":6.0,"key":"FearPotion"},{"floor":8,"key":"sneckomod:MuddlingPotion"},{"floor":10,"key":"SmokeBomb"},{"floor":11,"key":"Weak Potion"},{"floor":14,"key":"Dexterity Potion"}],"is_trial":false,"path_per_floor":["R","M","?","?","M","E","T","E","T","?","M","M","R","E","M","B"],"character_chosen":"THE_AUTOMATON","items_purchased":[],"campfire_rested":1,"item_purchase_floors":[],"current_hp_per_floor":[70,70,70,70,70,24,24,24,24,14,14,3,24,13,12,0,0,0],"gold":112,"neow_bonus":"THREE_ENEMY_KILL","is_daily":false,"chose_seed":false,"campfire_upgraded":0,"win_rate":0.0,"timestamp":1611192976,"path_taken":["R","M","?","?","M","E","T","E","?","?","?","?","R","E","M","BOSS"],"items_purchased_type":[],"build_version":"2020-12-22","purchased_purges":0,"victory":false,"max_hp_per_floor":[70,70,70,70,70,70,70,70,70,70,70,70,70,70,70,70,70,70],"card_choices":[{"not_picked":["bronze:FineTuning","bronze:BugBarrage"],"picked":"bronze:ChosenStrike","floor":2.0},{"not_picked":[],"picked":"bronze:Spike","floor":3.0},{"not_picked":["bronze:Turbo","bronze:Allocate"],"picked":"bronze:Frontload","floor":3.0},{"not_picked":["bronze:Separator","bronze:DigitalCarnage"],"picked":"bronze:OilSpill","floor":5.0},{"not_picked":["bronze:ShipIt","bronze:Return"],"picked":"bronze:GetLatest","floor":6.0},{"not_picked":["bronze:ItsAFeature","bronze:FineTuning"],"picked":"bronze:DelayedSlice","floor":8},{"not_picked":["bronze:BuggyMess","bronze:Overheat"],"picked":"bronze:CutThrough","floor":10},{"not_picked":["bronze:Frontload","bronze:Return"],"picked":"bronze:FineTuning","floor":11},{"not_picked":["bronze:Separator","bronze:Branch"],"picked":"bronze:ChildClass","floor":12},{"not_picked":["bronze:Virus","bronze:ChosenStrike"],"picked":"bronze:Iterate","floor":14},{"not_picked":["bronze:BronzeOrb","bronze:Branch"],"picked":"bronze:Constructor","floor":15}],"player_experience":1815744,"relics_obtained":[{"floor":6.0,"key":"Mercury Hourglass"},{"floor":8,"key":"bronze:BronzeIdol"},{"floor":9,"key":"Whetstone"},{"floor":10,"key":"Odd Mushroom"},{"floor":14,"key":"Bottled Flame"}],"event_choices":[{"damage_healed":0.0,"max_hp_gain":0.0,"max_hp_loss":0.0,"gold_gain":0.0,"event_name":"Big Fish","player_choice":"Box","floor":4.0,"gold_loss":0.0,"damage_taken":0.0,"relics_obtained":["Oddly Smooth Stone"],"cards_obtained":["Regret"]},{"damage_healed":0,"gold_gain":0,"player_choice":"Fought Mushrooms","damage_taken":0,"max_hp_gain":0,"max_hp_loss":0,"event_name":"Mushrooms","floor":10,"gold_loss":0}],"is_beta":false,"boss_relics":[],"items_purged_floors":[],"is_endless":false,"potions_floor_spawned":[6,8,10,11,14],"killed_by":"DF_ARCHETYPE_STREAMLINE","ascension_level":5}}