{"host":"yit83h4eit4n91s5","time":1611262841,"event":{"mods":["AchievementEnabler","BaseMod","Colored Map","Minty Spire (QoL Compilation)"],"gold_per_floor":[112,36,36,47,60,91,91,91,141,172,172,191,191,202,202,298,298,280,55,55,55,1,1,15,48,97,97,116,127,127,127],"floor_reached":30,"language":"ENG","playtime":1308,"items_purged":[],"score":322,"play_id":"ecf3d9ce-7f78-466e-82f2-73696f4f3220","local_time":"20210121160041","is_ascension_mode":true,"campfire_choices":[{"floor":7,"key":"REST"},{"data":"Buffer","floor":11,"key":"SMITH"},{"data":"Genetic Algorithm","floor":13,"key":"SMITH"},{"data":"Defragment","floor":15,"key":"SMITH"},{"data":"Defragment","floor":23,"key":"SMITH"}],"circlet_count":0,"master_deck":["Strike_B","Strike_B","Strike_B","Defend_B","Defend_B","Defend_B","Defend_B","Zap","Dualcast","Genetic Algorithm+1","Defragment+1","Cold Snap","Beam Cell","Leap","Buffer+1","Zap","Cold Snap","Cold Snap","Ball Lightning","Buffer","Fusion+1","Defragment+1","RitualDagger","Beam Cell","Sweeping Beam+1","Capacitor","Cold Snap+1","Cold Snap"],"relics":["Cracked Core","NeowsBlessing","Strawberry","DataDisk","Boot","Black Star","Nunchaku","Centennial Puzzle","Shuriken","Vajra","Toxic Egg 2"],"acts_visited":["Exordium","TheCity"],"potions_floor_usage":[1,28,28,28],"damage_taken":[{"damage":0,"enemies":"2 Louse","floor":1,"turns":1},{"damage":0,"enemies":"Cultist","floor":4,"turns":1},{"damage":0,"enemies":"Small Slimes","floor":5,"turns":1},{"damage":40,"enemies":"3 Sentries","floor":6,"turns":14},{"damage":11,"enemies":"Lagavulin","floor":10,"turns":8},{"damage":0,"enemies":"Looter","floor":12,"turns":3},{"damage":0,"enemies":"Large Slime","floor":14,"turns":4},{"damage":19,"enemies":"Hexaghost","floor":16,"turns":9},{"damage":13,"enemies":"2 Thieves","floor":18,"turns":4},{"damage":2,"enemies":"3 Byrds","floor":24,"turns":5},{"damage":29,"enemies":"Book of Stabbing","floor":25,"turns":7},{"damage":11,"enemies":"Snake Plant","floor":28,"turns":3},{"damage":17,"enemies":"Shelled Parasite and Fungi","floor":29,"turns":6},{"damage":9,"enemies":"Cultist and Chosen","floor":30,"turns":1}],"seed_played":"3618296384176856389","potions_obtained":[{"floor":1,"key":"Fruit Juice"},{"floor":4,"key":"ColorlessPotion"},{"floor":6,"key":"EssenceOfSteel"},{"floor":14,"key":"SkillPotion"}],"is_trial":false,"path_per_floor":["M","$","?","M","M","E","R","?","T","E","R","M","R","M","R","B",null,"M","$","?","?","$","R","M","E","T","T","M","M","M"],"character_chosen":"DEFECT","items_purchased":["Defragment","Nunchaku","Defragment","Beam Cell"],"campfire_rested":1,"item_purchase_floors":[2,19,19,22],"current_hp_per_floor":[80,80,80,80,80,47,73,73,73,62,62,62,62,62,62,43,87,74,74,74,68,68,68,66,37,37,37,26,9,0,0],"gold":127,"neow_bonus":"THREE_ENEMY_KILL","is_daily":false,"chose_seed":false,"campfire_upgraded":4,"win_rate":0.0,"timestamp":1611262841,"path_taken":["M","$","?","?","M","E","R","?","T","E","R","M","R","M","R","BOSS","M","?","?","?","?","R","M","E","T","?","M","?","M"],"items_purchased_type":["Card","Relic","Card","Card"],"build_version":"2020-12-22","purchased_purges":0,"victory":false,"max_hp_per_floor":[80,80,80,80,80,87,87,87,87,87,87,87,87,87,87,87,87,87,87,87,87,87,87,87,87,87,87,87,87,87,87],"card_choices":[{"not_picked":["Steam Power","Conserve Battery"],"picked":"Genetic Algorithm","floor":1},{"not_picked":["Chaos","Gash"],"picked":"Cold Snap","floor":4},{"not_picked":["Turbo","Rebound"],"picked":"Beam Cell","floor":5},{"not_picked":["Go for the Eyes","Doom and Gloom"],"picked":"Leap","floor":6},{"not_picked":["Skim","Rip and Tear"],"picked":"Cold Snap","floor":10},{"not_picked":["Skim","Barrage"],"picked":"Cold Snap","floor":12},{"not_picked":["Beam Cell","Conserve Battery"],"picked":"Ball Lightning","floor":14},{"not_picked":["Rainbow","Biased Cognition"],"picked":"Buffer","floor":16},{"not_picked":["Steam Power","Force Field"],"picked":"Fusion+1","floor":18},{"not_picked":["White Noise","Compile Driver+1"],"picked":"Sweeping Beam+1","floor":24},{"not_picked":["Force Field+1","Ball Lightning"],"picked":"Capacitor","floor":25},{"not_picked":["Steam+1","Sweeping Beam+1"],"picked":"Cold Snap+1","floor":28},{"not_picked":["Reboot+1","Redo+1"],"picked":"Cold Snap","floor":29}],"player_experience":178079,"relics_obtained":[{"floor":6,"key":"Strawberry"},{"floor":9,"key":"DataDisk"},{"floor":10,"key":"Boot"},{"floor":25,"key":"Centennial Puzzle"},{"floor":25,"key":"Shuriken"},{"floor":26,"key":"Vajra"},{"floor":27,"key":"Toxic Egg 2"}],"event_choices":[{"cards_removed":["Strike_B"],"damage_healed":0,"gold_gain":0,"player_choice":"Purged","damage_taken":0,"max_hp_gain":0,"max_hp_loss":0,"event_name":"Purifier","floor":3,"gold_loss":0},{"damage_healed":0,"gold_gain":0,"player_choice":"2 cards matched","damage_taken":0,"max_hp_gain":0,"max_hp_loss":0,"event_name":"Match and Keep!","floor":8,"gold_loss":0,"cards_obtained":["Buffer","Zap"]},{"damage_healed":0,"gold_gain":0,"player_choice":"Ignored","damage_taken":0,"max_hp_gain":0,"max_hp_loss":0,"event_name":"Vampires","floor":20,"gold_loss":0},{"damage_healed":0,"gold_gain":0,"player_choice":"Joined the Cult","damage_taken":6,"max_hp_gain":0,"max_hp_loss":0,"event_name":"Nest","floor":21,"gold_loss":0,"cards_obtained":["RitualDagger"]}],"is_beta":false,"boss_relics":[{"not_picked":["FrozenCore","Astrolabe"],"picked":"Black Star"}],"items_purged_floors":[],"is_endless":false,"potions_floor_spawned":[1,4,6,14,18,24],"killed_by":"Cultist and Chosen","ascension_level":3}}