{"host":"g5ztulhog0otympt","time":1611254320,"event":{"mods":["AchievementEnabler","BaseMod","Bestiary","Downfall","Hermit","Minty Spire (QoL Compilation)","StSLib","The Cursed"],"gold_per_floor":[114,114,131,131,151,179,179,192,218,229,229,69,87,103,103,205,205,223,241,98,112,128,163,163,178,178,178,178,178,188,39,39,138,138,157,173,173,173,189,189,223,223,223,223,235,2,2,2,2,2,2],"floor_reached":50,"language":"ENG","playtime":1262,"items_purged":[],"score":519,"play_id":"7c9c6898-a363-47bf-bf4f-6ac59f729706","local_time":"20210121203840","is_ascension_mode":false,"campfire_choices":[{"floor":15,"key":"REST"},{"floor":24,"key":"REST"},{"floor":27,"key":"REST"},{"data":"Loop","floor":29,"key":"SMITH"},{"data":"Zap","floor":32,"key":"SMITH"},{"floor":40,"key":"REST"},{"floor":42,"key":"REST"},{"floor":44,"key":"REST"},{"floor":47,"key":"REST"},{"data":"Defragment","floor":49,"key":"SMITH"}],"circlet_count":0,"master_deck":["Strike_B","Defend_B","Defend_B","Defend_B+1","Defend_B","Zap+1","Dualcast","Genetic Algorithm","Go for the Eyes","Ball Lightning","Defragment+1","Scrape+1","All For One+1","Reinforced Body","Defragment+1","Stack+1","Compile Driver+1","Hyperbeam+1","Steam+1","Loop+1","Gash+1","Gash+1","White Noise+1","Steam","Electrodynamics","Gash+1","Beam Cell+1","Conserve Battery+1","Gash","Sweeping Beam+1","Gash+1","Gash+1"],"relics":["Cracked Core","Dream Catcher","Art of War","Anchor","Astrolabe","Whetstone","Dead Branch","Prayer Wheel","War Paint","Black Star","Kunai","Omamori","Singing Bowl","Bag of Preparation"],"acts_visited":["Exordium","TheCity","TheBeyond"],"potions_floor_usage":[6,14,23,23,33,33,33,39,41,50],"damage_taken":[{"damage":5,"enemies":"Small Slimes","floor":1,"turns":2},{"damage":0,"enemies":"Cultist","floor":3,"turns":3},{"damage":0,"enemies":"2 Louse","floor":5,"turns":3},{"damage":44,"enemies":"3 Sentries","floor":6,"turns":7},{"damage":16,"enemies":"Gremlin Gang","floor":8,"turns":4},{"damage":6,"enemies":"2 Fungi Beasts","floor":10,"turns":4},{"damage":0,"enemies":"Large Slime","floor":13,"turns":4},{"damage":5,"enemies":"Exordium Wildlife","floor":14,"turns":3},{"damage":26,"enemies":"Hexaghost","floor":16,"turns":9},{"damage":3,"enemies":"2 Thieves","floor":18,"turns":2},{"damage":0,"enemies":"Chosen","floor":19,"turns":4},{"damage":10,"enemies":"Centurion and Healer","floor":21,"turns":5},{"damage":23,"enemies":"Shelled Parasite and Fungi","floor":22,"turns":5},{"damage":25,"enemies":"Book of Stabbing","floor":23,"turns":6},{"damage":8,"enemies":"Cultist and Chosen","floor":25,"turns":5},{"damage":2,"enemies":"Snake Plant","floor":30,"turns":4},{"damage":54,"enemies":"Automaton","floor":33,"turns":9},{"damage":8,"enemies":"3 Darklings","floor":35,"turns":4},{"damage":7,"enemies":"Orb Walker","floor":36,"turns":5},{"damage":12,"enemies":"Sphere and 2 Shapes","floor":39,"turns":5},{"damage":35,"enemies":"Reptomancer","floor":41,"turns":4},{"damage":25,"enemies":"Maw","floor":45,"turns":7},{"damage":83,"enemies":"Time Eater","floor":50,"turns":7}],"seed_played":"-2983543102787169483","potions_obtained":[{"floor":1,"key":"Regen Potion"},{"floor":3,"key":"Swift Potion"},{"floor":8,"key":"Weak Potion"},{"floor":13,"key":"DistilledChaos"},{"floor":19,"key":"CultistPotion"},{"floor":23,"key":"hexamod:SoulburnPotion"},{"floor":25,"key":"Strength Potion"},{"floor":30,"key":"FocusPotion"},{"floor":36,"key":"hexamod:SoulburnPotion"},{"floor":39,"key":"Explosive Potion"}],"is_trial":false,"path_per_floor":["M","?","M","?","M","E","?","M","T","M","?","$","M","M","R","B",null,"M","M","$","M","M","E","R","M","T","R","?","R","M","$","R","B",null,"M","M","?","?","M","R","E","R","T","R","M","$","R","$","R","B"],"character_chosen":"DEFECT","items_purchased":["All For One","Whetstone","War Paint","Bag of Preparation","LiquidBronze"],"campfire_rested":7,"item_purchase_floors":[12,20,31,46,46],"current_hp_per_floor":[77,77,77,77,77,48,48,32,32,26,19,19,19,14,38,12,82,79,79,79,69,46,21,45,37,37,61,82,82,80,80,80,26,82,74,67,67,67,55,78,43,66,66,80,57,57,83,83,83,0,0],"gold":2,"neow_bonus":"TEN_PERCENT_HP_BONUS","is_daily":false,"chose_seed":false,"campfire_upgraded":3,"win_rate":0.0,"timestamp":1611254320,"path_taken":["M","?","?","?","M","E","?","?","T","M","?","$","M","M","R","BOSS","M","M","$","M","M","E","R","M","T","R","?","R","M","$","R","BOSS","M","M","?","?","M","R","E","R","T","R","M","$","R","$","R","BOSS"],"items_purchased_type":["Card","Relic","Relic","Relic","Potion"],"build_version":"2020-12-22","purchased_purges":0,"victory":false,"max_hp_per_floor":[82,82,82,82,82,82,82,82,82,82,82,82,82,82,82,82,82,82,82,82,82,82,82,82,82,82,82,82,82,82,82,82,82,82,82,82,78,78,78,78,78,78,78,80,82,82,84,84,84,84,84],"card_choices":[{"not_picked":["Undo","Streamline"],"picked":"FTL","floor":1},{"not_picked":["Reprogram","Conserve Battery"],"picked":"Go for the Eyes","floor":3},{"not_picked":["Rebound","Blizzard"],"picked":"Ball Lightning","floor":5},{"not_picked":["Compile Driver","Hello World"],"picked":"Defragment","floor":6},{"not_picked":["Compile Driver","Blizzard"],"picked":"Scrape","floor":8},{"not_picked":["Blizzard","Darkness","Static Discharge"],"picked":"SKIP","floor":10},{"not_picked":["Compile Driver","Ball Lightning","Skim"],"picked":"SKIP","floor":13},{"not_picked":["Stack","Conserve Battery"],"picked":"Reinforced Body","floor":14},{"not_picked":["Hologram","Barrage"],"picked":"Defragment","floor":15},{"not_picked":["Rebound+1","Streamline"],"picked":"Steam","floor":18},{"not_picked":["Cold Snap","Hologram+1","Stack"],"picked":"SKIP","floor":19},{"not_picked":["Undo","Darkness+1"],"picked":"Loop","floor":21},{"not_picked":["Coolheaded","Cold Snap"],"picked":"Gash+1","floor":22},{"not_picked":["Aggregate+1","Auto Shields"],"picked":"Gash+1","floor":23},{"not_picked":["Streamline+1","Coolheaded+1","Steam Power+1"],"picked":"SKIP","floor":25},{"not_picked":["Rainbow","Redo"],"picked":"White Noise+1","floor":30},{"not_picked":["Sweeping Beam","Conserve Battery+1"],"picked":"Steam","floor":30},{"not_picked":["Go for the Eyes","Sweeping Beam+1"],"picked":"Electrodynamics","floor":35},{"not_picked":["Steam","Rebound+1","Sweeping Beam"],"picked":"SKIP","floor":35},{"not_picked":["Streamline+1","Scrape","Rebound+1"],"picked":"SKIP","floor":36},{"not_picked":["Static Discharge","Leap","Turbo"],"picked":"SKIP","floor":36},{"not_picked":["Streamline","Steam+1"],"picked":"Beam Cell+1","floor":39},{"not_picked":["Loop","Barrage+1"],"picked":"Conserve Battery+1","floor":39},{"not_picked":["Coolheaded","Fission"],"picked":"Gash","floor":40},{"not_picked":["Glacier","Recycle+1"],"picked":"Sweeping Beam+1","floor":41},{"not_picked":["Cold Snap","Sweeping Beam"],"picked":"Gash+1","floor":42},{"not_picked":["Rebound","Loop+1","Steam+1"],"picked":"Singing Bowl","floor":44},{"not_picked":["Capacitor","Redo"],"picked":"Gash+1","floor":45},{"not_picked":["Redo","Sunder","Double Energy+1"],"picked":"Singing Bowl","floor":45},{"not_picked":["Compile Driver+1","Chill+1","Turbo"],"picked":"Singing Bowl","floor":47}],"player_experience":118525,"relics_obtained":[{"floor":6,"key":"Dream Catcher"},{"floor":9,"key":"Art of War"},{"floor":23,"key":"Dead Branch"},{"floor":26,"key":"Prayer Wheel"},{"floor":41,"key":"Kunai"},{"floor":41,"key":"Omamori"},{"floor":43,"key":"Singing Bowl"}],"event_choices":[{"damage_healed":0,"gold_gain":0,"cards_transformed":["FTL"],"player_choice":"Transformed","damage_taken":0,"max_hp_gain":0,"max_hp_loss":0,"event_name":"Transmorgrifier","floor":2,"gold_loss":0,"cards_obtained":["Genetic Algorithm"]},{"damage_healed":0,"gold_gain":0,"player_choice":"Leave","damage_taken":0,"max_hp_gain":0,"max_hp_loss":0,"event_name":"The Cleric","floor":4,"gold_loss":0},{"damage_healed":0,"gold_gain":0,"player_choice":"Upgraded","damage_taken":0,"max_hp_gain":0,"max_hp_loss":0,"event_name":"Upgrade Shrine","floor":7,"gold_loss":0,"cards_upgraded":["Defragment"]},{"damage_healed":0,"gold_gain":0,"player_choice":"Success","damage_taken":7,"relics_obtained":["Anchor"],"max_hp_gain":0,"max_hp_loss":0,"event_name":"Scrap Ooze","floor":11,"gold_loss":0},{"damage_healed":27,"gold_gain":0,"player_choice":"Heal","damage_taken":0,"max_hp_gain":0,"max_hp_loss":0,"event_name":"The Library","floor":28,"gold_loss":0},{"damage_healed":0,"gold_gain":0,"player_choice":"Max HP","damage_taken":0,"max_hp_gain":0,"max_hp_loss":4,"event_name":"Winding Halls","floor":37,"gold_loss":0},{"damage_healed":0,"gold_gain":0,"player_choice":"Copied","damage_taken":0,"max_hp_gain":0,"max_hp_loss":0,"event_name":"Duplicator","floor":38,"gold_loss":0,"cards_obtained":["Gash"]}],"is_beta":false,"boss_relics":[{"not_picked":["FrozenCore","bronze:MakeshiftBattery"],"picked":"Astrolabe"},{"not_picked":["Snecko Eye","SacredBark"],"picked":"Black Star"}],"items_purged_floors":[],"is_endless":false,"potions_floor_spawned":[1,3,8,13,19,23,25,30,36,39],"killed_by":"Time Eater","ascension_level":0}}