{"host":"r10yh36zs2k9z1sa","time":1611242186,"event":{"mods":["AchievementEnabler","Act Like it!","Aspiration","Astrologer","BaseMod","Colored Map","Conspire","Gensokyo","Hermit","Highlight Path","KinomotoSakuraMod(¤ì¤§¥»?)","Koishi","KomeijiMod","Marisa¡]Ãú«B¡@Å]²z¨F¡^","Minty Spire (QoL Compilation)","Permanent Neow","Quick Restart","Reimu¡]³Õ???¡^","Remilia¡]Á¢¦Ì²ú?¡^","StSLib","SuperFastMode","The Administrix","The Animator","The Bug Knight","The Cursed","The Gatherer","The Marked","The Mystic","The Runesmith","The Saiyan","The Senshi","The Servant 0.9.4","Youmu¡]»î¾z§¯?¡^","Yuri Mod","Yuyuko"],"gold_per_floor":[119,130,80,80,255,290,290,306,306,378,178,178,251,360,360,416,416],"floor_reached":16,"language":"ZHS","playtime":891,"items_purged":[],"score":125,"play_id":"f483291e-f1ee-46a7-a9b9-e416341e889f","local_time":"20210121231626","is_ascension_mode":false,"campfire_choices":[{"data":"yuri:CalmingAura","floor":7,"key":"SMITH"},{"floor":15,"key":"REST"}],"circlet_count":0,"master_deck":["yuri:yuriStrike","yuri:yuriStrike","yuri:yuriStrike","yuri:yuriStrike","yuri:yuriDefend","yuri:yuriDefend","yuri:yuriDefend","yuri:yuriDefend","yuri:yuriDefend","yuri:Oolong+1","yuri:yuriStab","Panacea","yuri:ReloadGame","yuri:MPose","Doubt","yuri:CalmingAura+1","conspire:SpireCoStock","conspire:SpireCoStock","conspire:SpireCoStock","conspire:SpireCoStock","yuri:WickedSlash","yuri:DisableStrike"],"relics":["yuri:yuriKnife","Toy Ornithopter","Ornamental Fan","theSenshi:FeatherClipsRelic","White Beast Statue"],"acts_visited":["Exordium"],"potions_floor_usage":[6,6,14,14,16],"damage_taken":[{"damage":1,"enemies":"Small Slimes","floor":1,"turns":3},{"damage":0,"enemies":"2 Louse","floor":2,"turns":2},{"damage":54,"enemies":"Gremlin Nob","floor":6,"turns":6},{"damage":5,"enemies":"Cultist","floor":8,"turns":6},{"damage":32,"enemies":"Exordium Wildlife","floor":13,"turns":16},{"damage":17,"enemies":"Large Slime","floor":14,"turns":9},{"damage":51,"enemies":"Hexaghost","floor":16,"turns":17}],"seed_played":"2033964020532897242","potions_obtained":[{"floor":1,"key":"EssenceOfSteel"},{"floor":2,"key":"DistilledChaos"},{"floor":6,"key":"SpeedPotion"},{"floor":13,"key":"GrandPatriotsElixir:ReiMu"},{"floor":14,"key":"BlessingOfTheForge"}],"is_trial":false,"path_per_floor":["M","M","?","?","?","E","R","M","T","T","?","T","M","M","R","B"],"character_chosen":"YURI","items_purchased":[],"campfire_rested":1,"item_purchase_floors":[],"current_hp_per_floor":[80,80,80,80,80,33,33,35,35,35,35,35,16,22,46,7,7],"gold":416,"neow_bonus":"RANDOM_COLORLESS","is_daily":false,"chose_seed":false,"campfire_upgraded":1,"win_rate":0.0,"timestamp":1611242186,"path_taken":["M","M","?","?","?","E","R","M","T","?","?","?","M","M","R","BOSS"],"items_purchased_type":[],"build_version":"2020-12-22","purchased_purges":0,"victory":false,"max_hp_per_floor":[80,80,80,80,80,80,80,80,80,80,80,80,80,80,80,80,80],"card_choices":[{"not_picked":["Swift Strike","GradualImprovement"],"picked":"Panacea","floor":0},{"not_picked":["yuri:TPose","yuri:DejaVu"],"picked":"yuri:ReloadGame","floor":1},{"not_picked":["yuri:SelfHarm","yuri:Stalk"],"picked":"yuri:MPose","floor":2},{"not_picked":["yuri:ThrowBook","yuri:JumpScare"],"picked":"yuri:CalmingAura","floor":6},{"not_picked":["yuri:CalmingAura","yuri:RecklessStrike","yuri:Skip"],"picked":"SKIP","floor":8},{"not_picked":["yuri:ChibiInvasion","yuri:Stalk"],"picked":"yuri:WickedSlash","floor":13},{"not_picked":["yuri:yuriQuickStrike","yuri:CalmingAura"],"picked":"yuri:DisableStrike","floor":14}],"player_experience":282500,"relics_obtained":[{"floor":6,"key":"Toy Ornithopter"},{"floor":9,"key":"Ornamental Fan"},{"floor":10,"key":"theSenshi:FeatherClipsRelic"},{"floor":12,"key":"White Beast Statue"}],"event_choices":[{"cards_removed":["yuri:yuriStrike"],"damage_healed":0,"gold_gain":0,"player_choice":"Card Removal","damage_taken":0,"max_hp_gain":0,"max_hp_loss":0,"event_name":"The Cleric","floor":3,"gold_loss":50},{"damage_healed":0,"gold_gain":0,"player_choice":"Grow","damage_taken":0,"max_hp_gain":0,"max_hp_loss":0,"event_name":"Living Wall","floor":4,"gold_loss":0,"cards_upgraded":["yuri:Oolong"]},{"damage_healed":0,"gold_gain":175,"player_choice":"AGREE","damage_taken":0,"max_hp_gain":0,"max_hp_loss":0,"event_name":"Liars Game","floor":5,"gold_loss":0,"cards_obtained":["Doubt"]},{"damage_healed":0,"gold_gain":0,"player_choice":"Invest 4","damage_taken":0,"max_hp_gain":0,"max_hp_loss":0,"event_name":"conspire:Investor","floor":11,"gold_loss":0}],"is_beta":false,"boss_relics":[],"items_purged_floors":[],"is_endless":false,"potions_floor_spawned":[1,2,6,13,14],"killed_by":"Hexaghost","ascension_level":0}}