{"host":"l5xpox9cbdko122s","time":1611192497,"event":{"mods":["AchievementEnabler","BaseMod","Better Skull","Colored Map","Colored Powertips","Curses Come First","Displayed Cursed Tome","Hermit","Highlight Path","Minty Spire (QoL Compilation)","Quick Restart","Shop Mod","StSLib"],"gold_per_floor":[115,65,65,65,77,77,103,103,103,118,118,140,156,172,172,172,172],"floor_reached":16,"language":"ENG","playtime":954,"items_purged":[],"score":100,"play_id":"cba6a520-395f-40fb-a294-2dfad5a97f2f","local_time":"20210120202817","is_ascension_mode":false,"campfire_choices":[{"floor":6,"key":"RECALL"},{"floor":8,"key":"REST"},{"floor":15,"key":"REST"}],"circlet_count":0,"master_deck":["hermit:Strike_Hermit","hermit:Strike_Hermit","hermit:Strike_Hermit","hermit:Strike_Hermit","hermit:Defend_Hermit","hermit:Defend_Hermit","hermit:Defend_Hermit","hermit:Defend_Hermit","hermit:Snapshot"],"relics":["Philosopher\u0027s Stone","hermit:RedScarf","Mummified Hand","Odd Mushroom"],"acts_visited":["Exordium"],"potions_floor_usage":[12],"damage_taken":[{"damage":5,"enemies":"2 Louse","floor":1,"turns":2},{"damage":3,"enemies":"Small Slimes","floor":5,"turns":4},{"damage":35,"enemies":"3 Sentries","floor":7,"turns":12},{"damage":0,"enemies":"Jaw Worm","floor":10,"turns":3},{"damage":12,"enemies":"The Mushroom Lair","floor":12,"turns":5},{"damage":7,"enemies":"2 Fungi Beasts","floor":13,"turns":3},{"damage":4,"enemies":"Exordium Wildlife","floor":14,"turns":6},{"damage":90,"enemies":"The Guardian","floor":16,"turns":12}],"seed_played":"513323810392812524","potions_obtained":[{"floor":5,"key":"Weak Potion"},{"floor":10,"key":"FairyPotion"}],"is_trial":false,"path_per_floor":["M","?","?","$","M","R","E","R","T","M","T","?","M","M","R","B"],"character_chosen":"HERMIT","items_purchased":[],"campfire_rested":2,"item_purchase_floors":[],"current_hp_per_floor":[70,70,70,70,67,67,32,54,54,54,54,42,35,31,53,0,0],"gold":172,"neow_bonus":"BOSS_RELIC","is_daily":false,"chose_seed":false,"campfire_upgraded":0,"win_rate":0.0,"timestamp":1611192497,"path_taken":["M","?","?","$","M","R","E","R","T","M","?","?","M","?","R","BOSS"],"items_purchased_type":[],"build_version":"2020-12-22","purchased_purges":0,"victory":false,"max_hp_per_floor":[75,75,75,75,75,75,75,75,75,75,75,75,75,75,75,75,75],"card_choices":[{"not_picked":["hermit:HighCaliber","hermit:GhostlyPresence","hermit:Desperado"],"picked":"SKIP","floor":1},{"not_picked":["hermit:HoleUp","hermit:Quickdraw","hermit:GhostlyPresence"],"picked":"SKIP","floor":5},{"not_picked":["hermit:Snipe","hermit:DeadMansHand","hermit:Quickdraw"],"picked":"SKIP","floor":7},{"not_picked":["hermit:Headshot","hermit:Dive","hermit:Misfire"],"picked":"SKIP","floor":10},{"not_picked":["hermit:Brawl","hermit:Spite","hermit:Headshot"],"picked":"SKIP","floor":13},{"not_picked":["hermit:LowProfile","hermit:TakeAim","hermit:ShadowCloak"],"picked":"SKIP","floor":14}],"player_experience":167869,"relics_obtained":[{"floor":7,"key":"hermit:RedScarf"},{"floor":11,"key":"Mummified Hand"},{"floor":12,"key":"Odd Mushroom"}],"event_choices":[{"cards_removed":["hermit:Covet"],"damage_healed":0,"gold_gain":0,"player_choice":"Card Removal","damage_taken":0,"max_hp_gain":0,"max_hp_loss":0,"event_name":"The Cleric","floor":2,"gold_loss":50},{"damage_healed":0,"gold_gain":0,"player_choice":"Ignored","damage_taken":0,"max_hp_gain":0,"max_hp_loss":0,"event_name":"Shining Light","floor":3,"gold_loss":0},{"damage_healed":0,"gold_gain":0,"player_choice":"Fought Mushrooms","damage_taken":0,"max_hp_gain":0,"max_hp_loss":0,"event_name":"Mushrooms","floor":12,"gold_loss":0}],"is_beta":false,"boss_relics":[],"items_purged_floors":[],"is_endless":false,"potions_floor_spawned":[5,10],"killed_by":"The Guardian","ascension_level":0}}