{"host":"v4tuy5ykrbdcm9o9","time":1611201648,"event":{"mods":["BaseMod","Duelist Mod","Minty Spire (QoL Compilation)","Replay The Spire","StSLib"],"gold_per_floor":[114,127,141,25,35,68,68,109,109,109,150,209,68,95,95,201,201,230,230,9,18,42,42,42],"floor_reached":23,"language":"ENG","playtime":1884,"items_purged":["ReplayTheSpireMod:Splinters"],"score":272,"play_id":"4a4d4da4-3d65-4d2f-a03d-0615cc87a5ed","local_time":"20210120230048","is_ascension_mode":true,"campfire_choices":[{"floor":7,"key":"REST"},{"floor":10,"key":"RECALL"},{"floor":15,"key":"REST"}],"circlet_count":0,"master_deck":["Strike_G","Strike_G","Strike_G","Strike_G","Strike_G","Defend_G","Defend_G","Defend_G","Defend_G","Defend_G","Survivor","Neutralize","theDuelist:BeaverWarrior","Defend_G","ReplayTheSpireMod:Necrosis","Poisoned Stab","Dagger Throw","Endless Agony","Finisher","Quick Slash","Underhanded Strike","Flying Knee","Envenom","Backstab","Well Laid Plans","Acrobatics","Adrenaline","Blade Dance+1","Choke","RitualDagger","PiercingWail+1"],"relics":["Ring of the Snake","Meat on the Bone","CeramicFish","Nunchaku","Paper Crane","ReplayTheSpireMod:Lightbulb","SlaversCollar","ReplayFunnel"],"acts_visited":["Exordium","TheCity"],"potions_floor_usage":[6,8,11,16,18],"damage_taken":[{"damage":0,"enemies":"Cultist","floor":1,"turns":4},{"damage":4,"enemies":"Jaw Worm","floor":2,"turns":3},{"damage":0,"enemies":"2 Louse","floor":3,"turns":2},{"damage":0,"enemies":"2 Fungi Beasts","floor":5,"turns":2},{"damage":17,"enemies":"3 Sentries","floor":6,"turns":5},{"damage":13,"enemies":"Lagavulin","floor":8,"turns":7},{"damage":22,"enemies":"3 Sentries","floor":11,"turns":7},{"damage":1,"enemies":"Looter","floor":14,"turns":2},{"damage":12,"enemies":"The Guardian","floor":16,"turns":11},{"damage":18,"enemies":"2 Thieves","floor":18,"turns":2},{"damage":12,"enemies":"Chosen","floor":22,"turns":3},{"damage":46,"enemies":"Book of Stabbing","floor":23,"turns":5}],"seed_played":"-8023412630535875486","potions_obtained":[{"floor":2,"key":"LifebloodPotion"},{"floor":6,"key":"SmokeBomb"},{"floor":8,"key":"Fire Potion"},{"floor":11,"key":"Death Potion"},{"floor":12,"key":"Elixir"},{"floor":12,"key":"Explosive Potion"}],"is_trial":false,"path_per_floor":["M","M","M","$","M","E","R","E","T","R","E","?","$","M","R","B",null,"M","?","$","?","M","E"],"character_chosen":"THE_SILENT","items_purchased":["AttackPotion","Finisher","Well Laid Plans","Choke","ReplayFunnel"],"campfire_rested":2,"item_purchase_floors":[4,4,13,20,20],"current_hp_per_floor":[63,59,59,59,59,42,63,50,50,50,40,40,40,39,60,48,65,47,34,34,28,28,0,0],"gold":42,"neow_bonus":"THREE_RARE_CARDS","is_daily":false,"chose_seed":false,"campfire_upgraded":0,"win_rate":0.0,"timestamp":1611201648,"path_taken":["M","M","?","$","M","E","R","E","T","R","E","?","$","M","R","BOSS","M","?","$","?","M","E"],"items_purchased_type":["Potion","Card","Card","Card","Relic"],"build_version":"2020-12-22","purchased_purges":1,"victory":false,"max_hp_per_floor":[70,70,70,70,70,70,70,70,70,70,70,70,70,70,70,70,70,70,75,75,75,75,75,75],"card_choices":[{"not_picked":["Atom Bomb","Night Terror"],"picked":"ReplayTheSpireMod:Necrosis","floor":0},{"not_picked":["Quick Slash","Backflip"],"picked":"Poisoned Stab","floor":1},{"not_picked":["Deflect","All Out Attack"],"picked":"Dagger Throw","floor":2},{"not_picked":["Tools of the Trade","Deflect"],"picked":"Endless Agony","floor":3},{"not_picked":["Hidden Blade","Endless Agony"],"picked":"Quick Slash","floor":5},{"not_picked":["Quick Slash","ReplayTheSpireMod:Speed Training"],"picked":"Underhanded Strike","floor":6},{"not_picked":["ReplayTheSpireMod:Shiv Toss","Atom Bomb"],"picked":"Flying Knee","floor":8},{"not_picked":["Slice","Underhanded Strike"],"picked":"Envenom","floor":11},{"not_picked":["Acrobatics","Tactician"],"picked":"Backstab","floor":12},{"not_picked":["Draining Mist","Underhanded Strike"],"picked":"Acrobatics","floor":14},{"not_picked":["After Image","Bullet Time"],"picked":"Adrenaline","floor":16},{"not_picked":["Flying Knee","ReplayTheSpireMod:Scrap Shanks"],"picked":"Blade Dance+1","floor":18},{"not_picked":["Dagger Spray","ReplayTheSpireMod:Scrap Shanks"],"picked":"PiercingWail+1","floor":22}],"player_experience":620546,"relics_obtained":[{"floor":6,"key":"Meat on the Bone"},{"floor":8,"key":"CeramicFish"},{"floor":9,"key":"Nunchaku"},{"floor":11,"key":"Paper Crane"},{"floor":12,"key":"ReplayTheSpireMod:Lightbulb"}],"event_choices":[{"damage_healed":0,"gold_gain":0,"player_choice":"Shed Blood","damage_taken":18,"max_hp_gain":5,"max_hp_loss":0,"event_name":"Forgotten Altar","floor":19,"gold_loss":0},{"damage_healed":0,"gold_gain":0,"player_choice":"Joined the Cult","damage_taken":6,"max_hp_gain":0,"max_hp_loss":0,"event_name":"Nest","floor":21,"gold_loss":0,"cards_obtained":["RitualDagger"]}],"is_beta":false,"boss_relics":[{"not_picked":["Replay:Bronze Core","Calling Bell"],"picked":"SlaversCollar"}],"items_purged_floors":[13],"is_endless":false,"potions_floor_spawned":[2,6,8,11],"killed_by":"Book of Stabbing","ascension_level":6}}