{"host":"i0avyit1s6jb1siw","time":1611223598,"event":{"mods":["BaseMod","DeckTracker","Dota2Spire","Highlight Path","Minty Spire (QoL Compilation)","Quick Restart","StSLib","SuperFastMode"],"gold_per_floor":[119,119,137,137,20,20,39,66,66,66,85,113,93,113,113,113,189,189,202,222,222,238,252,252,252,266,334,347,347,358,258,258,284,284,356,356,367,367,386,386,386],"floor_reached":40,"language":"ENG","playtime":832,"items_purged":["Strike_R","Strike_R+1"],"score":886,"play_id":"8ae16d9a-6647-4a77-8d4b-07f1f58ea9ff","local_time":"20210121110638","is_ascension_mode":true,"campfire_choices":[{"floor":6.0,"key":"REST"},{"data":"Carnage","floor":10.0,"key":"SMITH"},{"data":"Metallicize","floor":15.0,"key":"SMITH"},{"floor":16.0,"key":"REST"},{"floor":24.0,"key":"REST"},{"floor":29.0,"key":"REST"},{"floor":32,"key":"REST"},{"floor":34,"key":"REST"}],"circlet_count":0,"master_deck":["AscendersBane","Defend_R+1","Defend_R+1","Defend_R+1","Bash+1","Twin Strike","Anger","Ghostly Armor","Carnage+1","Whirlwind","Metallicize+1","Double Tap","Shrug It Off","Inflame","Shrug It Off+1","Power Through","Armaments+1","Limit Break","Shockwave+1","Evolve+1","Twin Strike+1","Rage"],"relics":["SlaversCollar","Ornamental Fan","Dota2Spire:Mjollnir","Sozu","Eternal Feather","WingedGreaves","Astrolabe"],"acts_visited":["Exordium","TheCity","TheBeyond"],"potions_floor_usage":[35],"damage_taken":[{"damage":7.0,"enemies":"Cultist","floor":1.0,"turns":4.0},{"damage":9.0,"enemies":"2 Louse","floor":3.0,"turns":4.0},{"damage":0.0,"enemies":"Small Slimes","floor":7.0,"turns":3.0},{"damage":17.0,"enemies":"Lagavulin","floor":8.0,"turns":5.0},{"damage":4.0,"enemies":"2 Fungi Beasts","floor":11.0,"turns":3.0},{"damage":0.0,"enemies":"Gremlin Nob","floor":12.0,"turns":2.0},{"damage":13.0,"enemies":"Large Slime","floor":14.0,"turns":2.0},{"damage":10.0,"enemies":"The Guardian","floor":17.0,"turns":8.0},{"damage":0.0,"enemies":"2 Thieves","floor":19.0,"turns":3.0},{"damage":11.0,"enemies":"Chosen","floor":20.0,"turns":6.0},{"damage":18.0,"enemies":"Sentry and Sphere","floor":22.0,"turns":5.0},{"damage":0.0,"enemies":"Snecko","floor":23.0,"turns":3.0},{"damage":8.0,"enemies":"Snake Plant","floor":26.0,"turns":3.0},{"damage":22.0,"enemies":"Cultist and Chosen","floor":28.0,"turns":6.0},{"damage":30,"enemies":"Chosen and Byrds","floor":30,"turns":5},{"damage":30,"enemies":"Gremlin Leader","floor":33,"turns":7},{"damage":47,"enemies":"Champ","floor":35,"turns":10},{"damage":2,"enemies":"3 Shapes","floor":37,"turns":7},{"damage":39,"enemies":"3 Darklings","floor":39,"turns":7},{"damage":21,"enemies":"2 Orb Walkers","floor":40,"turns":2}],"seed_played":"-1106570025435449169","potions_obtained":[{"floor":3.0,"key":"FearPotion"},{"floor":7.0,"key":"Weak Potion"}],"is_trial":false,"path_per_floor":["M","?","M","?","$","R","M","E","T","R","M","E","?","M","R","R","B",null,"M","M","?","M","M","R","?","M","T","M","R","M","$","R","E","R","B",null,"M","?","M","?"],"character_chosen":"IRONCLAD","items_purchased":["Ghostly Armor"],"campfire_rested":6,"item_purchase_floors":[5],"current_hp_per_floor":[61,61,52,29,29,51,51,34,34,34,30,30,30,17,17,39,29,64,64,53,42,24,24,46,46,38,38,16,50,20,20,54,24,58,11,59,57,57,18,0,0],"gold":386,"neow_bonus":"BOSS_RELIC","is_daily":false,"chose_seed":false,"campfire_upgraded":2,"win_rate":0.0,"timestamp":1611223598,"path_taken":["M","?","M","?","$","R","M","E","T","R","M","E","?","M","R","R","BOSS","M","M","?","?","M","R","?","M","T","M","R","M","$","R","E","R","BOSS","M","?","M","?"],"items_purchased_type":["Card"],"build_version":"2020-12-22","purchased_purges":2,"victory":false,"max_hp_per_floor":[75,75,75,75,75,75,75,75,75,75,75,75,75,75,75,75,75,75,75,75,75,75,75,75,75,75,75,75,75,75,75,75,75,75,75,75,75,75,75,75,75],"card_choices":[{"not_picked":["Warcry","Heavy Blade"],"picked":"Twin Strike","floor":1.0},{"not_picked":["True Grit","Reckless Charge"],"picked":"Anger","floor":3.0},{"not_picked":["Clash","Flex"],"picked":"Carnage","floor":7.0},{"not_picked":["Juggernaut","Warcry","Clothesline"],"picked":"SKIP","floor":8.0},{"not_picked":["Heavy Blade","Cleave"],"picked":"Whirlwind","floor":11.0},{"not_picked":["Intimidate","Rupture"],"picked":"Metallicize","floor":12.0},{"not_picked":["Flex","Clash","Pummel"],"picked":"SKIP","floor":14.0},{"not_picked":["Exhume","Immolate"],"picked":"Double Tap","floor":17.0},{"not_picked":["Body Slam","Pommel Strike"],"picked":"Shrug It Off","floor":19.0},{"not_picked":["Pommel Strike+1","Ghostly Armor"],"picked":"Inflame","floor":20.0},{"not_picked":["Headbutt","Burning Pact"],"picked":"Shrug It Off+1","floor":22.0},{"not_picked":["True Grit+1","Pommel Strike+1"],"picked":"Power Through","floor":23.0},{"not_picked":["True Grit","Shrug It Off","Headbutt"],"picked":"SKIP","floor":26.0},{"not_picked":["Fire Breathing","True Grit"],"picked":"Armaments+1","floor":28.0},{"not_picked":["Dark Embrace","Searing Blow","Pommel Strike"],"picked":"SKIP","floor":30},{"not_picked":["Juggernaut","Ghostly Armor","Anger"],"picked":"SKIP","floor":33},{"not_picked":["Reaper","Exhume"],"picked":"Limit Break","floor":35},{"not_picked":["Perfected Strike","Warcry","Havoc"],"picked":"SKIP","floor":37},{"not_picked":["Evolve","Rage","Pummel"],"picked":"SKIP","floor":39},{"not_picked":["Evolve","Pummel"],"picked":"Rage","floor":39}],"player_experience":2311067,"relics_obtained":[{"floor":9.0,"key":"Ornamental Fan"},{"floor":12.0,"key":"Dota2Spire:Mjollnir"},{"floor":27.0,"key":"Eternal Feather"},{"floor":33,"key":"WingedGreaves"}],"event_choices":[{"damage_healed":0.0,"max_hp_gain":0.0,"max_hp_loss":0.0,"gold_gain":0.0,"event_name":"Living Wall","player_choice":"Grow","floor":2.0,"gold_loss":0.0,"damage_taken":0.0,"cards_upgraded":["Bash"]},{"damage_healed":0.0,"max_hp_gain":0.0,"max_hp_loss":0.0,"gold_gain":0.0,"event_name":"Shining Light","player_choice":"Entered Light","floor":4.0,"gold_loss":0.0,"damage_taken":23.0,"cards_upgraded":["Strike_R","Defend_R"]},{"damage_healed":0.0,"max_hp_gain":0.0,"max_hp_loss":0.0,"gold_gain":0.0,"event_name":"The Woman in Blue","player_choice":"Bought 1 Potion","floor":13.0,"gold_loss":0.0,"damage_taken":0.0},{"damage_healed":0.0,"max_hp_gain":0.0,"max_hp_loss":0.0,"gold_gain":0.0,"event_name":"Wheel of Change","player_choice":"Damaged","floor":21.0,"gold_loss":0.0,"damage_taken":11.0},{"damage_healed":0.0,"max_hp_gain":0.0,"max_hp_loss":0.0,"gold_gain":0.0,"event_name":"Back to Basics","player_choice":"Simplicity","floor":25.0,"gold_loss":0.0,"damage_taken":0.0,"cards_upgraded":["Strike_R","Strike_R","Strike_R","Defend_R","Defend_R","Defend_R"]},{"cards_removed":["Defend_R"],"damage_healed":0,"gold_gain":0,"player_choice":"Removed Skill","damage_taken":0,"max_hp_gain":0,"max_hp_loss":0,"event_name":"Falling","floor":38,"gold_loss":0},{"damage_healed":0,"gold_gain":0,"player_choice":"Fight","damage_taken":0,"max_hp_gain":0,"max_hp_loss":0,"event_name":"Mysterious Sphere","floor":40,"gold_loss":0}],"is_beta":false,"boss_relics":[{"not_picked":["Ectoplasm","SacredBark"],"picked":"Sozu"},{"not_picked":["Velvet Choker","Busted Crown"],"picked":"Astrolabe"}],"items_purged_floors":[5,31],"is_endless":false,"potions_floor_spawned":[3,7,11,19,22,26,30,39],"killed_by":"2 Orb Walkers","ascension_level":20}}