{"host":"flfr45pgjq2ffr5f","time":1611192620,"event":{"mods":["Act Like it!","BaseMod","Colored Map","Gensokyo","Hermit","Highlight Path","Marisa????????","Minty Spire (QoL Compilation)","Remilia??????","Robot Space Explorer","StSLib","The Bug Knight","The Cursed","The Jungle","The Marked","The Senshi","The Servant 0.9.4"],"gold_per_floor":[110,40,52,19,19,19,29,29,55,72,17,17,30,46,46,46,46],"floor_reached":16,"language":"ENG","playtime":3427,"items_purged":[],"score":92,"play_id":"99197436-7c51-4d79-81c0-fa212a76ff86","local_time":"20210120193020","is_ascension_mode":false,"campfire_choices":[{"data":"theSenshi:MoonPrismPowerMakeUp","floor":6.0,"key":"SMITH"},{"data":"theSenshi:RoseThrow","floor":8.0,"key":"SMITH"},{"floor":15,"key":"REST"}],"circlet_count":0,"master_deck":["theSenshi:SailorKick","theSenshi:SailorKick+1","theSenshi:SailorKick","theSenshi:SailorKick","theSenshi:SailorBlock","theSenshi:SailorBlock","theSenshi:SailorBlock+1","theSenshi:SailorBlock+1","theSenshi:RoseThrow+1","theSenshi:MoonPrismPowerMakeUp+1","theSenshi:MoonKick+1","theSenshi:SupersonicWaves","theSenshi:SailorStarFighterAssists+1","Clumsy","theSenshi:TallSilhouette","theSenshi:SailorPlanetAttack","Gensokyo:RustyChest","theSenshi:MoonCrisisMakeUp+1","theSenshi:SailorMercuryAssists","theSenshi:MoonCrystalPowerMakeUp"],"relics":["theSenshi:TransformationBroochRelic","Gensokyo:NagashiBinaDoll","Whetstone"],"acts_visited":["Gensokyo:Gensokyo"],"potions_floor_usage":[16,16,16],"damage_taken":[{"damage":0.0,"enemies":"Gensokyo:Gryphon","floor":1.0,"turns":4.0},{"damage":9.0,"enemies":"Gensokyo:2_Kodama","floor":3.0,"turns":3.0},{"damage":0.0,"enemies":"Gensokyo:3_Fairies","floor":7.0,"turns":4.0},{"damage":12.0,"enemies":"Gensokyo:Python_and_Kodama","floor":10.0,"turns":5.0},{"damage":0,"enemies":"Gensokyo:LivingMonolith","floor":13,"turns":3},{"damage":13,"enemies":"Gensokyo:3_Kodama","floor":14,"turns":6},{"damage":78,"enemies":"Gensokyo:Yukari","floor":16,"turns":18}],"seed_played":"4698651788776193163","potions_obtained":[{"floor":3.0,"key":"PowerPotion"},{"floor":7.0,"key":"SkillPotion"},{"floor":10.0,"key":"Energy Potion"}],"is_trial":false,"path_per_floor":["M","?","M","$","?","R","M","R","T","M","COS","?","M","M","R","B"],"character_chosen":"THE_SENSHI","items_purchased":["theSenshi:SailorStarFighterAssists"],"campfire_rested":1,"item_purchase_floors":[4],"current_hp_per_floor":[82,82,73,73,73,73,73,73,73,61,61,61,61,48,72,0,0],"gold":46,"neow_bonus":"TEN_PERCENT_HP_BONUS","is_daily":false,"chose_seed":false,"campfire_upgraded":2,"win_rate":0.0,"timestamp":1611192620,"path_taken":["M","?","?","$","?","R","M","R","T","M","COS","?","M","?","R","BOSS"],"items_purchased_type":["Card"],"build_version":"2020-12-22","purchased_purges":0,"victory":false,"max_hp_per_floor":[82,82,82,82,82,82,82,82,82,82,82,82,82,82,82,82,82],"card_choices":[{"not_picked":["theSenshi:LunasBite","theSenshi:MoonsReflection"],"picked":"theSenshi:MoonKick","floor":1.0},{"not_picked":["theSenshi:SailorStarFighterAssists","theSenshi:SailorMercuryAssists"],"picked":"theSenshi:SupersonicWaves","floor":3.0},{"not_picked":["theSenshi:MoonPunch","theSenshi:TuxedoSmokingBomber"],"picked":"theSenshi:TallSilhouette","floor":7.0},{"not_picked":["theSenshi:MoonPunch","theSenshi:SailorMercuryAssists"],"picked":"theSenshi:SailorPlanetAttack","floor":10.0},{"not_picked":["theSenshi:SailorVenusAssists+1","theSenshi:SailorMercuryAssists+1"],"picked":"theSenshi:MoonCrisisMakeUp+1","floor":13},{"not_picked":["theSenshi:SchoolBag","theSenshi:MoonTiaraMagic"],"picked":"theSenshi:SailorMercuryAssists","floor":13},{"not_picked":["theSenshi:EncouragingSpeech","theSenshi:SailorUranusAssists"],"picked":"theSenshi:MoonCrystalPowerMakeUp","floor":14}],"player_experience":6902,"relics_obtained":[{"floor":9.0,"key":"Whetstone"}],"event_choices":[],"is_beta":false,"boss_relics":[],"items_purged_floors":[],"is_endless":false,"potions_floor_spawned":[3,7,10],"killed_by":"Gensokyo:Yukari","ascension_level":0}}