{"host":"owfagvjreo3l000m","time":1611263331,"event":{"mods":["BaseMod","Downfall","Hermit","Hubris","Minty Spire (QoL Compilation)","StSLib","The Cursed","The Disciple","The Necromancer","The Runesmith","The Witch"],"gold_per_floor":[99,113,288,388,404,198,198,233,233,253,273,284,299,334,348,447,447,447,460,460,460,460,460],"floor_reached":21,"language":"ENG","playtime":1680,"items_purged":["Doubt"],"score":216,"play_id":"dc8aea56-20ed-4246-8190-6ee9d7b01666","local_time":"20210121160851","is_ascension_mode":false,"campfire_choices":[{"data":"Slimebound:CorrosiveSpit","floor":1,"key":"SMITH"},{"data":"Slimebound:Split","floor":9,"key":"SMITH"},{"data":"Slimebound:LeechEnergy","floor":18,"key":"SMITH"}],"circlet_count":0,"master_deck":["Slimebound:Strike_Slimebound","Slimebound:Strike_Slimebound","Slimebound:Strike_Slimebound","Slimebound:Tackle","Slimebound:Defend_Slimebound","Slimebound:Defend_Slimebound","Slimebound:Defend_Slimebound","Slimebound:Defend_Slimebound","Slimebound:Split+1","Slimebound:CorrosiveSpit+1","Slimebound:DisruptingSlam","Slimebound:AcidTongue","Slimebound:LivingWall","Slimebound:LeechEnergy+1","Slimebound:PressTheAttack","Slimebound:Prepare","Slimebound:SamplingLick","Slimebound:Nibble","Slimebound:HauntingLick","Slimebound:ViciousTackle","Slimebound:RallyTheTroops","Slimebound:SamplingLick"],"relics":["Slimebound:AbsorbEndCombat","Membership Card","hubris:DeckOfHolding","Bottled Lightning","Pear","Snecko Eye"],"acts_visited":["Exordium","TheCity"],"potions_floor_usage":[8,20,20],"damage_taken":[{"damage":0,"enemies":"2 Louse","floor":2,"turns":3},{"damage":9,"enemies":"Jaw Worm","floor":5,"turns":3},{"damage":0,"enemies":"downfall:FleeingMerchant","floor":6,"turns":4},{"damage":29,"enemies":"3 Sentries","floor":8,"turns":7},{"damage":3,"enemies":"Small Slimes","floor":10,"turns":3},{"damage":6,"enemies":"3 Louse","floor":11,"turns":3},{"damage":0,"enemies":"2 Fungi Beasts","floor":12,"turns":3},{"damage":4,"enemies":"Red Slaver","floor":13,"turns":3},{"damage":10,"enemies":"Lagavulin","floor":14,"turns":5},{"damage":9,"enemies":"2 Fungi Beasts","floor":15,"turns":3},{"damage":47,"enemies":"SI_SHIV_ARCHETYPE","floor":16,"turns":8},{"damage":20,"enemies":"Spheric Guardian","floor":19,"turns":5},{"damage":62,"enemies":"downfall:LadyInBlue","floor":20,"turns":12},{"damage":0,"enemies":"3 Byrds","floor":21,"turns":1}],"seed_played":"9143348132816984056","potions_obtained":[{"floor":2,"key":"Explosive Potion"},{"floor":8,"key":"Slimebound:SlimyTonguePotion"},{"floor":11,"key":"Block Potion"},{"floor":14,"key":"SmokeBomb"}],"is_trial":false,"path_per_floor":["R","M","?","?","M","$","T","E","R","M","M","M","M","E","M","B",null,"R","M","?","M"],"character_chosen":"SLIMEBOUND","items_purchased":["Membership Card"],"campfire_rested":0,"item_purchase_floors":[6],"current_hp_per_floor":[71,71,71,71,66,70,70,45,45,48,44,48,48,56,53,14,81,81,65,11,11,11,11],"gold":460,"neow_bonus":"TEN_PERCENT_HP_BONUS","is_daily":false,"chose_seed":false,"campfire_upgraded":3,"win_rate":0.0,"timestamp":1611263331,"path_taken":["R","M","?","?","M","$","T","E","R","M","?","M","M","E","M","BOSS","R","M","?","?"],"items_purchased_type":["Relic"],"build_version":"2020-12-22","purchased_purges":1,"victory":false,"max_hp_per_floor":[71,71,71,71,71,71,71,71,71,71,71,71,71,81,81,81,81,81,81,81,81,81,81],"card_choices":[{"not_picked":["Slimebound:BestDefense","Slimebound:SlimeBrawl"],"picked":"Slimebound:DisruptingSlam","floor":2},{"not_picked":["Slimebound:SplitMire","Slimebound:DisruptingSlam"],"picked":"Slimebound:AcidTongue","floor":5},{"not_picked":["Slimebound:SamplingLick","Slimebound:FormOfPuddle"],"picked":"Slimebound:LivingWall","floor":6},{"not_picked":["Slimebound:SlimeTap","Slimebound:SplitAcid"],"picked":"Slimebound:LeechEnergy","floor":8},{"not_picked":["Slimebound:DisruptingSlam","Slimebound:Overexert"],"picked":"Slimebound:PressTheAttack","floor":10},{"not_picked":["Slimebound:SplitAcid","Slimebound:RollThrough"],"picked":"Slimebound:Prepare","floor":11},{"not_picked":["Slimebound:ItLooksTasty","Slimebound:LeechingTouch"],"picked":"Slimebound:SamplingLick","floor":12},{"not_picked":["Slimebound:SplitMire","Slimebound:WasteNot"],"picked":"Slimebound:Nibble","floor":13},{"not_picked":["Slimebound:ForwardTackle","Slimebound:PressTheAttack"],"picked":"Slimebound:HauntingLick","floor":14},{"not_picked":["Slimebound:LivingWall","Slimebound:SamplingLick"],"picked":"Slimebound:ViciousTackle","floor":15},{"not_picked":["Slimebound:MinionMaster","Slimebound:WasteNot"],"picked":"Slimebound:RallyTheTroops","floor":16},{"not_picked":["Slimebound:SpikyOuterGoop","Slimebound:HauntingLick"],"picked":"Slimebound:SamplingLick","floor":19}],"player_experience":599666,"relics_obtained":[{"floor":7,"key":"hubris:DeckOfHolding"},{"floor":8,"key":"Bottled Lightning"},{"floor":14,"key":"Pear"}],"event_choices":[],"is_beta":false,"boss_relics":[{"not_picked":["Runic Pyramid","Empty Cage"],"picked":"Snecko Eye"}],"items_purged_floors":[6],"is_endless":false,"potions_floor_spawned":[2,8,11,14,16],"killed_by":"3 Byrds","ascension_level":0}}