{"host":"nt5s8w9te9kjrjx1","time":1611187453,"event":{"mods":["100% Spire Juice","2.2 Compatiblity","A Penny For Your Troubles","Abigail Mod","AchievementEnabler","Act Like it!","Aspiration","BaseMod","Better Altar","Better Match","Better Note","Better Sensory Stone","Better Skull","Better Third Choice","Better Vampires","Better-Laid Plans","BetterRewards","CapriCore","Card Forge","Colored Powertips","Conspire","Curses Come First","Displayed Cursed Tome","Energized Spire","Evolution","Gensokyo","Gold Saver","Good Game Mod","GungeonMod","Halation","Hallownest","Hermit","HexUI Lib","Highlight Path","HololiveMod","Hubris","Infinite Spire","Jess\u0027s Bottle","Jorbs\u0027s Wanderer Trilogy","Koishi","Luminous","Mari Mod (Legacy)","Mari\u0027s V1 Patch","Marisa????????","Marked Mod","Mimic Mod","Minty Spire (QoL Compilation)","MostiFishMod","Pale of the Ancients","Quick Restart","Rare Cards Sparkle","Reimu??????","Remilia??????","Reorder Act Four","Replay The Spire","Retaliation","Shade Mod","Small Relic Pack","Spicy Shops","Spikes Relics","Spire Arcade","StS++","StSLib","Steal the Spire","The Administrix","The Animator","The Blue Laboratory","The Caster","The Construct","The Cursed","The Gatherer","The Jungle","The Marked","The Mystic","The Necromancer","The Sage","The Servant 0.9.4","The Wild Card","TheVacant","Transform Curses","Uncapped","Virulent Crown","WarShipGirlsR/????R mod","vexMod"],"gold_per_floor":[30111,30011,30021,30038,28655,28655,28655,28655,28655,27098,27098,27110,27135,27135,27153,27188,27188,27288,27288,27303,27303,27303,26767,26767,26800,26819,26819,26855,26855,26871,25904,25904,25922,25922,26019,26019,26032,24836,24906,24906,24906,24938,24836,24836,24836,24836,24848,24882,23740,23740,23740,23741],"floor_reached":53,"language":"ENG","playtime":3657,"items_purged":["Pain"],"score":1237,"play_id":"d4bd000a-0bd4-4e2a-bd5f-709fce0670f9","local_time":"20210121000413","is_ascension_mode":false,"campfire_choices":[{"data":"SilverBlades","floor":8,"key":"SMITH"},{"data":"1","floor":14,"key":"LIFT"},{"data":"2","floor":17,"key":"LIFT"},{"data":"3","floor":27,"key":"LIFT"},{"floor":34,"key":"REST"},{"data":"ReturningBlade+4","floor":51,"key":"SMITH"}],"circlet_count":0,"master_deck":["Strike_S+1","Strike_S+1","Strike_S+1","Strike_S+1","Defend_S+1","Defend_S+1","Defend_S+1","Defend_S+1","KidneyShot+1","Exchange+1","Contraction+1","Ghostly+1","SilverBlades+1","BottledTime+1","SurpressingFire+1","Rearm+1","Starlight+1","SpecialFormula+1","MostiFishMod:JungleRules+1","TheWorld+1","Moonlight+1","Reset+1","MurderousAura+1","Sunlight+1","Mayhem+1","Desolation+1","ReplayTheSpireMod:Black Plague+1","Hololive_LuckPotion+1","InstantArmor+1","Barrier+1","ReturningBlade+4","ReturningBlade+5","Poisoned Strike+1","Madness+1","Sunlight+1","CurseOfTheBell","Pot Of Greed+1","Pot Of Greed+1","Pot Of Greed+1","Pot Of Greed+1","MurderousAura+1","ReplayTheSpireMod:Black Plague+1","Ricochet+1"],"relics":["Uniform","Hammer of Thor","Seething Fire","Anvil of the Gods","EVO:Axolotl","DaveBox","REME:ComplimentaryCards","SynthV:TestCard","DianPoetry","PocketWatch","hubris:TinFlute","Bag of Marbles","Medical Kit","Cauldron","Ancient Tea Set","hubris:Towel","Girya","SpikesRelics:DaevaFist","BrkXgEgg","vexMod:Dragonfruit","halation:QuantumPhysicsTextbook","Calipers","Juzu Bracelet","StSpp:WoodenStick","Runic Pyramid","MariMod:MariFestivalBadge","TimeFreeze","Strawberry","Tiny Chest","Regal Pillow","Replay:Wax Seal","conspire:TopHat","ImprovedEquipment","Pantograph","DemoMod:GlassGuonStoneRelic","Iron Hammer","relicPack:WeightedSword","DemoMod:SerJunkan","conspire:SeveredTorchhead","DemoMod:PinkGuonStone","BrokenLever","Technique","Strange Spoon","aspiration:ChemicalBlood","Replay:Bottled Eggs","DemoMod:Junk","Calling Bell","vexMod:FocusSash","Pear","StoneCalendar","halation:EternalFortune","Grinning Jar","Replay:Bottled Flurry","infinitespire:FocusingShard","Letter Opener","RuthlessExorcism:ReiMu","hubris:CuriousFeather","FossilizedHelix","aspiration:Nostalgia","PureWater","MostiFishMod:AdaptiveDefenses","ShockBauble"],"acts_visited":["Exordium","TheCity","TheBeyond"],"potions_floor_usage":[],"damage_taken":[{"damage":3,"enemies":"Small Slimes","floor":1,"turns":6},{"damage":11,"enemies":"Jaw Worm","floor":3,"turns":8},{"damage":0,"enemies":"Cultist","floor":4,"turns":6},{"damage":0,"enemies":"Exordium Thugs","floor":12,"turns":3},{"damage":0,"enemies":"Gremlin Nob","floor":13,"turns":3},{"damage":0,"enemies":"2 Fungi Beasts","floor":15,"turns":2},{"damage":0,"enemies":"Lagavulin","floor":16,"turns":2},{"damage":0,"enemies":"Slime Boss","floor":18,"turns":6},{"damage":0,"enemies":"Spheric Guardian","floor":20,"turns":3},{"damage":0,"enemies":"Book of Stabbing","floor":25,"turns":4},{"damage":13,"enemies":"Shell Parasite","floor":26,"turns":2},{"damage":0,"enemies":"Shelled Parasite and Fungi","floor":28,"turns":2},{"damage":12,"enemies":"Shelled Parasite and Fungi","floor":30,"turns":3},{"damage":0,"enemies":"Centurion and Healer","floor":33,"turns":3},{"damage":0,"enemies":"Automaton","floor":35,"turns":5},{"damage":0,"enemies":"Orb Walker","floor":37,"turns":1},{"damage":0,"enemies":"Nemesis","floor":42,"turns":4},{"damage":0,"enemies":"3 Darklings","floor":47,"turns":2},{"damage":0,"enemies":"Nightmare","floor":48,"turns":7},{"damage":0,"enemies":"Time Eater","floor":52,"turns":5}],"seed_played":"-3317068081395711974","potions_obtained":[{"floor":1,"key":"Fire Potion"},{"floor":5,"key":"blueLaboratory:NullPotion"},{"floor":5,"key":"EntropicBrew"},{"floor":18,"key":"FairyPotion"}],"is_trial":false,"path_per_floor":["M","?","M","M","$","PTL","PTL","R","?","$","T","M","E","R","M","E","R","B",null,"M","AVR","?","$","?","E","M","R","MIM","?","M","$","?","M","R","B",null,"M","$","T","AVR","?","E","?","?","T","T","M","NM","$","?","R","B",null],"character_chosen":"THE_SERVANT","items_purchased":["PocketWatch","hubris:TinFlute","Bag of Marbles","Medical Kit","Cauldron","Ancient Tea Set","SurpressingFire","Rearm","Snipe","Girya","SpikesRelics:DaevaFist","BrkXgEgg","vexMod:Dragonfruit","halation:QuantumPhysicsTextbook","Starlight","SpecialFormula","MostiFishMod:JungleRules+1","Strawberry","Tiny Chest","Regal Pillow","Replay:Wax Seal","Iron Hammer","relicPack:WeightedSword","DemoMod:SerJunkan","ReturningBlade","Poisoned Strike+1","Madness","DemoMod:PinkGuonStone","BrokenLever","Technique","Strange Spoon","aspiration:ChemicalBlood","Replay:Bottled Eggs","hubris:CuriousFeather","FossilizedHelix","aspiration:Nostalgia","MostiFishMod:AdaptiveDefenses","ShockBauble"],"campfire_rested":1,"item_purchase_floors":[5,5,5,5,5,5,5,5,5,10,10,10,10,10,10,10,10,23,23,23,23,31,31,31,31,31,31,38,38,38,38,38,38,49,49,49,49,49],"current_hp_per_floor":[68,68,57,57,57,57,57,57,57,62,62,67,72,72,76,76,76,76,76,76,76,76,83,86,86,73,73,81,81,74,74,74,82,86,86,86,86,93,93,103,106,106,106,106,106,106,106,106,106,106,106,106],"gold":23741,"neow_bonus":"TEN_PERCENT_HP_BONUS","is_daily":false,"chose_seed":false,"campfire_upgraded":2,"win_rate":0.0,"timestamp":1611187453,"path_taken":["M","?","M","M","$","PTL","PTL","R","?","$","T","M","E","R","M","E","R","BOSS","M","AVR","?","?","?","E","M","R","MIM","?","M","$","?","M","R","BOSS","M","$","?","AVR","?","E","?","?","T","?","M","NM","?","?","R","BOSS"],"items_purchased_type":["Relic","Relic","Relic","Relic","Relic","Relic","Card","Card","Card","Relic","Relic","Relic","Relic","Relic","Card","Card","Card","Relic","Relic","Relic","Relic","Relic","Relic","Relic","Card","Card","Card","Relic","Relic","Relic","Relic","Relic","Relic","Relic","Relic","Relic","Relic","Relic"],"build_version":"2020-12-22","purchased_purges":1,"victory":true,"max_hp_per_floor":[71,71,71,71,71,71,71,71,71,76,76,76,76,76,76,76,76,76,76,76,76,76,83,86,86,86,86,86,86,86,86,86,86,86,86,86,86,93,93,103,106,106,106,106,106,106,106,106,106,106,106,106],"card_choices":[{"not_picked":["Defy","Rearm"],"picked":"Contraction","floor":1},{"not_picked":["Misdirection","Defy","Replace","Barrier"],"picked":"SilverBlades","floor":3},{"not_picked":["LightFlow","Foresight","Revamp","DoubleEdge"],"picked":"BottledTime","floor":4},{"not_picked":["Moonlight","Rearm","Luminosity","Defy"],"picked":"TheWorld+1","floor":12},{"not_picked":["WasteNot","LightFlow+1","Alleviate","ShatteredReality"],"picked":"Moonlight","floor":13},{"not_picked":["Comet","TheWorld+1","Rearm","SilverBlades"],"picked":"Reset","floor":15},{"not_picked":["Revamp","Spin","FastForward","Ricochet"],"picked":"MurderousAura+1","floor":16},{"not_picked":["PendulumOfEternity+1","TheWorld+1","ForgedInTime+1","MurderousAura+1"],"picked":"Sunlight+1","floor":18},{"not_picked":["Alleviate","Contraction","Defy+1","Foresight+1"],"picked":"Desolation+1","floor":20},{"not_picked":["Spin+1","Rewind+1","Foresight","Gouge","Comet"],"picked":"SKIP","floor":25},{"not_picked":["MoonPhase","Rearm","Spin","DoubleEdge"],"picked":"InstantArmor","floor":26},{"not_picked":["Foresight","Moonlight","StarChef+1","Alleviate"],"picked":"Barrier","floor":28},{"not_picked":["Spin","Potential","ShatteredReality","MoonPhase+1","Defy"],"picked":"SKIP","floor":30},{"not_picked":["FastForward","Snipe","FanOfKnives","Unruled+1","ShatteredReality"],"picked":"SKIP","floor":33},{"not_picked":["SoulSculpture+1","Deny+1","ForgedInTime+1","Initiator+1"],"picked":"Sunlight+1","floor":35},{"not_picked":["Defy","Rewind+1","TimeWarp","SpecialFormula+1","Gouge+1"],"picked":"SKIP","floor":37},{"not_picked":["TimeWarp","Alleviate+1","Initiator+1","Advance+1"],"picked":"MurderousAura+1","floor":42},{"not_picked":["FastForward","Desolation+1","DoubleEdge+1","Revamp+1","TimeWarp"],"picked":"SKIP","floor":47},{"not_picked":["infinitespire:Gouge","infinitespire:Execution"],"picked":"ReplayTheSpireMod:Black Plague","floor":48},{"not_picked":["SilverBlades+1","BestPractice","Luminosity+1","ShatteredReality"],"picked":"Ricochet","floor":48}],"player_experience":189158,"relics_obtained":[{"floor":1,"key":"SynthV:TestCard"},{"floor":11,"key":"Calipers"},{"floor":13,"key":"Juzu Bracelet"},{"floor":16,"key":"StSpp:WoodenStick"},{"floor":25,"key":"conspire:TopHat"},{"floor":28,"key":"ImprovedEquipment"},{"floor":28,"key":"Pantograph"},{"floor":39,"key":"DemoMod:Junk"},{"floor":40,"key":"vexMod:FocusSash"},{"floor":40,"key":"Pear"},{"floor":40,"key":"StoneCalendar"},{"floor":42,"key":"Grinning Jar"},{"floor":45,"key":"infinitespire:FocusingShard"},{"floor":46,"key":"Letter Opener"},{"floor":48,"key":"RuthlessExorcism:ReiMu"}],"event_choices":[{"damage_healed":0,"gold_gain":0,"player_choice":"Argue","damage_taken":0,"max_hp_gain":0,"max_hp_loss":0,"event_name":"conspire:LoneGhost","floor":2,"gold_loss":0},{"cards_removed":["MurderousAura"],"damage_healed":0,"gold_gain":0,"player_choice":"Take \u0026 Give","damage_taken":0,"max_hp_gain":0,"max_hp_loss":0,"event_name":"betterNote:BetterNote","floor":22,"gold_loss":0,"cards_obtained":["Hololive_LuckPotion"]},{"cards_removed":["Snipe"],"damage_healed":0,"gold_gain":0,"player_choice":"Purged","damage_taken":0,"max_hp_gain":0,"max_hp_loss":0,"event_name":"Purifier","floor":29,"gold_loss":0},{"damage_healed":0,"gold_gain":0,"player_choice":"Paid Gold","damage_taken":0,"relics_obtained":["Replay:Bottled Flurry"],"max_hp_gain":0,"max_hp_loss":0,"event_name":"WeMeetAgain","floor":43,"gold_loss":102},{"damage_healed":0,"gold_gain":0,"player_choice":"Bought 0 Potions","damage_taken":0,"max_hp_gain":0,"max_hp_loss":0,"event_name":"The Woman in Blue","floor":50,"gold_loss":0}],"is_beta":false,"boss_relics":[{"not_picked":["aspiration:MarisaSkillbook","vexMod:FluxCapacitor"],"picked":"Runic Pyramid"},{"not_picked":["vexMod:TanglingVine","halation:LoveArrow"],"picked":"conspire:SeveredTorchhead"}],"items_purged_floors":[5],"is_endless":false,"potions_floor_spawned":[1,12,15,18,26,30,35,42],"ascension_level":0}}