{"host":"l2dnabsh5e0fsksb","time":1611198172,"event":{"mods":["2.2 Compatiblity","BaseMod","Downfall","Minty Spire (QoL Compilation)","Quick Restart","StSLib"],"gold_per_floor":[99,99,99,99,199,233,233,33,33,49,60,75,75,95,108,207,207,207,222,241,259,259,289,289,299,23,298,418,448,348,364,380,484,484,484,501,501,514,113,113,113,113,123,83,83,83,83,3,18,18,18,43,43,43,43,43],"floor_reached":57,"language":"ENG","playtime":2291,"items_purged":["Regret","downfall:Bewildered"],"score":1606,"play_id":"2edceae5-bf8b-41e5-9e55-b64aaebc7fcc","local_time":"20210121133252","is_ascension_mode":true,"campfire_choices":[{"floor":1.0,"key":"RECALL"},{"data":"bronze:Iterate","floor":8.0,"key":"SMITH"},{"data":"bronze:DelayedSlice","floor":13.0,"key":"SMITH"},{"data":"bronze:InfiniteLoop","floor":18.0,"key":"SMITH"},{"floor":30,"key":"REST"},{"data":"bronze:Repulsor","floor":35,"key":"SMITH"},{"data":"bronze:Flail","floor":42,"key":"SMITH"},{"data":"bronze:Fortify","floor":47,"key":"SMITH"},{"floor":54,"key":"REST"}],"circlet_count":0,"master_deck":["bronze:Strike","bronze:Strike","bronze:Strike+1","bronze:Strike+1","bronze:Defend","bronze:Defend","bronze:Defend","bronze:Defend","bronze:Replicate","bronze:Goto","bronze:Iterate+1","bronze:DelayedSlice+1","Writhe","bronze:Iterate+1","bronze:Shell","bronze:Optimize","bronze:Flail+1","bronze:Fortify+1","bronze:InfiniteLoop+1","bronze:OilSpill","bronze:Constructor","bronze:Branch+1","bronze:ForceShield","bronze:Frontload+1","bronze:Flail+1","bronze:BronzeOrb","bronze:Repulsor+1","bronze:BuggyMess+1","bronze:Boost","bronze:DelayedGuard","bronze:InfiniteLoop","bronze:BitShift+1","bronze:BronzeArmor+1","Injury","bronze:Deprecate+1","bronze:BronzeOrb","bronze:FollowUp","Parasite","bronze:Terminator","bronze:Overload+1"],"relics":["bronze:BronzeCore","downfall:HeartsMalice","Du-Vu Doll","Tiny Chest","downfall:HeartBlessingRed","downfall:HeartBlessingBlue","Pear","bronze:ElectromagneticCoil","Orichalcum","Darkstone Periapt","InkBottle","Eternal Feather","Pen Nib","downfall:HeartBlessingGreen","SlaversCollar","Bottled Flame","bronze:DonusWashers","Bag of Marbles","Mummified Hand","Happy Flower","bronze:BronzeIdol"],"acts_visited":["Exordium","TheCity","TheBeyond","TheEnding"],"potions_floor_usage":[25,25,29,29,33,50,50,55,56],"damage_taken":[{"damage":0.0,"enemies":"Cultist","floor":2.0,"turns":1.0},{"damage":0.0,"enemies":"Jaw Worm","floor":3.0,"turns":1.0},{"damage":0.0,"enemies":"Gremlin Nob","floor":6.0,"turns":1.0},{"damage":0.0,"enemies":"2 Louse","floor":10.0,"turns":1.0},{"damage":0.0,"enemies":"Blue Slaver","floor":11.0,"turns":1.0},{"damage":16.0,"enemies":"Lots of Slimes","floor":12.0,"turns":3.0},{"damage":12.0,"enemies":"Gremlin Gang","floor":14.0,"turns":3.0},{"damage":6.0,"enemies":"2 Fungi Beasts","floor":15.0,"turns":2.0},{"damage":36.0,"enemies":"DF_ARCHETYPE_STREAMLINE","floor":16.0,"turns":5.0},{"damage":11.0,"enemies":"Spheric Guardian","floor":19.0,"turns":3.0},{"damage":0.0,"enemies":"3 Cultists","floor":20.0,"turns":2.0},{"damage":24.0,"enemies":"Snake Plant","floor":21.0,"turns":4.0},{"damage":12.0,"enemies":"Gremlin Leader","floor":23.0,"turns":2.0},{"damage":0,"enemies":"Shelled Parasite and Fungi","floor":25,"turns":1},{"damage":4,"enemies":"downfall:FleeingMerchant","floor":26,"turns":4},{"damage":4,"enemies":"downfall:FleeingMerchant","floor":28,"turns":3},{"damage":0,"enemies":"Slavers","floor":29,"turns":3},{"damage":0,"enemies":"Snecko","floor":31,"turns":3},{"damage":13,"enemies":"Snake Plant","floor":32,"turns":4},{"damage":33,"enemies":"SI_MIRROR_ARCHETYPE","floor":33,"turns":8},{"damage":16,"enemies":"Orb Walker","floor":36,"turns":3},{"damage":12,"enemies":"3 Shapes","floor":38,"turns":4},{"damage":16,"enemies":"Sphere and 2 Shapes","floor":43,"turns":7},{"damage":10,"enemies":"Writhing Mass","floor":49,"turns":4},{"damage":0,"enemies":"WA_ARCHETYPE_DIVINITY","floor":50,"turns":9},{"damage":67,"enemies":"downfall:CharBossMerchant","floor":52,"turns":8},{"damage":26,"enemies":"downfall:NeowBoss","floor":55,"turns":17},{"damage":44,"enemies":"downfall:NeowBossFinal","floor":56,"turns":13}],"seed_played":"-3169932753115024892","potions_obtained":[{"floor":10.0,"key":"PowerPotion"},{"floor":11.0,"key":"PowerPotion"},{"floor":12.0,"key":"hexamod:SoulburnPotion"},{"floor":14.0,"key":"DuplicationPotion"},{"floor":16.0,"key":"LiquidBronze"},{"floor":21.0,"key":"DuplicationPotion"},{"floor":29,"key":"DuplicationPotion"},{"floor":31,"key":"Swift Potion"},{"floor":32,"key":"bronze:CleanCodePotion"},{"floor":38,"key":"DuplicationPotion"},{"floor":52,"key":"Weak Potion"}],"is_trial":false,"path_per_floor":["R","M","M","?","?","E","T","R","T","M","M","M","R","M","M","B",null,"R","M","M","M","T","E","T","M","$","?","$","E","R","M","M","B",null,"R","M","T","M","$","?","T","R","M","$","?","T","R","$","M","B",null,"E","$","R","B","B",null],"character_chosen":"THE_AUTOMATON","items_purchased":["Eternal Feather","bronze:Repulsor","Block Potion","bronze:DonusWashers","Bag of Marbles","bronze:BronzeOrb","bronze:FollowUp"],"campfire_rested":2,"item_purchase_floors":[26,28,28,39,39,44,48],"current_hp_per_floor":[70,70,70,70,75,75,75,85,95,95,95,79,79,67,61,25,78,78,67,67,43,43,31,31,31,27,33,29,29,77,77,64,31,84,101,85,85,73,73,79,79,97,81,81,81,81,102,102,98,98,109,42,42,99,73,29],"gold":43,"neow_bonus":"THREE_ENEMY_KILL","is_daily":false,"chose_seed":false,"campfire_upgraded":6,"win_rate":0.0,"timestamp":1611198172,"path_taken":["R","M","M","?","?","E","T","R","?","?","M","M","R","M","M","BOSS","R","M","M","?","?","E","T","M","$","?","$","E","R","?","M","BOSS","R","?","?","M","$","?","T","R","?","$","?","?","R","$","M","BOSS","E","$","R","BOSS","BOSS"],"items_purchased_type":["Relic","Card","Potion","Relic","Relic","Card","Card"],"build_version":"2020-12-22","purchased_purges":2,"victory":true,"max_hp_per_floor":[70,70,70,70,75,75,75,85,95,95,95,95,95,95,95,95,95,95,95,95,95,95,95,95,95,95,101,101,101,101,101,101,101,101,101,101,101,101,101,107,107,107,107,107,107,107,107,107,113,113,113,113,113,113,113,113],"card_choices":[{"not_picked":["bronze:Separator","bronze:BugBarrage"],"picked":"bronze:Iterate","floor":2.0},{"not_picked":["bronze:DelayedGuard","bronze:Frontload"],"picked":"bronze:DelayedSlice","floor":3.0},{"not_picked":["bronze:Deprecate","bronze:BuggyMess"],"picked":"bronze:Iterate","floor":6.0},{"not_picked":["bronze:FineTuning","bronze:ChosenStrike"],"picked":"bronze:Shell","floor":10.0},{"not_picked":["bronze:DelayedGuard","bronze:Separator"],"picked":"bronze:Optimize","floor":11.0},{"not_picked":["bronze:RecursiveStrike","bronze:Invalidate"],"picked":"bronze:Flail","floor":12.0},{"not_picked":["bronze:ChildClass","bronze:DelayedSlice"],"picked":"bronze:Fortify","floor":14.0},{"not_picked":["bronze:OilSpill","bronze:FineTuning","bronze:Overload"],"picked":"SKIP","floor":15.0},{"not_picked":["bronze:Library","bronze:BurnOut"],"picked":"bronze:InfiniteLoop","floor":16.0},{"not_picked":["bronze:Shield","bronze:DigitalCarnage"],"picked":"bronze:OilSpill","floor":19.0},{"not_picked":["bronze:Invalidate","bronze:Frontload"],"picked":"bronze:Constructor","floor":20.0},{"not_picked":["bronze:FollowUp","bronze:FineTuning"],"picked":"bronze:Branch+1","floor":21.0},{"not_picked":["bronze:Deprecate","bronze:BugBarrage"],"picked":"bronze:ForceShield","floor":23.0},{"not_picked":["bronze:ChildClass","bronze:HardenedForm"],"picked":"bronze:Frontload+1","floor":25},{"not_picked":["bronze:MaxOutput","bronze:BuggyMess+1"],"picked":"bronze:Flail+1","floor":26},{"not_picked":["bronze:Deprecate","bronze:ForceShield"],"picked":"bronze:BronzeOrb","floor":28},{"not_picked":["bronze:Mutator","bronze:BitShift"],"picked":"bronze:BuggyMess+1","floor":29},{"not_picked":["bronze:Invalidate+1","bronze:Refactor+1"],"picked":"bronze:Boost","floor":31},{"not_picked":["bronze:Backtrace","bronze:Overheat"],"picked":"bronze:DelayedGuard","floor":32},{"not_picked":["bronze:Mutator","bronze:Hardcode"],"picked":"bronze:InfiniteLoop","floor":33},{"not_picked":["bronze:Turbo","bronze:Shell"],"picked":"bronze:BitShift+1","floor":36},{"not_picked":["bronze:Return","bronze:DigitalCarnage+1"],"picked":"bronze:BronzeArmor+1","floor":38},{"not_picked":["bronze:Iterate","bronze:Boost+1"],"picked":"bronze:Deprecate+1","floor":43},{"not_picked":["bronze:Invalidate","bronze:BugBarrage+1"],"picked":"bronze:Terminator","floor":49},{"not_picked":["bronze:Invalidate","bronze:DigitalCarnage"],"picked":"bronze:Overload+1","floor":52}],"player_experience":1817957,"relics_obtained":[{"floor":6.0,"key":"Tiny Chest"},{"floor":9.0,"key":"Pear"},{"floor":22.0,"key":"Orichalcum"},{"floor":23.0,"key":"Darkstone Periapt"},{"floor":24.0,"key":"InkBottle"},{"floor":29,"key":"Pen Nib"},{"floor":37,"key":"Bottled Flame"},{"floor":41,"key":"Mummified Hand"},{"floor":46,"key":"Happy Flower"},{"floor":52,"key":"bronze:BronzeIdol"}],"event_choices":[],"is_beta":false,"boss_relics":[{"not_picked":["Philosopher\u0027s Stone","Astrolabe"],"picked":"bronze:ElectromagneticCoil"},{"not_picked":["Snecko Eye","Pandora\u0027s Box"],"picked":"SlaversCollar"}],"items_purged_floors":[28,39],"is_endless":false,"potions_floor_spawned":[10,11,12,14,16,21,29,31,32,38,43,52],"ascension_level":5}}