{"host":"khc33f3y4hz17yhu","time":1611233333,"event":{"mods":["BaseMod","Hermit","Minty Spire (QoL Compilation)","StSLib","The Cursed","The Hierophant","The Marked","The Mystic","The Runesmith"],"gold_per_floor":[218,28,104,121,121,121,46,63,88,121,134,166,166,181,181,286,286,300,200,200,226,51,51,379,412,438,450,450,477,477,477],"floor_reached":30,"language":"ENG","playtime":2138,"items_purged":["hermit:Strike_Hermit","hermit:Shortfuse","hermit:TakeCover"],"score":310,"play_id":"561bd593-afe6-4b4b-8c96-277e8ede0759","local_time":"20210121074853","is_ascension_mode":false,"campfire_choices":[{"data":"hermit:Dive","floor":6.0,"key":"SMITH"},{"data":"hermit:EyeOfTheStorm","floor":13.0,"key":"SMITH"},{"data":"hermit:BigShot","floor":15.0,"key":"SMITH"},{"data":"hermit:CalledShot","floor":23.0,"key":"SMITH"}],"circlet_count":0,"master_deck":["hermit:Snapshot","hermit:Covet","hermit:Dive+1","hermit:EyeOfTheStorm+1","hermit:Coalescence","hermit:HoleUp","hermit:TrackingShot","hermit:Vantage","hermit:BigShot+1","hermit:Headshot","Pain","hermit:Glare","hermit:Glare","hermit:TrackingShot","hermit:DeadOrAlive","hermit:BodyArmor","hermit:Vantage","hermit:FlashPowder","hermit:Roulette","hermit:Quickdraw+1","hermit:Enervate+1","hermit:CalledShot+1","hermit:Dive"],"relics":["hermit:Momento","Orrery","WarpedTongs","Centennial Puzzle","Omamori","Potion Belt","Pandora\u0027s Box","Old Coin","Bag of Marbles"],"acts_visited":["Exordium","TheCity"],"potions_floor_usage":[],"damage_taken":[{"damage":0.0,"enemies":"2 Louse","floor":1.0,"turns":2.0},{"damage":0.0,"enemies":"Small Slimes","floor":4.0,"turns":4.0},{"damage":0.0,"enemies":"Cultist","floor":8.0,"turns":3.0},{"damage":0.0,"enemies":"Lagavulin","floor":10.0,"turns":8.0},{"damage":0.0,"enemies":"Large Slime","floor":11.0,"turns":7.0},{"damage":14.0,"enemies":"3 Sentries","floor":12.0,"turns":7.0},{"damage":5.0,"enemies":"Gremlin Gang","floor":14.0,"turns":6.0},{"damage":10.0,"enemies":"The Guardian","floor":16.0,"turns":10.0},{"damage":1.0,"enemies":"Chosen","floor":18.0,"turns":3.0},{"damage":5.0,"enemies":"2 Thieves","floor":21.0,"turns":3.0},{"damage":27.0,"enemies":"Gremlin Leader","floor":24.0,"turns":7.0},{"damage":9,"enemies":"Centurion and Healer","floor":25,"turns":4},{"damage":3,"enemies":"Shelled Parasite and Fungi","floor":27,"turns":6},{"damage":8,"enemies":"3 Cultists","floor":29,"turns":4},{"damage":19,"enemies":"Slavers","floor":30,"turns":1}],"seed_played":"7077359128304356919","potions_obtained":[{"floor":8.0,"key":"SpeedPotion"},{"floor":10.0,"key":"SneckoOil"},{"floor":12.0,"key":"hermit:Tonic"},{"floor":21.0,"key":"Dexterity Potion"},{"floor":27,"key":"CultistPotion"}],"is_trial":false,"path_per_floor":["M","$","?","M","?","R","$","M","T","E","M","E","R","M","R","B",null,"M","$","?","M","$","R","E","M","T","M","?","M","E"],"character_chosen":"HERMIT","items_purchased":["Orrery","hermit:BigShot","hermit:CalledShot"],"campfire_rested":0,"item_purchase_floors":[2,2,22],"current_hp_per_floor":[75,75,75,75,75,75,75,75,75,75,75,61,61,56,56,46,75,74,74,85,80,80,80,53,44,44,41,25,17,0,0],"gold":477,"neow_bonus":"HUNDRED_GOLD","is_daily":false,"chose_seed":false,"campfire_upgraded":4,"win_rate":0.0,"timestamp":1611233333,"path_taken":["M","$","?","M","?","R","$","M","T","E","M","E","R","?","R","BOSS","M","$","?","M","$","R","E","M","T","?","?","M","E"],"items_purchased_type":["Relic","Card","Card"],"build_version":"2020-12-22","purchased_purges":3,"victory":false,"max_hp_per_floor":[75,75,75,75,75,75,75,75,75,75,75,75,75,75,75,75,75,75,75,85,85,85,85,85,85,85,85,90,90,90,90],"card_choices":[{"not_picked":["hermit:DeadMansHand","hermit:Spite"],"picked":"hermit:Dive","floor":1.0},{"not_picked":["hermit:Malice","hermit:HighCaliber"],"picked":"hermit:EyeOfTheStorm","floor":2.0},{"not_picked":["hermit:Midnight","hermit:Spite"],"picked":"hermit:Coalescence","floor":2.0},{"not_picked":["hermit:Vantage","hermit:FromBeyond"],"picked":"hermit:HoleUp","floor":2.0},{"not_picked":["hermit:Shortfuse","hermit:PistolWhip"],"picked":"hermit:TrackingShot","floor":2.0},{"not_picked":["hermit:HighCaliber","hermit:SprayPray"],"picked":"hermit:Vantage","floor":2.0},{"not_picked":["hermit:BodyArmor","hermit:Vantage"],"picked":"hermit:Headshot","floor":4.0},{"not_picked":["hermit:Manifest","hermit:Brawl"],"picked":"hermit:Glare","floor":8.0},{"not_picked":["hermit:TakeCover","hermit:Quickdraw","hermit:Malice"],"picked":"SKIP","floor":10.0},{"not_picked":["hermit:Misfire","hermit:Gestalt"],"picked":"hermit:Glare","floor":11.0},{"not_picked":["hermit:Misfire","hermit:FromBeyond","hermit:LuckOfTheDraw"],"picked":"SKIP","floor":12.0},{"not_picked":["hermit:Cheat","hermit:Desperado"],"picked":"hermit:TrackingShot","floor":14.0},{"not_picked":["hermit:HighNoon","hermit:Reprieve"],"picked":"hermit:DeadOrAlive","floor":16.0},{"not_picked":["hermit:LoneWolf","hermit:Ricochet"],"picked":"hermit:Quickdraw+1","floor":18.0},{"not_picked":["hermit:SprayPray","hermit:Ricochet+1"],"picked":"hermit:Enervate+1","floor":21.0},{"not_picked":["hermit:CursedWeapon","hermit:Manifest","hermit:Roulette"],"picked":"SKIP","floor":24},{"not_picked":["hermit:Grudge","hermit:Manifest+1"],"picked":"hermit:Dive","floor":25},{"not_picked":["hermit:LowProfile","hermit:BodyArmor","hermit:Midnight"],"picked":"SKIP","floor":27},{"not_picked":["hermit:FullyLoaded","hermit:CursedWeapon","hermit:WideOpen"],"picked":"SKIP","floor":29}],"player_experience":180866,"relics_obtained":[{"floor":9.0,"key":"Centennial Puzzle"},{"floor":10.0,"key":"Omamori"},{"floor":12.0,"key":"Potion Belt"},{"floor":24,"key":"Old Coin"},{"floor":26,"key":"Bag of Marbles"}],"event_choices":[{"damage_healed":0.0,"max_hp_gain":0.0,"max_hp_loss":0.0,"gold_gain":76.0,"event_name":"Golden Wing","player_choice":"Gained Gold","floor":3.0,"gold_loss":0.0,"damage_taken":0.0},{"damage_healed":0.0,"max_hp_gain":0.0,"max_hp_loss":0.0,"gold_gain":0.0,"event_name":"Accursed Blacksmith","player_choice":"Rummage","floor":5.0,"gold_loss":0.0,"damage_taken":0.0,"relics_obtained":["WarpedTongs"],"cards_obtained":["Pain"]},{"cards_removed":["hermit:Dissolve"],"damage_healed":1.0,"max_hp_gain":10.0,"max_hp_loss":0.0,"gold_gain":0.0,"event_name":"Bonfire Elementals","player_choice":"Offered Rare","floor":20.0,"gold_loss":0.0,"damage_taken":0.0},{"damage_healed":0,"gold_gain":0,"player_choice":"Shed Blood","damage_taken":21,"max_hp_gain":5,"max_hp_loss":0,"event_name":"Forgotten Altar","floor":28,"gold_loss":0}],"is_beta":false,"boss_relics":[{"not_picked":["Runic Dome","Velvet Choker"],"picked":"Pandora\u0027s Box"}],"items_purged_floors":[7,19,22],"is_endless":false,"potions_floor_spawned":[8,10,12,21,27],"killed_by":"Slavers","ascension_level":0}}