{"host":"m7puq4mk16tgc6yn","time":1611211609,"event":{"mods":["AchievementEnabler","BaseMod","Colored Map","Colored Powertips","Minty Spire (QoL Compilation)","Relic Stats"],"gold_per_floor":[17,17,33,33,48,76,89,99,99,99,129,129,147,147,147,147,147],"floor_reached":16,"language":"ENG","playtime":571,"items_purged":[],"score":112,"play_id":"512ca653-a14d-4844-a310-879c3e33df04","local_time":"20210120224649","is_ascension_mode":false,"campfire_choices":[{"data":"Bash","floor":10,"key":"SMITH"},{"data":"Shrug It Off","floor":12,"key":"SMITH"},{"data":"Intimidate","floor":15,"key":"SMITH"}],"circlet_count":0,"master_deck":["Strike_R","Strike_R","Strike_R","Strike_R","Strike_R","Defend_R","Defend_R+1","Defend_R","Defend_R","Bash+1","Whirlwind+1","Shrug It Off+1","Pummel","Evolve+1","Cleave","Intimidate+1"],"relics":["Burning Blood","Dead Branch","FaceOfCleric","Du-Vu Doll","Lantern"],"acts_visited":["Exordium"],"potions_floor_usage":[8,8,16,16],"damage_taken":[{"damage":1.0,"enemies":"Jaw Worm","floor":1.0,"turns":3.0},{"damage":1.0,"enemies":"Cultist","floor":3.0,"turns":3.0},{"damage":4.0,"enemies":"2 Louse","floor":5.0,"turns":2.0},{"damage":28.0,"enemies":"Lagavulin","floor":6.0,"turns":6.0},{"damage":16.0,"enemies":"Red Slaver","floor":7.0,"turns":4.0},{"damage":7,"enemies":"Exordium Wildlife","floor":8,"turns":4},{"damage":27,"enemies":"3 Sentries","floor":11,"turns":8},{"damage":0,"enemies":"2 Fungi Beasts","floor":13,"turns":1},{"damage":42,"enemies":"The Guardian","floor":16,"turns":8}],"seed_played":"7034930420162658321","potions_obtained":[{"floor":1.0,"key":"Energy Potion"},{"floor":3.0,"key":"BloodPotion"},{"floor":7,"key":"AttackPotion"},{"floor":13,"key":"Explosive Potion"}],"is_trial":false,"path_per_floor":["M","?","M","?","M","E","M","M","T","R","E","R","M","?","R","B"],"character_chosen":"IRONCLAD","items_purchased":[],"campfire_rested":0,"item_purchase_floors":[],"current_hp_per_floor":[80,80,80,80,81,60,51,51,51,51,31,31,38,21,21,0,0],"gold":147,"neow_bonus":"ONE_RARE_RELIC","is_daily":false,"chose_seed":false,"campfire_upgraded":3,"win_rate":0.0,"timestamp":1611211609,"path_taken":["M","?","M","?","M","E","?","M","T","R","E","R","M","?","R","BOSS"],"items_purchased_type":[],"build_version":"2020-12-22","purchased_purges":0,"victory":false,"max_hp_per_floor":[80,80,80,80,81,82,83,84,84,84,85,85,86,86,86,86,86],"relic_stats":{"FaceOfCleric":6,"counters":[9,39],"Dead Branch":[13],"obtain_stats":[{"Du-Vu Doll":6,"Lantern":11,"FaceOfCleric":4,"Dead Branch":0,"Burning Blood":0},{"Du-Vu Doll":4,"Lantern":7,"FaceOfCleric":2,"Dead Branch":0,"Burning Blood":0},{"Du-Vu Doll":14,"Lantern":30,"FaceOfCleric":6,"Dead Branch":0,"Burning Blood":0}],"Burning Blood":36},"card_choices":[{"not_picked":["Fire Breathing","Feel No Pain"],"picked":"Whirlwind","floor":1.0},{"not_picked":["Infernal Blade","Flex"],"picked":"Shrug It Off","floor":3.0},{"not_picked":["Perfected Strike","Sentinel","Dual Wield"],"picked":"SKIP","floor":5.0},{"not_picked":["Havoc","Barricade"],"picked":"Pummel","floor":6.0},{"not_picked":["Power Through","Flex","Whirlwind"],"picked":"SKIP","floor":7},{"not_picked":["Heavy Blade","Wild Strike"],"picked":"Evolve","floor":8},{"not_picked":["Clash","Anger"],"picked":"Cleave","floor":11},{"not_picked":["Flex","Hemokinesis"],"picked":"Intimidate","floor":13}],"player_experience":89789,"relics_obtained":[{"floor":6.0,"key":"Du-Vu Doll"},{"floor":11,"key":"Lantern"}],"event_choices":[{"damage_healed":0.0,"max_hp_gain":0.0,"max_hp_loss":0.0,"gold_gain":0.0,"event_name":"Living Wall","player_choice":"Grow","floor":2.0,"gold_loss":0.0,"damage_taken":0.0,"cards_upgraded":["Whirlwind"]},{"damage_healed":0.0,"max_hp_gain":0.0,"max_hp_loss":0.0,"gold_gain":0.0,"event_name":"FaceTrader","player_choice":"Trade","floor":4.0,"gold_loss":0.0,"damage_taken":0.0,"relics_obtained":["FaceOfCleric"]},{"damage_healed":0,"gold_gain":0,"player_choice":"Entered Light","damage_taken":17,"max_hp_gain":0,"max_hp_loss":0,"event_name":"Shining Light","floor":14,"gold_loss":0,"cards_upgraded":["Evolve","Defend_R"]}],"is_beta":false,"boss_relics":[],"items_purged_floors":[],"is_endless":false,"potions_floor_spawned":[1,3,7,13],"killed_by":"The Guardian","ascension_level":0}}