{"host":"9dr4xkxgnke2i0td","time":1611272953,"event":{"mods":["AchievementEnabler","BaseMod","DeckTracker","Highlight Path","Minty Spire (QoL Compilation)","Shop Mod","StSLib"],"gold_per_floor":[114,64,64,64,64,64,83,102,127,165,165,51,226,264,264,389,389,408,427,45,64,64,64,64],"floor_reached":23,"language":"ENG","playtime":1053,"items_purged":[],"score":247,"play_id":"f8ab8fd6-b7a6-4d2b-9541-8580df4e08a2","local_time":"20210121174913","daily_mods":["Chimera","Hoarder","Binary"],"is_ascension_mode":false,"campfire_choices":[{"data":"Eruption","floor":6,"key":"SMITH"},{"data":"Whirlwind","floor":11,"key":"SMITH"},{"data":"Whirlwind","floor":15,"key":"SMITH"}],"circlet_count":0,"master_deck":["Bash","Survivor","Eruption+1","Strike_R","Strike_G","Strike_B+1","Defend_R","Defend_G","Defend_P","Whirlwind+1","Whirlwind+1","Whirlwind+1","Twin Strike","Twin Strike","Twin Strike","Inflame","Inflame","Inflame","Hemokinesis","Hemokinesis","Hemokinesis","Doubt","Doubt","Doubt","Hemokinesis","Hemokinesis","Hemokinesis","Brutality","Brutality","Brutality","Hemokinesis","Hemokinesis","Hemokinesis","Bandage Up","Bandage Up","Bandage Up","Shrug It Off","Shrug It Off","Shrug It Off"],"relics":["Golden Idol","Whetstone","Bag of Preparation","Boot","Sozu","Peace Pipe","Nloth\u0027s Gift"],"acts_visited":["Exordium","TheCity"],"potions_floor_usage":[16,23,23],"damage_taken":[{"damage":8,"enemies":"Jaw Worm","floor":1,"turns":4},{"damage":3,"enemies":"Small Slimes","floor":7,"turns":3},{"damage":0,"enemies":"2 Louse","floor":8,"turns":1},{"damage":12,"enemies":"Gremlin Nob","floor":10,"turns":3},{"damage":9,"enemies":"3 Sentries","floor":14,"turns":2},{"damage":27,"enemies":"Slime Boss","floor":16,"turns":6},{"damage":10,"enemies":"3 Byrds","floor":18,"turns":3},{"damage":24,"enemies":"Shell Parasite","floor":19,"turns":3},{"damage":29,"enemies":"Snake Plant","floor":21,"turns":3},{"damage":54,"enemies":"Slavers","floor":23,"turns":2}],"seed_played":"811174962971598332","potions_obtained":[{"floor":1,"key":"Weak Potion"},{"floor":14,"key":"PowerPotion"},{"floor":16,"key":"EntropicBrew"}],"is_trial":false,"path_per_floor":["M","?","?","$","?","R","M","M","T","E","R","$","?","E","R","B",null,"M","M","$","M","?","E"],"character_chosen":"IRONCLAD","items_purchased":["Inflame","Hemokinesis","Peace Pipe","Bandage Up"],"campfire_rested":0,"item_purchase_floors":[12,12,20,20],"current_hp_per_floor":[78,78,83,83,62,62,65,71,71,65,65,65,65,62,62,41,85,81,63,63,48,48,0,0],"gold":64,"neow_bonus":"","is_daily":true,"chose_seed":false,"campfire_upgraded":3,"win_rate":0.0,"timestamp":1611272953,"path_taken":["M","?","?","$","?","R","M","M","T","E","R","$","?","E","R","BOSS","M","M","$","M","?","E"],"items_purchased_type":["Card","Card","Relic","Card"],"build_version":"2020-12-22","purchased_purges":0,"victory":false,"max_hp_per_floor":[80,80,85,85,85,85,85,85,85,85,85,85,85,85,85,85,85,85,85,85,85,85,85,85],"card_choices":[{"not_picked":["Burning Pact"],"picked":"Whirlwind","floor":1},{"not_picked":["Perfected Strike","Iron Wave"],"picked":"SKIP","floor":7},{"not_picked":["Body Slam","Dropkick"],"picked":"SKIP","floor":8},{"not_picked":["Brutality"],"picked":"Twin Strike","floor":10},{"not_picked":["Warcry"],"picked":"Hemokinesis","floor":14},{"not_picked":["Exhume"],"picked":"Brutality","floor":16},{"not_picked":["Clothesline"],"picked":"Hemokinesis","floor":18},{"not_picked":["Iron Wave","Perfected Strike"],"picked":"SKIP","floor":19},{"not_picked":["Wild Strike"],"picked":"Shrug It Off","floor":21}],"player_experience":726025,"relics_obtained":[{"floor":9,"key":"Whetstone"},{"floor":10,"key":"Bag of Preparation"},{"floor":14,"key":"Boot"}],"event_choices":[{"cards_removed":["Zap"],"damage_healed":0,"gold_gain":0,"player_choice":"Card Removal","damage_taken":0,"max_hp_gain":0,"max_hp_loss":0,"event_name":"The Cleric","floor":2,"gold_loss":50},{"damage_healed":0,"gold_gain":0,"player_choice":"Donut","damage_taken":0,"max_hp_gain":5,"max_hp_loss":0,"event_name":"Big Fish","floor":3,"gold_loss":0},{"damage_healed":0,"gold_gain":0,"player_choice":"Take Damage","damage_taken":21,"relics_obtained":["Golden Idol"],"max_hp_gain":0,"max_hp_loss":0,"event_name":"Golden Idol","floor":5,"gold_loss":0},{"damage_healed":0,"gold_gain":175,"player_choice":"AGREE","damage_taken":0,"max_hp_gain":0,"max_hp_loss":0,"event_name":"Liars Game","floor":13,"gold_loss":0,"cards_obtained":["Doubt"]},{"damage_healed":0,"gold_gain":0,"player_choice":"Traded Relic","damage_taken":0,"relics_obtained":["Nloth\u0027s Gift"],"max_hp_gain":0,"max_hp_loss":0,"event_name":"N\u0027loth","floor":22,"relics_lost":["Burning Blood"],"gold_loss":0}],"is_beta":false,"boss_relics":[{"not_picked":["SacredBark","Snecko Eye"],"picked":"Sozu"}],"items_purged_floors":[],"is_endless":false,"potions_floor_spawned":[1,14,16,19,21],"killed_by":"Slavers","ascension_level":0}}