{"host":"yfdtuf6ojcxn06xg","time":1611191971,"event":{"mods":["2.2 Compatiblity","AchievementEnabler","BaseMod","Colored Map","Colored Powertips","Curses Come First","Hermit","JesterMod","Jorbs\u0027s Wanderer Trilogy","Minty Spire (QoL Compilation)","Quick Restart","Rare Cards Sparkle","Relic Stats","Replay The Spire","StSLib","The Cursed","The Disciple","The Hierophant","The Jungle","The Marked","The Necromancer","The Servant 0.9.4"],"gold_per_floor":[115,115,115,185,104,104,134,12,12,31,45,74,74,101,101,205,205,218,15,15,15,15,45,45,45,45,45,70,146,5,20,20,124,124,134,134,134,152,202,227,227,238,238,238,273,55,85,104,104,104],"floor_reached":51,"language":"ENG","playtime":2411,"items_purged":["Spreading Infection","Strike_G","Strike_G","Strike_G","Strike_G"],"score":1183,"play_id":"f4c1305c-bbdf-4b81-9046-705d966d7d8a","local_time":"20210120201931","is_ascension_mode":true,"campfire_choices":[{"floor":6,"key":"REST"},{"floor":13,"key":"REST"},{"data":"Envenom","floor":15,"key":"SMITH"},{"data":"Infinite Blades","floor":25,"key":"SMITH"},{"floor":27,"key":"REST"},{"floor":32,"key":"REST"},{"data":"A Thousand Cuts","floor":41,"key":"SMITH"},{"floor":44,"key":"REST"},{"floor":49,"key":"REST"}],"circlet_count":0,"master_deck":["Strike_G+1","Defend_G","Defend_G","Defend_G","Defend_G","Survivor","Neutralize","Blade Dance+1","Deflect","Fluid Movement","Blind","Endless Agony","Cloak And Dagger","Infinite Blades+1","Slice+1","Envenom+1","Phantasmal Killer","Prepared","Caltrops","ReplayTheSpireMod:Scrap Shanks","Cloak And Dagger","Cloak And Dagger","A Thousand Cuts+1","Slice","Madness","Madness","ReplayTheSpireMod:Private Reserves","Hidden Blade+1","Masterful Stab+1","ReplayTheSpireMod:Speed Training","Accuracy+1","Deflect","Hidden Blade","Deflect"],"relics":["Ring of the Snake","NeowsBlessing","ReplayTheSpireMod:CursedCoin","Potion Belt","Du-Vu Doll","Happy Flower","Chameleon Ring","Snecko Scales","Whetstone","Replay:Bottled Steam","Replay:Mystery Machine","The Courier","WristBlade","Replay:Towering Pillar of Hats","Ninja Scroll","Pet Ghost","Mummified Hand","Ornamental Fan"],"acts_visited":["Exordium","TheCity","TheBeyond"],"potions_floor_usage":[12,12,12,14,16,22,23,33,39,39,45],"damage_taken":[{"damage":0,"enemies":"2 Louse","floor":1,"turns":1},{"damage":0,"enemies":"Lagavulin","floor":7,"turns":1},{"damage":0,"enemies":"Small Slimes","floor":10,"turns":1},{"damage":3,"enemies":"Jaw Worm","floor":11,"turns":2},{"damage":8,"enemies":"Gremlin Nob","floor":12,"turns":3},{"damage":26,"enemies":"3 Sentries","floor":14,"turns":9},{"damage":14,"enemies":"Hexaghost","floor":16,"turns":8},{"damage":16,"enemies":"Spheric Guardian","floor":18,"turns":4},{"damage":0,"enemies":"2 Thieves","floor":22,"turns":1},{"damage":28,"enemies":"Slavers","floor":23,"turns":5},{"damage":27,"enemies":"Replay:Snechameleon","floor":28,"turns":5},{"damage":20,"enemies":"Snake Plant","floor":31,"turns":6},{"damage":23,"enemies":"Pondfish","floor":33,"turns":6},{"damage":0,"enemies":"Orb Walker","floor":35,"turns":2},{"damage":0,"enemies":"3 Shapes","floor":38,"turns":3},{"damage":11,"enemies":"Mind Bloom Boss Battle","floor":39,"turns":3},{"damage":2,"enemies":"Giant Head","floor":40,"turns":5},{"damage":6,"enemies":"Sphere and 2 Shapes","floor":42,"turns":3},{"damage":9,"enemies":"Nemesis","floor":45,"turns":3},{"damage":14,"enemies":"Reptomancer","floor":47,"turns":4},{"damage":14,"enemies":"Writhing Mass","floor":48,"turns":2},{"damage":12,"enemies":"Donu and Deca","floor":50,"turns":4}],"seed_played":"8225369808562050908","potions_obtained":[{"floor":4,"key":"EssenceOfSteel"},{"floor":4,"key":"Toxic Potion"},{"floor":4,"key":"EssenceOfSteel"},{"floor":7,"key":"FearPotion"},{"floor":10,"key":"Toxic Potion"},{"floor":12,"key":"Swift Potion"},{"floor":14,"key":"SmokeBomb"},{"floor":16,"key":"AttackPotion"},{"floor":31,"key":"FearPotion"},{"floor":35,"key":"LiquidBronze"},{"floor":38,"key":"Dexterity Potion"},{"floor":47,"key":"Swift Potion"}],"is_trial":false,"path_per_floor":["M","?","?","?","$","R","E","$","T","M","M","E","R","E","R","B",null,"M","$","?","$","M","E","?","R","T","R","E","T","$","M","R","B",null,"M","?","?","M","?","E","R","M","T","R","E","$","E","M","R","B",null],"character_chosen":"THE_SILENT","items_purchased":["ReplayTheSpireMod:CursedCoin","Fluid Movement","Blind","Cloak And Dagger","Caltrops","Cloak And Dagger","Deflect","Hidden Blade"],"campfire_rested":6,"item_purchase_floors":[5,5,5,8,19,30,46,46],"current_hp_per_floor":[70,75,75,45,45,67,67,67,67,67,64,56,75,49,49,35,75,59,59,59,59,59,31,31,31,31,53,26,26,26,6,28,5,75,75,66,66,66,55,53,53,47,47,69,60,60,46,32,54,42],"gold":104,"neow_bonus":"THREE_ENEMY_KILL","is_daily":false,"chose_seed":false,"campfire_upgraded":3,"win_rate":0.0,"timestamp":1611191971,"path_taken":["M","?","?","?","?","R","E","$","T","?","M","E","R","E","R","BOSS","M","$","?","?","?","E","?","R","T","R","E","?","$","M","R","BOSS","M","?","?","M","?","E","R","M","T","R","E","?","E","M","R","BOSS"],"items_purchased_type":["Relic","Card","Card","Card","Card","Card","Card","Card"],"build_version":"2020-12-22","purchased_purges":5,"victory":true,"max_hp_per_floor":[70,75,75,75,75,75,75,75,75,75,75,75,75,75,75,75,75,75,75,75,75,75,75,75,75,75,75,75,75,75,75,75,75,75,75,75,75,75,75,75,75,75,75,75,75,75,75,75,75,75],"relic_stats":{"Happy Flower":[24],"counters":[22,81],"Mummified Hand":[18],"Ornamental Fan":[44],"Whetstone":["Strike_G","Slice"],"obtain_stats":[{"Potion Belt":7,"NeowsBlessing":0,"Happy Flower":12,"Replay:Towering Pillar of Hats":39,"ReplayTheSpireMod:CursedCoin":5,"The Courier":29,"Whetstone":23,"Replay:Mystery Machine":28,"Pet Ghost":43,"Du-Vu Doll":9,"Chameleon Ring":14,"Snecko Scales":17,"WristBlade":34,"Ninja Scroll":40,"Mummified Hand":45,"Ornamental Fan":47,"Ring of the Snake":0,"Replay:Bottled Steam":26},{"Potion Belt":2,"NeowsBlessing":0,"Happy Flower":5,"Replay:Towering Pillar of Hats":16,"ReplayTheSpireMod:CursedCoin":1,"The Courier":11,"Whetstone":10,"Replay:Mystery Machine":11,"Pet Ghost":18,"Du-Vu Doll":2,"Chameleon Ring":6,"Snecko Scales":7,"WristBlade":13,"Ninja Scroll":17,"Mummified Hand":19,"Ornamental Fan":20,"Ring of the Snake":0,"Replay:Bottled Steam":10},{"Potion Belt":2,"NeowsBlessing":0,"Happy Flower":8,"Replay:Towering Pillar of Hats":60,"ReplayTheSpireMod:CursedCoin":1,"The Courier":40,"Whetstone":35,"Replay:Mystery Machine":40,"Pet Ghost":68,"Du-Vu Doll":2,"Chameleon Ring":17,"Snecko Scales":25,"WristBlade":52,"Ninja Scroll":65,"Mummified Hand":71,"Ornamental Fan":75,"Ring of the Snake":0,"Replay:Bottled Steam":35}],"Ring of the Snake":[37]},"card_choices":[{"not_picked":["Outmaneuver","Dagger Throw"],"picked":"Blade Dance","floor":1},{"not_picked":["Quick Slash","Poisoned Stab"],"picked":"Deflect","floor":4},{"not_picked":["All Out Attack","Glass Knife"],"picked":"Endless Agony","floor":7},{"not_picked":["ReplayTheSpireMod:Tripwire","Dagger Throw","Dagger Spray"],"picked":"SKIP","floor":10},{"not_picked":["Leg Sweep","Dodge and Roll"],"picked":"Infinite Blades","floor":11},{"not_picked":["All Out Attack","Endless Agony"],"picked":"Slice","floor":12},{"not_picked":["Poisoned Stab","All Out Attack"],"picked":"Envenom","floor":14},{"not_picked":["Bullet Time","Tools of the Trade"],"picked":"Phantasmal Killer","floor":16},{"not_picked":["Dodge and Roll","Sneak Up"],"picked":"Prepared","floor":18},{"not_picked":["Sucker Punch","Dodge and Roll"],"picked":"ReplayTheSpireMod:Scrap Shanks","floor":23},{"not_picked":["Calculated Gamble","Deadly Poison+1","Dagger Spray+1"],"picked":"SKIP","floor":28},{"not_picked":["Bouncing Flask","Outmaneuver"],"picked":"Cloak And Dagger","floor":31},{"not_picked":["ReplayTheSpireMod:Necrosis","Grand Finale"],"picked":"A Thousand Cuts","floor":33},{"not_picked":["Heel Hook+1","Deadly Poison+1"],"picked":"Slice","floor":35},{"not_picked":["Transmutation","Replay:BasicMightCard"],"picked":"ReplayTheSpireMod:Private Reserves","floor":37},{"not_picked":["Tactician+1","Dash"],"picked":"Hidden Blade+1","floor":38},{"not_picked":["Sucker Punch+1","Bane"],"picked":"Masterful Stab+1","floor":39},{"not_picked":["Sneak Up+1","PiercingWail+1","Quick Slash+1"],"picked":"SKIP","floor":40},{"not_picked":["Toxin Wave+1","Doppelganger"],"picked":"ReplayTheSpireMod:Speed Training","floor":42},{"not_picked":["Deadly Poison+1","ReplayTheSpireMod:Exploit Weakness"],"picked":"Accuracy+1","floor":45},{"not_picked":["Calculated Gamble+1","Hidden Blade"],"picked":"Deflect","floor":47},{"not_picked":["Distraction+1","ReplayTheSpireMod:Tripwire","Poisoned Stab+1"],"picked":"SKIP","floor":48}],"player_experience":210710,"relics_obtained":[{"floor":7,"key":"Potion Belt"},{"floor":9,"key":"Du-Vu Doll"},{"floor":12,"key":"Happy Flower"},{"floor":14,"key":"Chameleon Ring"},{"floor":23,"key":"Whetstone"},{"floor":26,"key":"Replay:Bottled Steam"},{"floor":28,"key":"Replay:Mystery Machine"},{"floor":29,"key":"The Courier"},{"floor":39,"key":"Replay:Towering Pillar of Hats"},{"floor":40,"key":"Ninja Scroll"},{"floor":43,"key":"Pet Ghost"},{"floor":45,"key":"Mummified Hand"},{"floor":47,"key":"Ornamental Fan"}],"event_choices":[{"damage_healed":0,"gold_gain":0,"player_choice":"Donut","damage_taken":0,"max_hp_gain":5,"max_hp_loss":0,"event_name":"Big Fish","floor":2,"gold_loss":0},{"cards_removed":["Defend_G"],"damage_healed":0,"gold_gain":0,"player_choice":"Purged","damage_taken":0,"max_hp_gain":0,"max_hp_loss":0,"event_name":"Purifier","floor":20,"gold_loss":0},{"damage_healed":0,"gold_gain":0,"player_choice":"Ignored","damage_taken":0,"max_hp_gain":0,"max_hp_loss":0,"event_name":"Ghosts","floor":24,"gold_loss":0},{"damage_healed":0,"gold_gain":0,"player_choice":"Embrace Madness","damage_taken":9,"max_hp_gain":0,"max_hp_loss":0,"event_name":"Winding Halls","floor":36,"gold_loss":0,"cards_obtained":["Madness","Madness"]},{"damage_healed":0,"gold_gain":0,"player_choice":"Memory 1","damage_taken":0,"max_hp_gain":0,"max_hp_loss":0,"event_name":"SensoryStone","floor":37,"gold_loss":0},{"damage_healed":0,"gold_gain":0,"player_choice":"Fight","damage_taken":0,"max_hp_gain":0,"max_hp_loss":0,"event_name":"MindBloom","floor":39,"gold_loss":0}],"is_beta":false,"boss_relics":[{"not_picked":["Replay:Bronze Core","Cursed Key"],"picked":"Snecko Scales"},{"not_picked":["Pandora\u0027s Box","Busted Crown"],"picked":"WristBlade"}],"items_purged_floors":[5,8,19,30,46],"is_endless":false,"potions_floor_spawned":[7,10,12,14,16,22,31,35,38,47],"ascension_level":3}}