{"host":"bg8va46pgqgvtzim","time":1611214573,"event":{"mods":["BaseMod","Minty Spire (QoL Compilation)","Quick Restart","StSLib","SuperFastMode"],"gold_per_floor":[112,123,142,162,175,175,204,219,219,230,260,276,302,317,317,418,418,438,438,438,438,452,484,484,335,383,408,421,452,145,82,82,178,178,194,119,119,139,158,193,243,268,268,303,106,106,136,149,149,149,149,149,6,35,35],"floor_reached":56,"language":"ZHS","playtime":2335,"items_purged":["Strike_P","Strike_P","Strike_P","Strike_P","Defend_P","Defend_P"],"score":1636,"play_id":"38a7efba-a8f6-493f-bb8f-fa93b2b24ee5","local_time":"20210121153613","is_ascension_mode":true,"campfire_choices":[{"data":"CrushJoints","floor":6.0,"key":"SMITH"},{"data":"Blasphemy","floor":15.0,"key":"SMITH"},{"data":"Collect","floor":24.0,"key":"SMITH"},{"data":"Pray","floor":32.0,"key":"SMITH"},{"floor":46.0,"key":"REST"},{"floor":49.0,"key":"RECALL"},{"data":"Deep Breath","floor":52.0,"key":"SMITH"}],"circlet_count":0,"master_deck":["Defend_P+1","Defend_P+1","Eruption+1","Vigilance","CrushJoints+1","SignatureMove+1","Prostrate+1","EmptyMind+1","InnerPeace","Prostrate+1","Blasphemy+1","Collect+1","TalkToTheHand+1","Halt","Scrawl+1","FlurryOfBlows","TalkToTheHand+1","LessonLearned","Scrawl","FlurryOfBlows+1","Pray+1","Adaptation","Madness+1","Deep Breath+1","MentalFortress+1","Flash of Steel"],"relics":["PureWater","CaptainsWheel","Letter Opener","Bronze Scales","White Beast Statue","Runic Dome","Bag of Preparation","Strawberry","MealTicket","Vajra","MawBank","Membership Card","War Paint","VioletLotus","Centennial Puzzle","Turnip","StrikeDummy","Incense Burner","Medical Kit","Girya","Yang"],"acts_visited":["Exordium","TheCity","TheBeyond","TheEnding"],"potions_floor_usage":[55,55,55,55,55],"damage_taken":[{"damage":2.0,"enemies":"Small Slimes","floor":1.0,"turns":4.0},{"damage":0.0,"enemies":"Jaw Worm","floor":2.0,"turns":2.0},{"damage":3.0,"enemies":"2 Louse","floor":3.0,"turns":2.0},{"damage":0.0,"enemies":"Blue Slaver","floor":4.0,"turns":2.0},{"damage":0.0,"enemies":"Large Slime","floor":5.0,"turns":1.0},{"damage":0.0,"enemies":"Lagavulin","floor":7.0,"turns":4.0},{"damage":0.0,"enemies":"Exordium Thugs","floor":8.0,"turns":3.0},{"damage":0.0,"enemies":"Looter","floor":10.0,"turns":3.0},{"damage":0.0,"enemies":"Gremlin Nob","floor":11.0,"turns":2.0},{"damage":0.0,"enemies":"Large Slime","floor":12.0,"turns":3.0},{"damage":4.0,"enemies":"3 Sentries","floor":13.0,"turns":5.0},{"damage":5.0,"enemies":"2 Fungi Beasts","floor":14.0,"turns":3.0},{"damage":4.0,"enemies":"The Guardian","floor":16.0,"turns":7.0},{"damage":0.0,"enemies":"2 Thieves","floor":18.0,"turns":1.0},{"damage":0.0,"enemies":"Chosen","floor":22.0,"turns":3.0},{"damage":0.0,"enemies":"Gremlin Leader","floor":23.0,"turns":3.0},{"damage":21.0,"enemies":"Slavers","floor":27.0,"turns":2.0},{"damage":11.0,"enemies":"Shelled Parasite and Fungi","floor":28.0,"turns":4.0},{"damage":0.0,"enemies":"Book of Stabbing","floor":29.0,"turns":2.0},{"damage":0.0,"enemies":"Collector","floor":33.0,"turns":5.0},{"damage":1.0,"enemies":"Orb Walker","floor":35.0,"turns":4.0},{"damage":0.0,"enemies":"3 Shapes","floor":38.0,"turns":2.0},{"damage":33.0,"enemies":"Transient","floor":39.0,"turns":5.0},{"damage":0.0,"enemies":"Giant Head","floor":40.0,"turns":6.0},{"damage":0.0,"enemies":"Mind Bloom Boss Battle","floor":41.0,"turns":2.0},{"damage":6.0,"enemies":"Nemesis","floor":42.0,"turns":3.0},{"damage":6.0,"enemies":"Reptomancer","floor":44.0,"turns":5.0},{"damage":0.0,"enemies":"Giant Head","floor":47.0,"turns":4.0},{"damage":0.0,"enemies":"Writhing Mass","floor":48.0,"turns":4.0},{"damage":36.0,"enemies":"Time Eater","floor":50.0,"turns":6.0},{"damage":13,"enemies":"Shield and Spear","floor":54,"turns":2},{"damage":2,"enemies":"The Heart","floor":55,"turns":5}],"seed_played":"-5447256347600944877","potions_obtained":[{"floor":1.0,"key":"Swift Potion"},{"floor":5.0,"key":"Strength Potion"},{"floor":7.0,"key":"Explosive Potion"},{"floor":12.0,"key":"DistilledChaos"},{"floor":18.0,"key":"Block Potion"},{"floor":41.0,"key":"EntropicBrew"}],"is_trial":false,"path_per_floor":["M","M","M","M","M","R","E","M","T","M","E","M","E","M","R","B",null,"M","?","?","?","M","E","R","$","T","E","M","E","$","$","R","B",null,"M","$","?","M","M","E","?","E","T","E","$","R","E","M","R","B",null,"R","$","E","B",null],"character_chosen":"WATCHER","items_purchased":["LessonLearned","Membership Card","Adaptation","War Paint","Medical Kit","MentalFortress","Flash of Steel"],"campfire_rested":1,"item_purchase_floors":[25,30,30,30,45,45,53],"current_hp_per_floor":[70,70,67,67,67,67,67,67,67,67,67,67,63,58,58,54,72,72,72,72,72,72,79,79,79,79,58,47,47,62,77,77,77,79,78,79,74,74,41,41,41,35,35,29,44,67,67,67,67,31,79,79,79,66,64],"gold":35,"neow_bonus":"UPGRADE_CARD","is_daily":false,"chose_seed":false,"campfire_upgraded":5,"win_rate":0.0,"timestamp":1611214573,"path_taken":["M","M","M","M","M","R","E","M","T","M","E","M","E","M","R","BOSS","M","?","?","?","M","E","R","$","T","E","M","E","?","$","R","BOSS","M","$","?","M","M","E","?","E","T","E","?","R","E","M","R","BOSS","R","$","E","BOSS"],"items_purchased_type":["Card","Relic","Card","Relic","Relic","Card","Card"],"build_version":"2020-12-22","purchased_purges":6,"victory":true,"max_hp_per_floor":[72,72,72,72,72,72,72,72,72,72,72,72,72,72,72,72,72,72,72,72,72,72,79,79,79,79,79,79,79,79,79,79,79,79,79,79,79,79,79,79,79,79,79,79,79,79,79,79,79,79,79,79,79,79,79],"card_choices":[{"not_picked":["ThirdEye","FollowUp"],"picked":"CrushJoints","floor":1.0},{"not_picked":["EmptyMind","PathToVictory"],"picked":"SignatureMove","floor":2.0},{"not_picked":["Perseverance","Protect"],"picked":"Prostrate","floor":3.0},{"not_picked":["SignatureMove","JustLucky"],"picked":"EmptyMind","floor":4.0},{"not_picked":["Weave","Judgement"],"picked":"InnerPeace","floor":5.0},{"not_picked":["EmptyFist","WaveOfTheHand","JustLucky"],"picked":"SKIP","floor":7.0},{"not_picked":["Protect","CutThroughFate"],"picked":"Prostrate","floor":8.0},{"not_picked":["SignatureMove","PathToVictory","Alpha"],"picked":"SKIP","floor":10.0},{"not_picked":["Blasphemy","Judgement","Conclude"],"picked":"SKIP","floor":11.0},{"not_picked":["Judgement","Conclude"],"picked":"Blasphemy","floor":11.0},{"not_picked":["InnerPeace","CutThroughFate"],"picked":"Collect","floor":12.0},{"not_picked":["SignatureMove","Collect"],"picked":"TalkToTheHand","floor":13.0},{"not_picked":["Fasting2","LikeWater"],"picked":"Halt","floor":14.0},{"not_picked":["Vault","ConjureBlade"],"picked":"Scrawl","floor":16.0},{"not_picked":["Collect","CutThroughFate"],"picked":"FlurryOfBlows","floor":18.0},{"not_picked":["BattleHymn","WaveOfTheHand","CrushJoints"],"picked":"SKIP","floor":22.0},{"not_picked":["Halt+1","Prostrate"],"picked":"TalkToTheHand","floor":23.0},{"not_picked":["EmptyFist","Alpha"],"picked":"Scrawl","floor":27.0},{"not_picked":["BowlingBash+1","Halt"],"picked":"FlurryOfBlows","floor":28.0},{"not_picked":["Halt","PathToVictory+1"],"picked":"Pray","floor":29.0},{"not_picked":["WindmillStrike+1","Crescendo+1","Worship+1"],"picked":"SKIP","floor":35.0},{"not_picked":["Finesse","Panache"],"picked":"Madness","floor":37.0},{"not_picked":["The Bomb","Jack Of All Trades"],"picked":"Deep Breath","floor":37.0},{"not_picked":["DeceiveReality","InnerPeace","FlyingSleeves+1"],"picked":"SKIP","floor":38.0},{"not_picked":["SignatureMove+1","CutThroughFate","Protect+1"],"picked":"SKIP","floor":39.0},{"not_picked":["CutThroughFate+1","FlurryOfBlows","PathToVictory"],"picked":"SKIP","floor":40.0},{"not_picked":["WreathOfFlame+1","Ragnarok","Evaluate+1"],"picked":"SKIP","floor":42.0},{"not_picked":["ForeignInfluence+1","ClearTheMind+1","CrushJoints+1"],"picked":"SKIP","floor":44.0},{"not_picked":["SashWhip+1","FlyingSleeves+1","Consecrate"],"picked":"SKIP","floor":47.0},{"not_picked":["Consecrate","Sanctity+1","FearNoEvil+1"],"picked":"SKIP","floor":48.0},{"not_picked":["Sanctity+1","Prostrate+1","Wish"],"picked":"SKIP","floor":54}],"player_experience":2287061,"relics_obtained":[{"floor":7.0,"key":"CaptainsWheel"},{"floor":9.0,"key":"Letter Opener"},{"floor":11.0,"key":"Bronze Scales"},{"floor":13.0,"key":"White Beast Statue"},{"floor":23.0,"key":"Strawberry"},{"floor":26.0,"key":"MealTicket"},{"floor":27.0,"key":"Vajra"},{"floor":29.0,"key":"MawBank"},{"floor":40.0,"key":"Centennial Puzzle"},{"floor":41.0,"key":"Turnip"},{"floor":42.0,"key":"StrikeDummy"},{"floor":44.0,"key":"Incense Burner"},{"floor":47.0,"key":"Girya"},{"floor":54,"key":"Yang"}],"event_choices":[{"damage_healed":0.0,"max_hp_gain":0.0,"max_hp_loss":0.0,"gold_gain":0.0,"event_name":"Ghosts","player_choice":"Ignored","floor":19.0,"gold_loss":0.0,"damage_taken":0.0},{"damage_healed":0.0,"max_hp_gain":0.0,"max_hp_loss":0.0,"gold_gain":0.0,"event_name":"Vampires","player_choice":"Ignored","floor":20.0,"gold_loss":0.0,"damage_taken":0.0},{"damage_healed":0.0,"max_hp_gain":0.0,"max_hp_loss":0.0,"gold_gain":0.0,"event_name":"The Mausoleum","player_choice":"Opened","floor":21.0,"gold_loss":0.0,"damage_taken":0.0,"relics_obtained":["Bag of Preparation"]},{"damage_healed":0.0,"max_hp_gain":0.0,"max_hp_loss":0.0,"gold_gain":0.0,"event_name":"SensoryStone","player_choice":"Memory 2","floor":37.0,"gold_loss":0.0,"damage_taken":5.0},{"damage_healed":0.0,"max_hp_gain":0.0,"max_hp_loss":0.0,"gold_gain":0.0,"event_name":"MindBloom","player_choice":"Fight","floor":41.0,"gold_loss":0.0,"damage_taken":0.0}],"is_beta":false,"boss_relics":[{"not_picked":["Calling Bell","SlaversCollar"],"picked":"Runic Dome"},{"not_picked":["SacredBark","Sozu"],"picked":"VioletLotus"}],"items_purged_floors":[25,30,31,36,45,53],"is_endless":false,"potions_floor_spawned":[1,5,7,8,12,14,16,18,22,23,27,28,29,33,35,38,39,40,41,42,44,47,48,54],"ascension_level":1}}