{"host":"nbmmy2ys5j9alw05","time":1611216492,"event":{"mods":["AchievementEnabler","BaseMod","Bestiary","Better Vampires","Colored Map","Colored Powertips","Googly Eyes","Minty Spire (QoL Compilation)","Quick Restart","StSLib","The Hierophant","The IronCluck","everything is the same but u backflip on backflip"],"gold_per_floor":[118,134,154,8,8,8,34,34,34,66,66,18,18,51,51,51,51],"floor_reached":16,"language":"ENG","playtime":449,"items_purged":[],"score":212,"play_id":"84997df9-65d4-4b89-a799-99d495d76491","local_time":"20210121000812","is_ascension_mode":true,"campfire_choices":[{"data":"Concentrate","floor":6,"key":"SMITH"},{"data":"Eviscerate","floor":8,"key":"SMITH"},{"data":"Underhanded Strike","floor":13,"key":"SMITH"},{"data":"Dagger Spray","floor":15,"key":"SMITH"}],"circlet_count":0,"master_deck":["AscendersBane","Strike_G","Strike_G","Strike_G","Strike_G","Defend_G","Defend_G","Defend_G","Defend_G","Defend_G","Survivor","Neutralize","Dagger Spray+1","Escape Plan","Backstab","Concentrate+1","Eviscerate+1","Well Laid Plans","Underhanded Strike+1"],"relics":["Ring of the Snake","NeowsBlessing","Eternal Feather","Centennial Puzzle","Vajra","Happy Flower"],"acts_visited":["Exordium"],"potions_floor_usage":[7,10,14,14],"damage_taken":[{"damage":0,"enemies":"Jaw Worm","floor":1,"turns":1},{"damage":0,"enemies":"Cultist","floor":2,"turns":1},{"damage":0,"enemies":"Small Slimes","floor":3,"turns":1},{"damage":3,"enemies":"3 Sentries","floor":7,"turns":8},{"damage":37,"enemies":"Lagavulin","floor":10,"turns":7},{"damage":0,"enemies":"Gremlin Nob","floor":14,"turns":2},{"damage":51,"enemies":"Hexaghost","floor":16,"turns":9}],"seed_played":"-1925381431516082091","potions_obtained":[{"floor":2,"key":"EssenceOfSteel"},{"floor":7,"key":"DuplicationPotion"},{"floor":10,"key":"SteroidPotion"}],"is_trial":false,"path_per_floor":["M","M","M","$","?","R","E","R","T","E","?","$","R","E","R","B"],"character_chosen":"THE_SILENT","items_purchased":["Concentrate","Eviscerate","Fire Potion"],"campfire_rested":0,"item_purchase_floors":[4,4,12],"current_hp_per_floor":[63,63,63,63,63,63,60,69,69,32,32,32,41,41,50,0,0],"gold":51,"neow_bonus":"THREE_ENEMY_KILL","is_daily":false,"chose_seed":false,"campfire_upgraded":4,"win_rate":0.0,"timestamp":1611216492,"path_taken":["M","M","M","$","?","R","E","R","T","E","?","?","R","E","R","BOSS"],"items_purchased_type":["Card","Card","Potion"],"build_version":"2020-12-22","purchased_purges":0,"victory":false,"max_hp_per_floor":[70,70,70,70,70,70,70,70,70,70,70,70,70,70,70,70,70],"card_choices":[{"not_picked":["Dagger Throw","Quick Slash"],"picked":"Dagger Spray","floor":1},{"not_picked":["Tactician","Concentrate"],"picked":"Escape Plan","floor":2},{"not_picked":["Finisher","Slice"],"picked":"Backstab","floor":3},{"not_picked":["Noxious Fumes","Distraction"],"picked":"Well Laid Plans","floor":7},{"not_picked":["Sucker Punch","All Out Attack"],"picked":"Underhanded Strike","floor":10},{"not_picked":["Sucker Punch","Masterful Stab","Glass Knife"],"picked":"SKIP","floor":14}],"player_experience":516292,"relics_obtained":[{"floor":7,"key":"Eternal Feather"},{"floor":9,"key":"Centennial Puzzle"},{"floor":10,"key":"Vajra"},{"floor":14,"key":"Happy Flower"}],"event_choices":[{"damage_healed":0,"gold_gain":0,"player_choice":"Ignored","damage_taken":0,"max_hp_gain":0,"max_hp_loss":0,"event_name":"Liars Game","floor":5,"gold_loss":0},{"cards_removed":["Strike_G"],"damage_healed":0,"gold_gain":0,"player_choice":"Forget","damage_taken":0,"max_hp_gain":0,"max_hp_loss":0,"event_name":"Living Wall","floor":11,"gold_loss":0}],"is_beta":false,"boss_relics":[],"items_purged_floors":[],"is_endless":false,"potions_floor_spawned":[2,7,10],"killed_by":"Hexaghost","ascension_level":10}}