{"host":"jfbo3eu2ui08ej1u","time":1611264612,"event":{"mods":["2.2 Compatiblity","AchievementEnabler","Act Like it!","Aspiration","BaseMod","Better Altar","Better Match","Better Note","Better Sensory Stone","Better Skull","Better Third Choice","Block Reminder","Colored Map","Colored Powertips","Conspire","DeckTracker","Displayed Cursed Tome","Energized Spire","Fox Events","GifTheSpireLib","Hubris","Infinite Spire","Marked Mod","Minty Spire (QoL Compilation)","Pale of the Ancients","Poor People Problems","Quick Restart","Relic Filter","Reorder Act Four","Replay The Spire","Shop Mod","Spicy Shops","Spire Arcade","StSLib","Stuff the Spire","The Blue Laboratory","The Disciple","The Forsaken","The Hierophant","The Marked","Uncapped","Unceasing Turn Reminder","Wandering Minibosses"],"gold_per_floor":[119,41,58,73,90,90,123,123,123,156,174,189,189,202,202,275,275,294,67,85,85,85,85],"floor_reached":22,"language":"ENG","playtime":756,"items_purged":["Injury"],"score":396,"play_id":"ef4fc9f7-c5bb-46cf-bf0d-2486cd8047bc","local_time":"20210121163012","is_ascension_mode":true,"campfire_choices":[{"data":"Sunder","floor":6.0,"key":"SMITH"},{"floor":8.0,"key":"REST"}],"circlet_count":0,"master_deck":["AscendersBane","Strike_B","Strike_B","Strike_B","Strike_B","Defend_B","Defend_B","Defend_B","Defend_B","Zap+1","Dualcast","Auto Shields","Sunder+1","Lockon+1","Hologram","Compile Driver","Reinforced Body","Panic Button","Redo","Turbo+1","Mirror Shield+1","Redo+1","hubris:Lust","Coolheaded+1","Self Repair","Hologram+1"],"relics":["Cracked Core","hubris:GlazedTorus","StuffTheSpire:EmeraldSignet","Anchor","Toxic Egg 2","energizedSpire:OldTV","Prayer Wheel","ReplayTheSpireMod:CursedCoin","Sling","Blood Vial"],"acts_visited":["Exordium","TheCity"],"potions_floor_usage":[22],"damage_taken":[{"damage":0.0,"enemies":"Cultist","floor":1.0,"turns":3.0},{"damage":7.0,"enemies":"Jaw Worm","floor":3.0,"turns":4.0},{"damage":10.0,"enemies":"2 Louse","floor":4.0,"turns":2.0},{"damage":4.0,"enemies":"2 Fungi Beasts","floor":5.0,"turns":6.0},{"damage":19.0,"enemies":"Lagavulin","floor":7.0,"turns":6.0},{"damage":2.0,"enemies":"3 Sentries","floor":10.0,"turns":7.0},{"damage":7.0,"enemies":"Exordium Thugs","floor":11.0,"turns":4.0},{"damage":0.0,"enemies":"Looter","floor":12.0,"turns":2.0},{"damage":11.0,"enemies":"Exordium Wildlife","floor":14.0,"turns":5.0},{"damage":34.0,"enemies":"The Guardian","floor":16.0,"turns":13.0},{"damage":42.0,"enemies":"3 Byrds","floor":18.0,"turns":6.0},{"damage":15.0,"enemies":"Spheric Guardian","floor":20.0,"turns":5.0},{"damage":26,"enemies":"Chosen and Byrds","floor":22,"turns":5}],"seed_played":"-4878699892192226978","potions_obtained":[{"floor":1.0,"key":"blueLaboratory:NullPotion"},{"floor":4.0,"key":"blueLaboratory:BottledHope"},{"floor":16.0,"key":"Strength Potion"}],"is_trial":false,"path_per_floor":["M","$","M","M","M","R","E","R","T","E","M","M","?","M","R_BF","B",null,"M","$","M","?","M"],"character_chosen":"DEFECT","items_purchased":["Sunder","ReplayTheSpireMod:CursedCoin","Coolheaded+1","Sling","Blood Vial"],"campfire_rested":1,"item_purchase_floors":[2,19,19,19,19],"current_hp_per_floor":[64,64,57,47,43,43,24,45,45,43,36,36,36,27,48,14,57,15,15,2,2,0,0],"gold":85,"neow_bonus":"UPGRADE_CARD","is_daily":false,"chose_seed":false,"campfire_upgraded":1,"win_rate":0.0,"timestamp":1611264612,"path_taken":["M","$","M","M","M","R","E","R","T","E","M","M","?","M","R_BF","BOSS","M","$","M","?","M"],"items_purchased_type":["Card","Relic","Card","Relic","Relic"],"build_version":"2020-12-22","purchased_purges":1,"victory":false,"max_hp_per_floor":[71,71,71,71,71,71,71,71,71,71,71,71,71,71,71,71,71,71,71,71,71,71,71],"card_choices":[{"not_picked":["Coolheaded","conspire:SharedLibrary"],"picked":"Auto Shields","floor":1.0},{"not_picked":["Skim","Streamline"],"picked":"Lockon","floor":3.0},{"not_picked":["StuffTheSpire:CleanHardDrive","Leap"],"picked":"Hologram","floor":4.0},{"not_picked":["StuffTheSpire:Rend","ReplaySort"],"picked":"Compile Driver","floor":5.0},{"not_picked":["Stack","Beam Cell"],"picked":"Reinforced Body","floor":7.0},{"not_picked":["Force Field","hubris:DoWhile","StuffTheSpire:ShieldGenerator"],"picked":"SKIP","floor":10.0},{"not_picked":["Steam","Compile Driver"],"picked":"Panic Button","floor":11.0},{"not_picked":["Go for the Eyes","Streamline"],"picked":"Redo","floor":12.0},{"not_picked":["StuffTheSpire:LoadUp+1","Redo+1"],"picked":"Turbo+1","floor":14.0},{"not_picked":["Creative AI","Buffer"],"picked":"ReplayTheSpireMod:Fabricate Wheel+1","floor":16.0},{"not_picked":["Barrage","Sweeping Beam"],"picked":"Redo+1","floor":18.0},{"not_picked":["ReplayTheSpireMod:GoodbyeWorld","Force Field+1","BasicCrystalCard+1"],"picked":"SKIP","floor":18.0},{"not_picked":["aspiration:Polymerization+1","Undo+1"],"picked":"Self Repair","floor":20.0},{"not_picked":["Gash","StuffTheSpire:LoadUp+1"],"picked":"Hologram+1","floor":20.0}],"player_experience":1214425,"relics_obtained":[{"floor":7.0,"key":"hubris:GlazedTorus"},{"floor":9.0,"key":"StuffTheSpire:EmeraldSignet"},{"floor":10.0,"key":"Anchor"}],"event_choices":[],"is_beta":false,"boss_relics":[{"not_picked":["energizedSpire:CursedPentagram","hubris:BlackHole"],"picked":"energizedSpire:OldTV"}],"items_purged_floors":[19],"is_endless":false,"potions_floor_spawned":[1,4,7,11,12,16,18],"killed_by":"Chosen and Byrds","ascension_level":20}}