{"host":"tr12w2fixbnujl15","time":1611239346,"event":{"mods":["100% Spire Juice","2.2 Compatiblity","Arknights The Spire","BaseMod","Better Skull","BetterRewards","CapriCore","Clockwork Mod","Colored Powertips","Evolution","Hermit","Hubris","Infinite Spire","JesterMod","Koishi","Mad Scientist","Magitek Elite","Minty Spire (QoL Compilation)","Prisma Mod","Quick Restart","Replay The Spire","Shop Mod","StSLib","SuperFastMode","The Accelerator","The Animator","The Bug Knight","The Construct","The Cursed","The Hierophant","The Immortal","The Mystic","The Necromancer","The Runesmith","The Sage","The Senshi","The Servant 0.9.4","The Spell Scribe","TheFirefly","TheVelvet","WarShipGirlsR/????R mod","Yakumo Yukari mod"],"gold_per_floor":[117,292,292,310,310,310,343,343,343,409,409,478,478,553,553,727,727,801,801,801,875,943,943,943],"floor_reached":23,"language":"ENG","playtime":907,"items_purged":[],"score":216,"play_id":"7e3e6f38-1e07-4c8a-ad92-0fd439cfb4ee","local_time":"20210121092906","is_ascension_mode":false,"campfire_choices":[{"data":"PrismaMod:MiyuEvokeBuffStr","floor":6,"key":"SMITH"},{"floor":15,"key":"REST"}],"circlet_count":0,"master_deck":["PrismaMod:MiyuCommonDefend","PrismaMod:MiyuCommonDefend","PrismaMod:MiyuCommonDefend","PrismaMod:MiyuCommonDefend","PrismaMod:MiyuCommonDefend","PrismaMod:MiyuCommonAttack","PrismaMod:MiyuCommonAttack","PrismaMod:MiyuCommonAttack","PrismaMod:MiyuCommonAttack","PrismaMod:MiyuCommonAttack","PrismaMod:MiyuCheapChannelAttack","PrismaMod:MiyuCheapChannelDefend+1","PrismaMod:MiyuCommonAOEAttack","PrismaMod:MiyuEvokeBuffStr+1","PrismaMod:MiyuEvokeAllAttack","Injury","PrismaMod:MiyuCheapChannelHeal","PrismaMod:MiyuCheapStrBuff","PrismaMod:MiyuUncommonDexBuff","PrismaMod:MiyuChannelAttackEvoke","PrismaMod:MiyuDefenseExplosion","hubris:Fate","PrismaMod:MiyuCheapChannelWeak","PrismaMod:MiyuEvokeAllDefend","ReplayTheSpireMod:Uncanny Aura","PrismaMod:MiyuUncommonAttack","PrismaMod:MiyuMaid"],"relics":["PrismaMod:PrismaSapphire","EVO:Axolotl","NeowsBlessing","ReplayTheSpireMod:TigerMarble","Golden Idol","Replay:Multitool","SlaversCollar","infinitespire:WardingShard","hubris:Backtick","PrismaMod:PrismaRuby"],"acts_visited":["Exordium","TheCity"],"potions_floor_usage":[16,22],"damage_taken":[{"damage":0,"enemies":"2 Louse","floor":1,"turns":1},{"damage":0,"enemies":"Small Slimes","floor":4,"turns":2},{"damage":0,"enemies":"Replay:BlueRogue","floor":7,"turns":1},{"damage":8,"enemies":"Cultist","floor":10,"turns":4},{"damage":11,"enemies":"Blue Slaver","floor":12,"turns":4},{"damage":11,"enemies":"Exordium Wildlife","floor":14,"turns":5},{"damage":44,"enemies":"Slime Boss","floor":16,"turns":14},{"damage":34,"enemies":"Chosen","floor":18,"turns":7},{"damage":45,"enemies":"3 Byrds","floor":21,"turns":7},{"damage":45,"enemies":"3 Cultists","floor":22,"turns":8},{"damage":7,"enemies":"Gremlin Leader","floor":23,"turns":2}],"seed_played":"5648906058113085729","potions_obtained":[{"floor":4,"key":"construct:ShiftPotion"},{"floor":7,"key":"Regen Potion"},{"floor":12,"key":"FairyPotion"},{"floor":18,"key":"Elixir"},{"floor":21,"key":"DuplicationPotion"}],"is_trial":false,"path_per_floor":["M","?","?","M","?","R","E","?","T","M","R","M","?","M","R","B",null,"M","AVR","?","M","M","E"],"character_chosen":"MIYU","items_purchased":[],"campfire_rested":1,"item_purchase_floors":[],"current_hp_per_floor":[75,75,75,75,75,75,75,75,75,67,75,69,74,68,80,51,80,51,51,51,16,6,0,0],"gold":943,"neow_bonus":"THREE_ENEMY_KILL","is_daily":false,"chose_seed":false,"campfire_upgraded":1,"win_rate":0.0,"timestamp":1611239346,"path_taken":["M","?","?","M","?","R","E","?","T","M","R","?","?","M","R","BOSS","M","AVR","?","?","M","E"],"items_purchased_type":[],"build_version":"2020-12-22","purchased_purges":0,"victory":false,"max_hp_per_floor":[75,75,75,75,75,75,75,75,75,75,75,75,80,80,80,80,80,80,80,80,80,80,80,80],"card_choices":[{"not_picked":["PrismaMod:MiyuCheapChannelVul","PrismaMod:MiyuEvokeBuffDex"],"picked":"PrismaMod:MiyuCommonAOEAttack","floor":1},{"not_picked":["PrismaMod:MiyuCheapChannelWeak","PrismaMod:MiyuCheapEvoke"],"picked":"PrismaMod:MiyuEvokeBuffStr","floor":4},{"not_picked":["PrismaMod:MiyuChristmas","PrismaMod:MiyuCheapChannelAttack"],"picked":"PrismaMod:MiyuEvokeAllAttack","floor":7},{"not_picked":["PrismaMod:MiyuDefenseRemoval","PrismaMod:MiyuMaid"],"picked":"PrismaMod:MiyuCheapChannelHeal","floor":10},{"not_picked":["PrismaMod:MiyuCheapDefend1","PrismaMod:MiyuCheapAttack1"],"picked":"PrismaMod:MiyuCheapStrBuff","floor":12},{"not_picked":["PrismaMod:MiyuUncommonStrBuff","PrismaMod:MiyuCarnivalAttack"],"picked":"PrismaMod:MiyuUncommonDexBuff","floor":14},{"not_picked":["PrismaMod:MiyuDefenseAbsorbMinor","PrismaMod:MiyuEvokeAllDefend"],"picked":"PrismaMod:MiyuChannelAttackEvoke","floor":16},{"not_picked":["PrismaMod:MiyuCheapChannelVul","PrismaMod:MiyuCheapDefend1"],"picked":"PrismaMod:MiyuDefenseExplosion","floor":18},{"not_picked":["PrismaMod:MiyuEvokeCheapDefend","PrismaMod:MiyuEvokeAllAttack"],"picked":"PrismaMod:MiyuUncommonAttack","floor":21},{"not_picked":["PrismaMod:MiyuCheapChannelDefend","PrismaMod:MiyuCheapEvoke"],"picked":"PrismaMod:MiyuMaid","floor":22}],"player_experience":78189,"relics_obtained":[{"floor":7,"key":"ReplayTheSpireMod:TigerMarble"},{"floor":9,"key":"Replay:Multitool"}],"event_choices":[{"damage_healed":0,"gold_gain":175,"player_choice":"AGREE","damage_taken":0,"max_hp_gain":0,"max_hp_loss":0,"event_name":"Liars Game","floor":2,"gold_loss":0,"cards_obtained":["Doubt"]},{"cards_removed":["Doubt"],"damage_healed":0,"gold_gain":0,"player_choice":"Forget","damage_taken":0,"max_hp_gain":0,"max_hp_loss":0,"event_name":"Living Wall","floor":3,"gold_loss":0},{"damage_healed":0,"gold_gain":0,"player_choice":"Ignored","damage_taken":0,"max_hp_gain":0,"max_hp_loss":0,"event_name":"Golden Wing","floor":5,"gold_loss":0},{"damage_healed":0,"gold_gain":0,"player_choice":"Take Wound","damage_taken":0,"relics_obtained":["Golden Idol"],"max_hp_gain":0,"max_hp_loss":0,"event_name":"Golden Idol","floor":8,"gold_loss":0,"cards_obtained":["Injury"]},{"damage_healed":0,"gold_gain":0,"player_choice":"Donut","damage_taken":0,"max_hp_gain":5,"max_hp_loss":0,"event_name":"Big Fish","floor":13,"gold_loss":0},{"damage_healed":0,"gold_gain":0,"player_choice":"3 cards matched","damage_taken":0,"max_hp_gain":0,"max_hp_loss":0,"event_name":"Match and Keep!","floor":20,"gold_loss":0,"cards_obtained":["PrismaMod:MiyuCheapChannelWeak","PrismaMod:MiyuEvokeAllDefend","ReplayTheSpireMod:Uncanny Aura"]}],"is_beta":false,"boss_relics":[{"not_picked":["Abe\u0027s Treasure","Astrolabe"],"picked":"SlaversCollar"}],"items_purged_floors":[],"is_endless":false,"potions_floor_spawned":[4,7,12,18,21],"killed_by":"Gremlin Leader","ascension_level":0}}