{"host":"wcqwttj5v9rz3xmq","time":1611242397,"event":{"mods":["BaseMod","Colored Map","Downfall","Minty Spire (QoL Compilation)","StSLib"],"gold_per_floor":[99,99,112,122,141,172,172,192,211,221,221,250,150,142,164,275,275,275,302,302,302,302],"floor_reached":20,"language":"ENG","playtime":3116,"items_purged":[],"score":186,"play_id":"5ed6ae60-6951-4a02-ae06-3b5741ae460c","local_time":"20210121101957","is_ascension_mode":false,"campfire_choices":[{"data":"hexamod:Float","floor":1,"key":"SMITH"},{"data":"hexamod:GhostflameInferno","floor":11,"key":"SMITH"},{"floor":13,"key":"REST"},{"data":"hexamod:ForkedFlame","floor":18,"key":"SMITH"}],"circlet_count":0,"master_deck":["hexamod:Strike","hexamod:Strike","hexamod:Strike","hexamod:Strike","hexamod:Defend","hexamod:Defend","hexamod:Defend","hexamod:Defend","hexamod:Sear","hexamod:Float+1","Pain","hexamod:StepThrough","hexamod:ThirdSeal","hexamod:Hexaguard","hexamod:GhostflameInferno+1","hexamod:Firestarter","hexamod:InspiringFlames+1","hexamod:Hexaguard+1","hexamod:EtherealExpedition+1","hexamod:FastForward+1","hexamod:HauntingEcho","hexamod:CatchUp+1","hexamod:SkipABeat+1","hexamod:InspiringFlames+1","hexamod:FirstSeal","hexamod:SecondSeal","hexamod:FourthSeal","hexamod:SpectersWail","hexamod:VolcanoVisage","hexamod:TimeOfNeed+1","hexamod:ForkedFlame+1","hexamod:SpectersWail","hexamod:ShieldOfDarkness+1"],"relics":["hexamod:SpiritBrand","Pen Nib","Blue Candle","Toxic Egg 2","FossilizedHelix","The Courier","downfall:HeartBlessingGreen","Philosopher\u0027s Stone"],"acts_visited":["Exordium","TheCity"],"potions_floor_usage":[8,12,19,19,19,20],"damage_taken":[{"damage":2,"enemies":"Jaw Worm","floor":3,"turns":3},{"damage":1,"enemies":"Small Slimes","floor":4,"turns":3},{"damage":0,"enemies":"2 Louse","floor":5,"turns":2},{"damage":20,"enemies":"Lagavulin","floor":6,"turns":7},{"damage":8,"enemies":"Exordium Thugs","floor":8,"turns":5},{"damage":0,"enemies":"3 Louse","floor":9,"turns":3},{"damage":1,"enemies":"Large Slime","floor":10,"turns":9},{"damage":14,"enemies":"3 Sentries","floor":12,"turns":8},{"damage":0,"enemies":"Exordium Thugs","floor":15,"turns":6},{"damage":28,"enemies":"DF_ARCHETYPE_STREAMLINE","floor":16,"turns":12},{"damage":32,"enemies":"3 Byrds","floor":19,"turns":4},{"damage":54,"enemies":"Masked Bandits","floor":20,"turns":4}],"seed_played":"1635314970976047454","potions_obtained":[{"floor":4,"key":"GamblersBrew"},{"floor":8,"key":"DistilledChaos"},{"floor":9,"key":"SkillPotion"},{"floor":12,"key":"Guardian:BlockOnCardUsePotion"},{"floor":15,"key":"Weak Potion"},{"floor":16,"key":"PowerPotion"},{"floor":19,"key":"Fruit Juice"}],"is_trial":false,"path_per_floor":["R","?","M","M","M","E","T","M","M","M","R","E","R","?","M","B",null,"R","M","?"],"character_chosen":"THE_SPIRIT","items_purchased":[],"campfire_rested":1,"item_purchase_floors":[],"current_hp_per_floor":[70,70,68,67,67,47,47,39,39,38,38,24,45,38,45,24,70,70,45,0,0,0],"gold":302,"neow_bonus":"RANDOM_COMMON_RELIC","is_daily":false,"chose_seed":false,"campfire_upgraded":3,"win_rate":0.0,"timestamp":1611242397,"path_taken":["R","?","M","M","M","E","T","M","M","M","R","E","R","?","M","BOSS","R","M","?"],"items_purchased_type":[],"build_version":"2020-12-22","purchased_purges":0,"victory":false,"max_hp_per_floor":[70,70,70,70,70,70,70,70,70,70,70,70,70,70,70,70,70,70,70,75,75,75],"card_choices":[{"not_picked":["hexamod:ShieldOfDarkness","hexamod:SpectersWail"],"picked":"hexamod:StepThrough","floor":3},{"not_picked":["hexamod:CatchUp","hexamod:GhostShield"],"picked":"hexamod:ThirdSeal","floor":4},{"not_picked":["hexamod:RecurringNightmare","hexamod:Firestarter"],"picked":"hexamod:Hexaguard","floor":5},{"not_picked":["hexamod:StepThrough","hexamod:SoulSteal"],"picked":"hexamod:GhostflameInferno","floor":6},{"not_picked":["hexamod:BurningTouch+1","hexamod:ThirdSeal"],"picked":"hexamod:Firestarter","floor":6},{"not_picked":["hexamod:GhostShield+1","hexamod:NightmareStrike"],"picked":"hexamod:InspiringFlames+1","floor":8},{"not_picked":["hexamod:NightmareGuise+1","hexamod:NightmareStrike"],"picked":"hexamod:Hexaguard+1","floor":8},{"not_picked":["hexamod:BacktrackSmack","hexamod:Firestarter"],"picked":"hexamod:EtherealExpedition+1","floor":9},{"not_picked":["hexamod:NightmareStrike","hexamod:RainOfEmbers"],"picked":"hexamod:FastForward+1","floor":9},{"not_picked":["hexamod:NecessarySacrifice+1","hexamod:NightmareStrike"],"picked":"hexamod:HauntingEcho","floor":10},{"not_picked":["hexamod:SkipABeat+1","hexamod:ParanormalForm"],"picked":"hexamod:CatchUp+1","floor":10},{"not_picked":["hexamod:NecessarySacrifice+1","hexamod:BacktrackSmack"],"picked":"hexamod:SkipABeat+1","floor":12},{"not_picked":["hexamod:AdvancingGuard+1","hexamod:SpectersWail"],"picked":"hexamod:InspiringFlames+1","floor":12},{"not_picked":["hexamod:AdvancingGuard+1","hexamod:PhantomFireball"],"picked":"hexamod:SpectersWail","floor":15},{"not_picked":["hexamod:EtherealExpedition+1","hexamod:BacktrackSmack"],"picked":"hexamod:VolcanoVisage","floor":15},{"not_picked":["hexamod:HexaLevel","hexamod:FifthSeal"],"picked":"hexamod:TimeOfNeed+1","floor":16},{"not_picked":["hexamod:HexaLevel","hexamod:UnleashSpirits"],"picked":"hexamod:ForkedFlame","floor":16},{"not_picked":["hexamod:NightmareGuise+1","hexamod:GhostLash"],"picked":"hexamod:SpectersWail","floor":19},{"not_picked":["hexamod:NightmareStrike","hexamod:GhostShield+1"],"picked":"hexamod:ShieldOfDarkness+1","floor":19}],"player_experience":106401,"relics_obtained":[{"floor":6,"key":"Toxic Egg 2"},{"floor":7,"key":"FossilizedHelix"},{"floor":12,"key":"The Courier"}],"event_choices":[{"damage_healed":0,"gold_gain":0,"player_choice":"Fought Bandits","damage_taken":0,"max_hp_gain":0,"max_hp_loss":0,"event_name":"Masked Bandits","floor":20,"gold_loss":0}],"is_beta":false,"boss_relics":[{"not_picked":["Coffee Dripper","Sozu"],"picked":"Philosopher\u0027s Stone"}],"items_purged_floors":[],"is_endless":false,"potions_floor_spawned":[4,8,9,12,15],"killed_by":"Masked Bandits","ascension_level":0}}