{"host":"8i58hvcssdezoe94","time":1611219652,"event":{"mods":["Act Like it!","BaseMod","Colored Map","Conspire","Gensokyo","KinomotoSakuraMod(木之本樱)","Marisa（F雨　魔理沙）","Minty Spire (QoL Compilation)","Quick Restart","Remilia（蕾米莉亚）","Replay The Spire","StSLib","The Animator","The Bug Knight","The Construct","The Cursed","The Hierophant","The Jungle","The Servant 0.9.4"],"gold_per_floor":[117,117,33,50,60,92,104,104,104,104,129,129,129,345,356,356,356,458,458,469,270,284,308,319,319,339,94,119,136,136,136,167,167,167],"floor_reached":33,"language":"ZHS","playtime":1040,"items_purged":[],"score":247,"play_id":"d879902e-24cf-4a97-8914-badced317ec6","local_time":"20210121170052","is_ascension_mode":false,"campfire_choices":[{"floor":8,"key":"RECALL"},{"data":"Zap","floor":13,"key":"SMITH"},{"data":"Redo","floor":17,"key":"SMITH"},{"floor":25,"key":"REST"},{"data":"Apotheosis","floor":31,"key":"SMITH"}],"circlet_count":0,"master_deck":["Strike_B","Strike_B","Strike_B","Strike_B","Defend_B","Defend_B","Defend_B","Defend_B","Zap+1","Dualcast","Capacitor","Go for the Eyes+1","Rip and Tear+1","Redo+1","Scrape","Cold Snap","Sweeping Beam","Ball Lightning","Melter","Buffer","Panic Button+1","Defragment","Apotheosis+1","Jack Of All Trades","Discovery","ReplayTheSpireMod:Dual Polarity+1","Stack+1","Leap","Swift Strike","Sweeping Beam","ReplayTheSpireMod:Calculation Training"],"relics":["Cracked Core","NeowsBlessing","Whetstone","ReplayTheSpireMod:TigerMarble","Inserter","ReplayTheSpireMod:ShopPack","Juzu Bracelet","ReplayFunnel","Bag of Marbles","conspire:DecoderRing"],"acts_visited":["Gensokyo:Gensokyo","TheCity"],"potions_floor_usage":[],"damage_taken":[{"damage":0,"enemies":"Gensokyo:Gryphon","floor":1,"turns":1},{"damage":0,"enemies":"Gensokyo:3_Fairies","floor":4,"turns":1},{"damage":0,"enemies":"Gensokyo:Python","floor":5,"turns":1},{"damage":20,"enemies":"Gensokyo:Aya","floor":6,"turns":5},{"damage":0,"enemies":"Gensokyo:LivingMonolith","floor":7,"turns":3},{"damage":10,"enemies":"Gensokyo:CorruptedTreant","floor":14,"turns":3},{"damage":2,"enemies":"Gensokyo:3_Kodama","floor":15,"turns":3},{"damage":29,"enemies":"Gensokyo:Yukari","floor":18,"turns":6},{"damage":8,"enemies":"Chosen","floor":20,"turns":4},{"damage":0,"enemies":"Spheric Guardian","floor":22,"turns":2},{"damage":27,"enemies":"Snecko","floor":24,"turns":5},{"damage":14,"enemies":"3 Cultists","floor":26,"turns":6},{"damage":4,"enemies":"Chosen and Byrds","floor":29,"turns":6},{"damage":24,"enemies":"conspire:MimicChest","floor":32,"turns":8},{"damage":21,"enemies":"Snake Plant","floor":33,"turns":1}],"seed_played":"6261480545528935597","potions_obtained":[{"floor":1,"key":"Cursed Concoction"},{"floor":4,"key":"Elixir"},{"floor":6,"key":"DistilledChaos"},{"floor":22,"key":"PowerPotion"}],"is_trial":false,"path_per_floor":["M","?","COS","M","M","E","M","R","PTL","PTL","T","$","R","M","M","?","R","B",null,"M","$","M","T","M","R","M","$","T","M","?","R","?","M"],"character_chosen":"DEFECT","items_purchased":["ReplayTheSpireMod:ShopPack","Defragment","Swift Strike","ReplayFunnel"],"campfire_rested":1,"item_purchase_floors":[21,21,27,27],"current_hp_per_floor":[75,75,75,75,75,55,55,55,55,55,55,55,55,45,43,43,43,14,75,67,67,67,67,40,62,48,48,48,44,44,44,20,0,0],"gold":167,"neow_bonus":"THREE_ENEMY_KILL","is_daily":false,"chose_seed":false,"campfire_upgraded":3,"win_rate":0.0,"timestamp":1611219652,"path_taken":["M","?","COS","M","?","E","M","R","PTL","PTL","T","?","R","M","M","?","R","BOSS","M","$","M","?","M","R","M","$","T","M","?","R","?","M"],"items_purchased_type":["Relic","Card","Card","Relic"],"build_version":"2020-12-22","purchased_purges":0,"victory":false,"max_hp_per_floor":[75,75,75,75,75,75,75,75,75,75,75,75,75,75,75,75,75,75,75,75,75,75,75,75,75,75,75,75,75,75,75,75,75,75],"card_choices":[{"not_picked":["Lockon","ReplayTheSpireMod:System Scan"],"picked":"Capacitor","floor":1},{"not_picked":["Beam Cell","Gash"],"picked":"Go for the Eyes","floor":2},{"not_picked":["Reinforced Body","ReplayTheSpireMod:Repulse"],"picked":"Rip and Tear","floor":2},{"not_picked":["Steam","BasicCrystalCard"],"picked":"Redo","floor":4},{"not_picked":["Core Surge","Glacier"],"picked":"Scrape","floor":5},{"not_picked":["Turbo","Redo"],"picked":"Cold Snap","floor":6},{"not_picked":["Rebound","BasicCrystalCard"],"picked":"Sweeping Beam","floor":7},{"not_picked":["Reprogram","Go for the Eyes"],"picked":"Ball Lightning","floor":14},{"not_picked":["All For One","Go for the Eyes"],"picked":"Melter","floor":15},{"not_picked":["Meteor Strike","Hyperbeam"],"picked":"Buffer","floor":18},{"not_picked":["Ball Lightning","Blizzard"],"picked":"Panic Button+1","floor":20},{"not_picked":["Transmutation","Poisoned Strike"],"picked":"Apotheosis","floor":21},{"not_picked":["The Bomb","Finesse"],"picked":"Jack Of All Trades","floor":21},{"not_picked":["Madness","HandOfGreed"],"picked":"Discovery","floor":21},{"not_picked":["Barrage","Sweeping Beam"],"picked":"ReplayTheSpireMod:Dual Polarity+1","floor":22},{"not_picked":["Panic Button+1","Melter+1"],"picked":"Stack+1","floor":24},{"not_picked":["Rebound+1","Panic Button"],"picked":"Leap","floor":26},{"not_picked":["Cold Snap","Amplify"],"picked":"Sweeping Beam","floor":29},{"not_picked":["Static Discharge","Streamline+1"],"picked":"ReplayTheSpireMod:Calculation Training","floor":32}],"player_experience":69855,"relics_obtained":[{"floor":6,"key":"Whetstone"},{"floor":23,"key":"Juzu Bracelet"},{"floor":28,"key":"Bag of Marbles"},{"floor":32,"key":"conspire:DecoderRing"}],"event_choices":[{"damage_healed":0,"gold_gain":0,"player_choice":"Leave","damage_taken":0,"max_hp_gain":0,"max_hp_loss":0,"event_name":"conspire:Investor","floor":30,"gold_loss":0}],"is_beta":false,"boss_relics":[{"not_picked":["Replay:Drink Me","construct:ClawGrip"],"picked":"Inserter"}],"items_purged_floors":[],"is_endless":false,"potions_floor_spawned":[1,4,6,7,22,24,29],"killed_by":"Snake Plant","ascension_level":0}}