{"host":"rq33ss4gawu1dric","time":1611205525,"event":{"mods":["BaseMod","Colored Map","Colored Powertips","Good Game Mod","Minty Spire (QoL Compilation)"],"gold_per_floor":[361,361,40,53,70,70,87,87,112,37,52,71,71,84,84,84,84],"floor_reached":16,"language":"ZHS","playtime":1144,"items_purged":["Doubt"],"score":94,"play_id":"d5ce53b0-f21d-44f8-8e47-0e69b7d34eaa","local_time":"20210121130525","is_ascension_mode":false,"campfire_choices":[{"data":"Deadly Poison","floor":6,"key":"SMITH"},{"floor":8,"key":"REST"},{"data":"Deadly Poison","floor":15,"key":"SMITH"}],"circlet_count":0,"master_deck":["Strike_G","Strike_G","Strike_G","Strike_G","Strike_G","Defend_G","Defend_G+1","Defend_G","Defend_G+1","Defend_G","Survivor","Neutralize+1","Deadly Poison+1","Flying Knee","Deadly Poison+1","Injury"],"relics":["Ring of the Snake","REME:ComplimentaryCards","Ice Cream","War Paint","Golden Idol"],"acts_visited":["Exordium"],"potions_floor_usage":[16,16],"damage_taken":[{"damage":7,"enemies":"Small Slimes","floor":1,"turns":5},{"damage":4,"enemies":"Cultist","floor":4,"turns":5},{"damage":5,"enemies":"Jaw Worm","floor":5,"turns":4},{"damage":2,"enemies":"Looter","floor":7,"turns":3},{"damage":8,"enemies":"Exordium Thugs","floor":11,"turns":5},{"damage":1,"enemies":"Red Slaver","floor":12,"turns":4},{"damage":7,"enemies":"Looter","floor":14,"turns":3},{"damage":78,"enemies":"Slime Boss","floor":16,"turns":9}],"seed_played":"2174130759140694412","potions_obtained":[{"floor":1,"key":"BlessingOfTheForge"},{"floor":5,"key":"Energy Potion"},{"floor":12,"key":"Regen Potion"}],"is_trial":false,"path_per_floor":["M","?","$","M","M","R","M","R","T","$","M","M","?","M","R","B"],"character_chosen":"THE_SILENT","items_purchased":["Deadly Poison","Ice Cream"],"campfire_rested":1,"item_purchase_floors":[3,3],"current_hp_per_floor":[63,63,63,59,54,54,52,70,70,70,62,61,61,54,54,0,0],"gold":84,"neow_bonus":"TWO_FIFTY_GOLD","is_daily":false,"chose_seed":false,"campfire_upgraded":2,"win_rate":0.0,"timestamp":1611205525,"path_taken":["M","?","$","?","M","R","M","R","T","$","M","M","?","M","R","BOSS"],"items_purchased_type":["Card","Relic"],"build_version":"2020-12-22","purchased_purges":1,"victory":false,"max_hp_per_floor":[70,70,70,70,70,70,70,70,70,70,70,70,70,70,70,70,70],"card_choices":[{"not_picked":["PiercingWail","Dash","Bane"],"picked":"SKIP","floor":1},{"not_picked":["All Out Attack","Infinite Blades","Calculated Gamble"],"picked":"SKIP","floor":4},{"not_picked":["Deflect","Sucker Punch","Riddle With Holes"],"picked":"SKIP","floor":5},{"not_picked":["Choke","Tools of the Trade","Deflect"],"picked":"SKIP","floor":7},{"not_picked":["Quick Slash","Deflect"],"picked":"Flying Knee","floor":11},{"not_picked":["Sucker Punch","Choke"],"picked":"Deadly Poison","floor":12},{"not_picked":["Slice","Escape Plan","Well Laid Plans"],"picked":"SKIP","floor":14}],"player_experience":27821,"relics_obtained":[{"floor":9,"key":"War Paint"}],"event_choices":[{"damage_healed":0,"gold_gain":0,"player_choice":"Upgraded","damage_taken":0,"max_hp_gain":0,"max_hp_loss":0,"event_name":"Upgrade Shrine","floor":2,"gold_loss":0,"cards_upgraded":["Neutralize"]},{"damage_healed":0,"gold_gain":0,"player_choice":"Take Wound","damage_taken":0,"relics_obtained":["Golden Idol"],"max_hp_gain":0,"max_hp_loss":0,"event_name":"Golden Idol","floor":13,"gold_loss":0,"cards_obtained":["Injury"]}],"is_beta":false,"boss_relics":[],"items_purged_floors":[10],"is_endless":false,"potions_floor_spawned":[1,5,12],"killed_by":"Slime Boss","ascension_level":0}}