{"host":"k3cqai9776irl0xe","time":1611261124,"event":{"mods":["BaseMod","Duelist Mod","GifTheSpireLib","Minty Spire (QoL Compilation)","StSLib","The Alterego","The Bug Knight"],"gold_per_floor":[113,128,142,158,178,178,198,198,198,208,208,218,244,264,264,367,367,386,405,405,416,435,435,460,470,493,493,493,418,418,436,436,539,539,555,605,235,246,259,259,286,286,309,328,348,364,364,374,374,374],"floor_reached":51,"language":"ENG","playtime":3909,"items_purged":["Strike_B"],"score":682,"play_id":"54084312-539e-480e-b648-79aa537679f2","local_time":"20210121153204","is_ascension_mode":false,"campfire_choices":[{"data":"Creative AI","floor":6,"key":"SMITH"},{"data":"Loop","floor":8,"key":"SMITH"},{"floor":11,"key":"REST"},{"data":"Consume","floor":15,"key":"SMITH"},{"floor":23,"key":"REST"},{"floor":27,"key":"REST"},{"data":"Capacitor","floor":30,"key":"SMITH"},{"floor":32,"key":"REST"},{"floor":40,"key":"REST"},{"floor":47,"key":"REST"},{"floor":49,"key":"REST"}],"circlet_count":0,"master_deck":["Strike_B","Strike_B","Strike_B","Defend_B","Defend_B","Defend_B","Zap","Dualcast","Creative AI+1","Redo","Glacier","Loop+1","Beam Cell","Capacitor+1","Consume+1","Glacier","Beam Cell","Biased Cognition+1","Genetic Algorithm","Gash+1","Dramatic Entrance","Hologram+1","Redo","Rebound+1","FTL+1","Ball Lightning+1","Electrodynamics+1","Gash+1","Echo Form+1","Conserve Battery+1","Decay","Storm+1","Fusion+1","Gash","Barrage+1"],"relics":["Cracked Core","Odd Mushroom","Gambling Chip","Frozen Egg 2","Velvet Choker","Unceasing Top","Oddly Smooth Stone","Inserter","Calipers","Bronze Scales","Mummified Hand","Nunchaku"],"acts_visited":["Exordium","TheCity","TheBeyond"],"potions_floor_usage":[19,21,24,50,50,50],"damage_taken":[{"damage":0,"enemies":"Cultist","floor":1,"turns":4},{"damage":4,"enemies":"Small Slimes","floor":2,"turns":3},{"damage":1,"enemies":"2 Louse","floor":3,"turns":3},{"damage":0,"enemies":"Large Slime","floor":4,"turns":6},{"damage":7,"enemies":"Exordium Thugs","floor":5,"turns":6},{"damage":27,"enemies":"The Mushroom Lair","floor":7,"turns":5},{"damage":6,"enemies":"Exordium Wildlife","floor":10,"turns":6},{"damage":2,"enemies":"Red Slaver","floor":12,"turns":5},{"damage":1,"enemies":"Lagavulin","floor":13,"turns":7},{"damage":0,"enemies":"Blue Slaver","floor":14,"turns":6},{"damage":27,"enemies":"Hexaghost","floor":16,"turns":11},{"damage":10,"enemies":"3 Byrds","floor":18,"turns":5},{"damage":5,"enemies":"Chosen","floor":19,"turns":4},{"damage":31,"enemies":"3 Cultists","floor":21,"turns":4},{"damage":4,"enemies":"Chosen and Byrds","floor":22,"turns":10},{"damage":11,"enemies":"HollowMod:Nosk","floor":24,"turns":8},{"damage":3,"enemies":"Snecko","floor":25,"turns":10},{"damage":16,"enemies":"Snake Plant","floor":31,"turns":4},{"damage":22,"enemies":"Champ","floor":33,"turns":10},{"damage":16,"enemies":"3 Darklings","floor":35,"turns":2},{"damage":3,"enemies":"Mind Bloom Boss Battle","floor":36,"turns":5},{"damage":0,"enemies":"3 Shapes","floor":38,"turns":5},{"damage":16,"enemies":"Jaw Worm Horde","floor":39,"turns":3},{"damage":2,"enemies":"Nemesis","floor":41,"turns":7},{"damage":10,"enemies":"3 Darklings","floor":44,"turns":2},{"damage":18,"enemies":"4 Shapes","floor":45,"turns":4},{"damage":22,"enemies":"Sphere and 2 Shapes","floor":46,"turns":3},{"damage":4,"enemies":"Writhing Mass","floor":48,"turns":4},{"damage":19,"enemies":"Time Eater","floor":50,"turns":7}],"seed_played":"4730313172176209113","potions_obtained":[{"floor":2,"key":"SpeedPotion"},{"floor":7,"key":"Swift Potion"},{"floor":10,"key":"GamblersBrew"},{"floor":12,"key":"Weak Potion"},{"floor":13,"key":"EssenceOfSteel"},{"floor":19,"key":"PowerPotion"},{"floor":21,"key":"CultistPotion"},{"floor":25,"key":"Strength Potion"},{"floor":36,"key":"BlessingOfTheForge"},{"floor":38,"key":"AttackPotion"}],"is_trial":false,"path_per_floor":["M","M","M","M","M","R","?","R","T","M","R","M","E","M","R","B",null,"M","M","?","M","M","R","E","M","T","R","?","?","R","M","R","B",null,"M","?","$","M","M","R","E","?","T","M","M","M","R","M","R","B",null],"character_chosen":"DEFECT","items_purchased":["Bronze Scales","Echo Form+1"],"campfire_rested":7,"item_purchase_floors":[37,37],"current_hp_per_floor":[75,71,70,70,63,63,36,36,36,30,52,50,49,49,49,22,75,65,60,48,17,13,35,24,21,21,43,43,43,43,27,49,27,75,59,56,56,56,40,62,60,60,60,50,32,10,32,28,50,31],"gold":374,"neow_bonus":"ONE_RANDOM_RARE_CARD","is_daily":false,"chose_seed":false,"campfire_upgraded":4,"win_rate":0.0,"timestamp":1611261124,"path_taken":["M","M","M","M","M","R","?","R","T","M","R","M","E","M","R","BOSS","M","M","?","M","M","R","E","?","T","R","?","?","R","M","R","BOSS","M","?","$","M","M","R","E","?","T","M","?","M","R","M","R","BOSS"],"items_purchased_type":["Relic","Card"],"build_version":"2020-12-22","purchased_purges":1,"victory":true,"max_hp_per_floor":[75,75,75,75,75,75,75,75,75,75,75,75,75,75,75,75,75,75,75,75,75,75,75,75,75,75,75,75,75,75,75,75,75,75,75,75,75,75,75,75,75,75,75,75,75,75,75,75,75,75],"card_choices":[{"not_picked":["Stack","Rebound"],"picked":"Redo","floor":1},{"not_picked":["Streamline","Turbo"],"picked":"Glacier","floor":2},{"not_picked":["Tempest","Cold Snap"],"picked":"Loop","floor":3},{"not_picked":["Steam","Compile Driver","Rebound"],"picked":"SKIP","floor":4},{"not_picked":["All For One","Sweeping Beam"],"picked":"Beam Cell","floor":5},{"not_picked":["Tempest","Lockon"],"picked":"Capacitor","floor":7},{"not_picked":["Scrape","White Noise"],"picked":"Consume","floor":10},{"not_picked":["Steam","Loop"],"picked":"Glacier","floor":12},{"not_picked":["Streamline","Leap"],"picked":"Beam Cell","floor":13},{"not_picked":["Reprogram","Go for the Eyes","Rebound"],"picked":"SKIP","floor":14},{"not_picked":["Reboot","Creative AI+1"],"picked":"Biased Cognition+1","floor":16},{"not_picked":["Consume","Self Repair+1"],"picked":"Genetic Algorithm","floor":18},{"not_picked":["Undo","Ball Lightning"],"picked":"Gash+1","floor":19},{"not_picked":["Undo+1","Storm+1"],"picked":"Hologram+1","floor":21},{"not_picked":["Cold Snap","Ball Lightning"],"picked":"Redo","floor":22},{"not_picked":["Tempest","Compile Driver"],"picked":"Rebound+1","floor":24},{"not_picked":["Steam","Rebound+1"],"picked":"FTL+1","floor":25},{"not_picked":["Compile Driver+1","Double Energy+1"],"picked":"Ball Lightning+1","floor":31},{"not_picked":["Creative AI+1","All For One"],"picked":"Electrodynamics+1","floor":33},{"not_picked":["Steam+1","Rebound+1","Doom and Gloom"],"picked":"SKIP","floor":35},{"not_picked":["Rebound+1","Cold Snap+1"],"picked":"Gash+1","floor":36},{"not_picked":["Sweeping Beam","Melter","Rebound+1"],"picked":"SKIP","floor":38},{"not_picked":["Turbo+1","BootSequence"],"picked":"Conserve Battery+1","floor":39},{"not_picked":["Compile Driver+1","Turbo","Meteor Strike"],"picked":"SKIP","floor":41},{"not_picked":["Hello World+1","Stack+1"],"picked":"Storm+1","floor":44},{"not_picked":["Conserve Battery+1","Beam Cell+1"],"picked":"Fusion+1","floor":45},{"not_picked":["Streamline+1","Fusion"],"picked":"Gash","floor":46},{"not_picked":["Rebound+1","Rip and Tear+1"],"picked":"Barrage+1","floor":48}],"player_experience":51490,"relics_obtained":[{"floor":7,"key":"Odd Mushroom"},{"floor":9,"key":"Gambling Chip"},{"floor":13,"key":"Frozen Egg 2"},{"floor":24,"key":"Unceasing Top"},{"floor":26,"key":"Oddly Smooth Stone"},{"floor":36,"key":"Calipers"},{"floor":41,"key":"Mummified Hand"},{"floor":43,"key":"Nunchaku"}],"event_choices":[{"damage_healed":0,"gold_gain":0,"player_choice":"Fought Mushrooms","damage_taken":0,"max_hp_gain":0,"max_hp_loss":0,"event_name":"Mushrooms","floor":7,"gold_loss":0},{"damage_healed":0,"gold_gain":0,"player_choice":"CARD ","damage_taken":12,"max_hp_gain":0,"max_hp_loss":0,"event_name":"Knowing Skull","floor":20,"potions_obtained":[],"gold_loss":0,"cards_obtained":["Dramatic Entrance"]},{"damage_healed":0,"gold_gain":0,"player_choice":"Ignored","damage_taken":0,"max_hp_gain":0,"max_hp_loss":0,"event_name":"Ghosts","floor":28,"gold_loss":0},{"cards_removed":["Defend_B"],"damage_healed":0,"gold_gain":0,"player_choice":"Gave Gold","damage_taken":0,"max_hp_gain":0,"max_hp_loss":0,"event_name":"Beggar","floor":29,"gold_loss":75},{"damage_healed":0,"gold_gain":0,"player_choice":"Fight","damage_taken":0,"max_hp_gain":0,"max_hp_loss":0,"event_name":"MindBloom","floor":36,"gold_loss":0},{"damage_healed":0,"gold_gain":0,"player_choice":"Cursed","damage_taken":0,"max_hp_gain":0,"max_hp_loss":0,"event_name":"Wheel of Change","floor":42,"gold_loss":0,"cards_obtained":["Decay"]}],"is_beta":false,"boss_relics":[{"not_picked":["Empty Cage","Tiny House"],"picked":"Velvet Choker"},{"not_picked":["Cursed Key","Astrolabe"],"picked":"Inserter"}],"items_purged_floors":[37],"is_endless":false,"potions_floor_spawned":[2,7,10,12,13,19,21,25,31,36,38],"ascension_level":0}}