{"host":"3h5qf14xt40jhha0","time":1611195359,"event":{"mods":["AlwaysNeverKeys","BaseMod","Colored Powertips","Minty Spire (QoL Compilation)","Permanent Neow","Relic Stats","StSLib"],"gold_per_floor":[163,180,180,255,530,530,237,272,297,323,339,395,395,424,424,496,496,514,514,514,98,98,126,126,157,157,157,169,169,202,216,216,293,293,311,311,357,371,382,411,431,456,483,483,494,507,221,255,255,255,255,255],"floor_reached":51,"language":"ENG","playtime":2554,"items_purged":["Strike_G","Strike_G","Strike_G"],"score":1693,"play_id":"9196941d-ea13-4424-8483-db095c968053","local_time":"20210120211559","is_ascension_mode":true,"campfire_choices":[{"data":"Sucker Punch","floor":6.0,"key":"SMITH"},{"floor":13.0,"key":"REST"},{"data":"Terror","floor":15.0,"key":"SMITH"},{"floor":24.0,"key":"REST"},{"floor":27.0,"key":"REST"},{"data":"RitualDagger","floor":29.0,"key":"SMITH"},{"data":"Blade Dance","floor":32.0,"key":"SMITH"},{"floor":44.0,"key":"REST"},{"floor":49.0,"key":"RECALL"}],"circlet_count":0,"master_deck":["AscendersBane","Strike_G","Strike_G+1","Defend_G","Defend_G","Defend_G","Defend_G","Defend_G","Survivor","Neutralize+1","Dagger Throw","Blade Dance+1","Sucker Punch+1","Regret","Quick Slash+1","Acrobatics","Heel Hook","Terror+1","Footwork","Adrenaline","Bouncing Flask+1","RitualDagger+1","Underhanded Strike","Slice+1","Leg Sweep+1","Adrenaline","CurseOfTheBell","Prepared+1","Writhe","Cloak And Dagger","Accuracy+1","Blade Dance","Finisher","Well Laid Plans+1","Reflex+1"],"relics":["Tiny House","Du-Vu Doll","Strawberry","Ancient Tea Set","Pear","Bag of Marbles","Happy Flower","Sozu","Boot","Tough Bandages","Nunchaku","Pen Nib","Pantograph","Calling Bell","Snake Skull","Darkstone Periapt","Torii","Regal Pillow","White Beast Statue","Bronze Scales","Art of War","Whetstone","Mercury Hourglass"],"acts_visited":["Exordium","TheCity","TheBeyond"],"potions_floor_usage":[50],"damage_taken":[{"damage":0.0,"enemies":"Cultist","floor":1.0,"turns":4.0},{"damage":3.0,"enemies":"2 Louse","floor":2.0,"turns":3.0},{"damage":0.0,"enemies":"Gremlin Nob","floor":8.0,"turns":3.0},{"damage":6.0,"enemies":"Lagavulin","floor":10.0,"turns":6.0},{"damage":7.0,"enemies":"Jaw Worm","floor":11.0,"turns":2.0},{"damage":29.0,"enemies":"Lagavulin Event","floor":12.0,"turns":5.0},{"damage":8.0,"enemies":"Gremlin Nob","floor":14.0,"turns":3.0},{"damage":18.0,"enemies":"Slime Boss","floor":16.0,"turns":8.0},{"damage":10.0,"enemies":"2 Thieves","floor":18.0,"turns":4.0},{"damage":60.0,"enemies":"Slavers","floor":23.0,"turns":11.0},{"damage":26.0,"enemies":"Gremlin Leader","floor":25.0,"turns":5.0},{"damage":0.0,"enemies":"Shell Parasite","floor":28.0,"turns":2.0},{"damage":11.0,"enemies":"Slavers","floor":30.0,"turns":3.0},{"damage":0.0,"enemies":"Snecko","floor":31.0,"turns":2.0},{"damage":38.0,"enemies":"Collector","floor":33.0,"turns":8.0},{"damage":0.0,"enemies":"Orb Walker","floor":35.0,"turns":2.0},{"damage":0.0,"enemies":"3 Shapes","floor":38.0,"turns":2.0},{"damage":2.0,"enemies":"Sphere and 2 Shapes","floor":39.0,"turns":3.0},{"damage":31.0,"enemies":"Giant Head","floor":40.0,"turns":7.0},{"damage":1.0,"enemies":"4 Shapes","floor":41.0,"turns":3.0},{"damage":27.0,"enemies":"Reptomancer","floor":42.0,"turns":3.0},{"damage":1.0,"enemies":"Writhing Mass","floor":45.0,"turns":3.0},{"damage":0.0,"enemies":"Maw","floor":46.0,"turns":3.0},{"damage":20.0,"enemies":"Giant Head","floor":48.0,"turns":5.0},{"damage":56,"enemies":"Awakened One","floor":50,"turns":10},{"damage":56,"enemies":"Donu and Deca","floor":51,"turns":3}],"seed_played":"9194728967268391029","potions_obtained":[{"floor":0.0,"key":"Weak Potion"},{"floor":1.0,"key":"Weak Potion"},{"floor":8.0,"key":"DistilledChaos"},{"floor":11.0,"key":"ColorlessPotion"},{"floor":16.0,"key":"Dexterity Potion"}],"is_trial":false,"path_per_floor":["M","M","?","?","?","R","$","E","T","E","M","?","R","E","R","B",null,"M","?","T","$","?","E","R","E","T","R","M","R","E","M","R","B",null,"M","?","T","M","M","E","M","E","T","R","M","M","$","E","R","B","B"],"character_chosen":"THE_SILENT","items_purchased":["Strawberry","Strength Potion","Tough Bandages","Whetstone"],"campfire_rested":4,"item_purchase_floors":[7,7,21,47],"current_hp_per_floor":[64,61,43,32,32,32,39,39,39,43,36,7,33,25,25,7,68,58,76,76,76,70,10,36,10,10,36,36,36,25,25,25,12,69,69,93,93,93,91,60,59,32,32,75,74,74,74,54,54,23,0,0],"gold":255,"neow_bonus":"BOSS_RELIC","is_daily":false,"chose_seed":false,"campfire_upgraded":4,"win_rate":0.0,"timestamp":1611195359,"path_taken":["M","M","?","?","?","R","$","E","T","E","?","?","R","E","R","BOSS","M","?","?","$","?","E","R","E","T","R","M","R","E","M","R","BOSS","M","?","?","?","M","E","M","E","T","R","M","M","$","E","R","BOSS","BOSS"],"items_purchased_type":["Relic","Potion","Relic","Relic"],"build_version":"2020-12-22","purchased_purges":3,"victory":false,"max_hp_per_floor":[71,71,71,71,71,71,78,78,78,88,88,88,88,88,88,88,88,88,88,88,88,88,88,88,88,88,88,88,88,88,88,88,88,88,88,94,94,94,94,94,94,94,94,94,94,94,94,94,94,94,94,94],"relic_stats":{"Darkstone Periapt":6,"Regal Pillow":15,"Happy Flower":[29],"Torii":10,"counters":[26,113],"Pen Nib":[21],"Snake Skull":[16],"Whetstone":["Quick Slash","Neutralize"],"Boot":[7],"Mercury Hourglass":[48],"Sozu":10,"Tough Bandages":[174],"Nunchaku":[23],"Pantograph":75,"Bronze Scales":[81],"Art of War":[3],"obtain_stats":[{"Darkstone Periapt":34,"Regal Pillow":37,"Tiny House":0,"Pear":10,"Happy Flower":14,"Torii":34,"Pen Nib":26,"Snake Skull":34,"Whetstone":47,"Ancient Tea Set":8,"Boot":20,"White Beast Statue":40,"Mercury Hourglass":48,"Du-Vu Doll":3,"Sozu":17,"Calling Bell":34,"Tough Bandages":21,"Nunchaku":23,"Strawberry":7,"Pantograph":30,"Bronze Scales":42,"Bag of Marbles":12,"Art of War":43,"Ring of the Snake":0},{"Darkstone Periapt":15,"Regal Pillow":16,"Tiny House":0,"Pear":4,"Happy Flower":7,"Torii":15,"Pen Nib":11,"Snake Skull":15,"Whetstone":23,"Ancient Tea Set":3,"Boot":9,"White Beast Statue":19,"Mercury Hourglass":24,"Du-Vu Doll":2,"Sozu":8,"Calling Bell":15,"Tough Bandages":9,"Nunchaku":10,"Strawberry":2,"Pantograph":13,"Bronze Scales":21,"Bag of Marbles":6,"Art of War":21,"Ring of the Snake":0},{"Darkstone Periapt":69,"Regal Pillow":71,"Tiny House":0,"Pear":16,"Happy Flower":26,"Torii":69,"Pen Nib":54,"Snake Skull":69,"Whetstone":95,"Ancient Tea Set":10,"Boot":38,"White Beast Statue":83,"Mercury Hourglass":100,"Du-Vu Doll":7,"Sozu":34,"Calling Bell":69,"Tough Bandages":38,"Nunchaku":49,"Strawberry":7,"Pantograph":59,"Bronze Scales":89,"Bag of Marbles":23,"Art of War":89,"Ring of the Snake":0}]},"card_choices":[{"not_picked":["Blur","Noxious Fumes"],"picked":"Dagger Throw","floor":0.0},{"not_picked":["Heel Hook","Dodge and Roll"],"picked":"Blade Dance","floor":1.0},{"not_picked":["Cloak And Dagger","Outmaneuver"],"picked":"Sucker Punch","floor":2.0},{"not_picked":["Prepared","Envenom"],"picked":"Quick Slash","floor":8.0},{"not_picked":["Night Terror","Prepared"],"picked":"Acrobatics","floor":10.0},{"not_picked":["Quick Slash","Outmaneuver"],"picked":"Heel Hook","floor":11.0},{"not_picked":["Dagger Throw","Backflip"],"picked":"Terror","floor":12.0},{"not_picked":["Crippling Poison","Blade Dance"],"picked":"Footwork","floor":14.0},{"not_picked":["A Thousand Cuts","Burst"],"picked":"Adrenaline","floor":16.0},{"not_picked":["Backstab","PiercingWail"],"picked":"Bouncing Flask+1","floor":18.0},{"not_picked":["Flying Knee","Setup"],"picked":"Underhanded Strike","floor":23.0},{"not_picked":["Predator","Deadly Poison"],"picked":"Slice+1","floor":25.0},{"not_picked":["PiercingWail","Heel Hook","Escape Plan"],"picked":"SKIP","floor":28.0},{"not_picked":["Accuracy","Slice","Infinite Blades"],"picked":"SKIP","floor":30.0},{"not_picked":["Blade Dance","Poisoned Stab"],"picked":"Leg Sweep+1","floor":31.0},{"not_picked":["Wraith Form v2","Doppelganger"],"picked":"Adrenaline","floor":33.0},{"not_picked":["Dodge and Roll","Blade Dance"],"picked":"Prepared+1","floor":35.0},{"not_picked":["Crippling Poison","Underhanded Strike"],"picked":"Cloak And Dagger","floor":38.0},{"not_picked":["Bane","Sucker Punch","Quick Slash"],"picked":"SKIP","floor":39.0},{"not_picked":["Escape Plan","Blur"],"picked":"Accuracy+1","floor":40.0},{"not_picked":["Distraction","Doppelganger","Leg Sweep"],"picked":"SKIP","floor":41.0},{"not_picked":["Blur","Concentrate"],"picked":"Blade Dance","floor":42.0},{"not_picked":["Heel Hook","Deadly Poison+1"],"picked":"Finisher","floor":45.0},{"not_picked":["Dagger Throw","Heel Hook+1"],"picked":"Well Laid Plans+1","floor":46.0},{"not_picked":["Backflip","Heel Hook"],"picked":"Reflex+1","floor":48.0}],"player_experience":1363045,"relics_obtained":[{"floor":8.0,"key":"Ancient Tea Set"},{"floor":10.0,"key":"Pear"},{"floor":12.0,"key":"Bag of Marbles"},{"floor":14.0,"key":"Happy Flower"},{"floor":20.0,"key":"Boot"},{"floor":23.0,"key":"Nunchaku"},{"floor":26.0,"key":"Pen Nib"},{"floor":30.0,"key":"Pantograph"},{"floor":34.0,"key":"Snake Skull"},{"floor":34.0,"key":"Darkstone Periapt"},{"floor":34.0,"key":"Torii"},{"floor":37.0,"key":"Regal Pillow"},{"floor":40.0,"key":"White Beast Statue"},{"floor":42.0,"key":"Bronze Scales"},{"floor":43.0,"key":"Art of War"},{"floor":48.0,"key":"Mercury Hourglass"}],"event_choices":[{"damage_healed":0.0,"max_hp_gain":0.0,"max_hp_loss":0.0,"gold_gain":0.0,"event_name":"Scrap Ooze","player_choice":"Success","floor":3.0,"gold_loss":0.0,"damage_taken":18.0,"relics_obtained":["Du-Vu Doll"]},{"damage_healed":0.0,"max_hp_gain":0.0,"max_hp_loss":0.0,"gold_gain":75.0,"event_name":"World of Goop","player_choice":"Gather Gold","floor":4.0,"gold_loss":0.0,"damage_taken":11.0},{"damage_healed":0.0,"max_hp_gain":0.0,"max_hp_loss":0.0,"gold_gain":275.0,"event_name":"Golden Shrine","player_choice":"Desecrate","floor":5.0,"gold_loss":0.0,"damage_taken":0.0,"cards_obtained":["Regret"]},{"damage_healed":0.0,"max_hp_gain":0.0,"max_hp_loss":0.0,"gold_gain":0.0,"event_name":"Dead Adventurer","player_choice":"Searched \u00271\u0027 times","floor":12.0,"gold_loss":0.0,"damage_taken":0.0},{"damage_healed":18.0,"max_hp_gain":0.0,"max_hp_loss":0.0,"gold_gain":0.0,"event_name":"The Library","player_choice":"Heal","floor":19.0,"gold_loss":0.0,"damage_taken":0.0},{"damage_healed":0.0,"max_hp_gain":0.0,"max_hp_loss":0.0,"gold_gain":0.0,"event_name":"Nest","player_choice":"Joined the Cult","floor":22.0,"gold_loss":0.0,"damage_taken":6.0,"cards_obtained":["RitualDagger"]},{"damage_healed":18.0,"max_hp_gain":0.0,"max_hp_loss":0.0,"gold_gain":0.0,"event_name":"Winding Halls","player_choice":"Writhe","floor":36.0,"gold_loss":0.0,"damage_taken":0.0,"cards_obtained":["Writhe"]}],"is_beta":false,"boss_relics":[{"not_picked":["Busted Crown","Ectoplasm"],"picked":"Sozu"},{"not_picked":["Philosopher\u0027s Stone","Black Star"],"picked":"Calling Bell"}],"items_purged_floors":[7,21,47],"is_endless":false,"potions_floor_spawned":[1,8,11,16,23,28,33,39,40,41,42,45,46,48],"killed_by":"Donu and Deca","ascension_level":20}}