{"host":"qrt7o4dq2qslzw13","time":1611251399,"event":{"mods":["AchievementEnabler","BaseMod","Colored Map","Colored Powertips","Minty Spire (QoL Compilation)","Quick Restart","StSLib","SuperFastMode"],"gold_per_floor":[118,133,133,133,146,146,146,7,7,17,17,36,48,10,10,111,111,123,136,5,5,5,5,35,310,333,366,366,39,56,4,4,106,156,172,172,172,27,0,0,0,0,0,16,29,29,29,29,29,29,29,29,7,7,7],"floor_reached":54,"language":"ENG","playtime":905,"items_purged":[],"score":734,"play_id":"67efb0c7-d82f-4a96-9b13-b66c2507d554","local_time":"20210121124959","is_ascension_mode":false,"campfire_choices":[{"data":"Sanctity","floor":6.0,"key":"SMITH"},{"data":"FlyingSleeves","floor":11.0,"key":"SMITH"},{"data":"ForeignInfluence","floor":15.0,"key":"SMITH"},{"data":"WindmillStrike","floor":23.0,"key":"SMITH"},{"floor":28.0,"key":"REST"},{"data":"Judgement","floor":32.0,"key":"SMITH"},{"data":"Apotheosis","floor":40.0,"key":"SMITH"},{"data":"Ragnarok","floor":42.0,"key":"SMITH"},{"floor":47.0,"key":"REST"},{"floor":49.0,"key":"RECALL"},{"data":"Vigilance","floor":52.0,"key":"SMITH"}],"circlet_count":0,"master_deck":["Strike_P","Strike_P","Strike_P","Strike_P","Defend_P","Defend_P","Defend_P","Defend_P+1","Eruption+1","Vigilance+1","FollowUp","EmptyBody","Sanctity+1","Decay","Judgement+1","FlyingSleeves+1","ReachHeaven","WindmillStrike+1","ForeignInfluence+1","Devotion","CurseOfTheBell","EmptyFist","Worship+1","ThirdEye","Worship","DeusExMachina","Regret","Evaluate+1","TalkToTheHand","Prostrate","Good Instincts","SignatureMove+1","Vault+1","Protect+1","Purity","Apotheosis+1","Master of Strategy","Ragnarok+1","CarveReality+1","WaveOfTheHand","Prostrate"],"relics":["PureWater","Du-Vu Doll","MealTicket","Calling Bell","Centennial Puzzle","Frozen Egg 2","Ginger","Bottled Flame","Orichalcum","WingedGreaves","War Paint","Tiny House","Red Mask","Mercury Hourglass","Calipers"],"acts_visited":["Exordium","TheCity","TheBeyond","TheEnding"],"potions_floor_usage":[],"damage_taken":[{"damage":17.0,"enemies":"Jaw Worm","floor":1.0,"turns":2.0},{"damage":0.0,"enemies":"Small Slimes","floor":2.0,"turns":2.0},{"damage":2.0,"enemies":"Cultist","floor":5.0,"turns":3.0},{"damage":3.0,"enemies":"Exordium Wildlife","floor":10.0,"turns":3.0},{"damage":0.0,"enemies":"Exordium Thugs","floor":12.0,"turns":3.0},{"damage":3.0,"enemies":"3 Louse","floor":13.0,"turns":2.0},{"damage":0.0,"enemies":"Slime Boss","floor":16.0,"turns":5.0},{"damage":0.0,"enemies":"2 Thieves","floor":18.0,"turns":1.0},{"damage":0.0,"enemies":"Spheric Guardian","floor":19.0,"turns":2.0},{"damage":22.0,"enemies":"Slavers","floor":24.0,"turns":3.0},{"damage":30.0,"enemies":"Gremlin Leader","floor":27.0,"turns":3.0},{"damage":10.0,"enemies":"Centurion and Healer","floor":30.0,"turns":4.0},{"damage":39.0,"enemies":"Automaton","floor":33.0,"turns":8.0},{"damage":44.0,"enemies":"3 Darklings","floor":35.0,"turns":5.0},{"damage":5.0,"enemies":"Orb Walker","floor":44.0,"turns":2.0},{"damage":29.0,"enemies":"Maw","floor":45.0,"turns":5.0},{"damage":83.0,"enemies":"Donu and Deca","floor":50.0,"turns":10.0},{"damage":68,"enemies":"Shield and Spear","floor":54,"turns":3}],"seed_played":"-9168675582658472567","potions_obtained":[{"floor":2.0,"key":"Strength Potion"},{"floor":12.0,"key":"Explosive Potion"},{"floor":16.0,"key":"Explosive Potion"},{"floor":19.0,"key":"Explosive Potion"},{"floor":27.0,"key":"Fire Potion"},{"floor":30.0,"key":"LiquidBronze"},{"floor":34.0,"key":"FairyPotion"},{"floor":45.0,"key":"Block Potion"}],"is_trial":false,"path_per_floor":["M","M","?","?","M","R","?","$","T","M","R","M","M","$","R","B",null,"M","M","$","?","$","R","E","?","T","E","R","$","M","$","R","B",null,"M","?","?","$","?","R","$","R","T","M","M","$","R","?","R","B",null,"R","$","E"],"character_chosen":"WATCHER","items_purchased":["Judgement","ForeignInfluence","Worship","ThirdEye","War Paint","TalkToTheHand","Prostrate","Good Instincts","SpeedPotion","Ragnarok","Prostrate"],"campfire_rested":2,"item_purchase_floors":[8,14,20,20,29,29,29,29,31,38,53],"current_hp_per_floor":[48,48,48,48,46,46,46,61,61,58,58,58,55,65,65,65,65,65,65,65,65,65,65,43,43,43,13,32,47,37,52,52,13,70,26,16,61,61,61,61,61,61,61,56,27,42,60,60,60,11,61,61,61,0,0],"gold":7,"neow_bonus":"ONE_RARE_RELIC","is_daily":false,"chose_seed":false,"campfire_upgraded":8,"win_rate":0.0,"timestamp":1611251399,"path_taken":["M","M","?","?","M","R","?","$","T","M","R","M","?","$","R","BOSS","M","M","$","?","?","R","E","?","T","E","R","$","?","?","R","BOSS","M","?","?","$","?","R","$","R","T","M","?","?","R","?","R","BOSS","R","$","E"],"items_purchased_type":["Card","Card","Card","Card","Relic","Card","Card","Card","Potion","Card","Card"],"build_version":"2020-12-22","purchased_purges":0,"victory":false,"max_hp_per_floor":[65,65,65,65,65,65,65,65,65,65,65,65,65,65,65,65,65,65,65,65,65,65,65,65,65,65,65,65,65,65,65,65,65,70,70,70,61,61,61,61,61,61,61,61,61,61,61,61,61,61,61,61,61,61,61],"card_choices":[{"not_picked":["EmptyFist","CutThroughFate"],"picked":"FollowUp","floor":1.0},{"not_picked":["ClearTheMind","Sanctity"],"picked":"EmptyBody","floor":2.0},{"not_picked":["PathToVictory","Crescendo"],"picked":"Sanctity","floor":5.0},{"not_picked":["Meditate","FollowUp"],"picked":"FlyingSleeves","floor":10.0},{"not_picked":["Weave","ClearTheMind"],"picked":"ReachHeaven","floor":12.0},{"not_picked":["CrushJoints","Protect"],"picked":"WindmillStrike","floor":13.0},{"not_picked":["Wish","Omniscience"],"picked":"Devotion","floor":16.0},{"not_picked":["Crescendo","Nirvana+1"],"picked":"EmptyFist","floor":18.0},{"not_picked":["Protect","FlyingSleeves"],"picked":"BattleHymn+1","floor":19.0},{"not_picked":["Study+1","JustLucky"],"picked":"DeusExMachina","floor":24.0},{"not_picked":["Vengeance","Protect"],"picked":"Evaluate+1","floor":27.0},{"not_picked":["FlyingSleeves+1","Pray"],"picked":"SignatureMove+1","floor":30.0},{"not_picked":["Ragnarok","SpiritShield"],"picked":"Vault","floor":33.0},{"not_picked":["TalkToTheHand","Consecrate"],"picked":"Protect+1","floor":35.0},{"not_picked":["Flash of Steel","Madness"],"picked":"Purity","floor":36.0},{"not_picked":["Magnetism+1","Dramatic Entrance"],"picked":"Apotheosis","floor":36.0},{"not_picked":["Chrysalis","Jack Of All Trades"],"picked":"Master of Strategy","floor":36.0},{"not_picked":["Fasting2+1","WindmillStrike"],"picked":"CarveReality+1","floor":44.0},{"not_picked":["BowlingBash+1","Evaluate"],"picked":"WaveOfTheHand","floor":45.0}],"player_experience":575410,"relics_obtained":[{"floor":17.0,"key":"Centennial Puzzle"},{"floor":17.0,"key":"Frozen Egg 2"},{"floor":17.0,"key":"Ginger"},{"floor":24.0,"key":"Bottled Flame"},{"floor":26.0,"key":"Orichalcum"},{"floor":27.0,"key":"WingedGreaves"},{"floor":43.0,"key":"Mercury Hourglass"}],"event_choices":[{"damage_healed":0.0,"max_hp_gain":0.0,"max_hp_loss":0.0,"gold_gain":0.0,"event_name":"Living Wall","player_choice":"Grow","floor":3.0,"gold_loss":0.0,"damage_taken":0.0,"cards_upgraded":["Eruption"]},{"damage_healed":0.0,"max_hp_gain":0.0,"max_hp_loss":0.0,"gold_gain":0.0,"event_name":"Big Fish","player_choice":"Box","floor":4.0,"gold_loss":0.0,"damage_taken":0.0,"relics_obtained":["MealTicket"],"cards_obtained":["Regret"]},{"damage_healed":0.0,"max_hp_gain":0.0,"max_hp_loss":0.0,"gold_gain":0.0,"cards_transformed":["Regret"],"event_name":"Transmorgrifier","player_choice":"Transformed","floor":7.0,"gold_loss":0.0,"damage_taken":0.0,"cards_obtained":["Decay"]},{"damage_healed":0.0,"max_hp_gain":0.0,"max_hp_loss":0.0,"gold_gain":0.0,"event_name":"Duplicator","player_choice":"Copied","floor":21.0,"gold_loss":0.0,"damage_taken":0.0,"cards_obtained":["Worship"]},{"damage_healed":0.0,"max_hp_gain":0.0,"max_hp_loss":0.0,"gold_gain":275.0,"event_name":"Golden Shrine","player_choice":"Desecrate","floor":25.0,"gold_loss":0.0,"damage_taken":0.0,"cards_obtained":["Regret"]},{"damage_healed":0.0,"max_hp_gain":0.0,"max_hp_loss":0.0,"gold_gain":0.0,"event_name":"SensoryStone","player_choice":"Memory 3","floor":36.0,"gold_loss":0.0,"damage_taken":10.0},{"damage_healed":61.0,"max_hp_gain":0.0,"max_hp_loss":9.0,"gold_gain":0.0,"event_name":"The Moai Head","player_choice":"Heal","floor":37.0,"gold_loss":0.0,"damage_taken":0.0},{"damage_healed":0.0,"max_hp_gain":0.0,"max_hp_loss":0.0,"gold_gain":0.0,"event_name":"Tomb of Lord Red Mask","player_choice":"Paid","floor":39.0,"gold_loss":27.0,"damage_taken":0.0,"relics_obtained":["Red Mask"]},{"cards_removed":["BattleHymn"],"damage_healed":0.0,"max_hp_gain":0.0,"max_hp_loss":0.0,"gold_gain":0.0,"event_name":"WeMeetAgain","player_choice":"Gave Card","floor":48.0,"gold_loss":0.0,"damage_taken":0.0,"relics_obtained":["Calipers"]}],"is_beta":false,"boss_relics":[{"not_picked":["Coffee Dripper","VioletLotus"],"picked":"Calling Bell"},{"not_picked":["SacredBark","Snecko Eye"],"picked":"Tiny House"}],"items_purged_floors":[],"is_endless":false,"potions_floor_spawned":[2,12,16,19,27,30,45],"killed_by":"Shield and Spear","ascension_level":0}}