{"host":"9cyo9hnjhojz9htx","time":1611238912,"event":{"mods":["ATMod(°¢èªMod)","BaseMod","Colored Powertips","Downfall","Hermit","Lobotomy","Minty Spire (QoL Compilation)","Spicy Shops","StSLib","The Blackbeard","The Gatherer","¡¾ÒÅÎï¿¨ÅÆ¡¿REMEMod"],"gold_per_floor":[113,113,113,133,133,162,13,43,43,74,99,99,99],"floor_reached":12,"language":"ZHS","playtime":565,"items_purged":[],"score":104,"play_id":"16fb5903-837a-4a90-80ab-1db3d5b0dbff","local_time":"20210121222152","daily_mods":["Heirloom","Time Dilation","Flight","Elite Swarm"],"is_ascension_mode":false,"campfire_choices":[],"circlet_count":0,"master_deck":["Strike_B+1","Strike_B","Strike_B","Strike_B+1","Defend_B","Defend_B","Defend_B","Defend_B","Zap","Dualcast","AT_HeatAcrobatics","Double Energy","Redo","Barrage","Electrodynamics","Machine Learning","AT_RightCognition","Thunder Strike+1"],"relics":["Cracked Core","AT_ATBox","REME_ComplimentaryCards","Torii","Ginger","Smiling Mask","Lee\u0027s Waffle","AT_SunfireAegis","Whetstone","White Beast Statue","Molten Egg 2"],"acts_visited":["Exordium"],"potions_floor_usage":[11,12,12],"damage_taken":[{"damage":1,"enemies":"Cultist","floor":1,"turns":3},{"damage":0,"enemies":"2 Louse","floor":4,"turns":2},{"damage":41,"enemies":"Gremlin Nob","floor":6,"turns":4},{"damage":36,"enemies":"Lagavulin","floor":8,"turns":6},{"damage":18,"enemies":"Gremlin Nob","floor":10,"turns":3},{"damage":21,"enemies":"Lagavulin","floor":11,"turns":6},{"damage":9,"enemies":"Gremlin Nob","floor":12,"turns":2}],"seed_played":"5098743882901422765","potions_obtained":[{"floor":8,"key":"EntropicBrew"},{"floor":11,"key":"Strength Potion"}],"is_trial":true,"path_per_floor":["M","T","?","M","?","E","$","E","T","E","E","E"],"character_chosen":"DEFECT","items_purchased":["Lee\u0027s Waffle"],"campfire_rested":0,"item_purchase_floors":[7],"current_hp_per_floor":[74,74,67,67,67,26,82,46,46,28,7,0,0],"gold":99,"neow_bonus":"","is_daily":false,"chose_seed":false,"campfire_upgraded":0,"win_rate":0.0,"timestamp":1611238912,"path_taken":["M","?","?","?","?","E","?","E","T","E","E","E"],"items_purchased_type":["Relic"],"build_version":"2020-12-22","purchased_purges":0,"victory":false,"max_hp_per_floor":[75,75,75,75,75,75,82,82,82,82,82,82,82],"card_choices":[{"not_picked":["Turbo","Sweeping Beam"],"picked":"Redo","floor":1},{"not_picked":["Stack","Go for the Eyes"],"picked":"Barrage","floor":4},{"not_picked":["Meteor Strike","Thunder Strike"],"picked":"Electrodynamics","floor":6},{"not_picked":["Hyperbeam","Creative AI"],"picked":"Machine Learning","floor":8},{"not_picked":["All For One","Core Surge"],"picked":"AT_RightCognition","floor":10},{"not_picked":["Hyperbeam+1","REME_ForAll+1"],"picked":"Thunder Strike+1","floor":11}],"player_experience":160302,"relics_obtained":[{"floor":2,"key":"Ginger"},{"floor":6,"key":"Smiling Mask"},{"floor":8,"key":"AT_SunfireAegis"},{"floor":9,"key":"Whetstone"},{"floor":10,"key":"White Beast Statue"},{"floor":11,"key":"Molten Egg 2"}],"event_choices":[{"damage_healed":0,"gold_gain":0,"player_choice":"Damaged","damage_taken":7,"max_hp_gain":0,"max_hp_loss":0,"event_name":"Wheel of Change","floor":3,"gold_loss":0},{"damage_healed":0,"gold_gain":0,"player_choice":"0 cards matched","damage_taken":0,"max_hp_gain":0,"max_hp_loss":0,"event_name":"Match and Keep!","floor":5,"gold_loss":0,"cards_obtained":[]}],"is_beta":false,"boss_relics":[],"items_purged_floors":[],"is_endless":true,"potions_floor_spawned":[8,11],"killed_by":"Gremlin Nob","ascension_level":0}}