{"host":"vyjryxuuuxkt43k4","time":1611205110,"event":{"mods":["AchievementEnabler","BaseMod","Colored Map","DeckTracker","Keyboard Shortcuts","Minty Spire (QoL Compilation)","Permanent Neow","Quick Restart","StSLib","SuperFastMode","everything is the same but u backflip on backflip"],"gold_per_floor":[113,113,138,154,177,177,235,258,310,310,33,68,86,11,11,110,110,135,185,201,216,216,250,260,270,270,270,270,191,191,220,220,220,220],"floor_reached":33,"language":"KOR","playtime":1937,"items_purged":["Strike_R"],"score":556,"play_id":"ca804422-29d8-4fa0-ad17-be1ec8fce674","local_time":"20210121135830","is_ascension_mode":true,"campfire_choices":[{"data":"Searing Blow","floor":6.0,"key":"SMITH"},{"data":"Searing Blow+1","floor":10.0,"key":"SMITH"},{"data":"Searing Blow+2","floor":15.0,"key":"SMITH"},{"data":"Searing Blow+3","floor":28.0,"key":"SMITH"},{"data":"Searing Blow+4","floor":30.0,"key":"SMITH"},{"data":"Searing Blow+5","floor":32.0,"key":"SMITH"}],"circlet_count":0,"master_deck":["AscendersBane","Defend_R","Defend_R","Defend_R","Defend_R","Bash","Reaper","Perfected Strike","Searing Blow+6","Shrug It Off","Thunderclap","Armaments","Pommel Strike","Double Tap","Flex","Headbutt","Entrench","Shrug It Off","Bite","Bite","Bite","Bite","Bite","Intimidate"],"relics":["Burning Blood","Bloody Idol","Bag of Marbles","Akabeko","Pantograph","Coffee Dripper","MealTicket","Juzu Bracelet","Vajra"],"acts_visited":["Exordium","TheCity"],"potions_floor_usage":[],"damage_taken":[{"damage":11.0,"enemies":"2 Louse","floor":1.0,"turns":4.0},{"damage":20.0,"enemies":"Jaw Worm","floor":3.0,"turns":6.0},{"damage":6.0,"enemies":"Cultist","floor":4.0,"turns":3.0},{"damage":21.0,"enemies":"Blue Slaver","floor":5.0,"turns":4.0},{"damage":8.0,"enemies":"3 Louse","floor":8.0,"turns":4.0},{"damage":17.0,"enemies":"3 Sentries","floor":12.0,"turns":6.0},{"damage":1.0,"enemies":"Exordium Wildlife","floor":13.0,"turns":2.0},{"damage":64.0,"enemies":"Hexaghost","floor":16.0,"turns":8.0},{"damage":24.0,"enemies":"3 Byrds","floor":18.0,"turns":5.0},{"damage":19.0,"enemies":"Spheric Guardian","floor":20.0,"turns":4.0},{"damage":30.0,"enemies":"Snake Plant","floor":21.0,"turns":4.0},{"damage":2.0,"enemies":"Slavers","floor":23.0,"turns":3.0},{"damage":0.0,"enemies":"Centurion and Healer","floor":24.0,"turns":3.0},{"damage":12.0,"enemies":"Snecko","floor":25.0,"turns":5.0},{"damage":33.0,"enemies":"Book of Stabbing","floor":31.0,"turns":4.0},{"damage":52,"enemies":"Champ","floor":33,"turns":6}],"seed_played":"-135370224745348733","potions_obtained":[{"floor":4.0,"key":"Strength Potion"},{"floor":5.0,"key":"PowerPotion"},{"floor":8.0,"key":"BloodPotion"},{"floor":21.0,"key":"SneckoOil"},{"floor":24.0,"key":"Regen Potion"},{"floor":25.0,"key":"EntropicBrew"}],"is_trial":false,"path_per_floor":["M","?","M","M","M","R","?","M","T","R","$","E","M","$","R","B",null,"M","?","M","M","?","E","M","M","T","?","R","$","R","E","R","B"],"character_chosen":"IRONCLAD","items_purchased":["Akabeko","Armaments","Weak Potion","Intimidate"],"campfire_rested":0,"item_purchase_floors":[11,11,11,29],"current_hp_per_floor":[66,43,35,35,24,24,24,43,43,43,43,40,45,45,45,14,55,47,41,28,8,8,17,28,39,39,39,39,47,47,31,31,0,0],"gold":220,"neow_bonus":"THREE_RARE_CARDS","is_daily":false,"chose_seed":false,"campfire_upgraded":6,"win_rate":0.0,"timestamp":1611205110,"path_taken":["M","?","M","M","M","R","?","M","T","R","$","E","M","$","R","BOSS","M","?","?","M","?","E","M","M","T","?","R","?","R","E","R","BOSS"],"items_purchased_type":["Relic","Card","Potion","Card"],"build_version":"2020-12-22","purchased_purges":1,"victory":false,"max_hp_per_floor":[68,68,68,68,68,68,68,68,68,68,68,68,68,68,68,68,68,68,68,68,68,68,68,68,68,68,47,47,47,47,47,47,47,47],"card_choices":[{"not_picked":["Offering","Limit Break"],"picked":"Reaper","floor":0.0},{"not_picked":["Sever Soul","Dark Embrace"],"picked":"Perfected Strike","floor":1.0},{"not_picked":["Havoc","Dual Wield"],"picked":"Searing Blow","floor":3.0},{"not_picked":["Pommel Strike","Wild Strike"],"picked":"Shrug It Off","floor":4.0},{"not_picked":["Iron Wave","Havoc","Clash"],"picked":"SKIP","floor":5.0},{"not_picked":["Flex","Intimidate"],"picked":"Thunderclap","floor":8.0},{"not_picked":["Perfected Strike","Fiend Fire"],"picked":"Pommel Strike","floor":12.0},{"not_picked":["Heavy Blade","Thunderclap","Searing Blow"],"picked":"SKIP","floor":13.0},{"not_picked":["Barricade","Brutality"],"picked":"Double Tap","floor":16.0},{"not_picked":["Body Slam","Entrench"],"picked":"Flex","floor":18.0},{"not_picked":["Clash","Combust+1"],"picked":"Headbutt","floor":20.0},{"not_picked":["Clash","Carnage"],"picked":"Entrench","floor":21.0},{"not_picked":["Whirlwind","Sever Soul","Armaments"],"picked":"SKIP","floor":23.0},{"not_picked":["Whirlwind","Sever Soul","Armaments"],"picked":"SKIP","floor":23.0},{"not_picked":["Iron Wave","Carnage"],"picked":"Shrug It Off","floor":24.0},{"not_picked":["Pommel Strike","Perfected Strike","Iron Wave"],"picked":"SKIP","floor":25.0},{"not_picked":["Clash","Flex","Heavy Blade"],"picked":"SKIP","floor":31.0}],"player_experience":188323,"relics_obtained":[{"floor":9.0,"key":"Bag of Marbles"},{"floor":12.0,"key":"Pantograph"},{"floor":23.0,"key":"MealTicket"},{"floor":26.0,"key":"Juzu Bracelet"},{"floor":31.0,"key":"Vajra"}],"event_choices":[{"damage_healed":0.0,"max_hp_gain":0.0,"max_hp_loss":0.0,"gold_gain":0.0,"event_name":"Golden Idol","player_choice":"Take Damage","floor":2.0,"gold_loss":0.0,"damage_taken":23.0,"relics_obtained":["Golden Idol"]},{"damage_healed":0.0,"max_hp_gain":0.0,"max_hp_loss":0.0,"gold_gain":58.0,"event_name":"Golden Wing","player_choice":"Gained Gold","floor":7.0,"gold_loss":0.0,"damage_taken":0.0},{"damage_healed":0.0,"max_hp_gain":0.0,"max_hp_loss":0.0,"gold_gain":50.0,"event_name":"FaceTrader","player_choice":"Touch","floor":19.0,"gold_loss":0.0,"damage_taken":6.0},{"damage_healed":0.0,"max_hp_gain":0.0,"max_hp_loss":0.0,"gold_gain":0.0,"event_name":"Forgotten Altar","player_choice":"Gave Idol","floor":22.0,"relics_lost":["Golden Idol"],"gold_loss":0.0,"damage_taken":0.0,"relics_obtained":["Bloody Idol"]},{"damage_healed":0.0,"max_hp_gain":0.0,"max_hp_loss":21.0,"gold_gain":0.0,"event_name":"Vampires","player_choice":"Became a vampire","floor":27.0,"gold_loss":0.0,"damage_taken":0.0,"cards_obtained":["Bite","Bite","Bite","Bite","Bite"]}],"is_beta":false,"boss_relics":[{"not_picked":["Runic Cube","Tiny House"],"picked":"Coffee Dripper"}],"items_purged_floors":[14],"is_endless":false,"potions_floor_spawned":[4,5,8,12,21,24,25],"killed_by":"Champ","ascension_level":17}}