{"host":"bos5votkudm6su2k","time":1611213586,"event":{"mods":["100% Spire Juice","Act Like it!","AlwaysNeverKeys","Arknights The Spire","BaseMod","Chinese 32Bit Patch","Colored Map","Colored Powertips","DeckTracker","Good Game Mod","Marked Mod","Minty Spire (QoL Compilation)","Quick Restart","StSLib","SuperFastMode","The Invoker Mod","Waifu the Spire"],"gold_per_floor":[116,37,53,53,53,53,53,83,83,93,110,122,137,172,172,172,172],"floor_reached":16,"language":"ZHS","playtime":416,"items_purged":[],"score":247,"play_id":"6ecaa0e0-efe1-47be-b210-03cf0d365fec","local_time":"20210121151946","is_ascension_mode":true,"campfire_choices":[{"data":"Seeing Red","floor":7.0,"key":"SMITH"},{"data":"Armaments","floor":15,"key":"SMITH"}],"circlet_count":0,"master_deck":["AscendersBane","Strike_R","Strike_R","Strike_R","Strike_R","Strike_R","Defend_R","Defend_R","Defend_R","Bash","True Grit","Shrug It Off","Armaments+1","Seeing Red+1","Reaper","Combust","Armaments+1","Exhume"],"relics":["Burning Blood","REME:ComplimentaryCards","NeowsBlessing","WingedGreaves","Singing Bowl","Ice Cream"],"acts_visited":["Exordium"],"potions_floor_usage":[14,14,16],"damage_taken":[{"damage":0.0,"enemies":"2 Louse","floor":1.0,"turns":1.0},{"damage":0.0,"enemies":"Jaw Worm","floor":3.0,"turns":1.0},{"damage":0.0,"enemies":"3 Sentries","floor":8.0,"turns":2.0},{"damage":0.0,"enemies":"Cultist","floor":10.0,"turns":4.0},{"damage":6.0,"enemies":"2 Fungi Beasts","floor":11.0,"turns":3.0},{"damage":6.0,"enemies":"Red Slaver","floor":12.0,"turns":4.0},{"damage":38.0,"enemies":"Exordium Thugs","floor":13.0,"turns":4.0},{"damage":43,"enemies":"Gremlin Nob","floor":14,"turns":5},{"damage":30,"enemies":"Hexaghost","floor":16,"turns":10}],"seed_played":"6758330654073061952","potions_obtained":[{"floor":8.0,"key":"Energy Potion"},{"floor":12.0,"key":"ElixirPotion"},{"floor":13.0,"key":"Regen Potion"},{"floor":14,"key":"SkillPotion"}],"is_trial":false,"path_per_floor":["M","$","M","?","?","$","R","E","T","M","M","M","M","E","R","B"],"character_chosen":"IRONCLAD","items_purchased":["Shrug It Off","Armaments"],"campfire_rested":0,"item_purchase_floors":[2,2],"current_hp_per_floor":[74,74,75,75,68,68,68,74,74,75,77,77,45,30,30,0,0],"gold":172,"neow_bonus":"THREE_ENEMY_KILL","is_daily":false,"chose_seed":false,"campfire_upgraded":2,"win_rate":0.0,"timestamp":1611213586,"path_taken":["M","$","M","?","?","?","R","E","T","M","M","M","M","E","R","BOSS"],"items_purchased_type":["Card","Card"],"build_version":"2020-12-22","purchased_purges":0,"victory":false,"max_hp_per_floor":[75,75,75,75,75,75,75,75,75,75,77,77,77,79,79,79,79],"card_choices":[{"not_picked":["Clash","Havoc"],"picked":"True Grit","floor":1.0},{"not_picked":["Warcry","Sever Soul"],"picked":"Seeing Red","floor":3.0},{"not_picked":["Clothesline","Shrug It Off"],"picked":"Reaper","floor":8.0},{"not_picked":["Headbutt","Fire Breathing"],"picked":"Combust","floor":10.0},{"not_picked":["Combust","Heavy Blade","Sever Soul"],"picked":"Singing Bowl","floor":11.0},{"not_picked":["Body Slam","Clothesline"],"picked":"Armaments","floor":12.0},{"not_picked":["Thunderclap","Pummel"],"picked":"Exhume","floor":13.0},{"not_picked":["Havoc","Sword Boomerang","Uppercut"],"picked":"Singing Bowl","floor":14}],"player_experience":448956,"relics_obtained":[{"floor":8.0,"key":"WingedGreaves"},{"floor":9.0,"key":"Singing Bowl"},{"floor":14,"key":"Ice Cream"}],"event_choices":[{"damage_healed":0.0,"max_hp_gain":0.0,"max_hp_loss":0.0,"gold_gain":0.0,"event_name":"Living Wall","player_choice":"Grow","floor":4.0,"gold_loss":0.0,"damage_taken":0.0,"cards_upgraded":["Armaments"]},{"cards_removed":["Defend_R"],"damage_healed":0.0,"max_hp_gain":0.0,"max_hp_loss":0.0,"gold_gain":0.0,"event_name":"Golden Wing","player_choice":"Card Removal","floor":5.0,"gold_loss":0.0,"damage_taken":7.0}],"is_beta":false,"boss_relics":[],"items_purged_floors":[],"is_endless":false,"potions_floor_spawned":[8,12,13,14],"killed_by":"Hexaghost","ascension_level":16}}