{"host":"6xsbn6ynqlzwllfm","time":1611253480,"event":{"mods":["2.2 Compatiblity","BaseMod","Bestiary","Colored Map","Colored Powertips","Curses Come First","Highlight Path","Keyboard Shortcuts","Minty Spire (QoL Compilation)","Quick Restart","Relic Stats","Slay the Relics Exporter","StSLib","SuperFastMode"],"gold_per_floor":[99,99,99,24,24,24,24,24,24,24,4,4,4,4,4,4,4,4,4,4,4,4,4,4,4,4,4,4,4,4,4,4,4,4,4,4,4,4,4,4],"floor_reached":39,"language":"ENG","playtime":3063,"items_purged":["Strike_R"],"score":914,"play_id":"92933f0f-88a5-4b1a-9bf0-7bcaf6f6f26f","local_time":"20210121132440","is_ascension_mode":true,"campfire_choices":[{"data":"Cleave","floor":7,"key":"SMITH"},{"data":"True Grit","floor":12,"key":"SMITH"},{"data":"Limit Break","floor":15,"key":"SMITH"},{"floor":23,"key":"REST"},{"floor":25,"key":"REST"},{"floor":28,"key":"REST"},{"data":"Heavy Blade","floor":32,"key":"SMITH"}],"circlet_count":0,"master_deck":["AscendersBane","Strike_R+1","Strike_R+1","Defend_R+1","Defend_R+1","Defend_R+1","Defend_R+1","Bash+1","Wild Strike+1","Cleave+1","Pommel Strike+1","Limit Break+1","True Grit+1","Headbutt","Immolate","Heavy Blade+1","Battle Trance","Writhe","Decay","Reaper","Uppercut","Parasite"],"relics":["Ectoplasm","TungstenRod","Toy Ornithopter","Self Forming Clay","Du-Vu Doll","Empty Cage","Bronze Scales","Juzu Bracelet","Letter Opener","Blue Candle","Eternal Feather","Runic Cube","Old Coin","Centennial Puzzle"],"acts_visited":["Exordium","TheCity","TheBeyond"],"potions_floor_usage":[8,13,16,19,20,29,33,36],"damage_taken":[{"damage":0,"enemies":"2 Louse","floor":1,"turns":3},{"damage":1,"enemies":"Small Slimes","floor":3,"turns":3},{"damage":0,"enemies":"Cultist","floor":5,"turns":2},{"damage":4,"enemies":"Gremlin Nob","floor":6,"turns":3},{"damage":23,"enemies":"Lagavulin","floor":8,"turns":6},{"damage":0,"enemies":"Looter","floor":11,"turns":2},{"damage":3,"enemies":"3 Sentries","floor":13,"turns":6},{"damage":0,"enemies":"3 Louse","floor":14,"turns":2},{"damage":29,"enemies":"The Guardian","floor":16,"turns":10},{"damage":16,"enemies":"Chosen","floor":18,"turns":4},{"damage":2,"enemies":"3 Byrds","floor":19,"turns":4},{"damage":21,"enemies":"Shelled Parasite and Fungi","floor":20,"turns":6},{"damage":23,"enemies":"Book of Stabbing","floor":24,"turns":3},{"damage":23,"enemies":"Slavers","floor":27,"turns":3},{"damage":41,"enemies":"Gremlin Leader","floor":29,"turns":4},{"damage":0,"enemies":"Centurion and Healer","floor":30,"turns":4},{"damage":28,"enemies":"Collector","floor":33,"turns":6},{"damage":21,"enemies":"3 Shapes","floor":35,"turns":8},{"damage":35,"enemies":"2 Orb Walkers","floor":36,"turns":4},{"damage":24,"enemies":"3 Darklings","floor":37,"turns":5},{"damage":48,"enemies":"Writhing Mass","floor":39,"turns":4}],"seed_played":"1957238726798505903","potions_obtained":[{"floor":3,"key":"Regen Potion"},{"floor":8,"key":"Dexterity Potion"},{"floor":11,"key":"HeartOfIron"},{"floor":16,"key":"Block Potion"},{"floor":19,"key":"SkillPotion"},{"floor":24,"key":"SteroidPotion"},{"floor":27,"key":"BloodPotion"},{"floor":33,"key":"HeartOfIron"},{"floor":37,"key":"FearPotion"}],"is_trial":false,"path_per_floor":["M","?","M","$","M","E","R","E","T","?","M","R","E","M","R","B",null,"M","M","M","?","?","R","E","R","T","E","R","E","M","?","R","B",null,"M","?","M","?","M"],"character_chosen":"IRONCLAD","items_purchased":[],"campfire_rested":3,"item_purchase_floors":[],"current_hp_per_floor":[68,45,44,44,44,40,40,31,31,31,31,31,33,33,33,9,59,43,46,30,30,30,52,29,51,51,28,50,29,29,29,38,15,60,42,37,45,45,0,0],"gold":4,"neow_bonus":"BOSS_RELIC","is_daily":false,"chose_seed":false,"campfire_upgraded":4,"win_rate":0.0,"timestamp":1611253480,"path_taken":["M","?","M","$","M","E","R","E","T","?","?","R","E","M","R","BOSS","M","M","M","?","?","R","E","R","T","E","R","E","M","?","R","BOSS","M","?","M","?","M"],"items_purchased_type":[],"build_version":"2020-12-22","purchased_purges":1,"victory":false,"max_hp_per_floor":[75,75,75,75,75,75,75,75,75,75,75,75,75,75,75,75,75,75,75,75,75,75,75,75,75,75,75,75,75,75,75,75,75,75,75,75,75,75,75,75],"relic_stats":{"counters":[21,92],"Self Forming Clay":[105],"Blue Candle":[14],"Eternal Feather":9,"Juzu Bracelet":0,"Letter Opener":[62],"Centennial Puzzle":[0],"Bronze Scales":[110],"Ectoplasm":937,"obtain_stats":[{"Self Forming Clay":9,"Blue Candle":27,"Eternal Feather":29,"Juzu Bracelet":24,"Letter Opener":26,"Empty Cage":17,"Burning Blood":0,"Old Coin":36,"Du-Vu Doll":13,"Centennial Puzzle":38,"Bronze Scales":21,"Ectoplasm":0,"TungstenRod":6,"Toy Ornithopter":8,"Runic Cube":34},{"Self Forming Clay":5,"Blue Candle":14,"Eternal Feather":15,"Juzu Bracelet":13,"Letter Opener":13,"Empty Cage":9,"Burning Blood":0,"Old Coin":19,"Du-Vu Doll":7,"Centennial Puzzle":20,"Bronze Scales":12,"Ectoplasm":0,"TungstenRod":4,"Toy Ornithopter":5,"Runic Cube":17},{"Self Forming Clay":17,"Blue Candle":57,"Eternal Feather":61,"Juzu Bracelet":54,"Letter Opener":54,"Empty Cage":37,"Burning Blood":0,"Old Coin":83,"Du-Vu Doll":25,"Centennial Puzzle":88,"Bronze Scales":51,"Ectoplasm":0,"TungstenRod":11,"Toy Ornithopter":17,"Runic Cube":71}],"TungstenRod":66,"Toy Ornithopter":35,"Runic Cube":[10]},"card_choices":[{"not_picked":["Shrug It Off","True Grit"],"picked":"Wild Strike","floor":1},{"not_picked":["Metallicize","Wild Strike"],"picked":"Cleave","floor":3},{"not_picked":["Sever Soul","Bloodletting"],"picked":"Pommel Strike","floor":5},{"not_picked":["Second Wind","Armaments"],"picked":"Limit Break","floor":6},{"not_picked":["Seeing Red","Iron Wave","Berserk"],"picked":"SKIP","floor":8},{"not_picked":["Pommel Strike","Havoc"],"picked":"True Grit","floor":11},{"not_picked":["Havoc","Twin Strike","Cleave"],"picked":"SKIP","floor":13},{"not_picked":["Clash","Pommel Strike"],"picked":"Headbutt","floor":14},{"not_picked":["Double Tap","Juggernaut"],"picked":"Immolate","floor":16},{"not_picked":["Twin Strike","Sword Boomerang"],"picked":"Heavy Blade","floor":18},{"not_picked":["Warcry","Anger","Flex"],"picked":"SKIP","floor":19},{"not_picked":["True Grit","Thunderclap+1"],"picked":"Battle Trance","floor":20},{"not_picked":["Juggernaut","Rupture","Rage"],"picked":"SKIP","floor":24},{"not_picked":["Combust","Rampage","True Grit"],"picked":"SKIP","floor":27},{"not_picked":["Armaments","Rampage","Searing Blow"],"picked":"SKIP","floor":29},{"not_picked":["Sword Boomerang","Wild Strike+1","Combust"],"picked":"SKIP","floor":30},{"not_picked":["Exhume","Feed"],"picked":"Reaper","floor":33},{"not_picked":["Flex","Combust+1","Wild Strike"],"picked":"SKIP","floor":35},{"not_picked":["Wild Strike","Clash"],"picked":"Uppercut","floor":36},{"not_picked":["Anger","Twin Strike+1","Pummel+1"],"picked":"SKIP","floor":37}],"player_experience":1067024,"relics_obtained":[{"floor":6,"key":"TungstenRod"},{"floor":8,"key":"Toy Ornithopter"},{"floor":9,"key":"Self Forming Clay"},{"floor":13,"key":"Du-Vu Doll"},{"floor":24,"key":"Juzu Bracelet"},{"floor":26,"key":"Letter Opener"},{"floor":27,"key":"Blue Candle"},{"floor":29,"key":"Eternal Feather"},{"floor":36,"key":"Old Coin"}],"event_choices":[{"damage_healed":0,"gold_gain":0,"player_choice":"Entered Light","damage_taken":23,"max_hp_gain":0,"max_hp_loss":0,"event_name":"Shining Light","floor":2,"gold_loss":0,"cards_upgraded":["Wild Strike","Bash"]},{"damage_healed":0,"gold_gain":0,"player_choice":"Upgraded","damage_taken":0,"max_hp_gain":0,"max_hp_loss":0,"event_name":"Upgrade Shrine","floor":10,"gold_loss":0,"cards_upgraded":["Pommel Strike"]},{"damage_healed":0,"gold_gain":0,"player_choice":"Opened","damage_taken":0,"relics_obtained":["Bronze Scales"],"max_hp_gain":0,"max_hp_loss":0,"event_name":"The Mausoleum","floor":21,"gold_loss":0,"cards_obtained":["Writhe"]},{"damage_healed":0,"gold_gain":0,"player_choice":"Simplicity","damage_taken":0,"max_hp_gain":0,"max_hp_loss":0,"event_name":"Back to Basics","floor":22,"gold_loss":0,"cards_upgraded":["Strike_R","Strike_R","Defend_R","Defend_R","Defend_R","Defend_R"]},{"damage_healed":0,"gold_gain":0,"player_choice":"Smashed Altar","damage_taken":0,"max_hp_gain":0,"max_hp_loss":0,"event_name":"Forgotten Altar","floor":31,"gold_loss":0,"cards_obtained":["Decay"]},{"damage_healed":0,"gold_gain":0,"player_choice":"Fight","damage_taken":0,"max_hp_gain":0,"max_hp_loss":0,"event_name":"Mysterious Sphere","floor":36,"gold_loss":0},{"damage_healed":0,"gold_gain":0,"player_choice":"Gave Potion","damage_taken":0,"relics_obtained":["Centennial Puzzle"],"max_hp_gain":0,"max_hp_loss":0,"event_name":"WeMeetAgain","floor":38,"gold_loss":0}],"is_beta":false,"boss_relics":[{"not_picked":["SlaversCollar","Fusion Hammer"],"picked":"Empty Cage"},{"not_picked":["Velvet Choker","Mark of Pain"],"picked":"Runic Cube"}],"items_purged_floors":[4],"is_endless":false,"potions_floor_spawned":[3,8,11,16,19,24,27,33,37],"killed_by":"Writhing Mass","ascension_level":20}}