{"host":"s41rn2jhghpwfrvz","time":1611248395,"event":{"mods":["BaseMod","Minty Spire (QoL Compilation)","Quick Restart","Relic Stats","SuperFastMode"],"gold_per_floor":[116,191,211,211,222,222,251,251,333,361,377,390,424,440,440,518,518,537,537,49,62,82,113,113,143,170,170,205,205,221,121,121,199,199,214,225,275,290,290,322,354,384,396,422,446,458,490,529,541,553,565,577,589,1,32,32],"floor_reached":57,"language":"ENG","playtime":1649,"items_purged":["Go for the Eyes","Endless Agony+1","Quick Slash+1"],"score":3379,"play_id":"e260994d-28c0-4878-bb17-aa70f0900fff","local_time":"20210121185955","daily_mods":["SealedDeck","Diverse","DeadlyEvents"],"is_ascension_mode":true,"campfire_choices":[{"data":"Prostrate","floor":6,"key":"SMITH"},{"floor":8,"key":"RECALL"},{"data":"Barricade","floor":15,"key":"SMITH"},{"data":"Pommel Strike","floor":24,"key":"SMITH"},{"data":"Expertise","floor":27,"key":"SMITH"},{"data":"Perseverance","floor":29,"key":"SMITH"},{"data":"Conserve Battery","floor":32,"key":"SMITH"},{"data":"PiercingWail","floor":49,"key":"SMITH"},{"data":"Gash","floor":53,"key":"SMITH"}],"circlet_count":0,"master_deck":["AscendersBane","Perseverance+1","Intimidate","Conserve Battery+1","Battle Trance+1","Gash+1","PiercingWail+1","Gash+1","Prostrate+1","Barricade+1","Pommel Strike+1","Expertise+1","TalkToTheHand"],"relics":["Black Blood","Bronze Scales","Mercury Hourglass","StrikeDummy","Anchor","ClockworkSouvenir","Bag of Preparation","Whetstone","Vajra","Pear","Busted Crown","Frozen Egg 2","Question Card","Pantograph","MawBank","Kunai","Orichalcum","Mummified Hand","Blood Vial","Toy Ornithopter"],"acts_visited":["Exordium","TheCity","TheBeyond","TheEnding"],"potions_floor_usage":[10,56,56],"damage_taken":[{"damage":0,"enemies":"Cultist","floor":1,"turns":3},{"damage":0,"enemies":"Small Slimes","floor":3,"turns":3},{"damage":0,"enemies":"Jaw Worm","floor":5,"turns":2},{"damage":2,"enemies":"Gremlin Nob","floor":7,"turns":3},{"damage":7,"enemies":"3 Sentries","floor":10,"turns":6},{"damage":0,"enemies":"Blue Slaver","floor":11,"turns":2},{"damage":0,"enemies":"Red Slaver","floor":12,"turns":2},{"damage":0,"enemies":"Lagavulin","floor":13,"turns":4},{"damage":0,"enemies":"Exordium Thugs","floor":14,"turns":4},{"damage":13,"enemies":"The Guardian","floor":16,"turns":7},{"damage":5,"enemies":"2 Thieves","floor":18,"turns":4},{"damage":6,"enemies":"Shell Parasite","floor":21,"turns":3},{"damage":0,"enemies":"Centurion and Healer","floor":22,"turns":3},{"damage":4,"enemies":"Gremlin Leader","floor":23,"turns":4},{"damage":4,"enemies":"Book of Stabbing","floor":25,"turns":4},{"damage":6,"enemies":"Slavers","floor":28,"turns":3},{"damage":0,"enemies":"Snake Plant","floor":30,"turns":2},{"damage":0,"enemies":"Collector","floor":33,"turns":3},{"damage":0,"enemies":"Orb Walker","floor":35,"turns":3},{"damage":0,"enemies":"3 Shapes","floor":36,"turns":2},{"damage":0,"enemies":"Transient","floor":38,"turns":4},{"damage":0,"enemies":"Giant Head","floor":40,"turns":3},{"damage":0,"enemies":"Reptomancer","floor":41,"turns":3},{"damage":0,"enemies":"Nemesis","floor":42,"turns":3},{"damage":0,"enemies":"Sphere and 2 Shapes","floor":44,"turns":3},{"damage":0,"enemies":"Writhing Mass","floor":45,"turns":3},{"damage":0,"enemies":"3 Darklings","floor":47,"turns":3},{"damage":0,"enemies":"Reptomancer","floor":48,"turns":3},{"damage":0,"enemies":"Awakened One","floor":50,"turns":4},{"damage":15,"enemies":"Time Eater","floor":51,"turns":7},{"damage":30,"enemies":"Shield and Spear","floor":55,"turns":4},{"damage":64,"enemies":"The Heart","floor":56,"turns":7}],"seed_played":"-6595314173566772473","potions_obtained":[{"floor":3,"key":"LiquidMemories"},{"floor":7,"key":"PowerPotion"},{"floor":12,"key":"SpeedPotion"},{"floor":45,"key":"PowerPotion"}],"is_trial":true,"path_per_floor":["M","?","M","?","M","R","E","R","T","E","M","M","E","M","R","B",null,"M","?","$","M","M","E","R","E","T","R","E","R","M","$","R","B",null,"M","M","?","M","T","E","E","E","T","M","M","?","M","E","R","B","B",null,"R","$","E","B",null],"character_chosen":"IRONCLAD","items_purchased":["Expertise","ClockworkSouvenir","Bag of Preparation","TalkToTheHand","Mummified Hand","Blood Vial"],"campfire_rested":0,"item_purchase_floors":[20,20,20,54,54,54],"current_hp_per_floor":[74,63,69,46,52,52,56,56,56,55,61,67,73,75,75,68,73,75,75,75,75,75,75,75,75,75,75,85,85,85,85,85,85,85,85,85,85,85,85,85,85,85,85,85,85,75,85,85,85,85,82,84,84,84,67,33],"gold":32,"neow_bonus":"","is_daily":false,"chose_seed":false,"campfire_upgraded":8,"win_rate":0.0,"timestamp":1611248395,"path_taken":["M","?","M","?","?","R","E","R","T","?","M","M","E","M","R","BOSS","M","?","$","?","M","E","R","E","T","R","E","R","M","$","R","BOSS","M","M","?","?","?","E","?","E","T","M","?","?","?","E","R","BOSS","BOSS","R","$","E","BOSS"],"items_purchased_type":["Card","Relic","Relic","Card","Relic","Relic"],"build_version":"2020-12-22","purchased_purges":3,"victory":true,"max_hp_per_floor":[75,75,75,75,75,75,75,75,75,75,75,75,75,75,75,75,75,75,75,75,75,75,75,75,75,75,75,85,85,85,85,85,85,85,85,85,85,85,85,85,85,85,85,85,85,85,85,85,85,85,85,85,85,85,85,85],"relic_stats":{"counters":[32,114],"Black Blood":129,"Bag of Preparation":[42],"Whetstone":["Gash","Quick Slash"],"Orichalcum":[0],"Question Card":10,"MawBank":144,"Mercury Hourglass":[424],"Blood Vial":3,"Busted Crown":28,"Mummified Hand":[3],"Bronze Scales":[342],"Pantograph":16,"Kunai":[43],"obtain_stats":[{"Pear":28,"Black Blood":17,"Vajra":25,"Bag of Preparation":20,"Whetstone":23,"Frozen Egg 2":39,"Orichalcum":48,"Question Card":40,"MawBank":42,"Burning Blood":0,"Mercury Hourglass":9,"ClockworkSouvenir":20,"Blood Vial":54,"Anchor":13,"Busted Crown":34,"Mummified Hand":54,"Bronze Scales":7,"Pantograph":41,"Kunai":43,"StrikeDummy":10,"Toy Ornithopter":55},{"Pear":16,"Black Blood":10,"Vajra":15,"Bag of Preparation":11,"Whetstone":14,"Frozen Egg 2":21,"Orichalcum":28,"Question Card":22,"MawBank":24,"Burning Blood":0,"Mercury Hourglass":4,"ClockworkSouvenir":11,"Blood Vial":30,"Anchor":8,"Busted Crown":18,"Mummified Hand":30,"Bronze Scales":4,"Pantograph":23,"Kunai":24,"StrikeDummy":5,"Toy Ornithopter":31},{"Pear":57,"Black Blood":36,"Vajra":54,"Bag of Preparation":40,"Whetstone":50,"Frozen Egg 2":71,"Orichalcum":92,"Question Card":74,"MawBank":80,"Burning Blood":0,"Mercury Hourglass":11,"ClockworkSouvenir":40,"Blood Vial":103,"Anchor":25,"Busted Crown":62,"Mummified Hand":103,"Bronze Scales":11,"Pantograph":77,"Kunai":80,"StrikeDummy":17,"Toy Ornithopter":107}],"Toy Ornithopter":0},"card_choices":[{"not_picked":["Hologram","Endless Agony","Evaluate"],"picked":"SKIP","floor":1},{"not_picked":["Compile Driver","Choke"],"picked":"Prostrate","floor":3},{"not_picked":["Flame Barrier","CutThroughFate","Dagger Throw"],"picked":"SKIP","floor":5},{"not_picked":["Underhanded Strike","Coolheaded","All Out Attack"],"picked":"SKIP","floor":7},{"not_picked":["Bane","Consume","Glacier"],"picked":"SKIP","floor":10},{"not_picked":["Seek","Thunderclap","Undo"],"picked":"SKIP","floor":11},{"not_picked":["Warcry","CrushJoints","Ball Lightning"],"picked":"SKIP","floor":12},{"not_picked":["Heel Hook","MentalFortress"],"picked":"Barricade","floor":13},{"not_picked":["Blur","CarveReality","Slice"],"picked":"SKIP","floor":14},{"not_picked":["Turbo","Flying Knee","FlyingSleeves"],"picked":"SKIP","floor":18},{"not_picked":["Inflame","SignatureMove","FollowUp"],"picked":"SKIP","floor":21},{"not_picked":["Deadly Poison","Conserve Battery","Die Die Die"],"picked":"SKIP","floor":22},{"not_picked":["Ball Lightning","Dagger Spray","Conclude"],"picked":"SKIP","floor":23},{"not_picked":["SandsOfTime","Cleave","Static Discharge"],"picked":"SKIP","floor":25},{"not_picked":["Dodge and Roll+1","Sucker Punch","Metallicize"],"picked":"SKIP","floor":28},{"not_picked":["Tempest","Twin Strike","Protect"],"picked":"SKIP","floor":30},{"not_picked":["FlurryOfBlows"],"picked":"SKIP","floor":35},{"not_picked":["Bane+1"],"picked":"SKIP","floor":36},{"not_picked":["Masterful Stab"],"picked":"SKIP","floor":38},{"not_picked":["CrushJoints+1"],"picked":"SKIP","floor":40},{"not_picked":["Bane+1","Loop+1"],"picked":"SKIP","floor":41},{"not_picked":["Burning Pact","EmptyFist"],"picked":"SKIP","floor":42},{"not_picked":["Noxious Fumes+1","Deadly Poison+1"],"picked":"SKIP","floor":44},{"not_picked":["Well Laid Plans+1","Terror+1"],"picked":"SKIP","floor":45},{"not_picked":["Halt","BowlingBash"],"picked":"SKIP","floor":47},{"not_picked":["Masterful Stab","Blade Dance"],"picked":"SKIP","floor":48},{"not_picked":["Shrug It Off","SashWhip+1"],"picked":"SKIP","floor":55}],"player_experience":1822107,"relics_obtained":[{"floor":7,"key":"Bronze Scales"},{"floor":9,"key":"Mercury Hourglass"},{"floor":10,"key":"StrikeDummy"},{"floor":13,"key":"Anchor"},{"floor":23,"key":"Whetstone"},{"floor":25,"key":"Vajra"},{"floor":28,"key":"Pear"},{"floor":39,"key":"Frozen Egg 2"},{"floor":40,"key":"Question Card"},{"floor":41,"key":"Pantograph"},{"floor":42,"key":"MawBank"},{"floor":43,"key":"Kunai"},{"floor":48,"key":"Orichalcum"},{"floor":55,"key":"Toy Ornithopter"}],"event_choices":[{"damage_healed":0,"gold_gain":75,"player_choice":"Gather Gold","damage_taken":11,"max_hp_gain":0,"max_hp_loss":0,"event_name":"World of Goop","floor":2,"gold_loss":0},{"damage_healed":0,"gold_gain":0,"player_choice":"Entered Light","damage_taken":23,"max_hp_gain":0,"max_hp_loss":0,"event_name":"Shining Light","floor":4,"gold_loss":0,"cards_upgraded":["Battle Trance","Endless Agony"]},{"damage_healed":0,"gold_gain":0,"player_choice":"1 cards matched","damage_taken":0,"max_hp_gain":0,"max_hp_loss":0,"event_name":"Match and Keep!","floor":19,"gold_loss":0,"cards_obtained":["Pommel Strike"]},{"damage_healed":0,"gold_gain":50,"player_choice":"Pray","damage_taken":0,"max_hp_gain":0,"max_hp_loss":0,"event_name":"Golden Shrine","floor":37,"gold_loss":0},{"damage_healed":0,"gold_gain":0,"player_choice":"Memory 3","damage_taken":10,"max_hp_gain":0,"max_hp_loss":0,"event_name":"SensoryStone","floor":46,"gold_loss":0}],"is_beta":false,"boss_relics":[{"not_picked":["Snecko Eye","Cursed Key"],"picked":"Black Blood"},{"not_picked":["SlaversCollar","Runic Cube"],"picked":"Busted Crown"}],"items_purged_floors":[20,31,54],"is_endless":false,"potions_floor_spawned":[3,7,12,14,22,25,28,30,35,38,40,42,45,48,55],"ascension_level":20}}