{"host":"1zjc08c6hob33401","time":1611267126,"event":{"mods":["AchievementEnabler","Act Like it!","Aspiration","BaseMod","Downfall","Energized Spire","Evolution","Friendly Minions","Gensokyo","GifTheSpireLib","Hubris","Infinite Spire","Jedi Mod","Minty Spire (QoL Compilation)","Pale of the Ancients","Quick Restart","Replay The Spire","Retaliation","Shop Mod","Spire Arcade","StS++","StSLib","Stuff the Spire","The Blue Laboratory","Wandering Minibosses","vexMod","??????REMEMod"],"gold_per_floor":[115,132,132,145,145,145,161,161,184,204,223,235,235,260,260,362,362,378,390,12,12,12,12,26,26,52,70,83,99,99,112,112,211,211,222,232,232,245,258,258,288,91,91,91,91,116,116,116,116,116],"floor_reached":50,"language":"RUS","playtime":2073,"items_purged":["Defend_B","Defend_B"],"score":912,"play_id":"15765634-e25e-40bd-850e-1020bbd40d4b","local_time":"20210122001206","is_ascension_mode":true,"campfire_choices":[{"data":"Slimebound:PrepareCrush","floor":6.0,"key":"SMITH"},{"data":"Zap","floor":8.0,"key":"SMITH"},{"floor":13.0,"key":"REST"},{"data":"hubris:PowerSurge","floor":15.0,"key":"SMITH"},{"floor":23.0,"key":"REST"},{"floor":30.0,"key":"REST"},{"floor":32.0,"key":"REST"},{"data":"Capacitor","floor":40.0,"key":"SMITH"},{"floor":45.0,"key":"REST"},{"floor":47.0,"key":"REST"},{"data":"Gensokyo:ManorOfTheDishes","floor":49.0,"key":"SMITH"}],"circlet_count":0,"master_deck":["AscendersBane","Barrage","Barrage","Barrage","Defend_B","Zap+1","Dualcast","Slimebound:PrepareCrush+1","Conserve Battery","Gash","Beam Cell","jedi:blockon","Streamline+1","hubris:PowerSurge+1","Compile Driver","Defragment+1","jedi:bruteforce","Buffer+1","StSpp:Fierceness+1","Glacier","hubris:PowerSurge+1","hubris:PowerSurge+1","Leap","Conserve Battery+1","hubris:PowerSurge+1","Biased Cognition+1","Redo+1","StuffTheSpire:Plugnplay+1","infinitespire:Oblivion+1","Capacitor+1","BasicCrystalCard+1","StuffTheSpire:Plugnplay+1","Gensokyo:ManorOfTheDishes+1","Crystallizer+1","Streamline+1"],"relics":["Cracked Core","EVO:Axolotl","REME_ComplimentaryCards","StuffTheSpire:HeavyRock","Nunchaku","aspiration:HiddenCompartment","vexMod:FluxCapacitor","DollysMirror","infinitespire:Satchel","Solar Panel","StuffTheSpire:Mouthbags","vexMod:ImprovementManual","vexMod:Cooldron","StuffTheSpire:MayFlowers","Gremlin Food","hubris:Teleporter"],"acts_visited":["Gensokyo:Gensokyo","Gensokyo:Gensokyoer","Gensokyo:Gensokyoest"],"potions_floor_usage":[],"damage_taken":[{"damage":11.0,"enemies":"Gensokyo:2_Kodama","floor":1.0,"turns":3.0},{"damage":5.0,"enemies":"Gensokyo:3_Fairies","floor":2.0,"turns":5.0},{"damage":8.0,"enemies":"Gensokyo:Gryphon","floor":4.0,"turns":4.0},{"damage":2.0,"enemies":"Gensokyo:Kitsune","floor":7.0,"turns":2.0},{"damage":0.0,"enemies":"Gensokyo:2_Rabbits","floor":10.0,"turns":3.0},{"damage":9.0,"enemies":"Gensokyo:CorruptedTreant","floor":11.0,"turns":3.0},{"damage":0.0,"enemies":"Gensokyo:LivingMonolith","floor":12.0,"turns":3.0},{"damage":6.0,"enemies":"Gensokyo:Aya","floor":14.0,"turns":5.0},{"damage":0.0,"enemies":"Gensokyo:Reimu","floor":16.0,"turns":6.0},{"damage":28.0,"enemies":"Gensokyo:3_Dogs","floor":18.0,"turns":5.0},{"damage":21.0,"enemies":"Gensokyo:AngelMirror","floor":19.0,"turns":2.0},{"damage":10.0,"enemies":"Gensokyo:Wraith","floor":24.0,"turns":4.0},{"damage":19.0,"enemies":"Gensokyo:Swordslinger","floor":27.0,"turns":4.0},{"damage":4.0,"enemies":"Gensokyo:Slime_Group","floor":28.0,"turns":2.0},{"damage":15.0,"enemies":"Gensokyo:Wraith","floor":29.0,"turns":4.0},{"damage":0.0,"enemies":"Gensokyo:3_Gloops","floor":31.0,"turns":4.0},{"damage":9.0,"enemies":"Gensokyo:Kaguya","floor":33.0,"turns":8.0},{"damage":0.0,"enemies":"Gensokyo:3_Boulders","floor":35.0,"turns":3.0},{"damage":0.0,"enemies":"Gensokyo:AncientGuardian","floor":36.0,"turns":3.0},{"damage":0.0,"enemies":"Gensokyo:4_Bats","floor":38.0,"turns":1.0},{"damage":0.0,"enemies":"Gensokyo:AtlasGolem","floor":39.0,"turns":3.0},{"damage":43.0,"enemies":"Gensokyo:Kasen","floor":41.0,"turns":6.0},{"damage":0.0,"enemies":"Gensokyo:Marisa","floor":46.0,"turns":3.0},{"damage":0,"enemies":"Gensokyo:Yuyuko","floor":50,"turns":1}],"seed_played":"1649660079100586114","potions_obtained":[{"floor":4.0,"key":"blueLaboratory:BottleOfVodka"},{"floor":7.0,"key":"Fire Potion"},{"floor":10.0,"key":"REME_GoldPotion"},{"floor":11.0,"key":"blueLaboratory:PhilterOfMotion"},{"floor":18.0,"key":"SneckoOil"},{"floor":28.0,"key":"GamblersBrew"},{"floor":31.0,"key":"Explosive Potion"},{"floor":39.0,"key":"EntropicBrew"},{"floor":41.0,"key":"EntropicBrew"},{"floor":46.0,"key":"EntropicBrew"}],"is_trial":false,"path_per_floor":["M","M","?","M","?","R","M","R","T","M","M","M","R","E","R","B",null,"M","M","$","?","T","R","M","?","T","M","M","M","R","M","R","B",null,"M","M","AVR","M","M","R","E","COS","T","?","R","E","R","R","B"],"character_chosen":"DEFECT","items_purchased":["DollysMirror","infinitespire:Satchel"],"campfire_rested":6,"item_purchase_floors":[20,20],"current_hp_per_floor":[57,52,37,29,29,29,27,27,27,27,18,18,40,34,34,34,65,37,16,16,16,16,38,30,38,38,19,17,2,24,26,48,41,67,67,69,69,71,73,73,36,36,36,36,58,60,75,75,75,75],"gold":116,"neow_bonus":"THREE_CARDS","is_daily":false,"chose_seed":false,"campfire_upgraded":5,"win_rate":0.0,"timestamp":1611267126,"path_taken":["M","M","?","M","?","R","M","R","T","M","M","M","R","E","R","BOSS","M","M","$","?","?","R","?","?","T","?","M","M","R","M","R","BOSS","M","M","AVR","M","M","R","E","COS","T","?","R","E","R","R","BOSS"],"items_purchased_type":["Relic","Relic"],"build_version":"2020-12-22","purchased_purges":2,"victory":false,"max_hp_per_floor":[75,75,75,75,75,75,75,75,75,75,75,75,75,75,75,75,75,75,75,75,75,75,75,75,75,75,75,75,75,75,75,75,75,75,75,75,75,75,75,75,75,75,75,75,75,75,75,75,75,75],"card_choices":[{"not_picked":["jedi:blockon","Gash"],"picked":"Conserve Battery","floor":0.0},{"not_picked":["Skim","StuffTheSpire:Plugnplay"],"picked":"Gash","floor":1.0},{"not_picked":["Conserve Battery","Skim"],"picked":"Beam Cell","floor":2.0},{"not_picked":["Rebound","StuffTheSpire:LoadUp"],"picked":"jedi:blockon","floor":4.0},{"not_picked":["Cold Snap","BasicCrystalCard"],"picked":"Streamline","floor":7.0},{"not_picked":["Barrage","Doom and Gloom"],"picked":"hubris:PowerSurge","floor":10.0},{"not_picked":["Hologram","Melter"],"picked":"Compile Driver","floor":11.0},{"not_picked":["Skim","Hologram"],"picked":"Defragment","floor":12.0},{"not_picked":["Rebound","jedi:blockon"],"picked":"jedi:bruteforce","floor":14.0},{"not_picked":["All For One","Reboot"],"picked":"Buffer","floor":16.0},{"not_picked":["Hologram","Barrage"],"picked":"StSpp:Fierceness+1","floor":18.0},{"not_picked":["StuffTheSpire:GlassShard+1","Compile Driver"],"picked":"Glacier","floor":19.0},{"not_picked":["jedi:blockon","Amplify"],"picked":"Streamline+1","floor":24.0},{"not_picked":["Beam Cell+1","Cold Snap"],"picked":"hubris:PowerSurge","floor":27.0},{"not_picked":["Gash","REME_SelfUpgrade"],"picked":"Leap","floor":28.0},{"not_picked":["BootSequence","Rebound+1"],"picked":"Conserve Battery+1","floor":29.0},{"not_picked":["Coolheaded+1","Turbo"],"picked":"hubris:PowerSurge","floor":31.0},{"not_picked":["Seek","jedi:meditation"],"picked":"Biased Cognition","floor":33.0},{"not_picked":["Leap+1","BootSequence"],"picked":"Redo+1","floor":35.0},{"not_picked":["Sunder+1","hubris:Ukulele"],"picked":"StuffTheSpire:Plugnplay+1","floor":36.0},{"not_picked":["Ball Lightning","Streamline+1"],"picked":"Capacitor","floor":38.0},{"not_picked":["StuffTheSpire:Purify","Leap+1"],"picked":"BasicCrystalCard+1","floor":39.0},{"not_picked":["Turbo","Stack+1"],"picked":"StuffTheSpire:Plugnplay+1","floor":41.0},{"not_picked":["Lockon","Barrage"],"picked":"Crystallizer+1","floor":46.0}],"player_experience":650299,"relics_obtained":[{"floor":9.0,"key":"Nunchaku"},{"floor":14.0,"key":"aspiration:HiddenCompartment"},{"floor":22.0,"key":"Solar Panel"},{"floor":26.0,"key":"StuffTheSpire:Mouthbags"},{"floor":41.0,"key":"StuffTheSpire:MayFlowers"},{"floor":43.0,"key":"Gremlin Food"},{"floor":46.0,"key":"hubris:Teleporter"}],"event_choices":[],"is_beta":false,"boss_relics":[{"not_picked":["StSpp:FireArrow","infinitespire:Cupcake"],"picked":"vexMod:FluxCapacitor"},{"not_picked":["StSpp:Magatama","Coffee Dripper"],"picked":"vexMod:ImprovementManual"}],"items_purged_floors":[20,37],"is_endless":false,"potions_floor_spawned":[4,7,10,11,18,19,28,31,39,41,46],"killed_by":"Gensokyo:Yuyuko","ascension_level":11}}