{"host":"urvvf8749ekcxo1a","time":1611188354,"event":{"mods":["AchievementEnabler","BaseMod","Better Sensory Stone","BetterRewards","Colored Powertips","Evolution","Gold Saver","Marisa????????","Minty Spire (QoL Compilation)","Quick Restart","StSLib","SuperFastMode","The Cursed","The Hierophant","The Saiyan","The Servant 0.9.4","The Wild Card"],"gold_per_floor":[848,1023,1040,1040,1055,1086,1105,1105,1178,1212,653,668,668,668,668,769,769,786,796,857,604,654,654,556,568,568,618,618,651,651,661,661,763,763,779,796,901,914,964,964,995,1006,1053,1070,995,1045,1080,1150,1150,1150],"floor_reached":51,"language":"ENG","playtime":1466,"items_purged":["Doubt"],"score":787,"play_id":"8acf9d83-d900-4cd5-9fb3-ff7328678486","local_time":"20210120191914","is_ascension_mode":false,"campfire_choices":[{"data":"Bouncing Flask","floor":8,"key":"SMITH"},{"floor":15,"key":"REST"},{"data":"Doppelganger","floor":23,"key":"SMITH"},{"data":"Dagger Spray","floor":28,"key":"SMITH"},{"data":"Dagger Spray","floor":30,"key":"SMITH"},{"data":"Dagger Spray","floor":32,"key":"SMITH"},{"data":"Malaise","floor":40,"key":"SMITH"},{"data":"A Thousand Cuts","floor":49,"key":"SMITH"}],"circlet_count":0,"master_deck":["Dagger Spray+1","Dagger Spray+1","Dagger Spray+1","Dagger Spray+1","Dagger Spray+1","Defend_G","Defend_G+1","Defend_G","Defend_G","Defend_G+1","Survivor","Neutralize+1","Bouncing Flask+1","Deflect","Riddle With Holes+1","Mind Blast+1","Doppelganger+1","Blade Dance+1","Finisher+1","Crippling Poison+1","Deadly Poison+1","Bullet Time","CurseOfTheBell","Well Laid Plans+1","Terror","Malaise+1","Writhe","Poisoned Stab+1","Slice+1","Skewer+1","A Thousand Cuts+1","Endless Agony+1"],"relics":["Ring of the Snake","EVO:Axolotl","Thread and Needle","Molten Egg 2","Boot","Ninja Scroll","Oddly Smooth Stone","Chemical X","SsserpentHead","Philosopher\u0027s Stone","Paper Crane","Eternal Feather","Snake Skull","Vajra","Meat on the Bone","StoneCalendar","Calling Bell","Potion Belt","StrikeDummy","Torii","Dead Branch","War Paint","Whetstone","Lantern"],"acts_visited":["Exordium","TheCity","TheBeyond"],"potions_floor_usage":[6,16,16,16,25,37,38,44,47,50,50],"damage_taken":[{"damage":0,"enemies":"2 Louse","floor":1,"turns":1},{"damage":9,"enemies":"Cultist","floor":3,"turns":4},{"damage":0,"enemies":"Small Slimes","floor":5,"turns":2},{"damage":23,"enemies":"3 Sentries","floor":6,"turns":3},{"damage":3,"enemies":"3 Louse","floor":7,"turns":2},{"damage":25,"enemies":"Gremlin Nob","floor":10,"turns":5},{"damage":0,"enemies":"2 Fungi Beasts","floor":12,"turns":1},{"damage":5,"enemies":"Hexaghost","floor":16,"turns":7},{"damage":0,"enemies":"3 Byrds","floor":18,"turns":1},{"damage":0,"enemies":"2 Thieves","floor":19,"turns":3},{"damage":13,"enemies":"Snake Plant","floor":20,"turns":4},{"damage":0,"enemies":"Shelled Parasite and Fungi","floor":25,"turns":2},{"damage":9,"enemies":"Book of Stabbing","floor":29,"turns":2},{"damage":1,"enemies":"Centurion and Healer","floor":31,"turns":3},{"damage":57,"enemies":"Automaton","floor":33,"turns":7},{"damage":11,"enemies":"3 Darklings","floor":35,"turns":3},{"damage":12,"enemies":"Orb Walker","floor":36,"turns":2},{"damage":40,"enemies":"2 Orb Walkers","floor":37,"turns":3},{"damage":0,"enemies":"Writhing Mass","floor":38,"turns":1},{"damage":1,"enemies":"Nemesis","floor":41,"turns":3},{"damage":11,"enemies":"4 Shapes","floor":42,"turns":3},{"damage":0,"enemies":"Transient","floor":44,"turns":5},{"damage":12,"enemies":"Reptomancer","floor":47,"turns":3},{"damage":0,"enemies":"Maw","floor":48,"turns":4},{"damage":32,"enemies":"Donu and Deca","floor":50,"turns":6}],"seed_played":"765069395266632150","potions_obtained":[{"floor":3,"key":"Explosive Potion"},{"floor":5,"key":"CultistPotion"},{"floor":7,"key":"SkillPotion"},{"floor":10,"key":"Strength Potion"},{"floor":19,"key":"Strength Potion"},{"floor":20,"key":"SkillPotion"},{"floor":33,"key":"SkillPotion"},{"floor":37,"key":"CunningPotion"},{"floor":42,"key":"Energy Potion"},{"floor":44,"key":"AttackPotion"},{"floor":47,"key":"Dexterity Potion"},{"floor":48,"key":"FearPotion"}],"is_trial":false,"path_per_floor":["M","?","M","?","M","E","M","R","T","E","$","M","?","?","R","B",null,"M","M","M","$","?","R","$","M","T","?","R","E","R","M","R","B",null,"M","M","?","M","?","R","E","M","T","M","$","?","E","M","R","B",null],"character_chosen":"THE_SILENT","items_purchased":["Ninja Scroll","Oddly Smooth Stone","Chemical X","Paper Crane","Snake Skull"],"campfire_rested":1,"item_purchase_floors":[11,11,11,21,24],"current_hp_per_floor":[70,70,61,70,70,47,44,44,44,19,19,19,19,19,40,35,70,70,70,57,57,57,69,69,69,69,69,70,61,70,69,70,25,70,59,47,19,31,49,64,63,52,52,52,52,52,40,40,58,38],"gold":1150,"neow_bonus":"UPGRADE_CARD","is_daily":false,"chose_seed":false,"campfire_upgraded":7,"win_rate":0.0,"timestamp":1611188354,"path_taken":["M","?","M","?","M","E","M","R","T","E","$","?","?","?","R","BOSS","M","M","?","$","?","R","?","M","T","?","R","E","R","M","R","BOSS","M","M","?","M","?","R","E","M","T","M","$","?","E","?","R","BOSS"],"items_purchased_type":["Relic","Relic","Relic","Relic","Relic"],"build_version":"2020-12-22","purchased_purges":1,"victory":true,"max_hp_per_floor":[70,70,70,70,70,70,70,70,70,70,70,70,70,70,70,70,70,70,70,70,70,70,70,70,70,70,70,70,70,70,70,70,70,70,70,70,70,70,70,70,70,70,70,70,70,70,70,70,70,70],"card_choices":[{"not_picked":["Deadly Poison","Eviscerate"],"picked":"Concentrate","floor":1},{"not_picked":["Cloak And Dagger","Crippling Poison","All Out Attack"],"picked":"SKIP","floor":3},{"not_picked":["Riddle With Holes","Heel Hook"],"picked":"Bouncing Flask","floor":5},{"not_picked":["Blur","Deadly Poison"],"picked":"Deflect","floor":6},{"not_picked":["Skewer","Tactician","Predator"],"picked":"SKIP","floor":7},{"not_picked":["Crippling Poison","Dagger Throw+1","Outmaneuver"],"picked":"SKIP","floor":10},{"not_picked":["Sucker Punch+1","Poisoned Stab+1"],"picked":"Riddle With Holes+1","floor":12},{"not_picked":["The Bomb","Swift Strike+1"],"picked":"Mind Blast+1","floor":13},{"not_picked":["Storm of Steel","Phantasmal Killer"],"picked":"Doppelganger","floor":16},{"not_picked":["Eviscerate+1","Bouncing Flask","Deadly Poison"],"picked":"SKIP","floor":18},{"not_picked":["Dash+1","Catalyst"],"picked":"Blade Dance+1","floor":19},{"not_picked":["Dagger Throw+1","Poisoned Stab+1"],"picked":"Finisher+1","floor":20},{"not_picked":["Outmaneuver","Acrobatics+1","Underhanded Strike+1"],"picked":"SKIP","floor":25},{"not_picked":["Doppelganger","Infinite Blades"],"picked":"Crippling Poison+1","floor":29},{"not_picked":["Flying Knee+1","Tactician"],"picked":"Deadly Poison+1","floor":31},{"not_picked":["Glass Knife+1","Malaise"],"picked":"Bullet Time","floor":33},{"not_picked":["Infinite Blades+1","Outmaneuver+1"],"picked":"Well Laid Plans+1","floor":35},{"not_picked":["Slice+1","Outmaneuver"],"picked":"Terror","floor":36},{"not_picked":["Setup+1","Footwork+1"],"picked":"Malaise","floor":38},{"not_picked":["Flying Knee+1","Dash+1"],"picked":"Poisoned Stab+1","floor":41},{"not_picked":["Dagger Throw+1","PiercingWail+1"],"picked":"Slice+1","floor":42},{"not_picked":["Blade Dance+1","Leg Sweep+1"],"picked":"Skewer+1","floor":44},{"not_picked":["Deadly Poison+1","Finisher+1"],"picked":"A Thousand Cuts","floor":47},{"not_picked":["Masterful Stab+1","PiercingWail+1"],"picked":"Endless Agony+1","floor":48}],"player_experience":125921,"relics_obtained":[{"floor":6,"key":"Thread and Needle"},{"floor":9,"key":"Molten Egg 2"},{"floor":10,"key":"Boot"},{"floor":26,"key":"Vajra"},{"floor":29,"key":"StoneCalendar"},{"floor":34,"key":"Potion Belt"},{"floor":34,"key":"StrikeDummy"},{"floor":34,"key":"Torii"},{"floor":37,"key":"Dead Branch"},{"floor":41,"key":"War Paint"},{"floor":43,"key":"Whetstone"},{"floor":47,"key":"Lantern"}],"event_choices":[{"damage_healed":0,"gold_gain":175,"player_choice":"AGREE","damage_taken":0,"max_hp_gain":0,"max_hp_loss":0,"event_name":"Liars Game","floor":2,"gold_loss":0,"cards_obtained":["Doubt"]},{"cards_removed":["Concentrate"],"damage_healed":9,"gold_gain":0,"player_choice":"Offered Uncommon","damage_taken":0,"max_hp_gain":0,"max_hp_loss":0,"event_name":"Bonfire Elementals","floor":4,"gold_loss":0},{"damage_healed":0,"gold_gain":1,"player_choice":"1","damage_taken":0,"max_hp_gain":0,"max_hp_loss":0,"event_name":"betterStone:BetterStone","floor":13,"gold_loss":0},{"damage_healed":0,"gold_gain":0,"player_choice":"Trade","damage_taken":0,"relics_obtained":["SsserpentHead"],"max_hp_gain":0,"max_hp_loss":0,"event_name":"FaceTrader","floor":14,"gold_loss":0},{"damage_healed":0,"gold_gain":0,"player_choice":"Gave Potion","damage_taken":0,"relics_obtained":["Eternal Feather"],"max_hp_gain":0,"max_hp_loss":0,"event_name":"WeMeetAgain","floor":22,"gold_loss":0},{"damage_healed":0,"gold_gain":0,"player_choice":"Opened","damage_taken":0,"relics_obtained":["Meat on the Bone"],"max_hp_gain":0,"max_hp_loss":0,"event_name":"The Mausoleum","floor":27,"gold_loss":0},{"damage_healed":0,"gold_gain":0,"player_choice":"Fight","damage_taken":0,"max_hp_gain":0,"max_hp_loss":0,"event_name":"Mysterious Sphere","floor":37,"gold_loss":0},{"damage_healed":18,"gold_gain":0,"player_choice":"Writhe","damage_taken":0,"max_hp_gain":0,"max_hp_loss":0,"event_name":"Winding Halls","floor":39,"gold_loss":0,"cards_obtained":["Writhe"]},{"damage_healed":0,"gold_gain":0,"player_choice":"Ignored","damage_taken":0,"max_hp_gain":0,"max_hp_loss":0,"event_name":"Tomb of Lord Red Mask","floor":46,"gold_loss":0}],"is_beta":false,"boss_relics":[{"not_picked":["Busted Crown","WristBlade"],"picked":"Philosopher\u0027s Stone"},{"not_picked":["Coffee Dripper","Cursed Key"],"picked":"Calling Bell"}],"items_purged_floors":[45],"is_endless":false,"potions_floor_spawned":[3,5,7,10,19,20,33,37,42,44,47,48],"ascension_level":0}}