{"host":"ockkdcgl3b18tfz9","time":1611246415,"event":{"mods":["2.2 Compatiblity","BaseMod","Better Skull","Better Third Choice","BetterRewards","Hermit","Minty Spire (QoL Compilation)","Quick Restart","Replay The Spire","Spicy Shops","StSLib","SuperFastMode","The Jungle"],"gold_per_floor":[114,114,114,114,114,141,141,169,169,186,186,186,186,198,198,216,216,216,293,293,293,293],"floor_reached":21,"language":"ENG","playtime":219,"items_purged":[],"score":408,"play_id":"17d397a2-0c62-40c8-8660-e72650423696","local_time":"20210121232655","is_ascension_mode":true,"campfire_choices":[{"data":"Zap","floor":7,"key":"SMITH"},{"floor":17,"key":"REST"},{"floor":18,"key":"REST"}],"circlet_count":0,"master_deck":["AscendersBane","Strike_B+1","Strike_B","Strike_B","Defend_B+1","Defend_B","Defend_B","Defend_B","Zap+1","Dualcast","Coolheaded","Cold Snap","Ball Lightning","Heatsinks","Turbo","Heatsinks","FIFO Queue","Pain","Undo","Chill","Thunder Strike"],"relics":["Cracked Core","NeowsBlessing","Blood Vial","HornCleat","Prayer Wheel","Counterbalance","WarpedTongs","Black Star"],"acts_visited":["Exordium","TheCity"],"potions_floor_usage":[19],"damage_taken":[{"damage":0,"enemies":"2 Louse","floor":1,"turns":1},{"damage":0,"enemies":"Gremlin Nob","floor":6,"turns":1},{"damage":0,"enemies":"Lagavulin","floor":8,"turns":1},{"damage":4,"enemies":"Small Slimes","floor":10,"turns":2},{"damage":0,"enemies":"Cultist","floor":14,"turns":3},{"damage":23,"enemies":"Exordium Wildlife","floor":16,"turns":5},{"damage":47,"enemies":"Slime Boss","floor":19,"turns":11},{"damage":3,"enemies":"Shell Parasite","floor":21,"turns":1}],"seed_played":"1042206150193076170","potions_obtained":[{"floor":10,"key":"Block Potion"},{"floor":14,"key":"FocusPotion"}],"is_trial":false,"path_per_floor":["M","$","?","?","?","E","R","E","T","M","T","PTL","PTL","M","?","M","R","R","B",null,"M"],"character_chosen":"DEFECT","items_purchased":[],"campfire_rested":2,"item_purchase_floors":[],"current_hp_per_floor":[64,64,43,43,43,43,43,45,45,43,43,43,43,45,45,24,45,66,21,59,58,58],"gold":293,"neow_bonus":"THREE_ENEMY_KILL","is_daily":false,"chose_seed":false,"campfire_upgraded":1,"win_rate":0.0,"timestamp":1611246415,"path_taken":["M","$","?","?","?","E","R","E","T","?","?","PTL","PTL","M","?","M","R","R","BOSS","M"],"items_purchased_type":[],"build_version":"2020-12-22","purchased_purges":0,"victory":false,"max_hp_per_floor":[71,71,71,71,71,71,71,71,71,71,71,71,71,71,71,71,71,71,71,71,71,71],"card_choices":[{"not_picked":["Steam","Barrage"],"picked":"Coolheaded","floor":1},{"not_picked":["Beam Cell","Redo"],"picked":"Cold Snap","floor":6},{"not_picked":["Meteor Strike","Barrage"],"picked":"Ball Lightning","floor":8},{"not_picked":["Scrape","Streamline"],"picked":"Heatsinks","floor":10},{"not_picked":["Hologram","ReplayTheSpireMod:Calculation Training"],"picked":"Turbo","floor":10},{"not_picked":["Hologram","Stack"],"picked":"Heatsinks","floor":14},{"not_picked":["Heatsinks","Ball Lightning"],"picked":"FIFO Queue","floor":14},{"not_picked":["Panic Button","Gash"],"picked":"Undo","floor":16},{"not_picked":["Undo","ReplayGash"],"picked":"Chill","floor":16},{"not_picked":["Mirror Shield","Hyperbeam"],"picked":"Thunder Strike","floor":19}],"player_experience":303796,"relics_obtained":[{"floor":6,"key":"Blood Vial"},{"floor":8,"key":"HornCleat"},{"floor":9,"key":"Prayer Wheel"},{"floor":11,"key":"Counterbalance"}],"event_choices":[{"damage_healed":64,"gold_gain":0,"player_choice":"Upgrade","damage_taken":21,"max_hp_gain":0,"max_hp_loss":71,"event_name":"betterThird:BetterShining","floor":3,"gold_loss":0,"cards_upgraded":["Defend_B","Strike_B"]},{"damage_healed":0,"gold_gain":0,"player_choice":"Leave","damage_taken":0,"max_hp_gain":0,"max_hp_loss":0,"event_name":"The Cleric","floor":4,"gold_loss":0},{"cards_removed":["Strike_B"],"damage_healed":0,"gold_gain":0,"player_choice":"Purged","damage_taken":0,"max_hp_gain":0,"max_hp_loss":0,"event_name":"Purifier","floor":5,"gold_loss":0},{"damage_healed":0,"gold_gain":0,"player_choice":"Rummage","damage_taken":0,"relics_obtained":["WarpedTongs"],"max_hp_gain":0,"max_hp_loss":0,"event_name":"Accursed Blacksmith","floor":15,"gold_loss":0,"cards_obtained":["Pain"]}],"is_beta":false,"boss_relics":[{"not_picked":["Runic Dome","Empty Cage"],"picked":"Black Star"}],"items_purged_floors":[],"is_endless":false,"potions_floor_spawned":[10,14,16],"killed_by":"Shell Parasite","ascension_level":15}}