{"host":"yv7ijgyl7mqt7c0r","time":1611196499,"event":{"mods":["100% Spire Juice","2.2 Compatiblity","Act Like it!","Aspiration","BaseMod","Bestiary","Better Note","Better Skull","CapriCore","Conspire","DeckTracker","Elementarium","Energized Spire","Friendly Minions","Gensokyo","GifTheSpireLib","Hallownest","KinomotoSakuraMod(????)","Mari Mod (Legacy)","Mari\u0027s V1 Patch","Marisa????????","Menagerie","Minty Spire (QoL Compilation)","Prisma Mod","Random Character Button","Reimu??????","Remilia_Scarlet Moed?????·?????3.3.5","StSLib","Stuff the Spire","The Alterego","The Bug Knight","The Factory","The Jungle","The Senshi","The Servant 0.9.4","TheVelvet","Wandering Minibosses","Yakumo Yukari mod","Yuyuko"],"gold_per_floor":[113,63,82,82,82,82,82,82,158,200,200,220,258,278,278,406,406,422,422,447,460,460,460],"floor_reached":22,"language":"ENG","playtime":2193,"items_purged":[],"score":186,"play_id":"4412b0a8-ccf4-48f1-8922-1e9fab464b04","local_time":"20210120203459","is_ascension_mode":false,"campfire_choices":[{"data":"PrismaMod:IllyaPoisonTippedWeapons","floor":6,"key":"SMITH"},{"data":"PrismaMod:IllyaUncommonDefend","floor":8,"key":"SMITH"},{"data":"PrismaMod:IllyaAssassinRevenge","floor":11,"key":"SMITH"},{"data":"PrismaMod:IllyaDetonatingBlow","floor":15,"key":"SMITH"}],"circlet_count":0,"master_deck":["PrismaMod:IllyaCommonAttack","PrismaMod:IllyaCommonDefend","PrismaMod:IllyaCommonAttack","PrismaMod:IllyaCommonDefend","PrismaMod:IllyaCommonAttack","PrismaMod:IllyaCommonDefend","PrismaMod:IllyaCommonAttack","PrismaMod:IllyaCommonDefend","PrismaMod:IllyaCommonAttack","PrismaMod:IllyaCommonDefend","PrismaMod:IllyaUncommonAttack","PrismaMod:IllyaUncommonDefend+1","PrismaMod:IllyaRubysPotion","PrismaMod:IllyaPoisonTippedWeapons+1","PrismaMod:IllyaUberPoisonBlock+1","PrismaMod:IllyaAssassinRevenge+1","PrismaMod:IllyaCheapChannelAttack","PrismaMod:IllyaBerserCAR","PrismaMod:IllyaDetonatingBlow+1","PrismaMod:IllyaInstallAlterEgo","Armaments","Moonworks:LulusLuckyEgg","PrismaMod:IllyaAlice+1","PrismaMod:IllyaPoisonTippedWeapons"],"relics":["PrismaMod:PrismaRuby","aspiration:Nostalgia","PrismaMod:PrismaTraceOn","Golden Idol","The Courier","Dream Catcher","aspiration:IroncladSkillbook"],"acts_visited":["Exordium","TheCity"],"potions_floor_usage":[14,18,21,22],"damage_taken":[{"damage":0,"enemies":"Cultist","floor":1,"turns":4},{"damage":0,"enemies":"Small Slimes","floor":3,"turns":3},{"damage":0,"enemies":"2 Louse","floor":10,"turns":6},{"damage":2,"enemies":"Large Slime","floor":12,"turns":7},{"damage":4,"enemies":"Lagavulin","floor":13,"turns":7},{"damage":15,"enemies":"Red Slaver","floor":14,"turns":4},{"damage":35,"enemies":"The Guardian","floor":16,"turns":11},{"damage":6,"enemies":"Spheric Guardian","floor":18,"turns":5},{"damage":6,"enemies":"Chosen","floor":20,"turns":6},{"damage":56,"enemies":"Snake Plant","floor":21,"turns":5},{"damage":52,"enemies":"3 Cultists","floor":22,"turns":4}],"seed_played":"-3981179329708797576","potions_obtained":[{"floor":1,"key":"Energy Potion"},{"floor":13,"key":"Explosive Potion"},{"floor":14,"key":"Regen Potion"},{"floor":20,"key":"GamblersBrew"}],"is_trial":false,"path_per_floor":["M","$","M","?","?","R","?","R","T","M","R","M","E","M","R","B",null,"M","?","M","M","M"],"character_chosen":"ILLYA","items_purchased":["PrismaMod:IllyaPoisonTippedWeapons"],"campfire_rested":0,"item_purchase_floors":[2],"current_hp_per_floor":[75,75,75,75,75,75,57,57,57,67,67,70,71,56,56,26,75,73,73,71,24,0,0],"gold":460,"neow_bonus":"NOSTALGIA","is_daily":false,"chose_seed":false,"campfire_upgraded":4,"win_rate":0.0,"timestamp":1611196499,"path_taken":["M","?","?","?","?","R","?","R","T","M","R","M","E","M","R","BOSS","M","?","?","?","?"],"items_purchased_type":["Card"],"build_version":"2020-12-22","purchased_purges":0,"victory":false,"max_hp_per_floor":[75,75,75,75,75,75,75,75,75,75,75,75,75,75,75,75,75,75,75,75,75,75,75],"card_choices":[{"not_picked":["PrismaMod:IllyaMinorZwei","PrismaMod:IllyaBlindPoisonToss"],"picked":"PrismaMod:IllyaRubysPotion","floor":1},{"not_picked":["PrismaMod:IllyaRussianRoulette","PrismaMod:IllyaCommonEvoke"],"picked":"PrismaMod:IllyaUberPoisonBlock","floor":3},{"not_picked":["PrismaMod:IllyaBoysLove","PrismaMod:IllyaBlindPoisonToss"],"picked":"PrismaMod:IllyaAssassinRevenge","floor":10},{"not_picked":["PrismaMod:IllyaBoysLove","PrismaMod:IllyaBride"],"picked":"PrismaMod:IllyaCheapChannelAttack","floor":12},{"not_picked":["PrismaMod:IllyaUberDefendChannel","PrismaMod:IllyaTestament"],"picked":"PrismaMod:IllyaBerserCAR","floor":13},{"not_picked":["PrismaMod:IllyaGun","PrismaMod:IllyaBride"],"picked":"PrismaMod:IllyaDetonatingBlow","floor":14},{"not_picked":["PrismaMod:IllyaInstallBerserker","PrismaMod:IllyaInstallShielder"],"picked":"PrismaMod:IllyaInstallAlterEgo","floor":16},{"not_picked":["Body Slam+1","PrismaMod:IllyaMaid","PrismaMod:IllyaAOECommonAttack+1"],"picked":"Armaments","floor":18},{"not_picked":["Armaments+1","StuffTheSpire:BloodClot","PrismaMod:IllyaAOECommonAttack"],"picked":"PrismaMod:IllyaAlice+1","floor":20},{"not_picked":["PrismaMod:IllyaMinorZwei","PrismaMod:IllyaFriendMaker+1","Havoc+1"],"picked":"PrismaMod:IllyaPoisonTippedWeapons","floor":21}],"player_experience":537742,"relics_obtained":[{"floor":9,"key":"The Courier"},{"floor":13,"key":"Dream Catcher"}],"event_choices":[{"damage_healed":0,"gold_gain":0,"player_choice":"Disagree","damage_taken":0,"max_hp_gain":0,"max_hp_loss":0,"event_name":"conspire:LoneGhost","floor":4,"gold_loss":0},{"damage_healed":0,"gold_gain":0,"player_choice":"Grow","damage_taken":0,"max_hp_gain":0,"max_hp_loss":0,"event_name":"Living Wall","floor":5,"gold_loss":0,"cards_upgraded":["PrismaMod:IllyaUberPoisonBlock"]},{"damage_healed":0,"gold_gain":0,"player_choice":"Take Damage","damage_taken":18,"relics_obtained":["Golden Idol"],"max_hp_gain":0,"max_hp_loss":0,"event_name":"Golden Idol","floor":7,"gold_loss":0},{"cards_removed":["PrismaMod:IllyaDetonatingBlow"],"damage_healed":0,"gold_gain":0,"player_choice":"Take \u0026 Give","damage_taken":0,"max_hp_gain":0,"max_hp_loss":0,"event_name":"betterNote:BetterNote","floor":19,"gold_loss":0,"cards_obtained":["Moonworks:LulusLuckyEgg"]}],"is_beta":false,"boss_relics":[{"not_picked":["aspiration:PoetsPen_weak","Pandora\u0027s Box"],"picked":"aspiration:IroncladSkillbook"}],"items_purged_floors":[],"is_endless":false,"potions_floor_spawned":[1,13,14,20],"killed_by":"3 Cultists","ascension_level":0}}