{"host":"bf9sa99gaumonoeu","time":1611257784,"event":{"mods":["AchievementEnabler","Act Like it!","Aspiration","BaseMod","Bestiary","Better Note","Block Reminder","Colored Map","Colored Powertips","Fox Events","Friendly Minions","Gensokyo","GifTheSpireLib","Googly Eyes","Hallownest","Hermit","Highlight Path","Jorbs\u0027s Wanderer Trilogy","KinomotoSakuraMod(????)","Koishi","Marisa????????","Minty Spire (QoL Compilation)","Rare Cards Sparkle","Relic Stats","Spire Arcade","StSLib","The Administrix","The Animator","The Bug Knight","The Construct","The Cursed","The Hierophant","The Mystic","The Necromancer","The Poker Player","The Runesmith","The Senshi","The Servant 0.9.4","ojb\u0027s Info Mod"],"gold_per_floor":[113,131,131,146,3,3,32,32,32,32,59,59,74,20,20,94,94,109,121,121,121,136,168,181,181,233,264,264,290,330,346,346,423,423,443,38,52,77,77,89,129,141,153,175,217,28,38,55,55,55,55,55,55,1,35,35,35],"floor_reached":56,"language":"ENG","playtime":5991,"items_purged":["Strike_G"],"score":2246,"play_id":"2571fb1f-76f4-412e-95f1-1ceb7ef0550e","local_time":"20210121173624","is_ascension_mode":true,"campfire_choices":[{"data":"Blade Dance","floor":6.0,"key":"SMITH"},{"data":"Neutralize","floor":8.0,"key":"SMITH"},{"floor":15.0,"key":"REST"},{"floor":25.0,"key":"REST"},{"floor":28.0,"key":"REST"},{"floor":32.0,"key":"REST"},{"floor":40.0,"key":"RECALL"},{"floor":42.0,"key":"REST"},{"floor":49.0,"key":"REST"},{"floor":53.0,"key":"REST"}],"circlet_count":0,"master_deck":["AscendersBane","Strike_G","Strike_G","Strike_G","Strike_G","Defend_G","Defend_G","Defend_G","Defend_G","Defend_G","Survivor","Neutralize+1","Endless Agony","Blade Dance+1","Accuracy","Accuracy","Cloak And Dagger+1","Prepared+1","Bouncing Flask+1","Calculated Gamble+1","Prepared+1","Malaise+1","Deadly Poison+1","Backflip+1","Die Die Die","Blade Dance+1","Distraction+1","Venomology+1","Deflect+1","Wraith Form v2","Blade Dance+1","Phantasmal Killer+1","PiercingWail+1","After Image","PiercingWail+1","Cloak And Dagger+1","Escape Plan+1","Tactician+1","Accuracy","Prepared+1","Acrobatics+1","Reflex+1","Accuracy","PiercingWail+1","Malaise+1"],"relics":["Ring of the Snake","aspiration:Nostalgia","MiniHakkero","Toxic Egg 2","Darkstone Periapt","Mummified Hand","Potion Belt","Fusion Hammer","Unceasing Top","Snake Skull","Bottled Flame","Oddly Smooth Stone","HoveringKite","HandDrill","Incense Burner","MawBank","White Beast Statue","Nunchaku","aspiration:HatOfInfinitePower"],"acts_visited":["Exordium","TheCity","TheBeyond","TheEnding"],"potions_floor_usage":[56,56,56,56],"damage_taken":[{"damage":0.0,"enemies":"Jaw Worm","floor":1.0,"turns":7.0},{"damage":2.0,"enemies":"Small Slimes","floor":2.0,"turns":3.0},{"damage":1.0,"enemies":"Cultist","floor":4.0,"turns":3.0},{"damage":24.0,"enemies":"3 Sentries","floor":7.0,"turns":5.0},{"damage":5.0,"enemies":"Lagavulin","floor":11.0,"turns":4.0},{"damage":3.0,"enemies":"Blue Slaver","floor":13.0,"turns":3.0},{"damage":31.0,"enemies":"Slime Boss","floor":16.0,"turns":8.0},{"damage":6.0,"enemies":"Chosen","floor":18.0,"turns":5.0},{"damage":1.0,"enemies":"3 Byrds","floor":19.0,"turns":4.0},{"damage":22.0,"enemies":"Cultist and Chosen","floor":22.0,"turns":6.0},{"damage":15.0,"enemies":"Book of Stabbing","floor":23.0,"turns":4.0},{"damage":7.0,"enemies":"Snake Plant","floor":24.0,"turns":3.0},{"damage":9.0,"enemies":"Slavers","floor":27.0,"turns":3.0},{"damage":0.0,"enemies":"Book of Stabbing","floor":29.0,"turns":6.0},{"damage":0.0,"enemies":"Shelled Parasite and Fungi","floor":31.0,"turns":4.0},{"damage":19.0,"enemies":"Champ","floor":33.0,"turns":8.0},{"damage":0.0,"enemies":"Orb Walker","floor":35.0,"turns":3.0},{"damage":0.0,"enemies":"3 Shapes","floor":37.0,"turns":3.0},{"damage":0.0,"enemies":"Mind Bloom Boss Battle","floor":38.0,"turns":5.0},{"damage":0.0,"enemies":"Reptomancer","floor":41.0,"turns":4.0},{"damage":0.0,"enemies":"Maw","floor":44.0,"turns":5.0},{"damage":19.0,"enemies":"Nemesis","floor":45.0,"turns":6.0},{"damage":10.0,"enemies":"Sphere and 2 Shapes","floor":47.0,"turns":5.0},{"damage":0.0,"enemies":"Jaw Worm Horde","floor":48.0,"turns":3.0},{"damage":0.0,"enemies":"Donu and Deca","floor":50.0,"turns":5.0},{"damage":29.0,"enemies":"Awakened One","floor":51.0,"turns":16.0},{"damage":25.0,"enemies":"Shield and Spear","floor":55.0,"turns":5.0},{"damage":55,"enemies":"The Heart","floor":56,"turns":8}],"seed_played":"-5544588573083075051","potions_obtained":[{"floor":4.0,"key":"DistilledChaos"},{"floor":7.0,"key":"CultistPotion"},{"floor":11.0,"key":"ColorlessPotion"},{"floor":19.0,"key":"LiquidBronze"},{"floor":23.0,"key":"DuplicationPotion"},{"floor":24.0,"key":"Explosive Potion"},{"floor":33.0,"key":"DuplicationPotion"},{"floor":37.0,"key":"Energy Potion"},{"floor":44.0,"key":"Explosive Potion"},{"floor":45.0,"key":"Fruit Juice"},{"floor":55.0,"key":"Ancient Potion"}],"is_trial":false,"path_per_floor":["M","M","?","M","$","R","E","R","T","$","E","?","M","$","R","B",null,"M","M","?","?","M","E","M","R","T","E","R","E","?","M","R","B",null,"M","$","M","?","?","R","E","R","T","M","E","$","M","M","R","B","B",null,"R","$","E","B"],"character_chosen":"THE_SILENT","items_purchased":["Accuracy","Cloak And Dagger+1","Prepared+1","Explosive Potion","After Image","PiercingWail+1","HandDrill","Cloak And Dagger+1","Reflex+1","Accuracy","Dexterity Potion"],"campfire_rested":7,"item_purchase_floors":[5,5,5,14,36,36,36,36,46,46,54],"current_hp_per_floor":[59,57,57,56,56,56,32,32,32,32,27,27,24,24,43,12,53,47,46,46,46,24,9,2,21,21,12,31,31,31,31,50,31,57,57,57,57,57,57,57,57,66,66,66,47,52,42,42,63,63,34,62,71,71,46,0,0],"gold":35,"neow_bonus":"NOSTALGIA","is_daily":false,"chose_seed":false,"campfire_upgraded":2,"win_rate":0.0,"timestamp":1611257784,"path_taken":["M","M","?","M","$","R","E","R","T","$","E","?","?","?","R","BOSS","M","M","?","?","M","E","?","R","T","E","R","E","?","M","R","BOSS","M","$","M","?","?","R","E","R","T","?","E","$","M","M","R","BOSS","BOSS","R","$","E","BOSS"],"items_purchased_type":["Card","Card","Card","Potion","Card","Card","Relic","Card","Card","Card","Potion"],"build_version":"2020-12-22","purchased_purges":1,"victory":false,"max_hp_per_floor":[66,66,66,66,66,66,66,66,66,66,66,66,66,66,66,66,66,66,66,66,66,66,66,66,66,66,66,66,66,66,66,66,66,66,66,66,66,66,66,66,66,66,66,66,66,71,71,71,71,71,71,71,71,71,71,71,71],"relic_stats":{"Darkstone Periapt":0,"Nunchaku":[14],"counters":[28,144],"Mummified Hand":[70],"HoveringKite":[39],"Snake Skull":[81],"HandDrill":[22],"MawBank":84,"obtain_stats":[{"Darkstone Periapt":7,"Potion Belt":11,"aspiration:Nostalgia":0,"Oddly Smooth Stone":29,"HoveringKite":34,"Snake Skull":26,"Incense Burner":38,"MawBank":39,"White Beast Statue":41,"Bottled Flame":27,"Nunchaku":45,"Mummified Hand":9,"Fusion Hammer":17,"HandDrill":36,"MiniHakkero":0,"Toxic Egg 2":3,"aspiration:HatOfInfinitePower":55,"Unceasing Top":23,"Ring of the Snake":0},{"Darkstone Periapt":4,"Potion Belt":5,"aspiration:Nostalgia":0,"Oddly Smooth Stone":14,"HoveringKite":16,"Snake Skull":12,"Incense Burner":19,"MawBank":19,"White Beast Statue":20,"Bottled Flame":13,"Nunchaku":22,"Mummified Hand":4,"Fusion Hammer":7,"HandDrill":17,"MiniHakkero":0,"Toxic Egg 2":2,"aspiration:HatOfInfinitePower":27,"Unceasing Top":11,"Ring of the Snake":0},{"Darkstone Periapt":18,"Potion Belt":22,"aspiration:Nostalgia":0,"Oddly Smooth Stone":64,"HoveringKite":76,"Snake Skull":55,"Incense Burner":87,"MawBank":87,"White Beast Statue":91,"Bottled Flame":58,"Nunchaku":102,"Mummified Hand":18,"Fusion Hammer":33,"HandDrill":79,"MiniHakkero":0,"Toxic Egg 2":10,"aspiration:HatOfInfinitePower":136,"Unceasing Top":52,"Ring of the Snake":0}],"Unceasing Top":[63],"Ring of the Snake":[60]},"card_choices":[{"not_picked":["Flying Knee","Slice"],"picked":"Endless Agony","floor":1.0},{"not_picked":["Flying Knee","Poisoned Stab"],"picked":"Blade Dance","floor":2.0},{"not_picked":["All Out Attack","Footwork"],"picked":"Accuracy","floor":4.0},{"not_picked":["Riddle With Holes","Quick Slash"],"picked":"Bouncing Flask+1","floor":7.0},{"not_picked":["Dagger Throw","Concentrate+1"],"picked":"Calculated Gamble+1","floor":11.0},{"not_picked":["Riddle With Holes","Leg Sweep+1"],"picked":"Prepared+1","floor":13.0},{"not_picked":["Tools of the Trade","Storm of Steel+1"],"picked":"Malaise+1","floor":16.0},{"not_picked":["Prepared+1","Backstab"],"picked":"Deadly Poison+1","floor":18.0},{"not_picked":["Eviscerate","Crippling Poison+1"],"picked":"Backflip+1","floor":19.0},{"not_picked":["Deflect+1","Dash"],"picked":"Blade Dance+1","floor":22.0},{"not_picked":["Heel Hook","Dodge and Roll+1"],"picked":"Distraction+1","floor":23.0},{"not_picked":["Prepared+1","Dagger Throw"],"picked":"Venomology+1","floor":24.0},{"not_picked":["Caltrops","Dodge and Roll+1"],"picked":"Deflect+1","floor":27.0},{"not_picked":["Heel Hook","Infinite Blades"],"picked":"Wraith Form v2","floor":29.0},{"not_picked":["Prepared+1","Infinite Blades"],"picked":"Blade Dance+1","floor":31.0},{"not_picked":["Tools of the Trade","Burst+1"],"picked":"Phantasmal Killer+1","floor":33.0},{"not_picked":["Flying Knee","All Out Attack+1"],"picked":"PiercingWail+1","floor":35.0},{"not_picked":["Quick Slash","Dagger Spray"],"picked":"Escape Plan+1","floor":37.0},{"not_picked":["Dash","Setup+1"],"picked":"Tactician+1","floor":38.0},{"not_picked":["Eviscerate","Deflect+1"],"picked":"Accuracy","floor":41.0},{"not_picked":["Setup+1","All Out Attack+1"],"picked":"Prepared+1","floor":44.0},{"not_picked":["Sucker Punch","PiercingWail+1"],"picked":"Acrobatics+1","floor":45.0},{"not_picked":["Choke","Heel Hook","Quick Slash"],"picked":"SKIP","floor":47.0},{"not_picked":["Reflex+1","Dagger Throw"],"picked":"PiercingWail+1","floor":48.0},{"not_picked":["Sucker Punch","PiercingWail+1"],"picked":"Malaise+1","floor":55.0}],"player_experience":1066419,"relics_obtained":[{"floor":7.0,"key":"Darkstone Periapt"},{"floor":9.0,"key":"Mummified Hand"},{"floor":11.0,"key":"Potion Belt"},{"floor":23.0,"key":"Unceasing Top"},{"floor":26.0,"key":"Snake Skull"},{"floor":27.0,"key":"Bottled Flame"},{"floor":29.0,"key":"Oddly Smooth Stone"},{"floor":38.0,"key":"Incense Burner"},{"floor":41.0,"key":"White Beast Statue"},{"floor":45.0,"key":"Nunchaku"},{"floor":55.0,"key":"aspiration:HatOfInfinitePower"}],"event_choices":[{"damage_healed":0.0,"max_hp_gain":0.0,"max_hp_loss":0.0,"gold_gain":0.0,"event_name":"The Cleric","player_choice":"Leave","floor":12.0,"gold_loss":0.0,"damage_taken":0.0},{"cards_removed":["Malaise"],"damage_healed":0.0,"max_hp_gain":0.0,"max_hp_loss":0.0,"gold_gain":0.0,"event_name":"betterNote:BetterNote","player_choice":"Take \u0026 Give","floor":20.0,"gold_loss":0.0,"damage_taken":0.0,"cards_obtained":["Die Die Die"]},{"cards_removed":["Injury"],"damage_healed":0.0,"max_hp_gain":0.0,"max_hp_loss":0.0,"gold_gain":0.0,"event_name":"Wheel of Change","player_choice":"Card Removal","floor":21.0,"gold_loss":0.0,"damage_taken":0.0},{"damage_healed":0.0,"max_hp_gain":0.0,"max_hp_loss":0.0,"gold_gain":0.0,"event_name":"MindBloom","player_choice":"Fight","floor":38.0,"gold_loss":0.0,"damage_taken":0.0},{"damage_healed":0.0,"max_hp_gain":0.0,"max_hp_loss":0.0,"gold_gain":0.0,"event_name":"WeMeetAgain","player_choice":"Gave Potion","floor":39.0,"gold_loss":0.0,"damage_taken":0.0,"relics_obtained":["MawBank"]}],"is_beta":false,"boss_relics":[{"not_picked":["aspiration:FutureDiary","Runesmith:UraniumAnvil"],"picked":"Fusion Hammer"},{"not_picked":["aspiration:SecretTechniqueScroll","Ring of the Serpent"],"picked":"HoveringKite"}],"items_purged_floors":[46],"is_endless":false,"potions_floor_spawned":[4,7,11,19,23,24,33,37,38,44,45,47,48,55],"killed_by":"The Heart","ascension_level":20}}