{"host":"nbmmy2ys5j9alw05","time":1611216041,"event":{"mods":["AchievementEnabler","BaseMod","Bestiary","Better Vampires","Colored Map","Colored Powertips","Googly Eyes","Minty Spire (QoL Compilation)","Quick Restart","StSLib","The Hierophant","The IronCluck","everything is the same but u backflip on backflip"],"gold_per_floor":[109,109,125,29,45,45,78,96,96,96,96],"floor_reached":10,"language":"ENG","playtime":275,"items_purged":[],"score":102,"play_id":"37eaa49f-1a12-486f-9e64-608f59cfb273","local_time":"20210121000041","is_ascension_mode":true,"campfire_choices":[{"data":"Slice","floor":6,"key":"SMITH"}],"circlet_count":0,"master_deck":["AscendersBane","Strike_G","Strike_G","Strike_G+1","Strike_G","Strike_G","Defend_G","Defend_G","Defend_G","Defend_G+1","Defend_G","Survivor","Neutralize","After Image+1","Underhanded Strike+1","Slice","Footwork","Slice+1","Slice","Caltrops"],"relics":["Ring of the Snake","Whetstone","CeramicFish"],"acts_visited":["Exordium"],"potions_floor_usage":[7],"damage_taken":[{"damage":3,"enemies":"2 Louse","floor":1,"turns":3},{"damage":0,"enemies":"Small Slimes","floor":3,"turns":3},{"damage":12,"enemies":"Jaw Worm","floor":5,"turns":4},{"damage":18,"enemies":"Gremlin Nob","floor":7,"turns":5},{"damage":1,"enemies":"Lots of Slimes","floor":8,"turns":5},{"damage":17,"enemies":"Lagavulin","floor":10,"turns":3}],"seed_played":"3553246007859467349","potions_obtained":[{"floor":3,"key":"Strength Potion"},{"floor":5,"key":"Dexterity Potion"}],"is_trial":false,"path_per_floor":["M","?","M","$","M","R","E","M","T","E"],"character_chosen":"THE_SILENT","items_purchased":["Footwork","Slice"],"campfire_rested":0,"item_purchase_floors":[4,4],"current_hp_per_floor":[60,46,46,46,34,34,16,15,15,0,0],"gold":96,"neow_bonus":"ONE_RANDOM_RARE_CARD","is_daily":false,"chose_seed":false,"campfire_upgraded":1,"win_rate":0.0,"timestamp":1611216041,"path_taken":["M","?","M","$","M","R","E","M","T","E"],"items_purchased_type":["Card","Card"],"build_version":"2020-12-22","purchased_purges":0,"victory":false,"max_hp_per_floor":[70,70,70,70,70,70,70,70,70,70,70],"card_choices":[{"not_picked":["Acrobatics","Flying Knee"],"picked":"Underhanded Strike","floor":1},{"not_picked":["Catalyst","Caltrops"],"picked":"Slice","floor":3},{"not_picked":["Distraction","Catalyst","Flying Knee"],"picked":"SKIP","floor":5},{"not_picked":["Flechettes","Grand Finale"],"picked":"Slice","floor":7},{"not_picked":["Poisoned Stab","Bouncing Flask"],"picked":"Caltrops","floor":8}],"player_experience":516292,"relics_obtained":[{"floor":7,"key":"Whetstone"},{"floor":9,"key":"CeramicFish"}],"event_choices":[{"damage_healed":0,"gold_gain":0,"player_choice":"Entered Light","damage_taken":14,"max_hp_gain":0,"max_hp_loss":0,"event_name":"Shining Light","floor":2,"gold_loss":0,"cards_upgraded":["After Image","Defend_G"]}],"is_beta":false,"boss_relics":[],"items_purged_floors":[],"is_endless":false,"potions_floor_spawned":[3,5],"killed_by":"Lagavulin","ascension_level":10}}