{"host":"ttx8tv95o5vka1nm","time":1611195810,"event":{"mods":["AchievementEnabler","BaseMod","Colored Map","Downfall","Infinite Spire","Minty Spire (QoL Compilation)","Shop Mod","StSLib","The Jungle"],"gold_per_floor":[115,129,147,147,27,52,52,87,87,117,127,27,27,45,45,148,148,161,172,188,113,113,148,148,175,225,271,300,331,361,373,385,397,397],"floor_reached":33,"language":"ENG","playtime":3708,"items_purged":["Strike_G","Strike_G","Strike_G"],"score":458,"play_id":"dce11651-0eed-417f-bae6-b69cc12ff813","local_time":"20210121122330","is_ascension_mode":true,"campfire_choices":[{"floor":7,"key":"REST"},{"floor":13,"key":"REST"},{"floor":15,"key":"REST"},{"floor":24,"key":"REST"},{"data":"Infinite Blades","floor":32,"key":"SMITH"}],"circlet_count":0,"master_deck":["Strike_G","Defend_G","Defend_G","Defend_G","Defend_G","Defend_G","Survivor","Neutralize","Calculated Gamble","Slice","Flying Knee","Poisoned Stab","Tools of the Trade","Infinite Blades+1","Sucker Punch+1","Terror","Caltrops","Adrenaline","Finisher+1","Backflip+1","Dagger Throw","Reflex+1","Dodge and Roll+1","Underhanded Strike","Deadly Poison+1","Poisoned Stab+1"],"relics":["Ring of the Snake","Torii","Anchor","infinitespire:WardingShard","Incense Burner","Bag of Preparation","Bag of Marbles","Velvet Choker","Black Star","TheAbacus","MealTicket","Centennial Puzzle","Happy Flower","Whetstone","MawBank","infinitespire:Bottled Soul","Dream Catcher"],"acts_visited":["Exordium","TheCity"],"potions_floor_usage":[3,16,27,33,33],"damage_taken":[{"damage":0,"enemies":"Small Slimes","floor":1,"turns":5},{"damage":0,"enemies":"Jaw Worm","floor":2,"turns":4},{"damage":0,"enemies":"2 Louse","floor":3,"turns":3},{"damage":26,"enemies":"3 Sentries","floor":6,"turns":14},{"damage":22,"enemies":"Gremlin Nob","floor":8,"turns":5},{"damage":3,"enemies":"3 Sentries","floor":10,"turns":6},{"damage":2,"enemies":"Large Slime","floor":11,"turns":5},{"damage":0,"enemies":"Exordium Wildlife","floor":14,"turns":2},{"damage":7,"enemies":"Hexaghost","floor":16,"turns":9},{"damage":13,"enemies":"Spheric Guardian","floor":18,"turns":4},{"damage":1,"enemies":"Shell Parasite","floor":19,"turns":3},{"damage":0,"enemies":"Snecko","floor":20,"turns":4},{"damage":16,"enemies":"Slavers","floor":23,"turns":6},{"damage":0,"enemies":"Book of Stabbing","floor":25,"turns":5},{"damage":12,"enemies":"Nightmare","floor":27,"turns":5},{"damage":0,"enemies":"Chosen and Byrds","floor":28,"turns":4},{"damage":0,"enemies":"Snake Plant","floor":29,"turns":4},{"damage":0,"enemies":"Sentry and Sphere","floor":30,"turns":4},{"damage":44,"enemies":"Automaton","floor":33,"turns":8}],"seed_played":"-1029155901755038395","potions_obtained":[{"floor":1,"key":"sneckomod:MuddlingPotion"},{"floor":2,"key":"SkillPotion"},{"floor":6,"key":"ColorlessPotion"},{"floor":10,"key":"Slimebound:ThreeZeroPotion"},{"floor":16,"key":"SpeedPotion"},{"floor":20,"key":"Strength Potion"},{"floor":23,"key":"hexamod:SoulburnPotion"},{"floor":29,"key":"SkillPotion"}],"is_trial":false,"path_per_floor":["M","M","M","?","$","E","R","E","T","E","M","$","R","M","R","B",null,"M","M","M","?","AVR","E","R","E","T","NM","M","M","M","?","R","B"],"character_chosen":"THE_SILENT","items_purchased":["Poisoned Stab"],"campfire_rested":4,"item_purchase_floors":[5],"current_hp_per_floor":[45,45,45,42,42,16,37,15,15,12,10,10,31,31,52,45,64,51,50,50,50,50,34,55,55,55,43,43,43,43,43,43,0,0],"gold":397,"neow_bonus":"ONE_RARE_RELIC","is_daily":false,"chose_seed":false,"campfire_upgraded":1,"win_rate":0.0,"timestamp":1611195810,"path_taken":["M","M","M","?","$","E","R","E","T","E","M","$","R","M","R","BOSS","M","M","M","?","AVR","E","R","E","T","NM","M","M","M","?","R","BOSS"],"items_purchased_type":["Card"],"build_version":"2020-12-22","purchased_purges":3,"victory":false,"max_hp_per_floor":[70,70,70,70,70,70,70,70,70,70,70,70,70,70,70,70,70,70,70,70,70,70,70,70,70,70,70,70,70,70,70,70,70,70],"card_choices":[{"not_picked":["PiercingWail","Acrobatics"],"picked":"Calculated Gamble","floor":1},{"not_picked":["Outmaneuver","Deflect"],"picked":"Slice","floor":2},{"not_picked":["Concentrate","Deflect"],"picked":"Flying Knee","floor":3},{"not_picked":["Flechettes","Outmaneuver"],"picked":"Tools of the Trade","floor":6},{"not_picked":["Deflect","Choke"],"picked":"Infinite Blades","floor":8},{"not_picked":["Slice","Predator"],"picked":"Sucker Punch","floor":10},{"not_picked":["Quick Slash","Predator"],"picked":"Terror","floor":11},{"not_picked":["Doppelganger","Deflect"],"picked":"Caltrops","floor":14},{"not_picked":["Unload","Venomology"],"picked":"Adrenaline","floor":16},{"not_picked":["Cloak And Dagger","Prepared+1"],"picked":"Finisher","floor":18},{"not_picked":["Flechettes","Blade Dance"],"picked":"Backflip+1","floor":19},{"not_picked":["Underhanded Strike","Reflex"],"picked":"Dagger Throw","floor":20},{"not_picked":["Poisoned Stab","Distraction"],"picked":"Reflex+1","floor":23},{"not_picked":["Slice","Poisoned Stab","Dagger Spray"],"picked":"SKIP","floor":25},{"not_picked":["Dagger Spray","Grand Finale"],"picked":"Dodge and Roll+1","floor":27},{"not_picked":["Slice+1","Deflect"],"picked":"Underhanded Strike","floor":28},{"not_picked":["Expertise","Bane"],"picked":"Deadly Poison+1","floor":29},{"not_picked":["Endless Agony","Flechettes"],"picked":"Poisoned Stab+1","floor":30}],"player_experience":763526,"relics_obtained":[{"floor":6,"key":"infinitespire:WardingShard"},{"floor":8,"key":"Incense Burner"},{"floor":9,"key":"Bag of Preparation"},{"floor":10,"key":"Bag of Marbles"},{"floor":23,"key":"MealTicket"},{"floor":23,"key":"Centennial Puzzle"},{"floor":25,"key":"Happy Flower"},{"floor":25,"key":"Whetstone"},{"floor":26,"key":"MawBank"},{"floor":27,"key":"infinitespire:Bottled Soul"},{"floor":27,"key":"Dream Catcher"}],"event_choices":[{"damage_healed":0,"gold_gain":0,"player_choice":"Success","damage_taken":3,"relics_obtained":["Anchor"],"max_hp_gain":0,"max_hp_loss":0,"event_name":"Scrap Ooze","floor":4,"gold_loss":0},{"cards_removed":["Strike_G"],"damage_healed":0,"gold_gain":0,"player_choice":"Gave Gold","damage_taken":0,"max_hp_gain":0,"max_hp_loss":0,"event_name":"Beggar","floor":21,"gold_loss":75}],"is_beta":false,"boss_relics":[{"not_picked":["Ectoplasm","Runic Dome"],"picked":"Velvet Choker"}],"items_purged_floors":[5,12,22],"is_endless":true,"potions_floor_spawned":[1,2,6,10,16,20,23,25,29],"killed_by":"Automaton","ascension_level":6}}