{"host":"udyc8f81k2jocuhg","time":1611189721,"event":{"mods":["2.2 Compatiblity","BaseMod","Better Third Choice","Colored Powertips","Conspire","Custom Start","GifTheSpireLib","Hermit","Minty Spire (QoL Compilation)","Permanent Neow","Quick Restart","Relic Filter","Relic Stats","Replay The Spire","Shop Mod","Spikes Relics","StSLib","Stuff the Spire"],"gold_per_floor":[112,130,131,147,165,165,198,198,272,284,295,43,43,43],"floor_reached":13,"language":"ENG","playtime":481,"items_purged":["StuffTheSpire:CuriosityCurse","Strike_G"],"score":152,"play_id":"2e2093b4-f9d5-47da-aa72-e24db0d21bf2","local_time":"20210121014201","is_ascension_mode":true,"campfire_choices":[{"data":"Neutralize","floor":6.0,"key":"SMITH"},{"data":"Caltrops","floor":8.0,"key":"SMITH"}],"circlet_count":0,"master_deck":["AscendersBane","Strike_G","Strike_G","Strike_G","Strike_G","Defend_G","Defend_G","Defend_G","Defend_G","Defend_G","Survivor","Neutralize+1","Cloak And Dagger","Cloak And Dagger","Caltrops+1","Blade Dance","Deflect","Noxious Fumes","PiercingWail","ReplayTheSpireMod:Speed Training","ReplayTheSpireMod:Speed Training","PlatinumSkin"],"relics":["Sozu","ReplayTheSpireMod:CursedCoin","Replay:Bottled Snecko","InkBottle"],"acts_visited":["Exordium"],"potions_floor_usage":[],"damage_taken":[{"damage":0.0,"enemies":"Cultist","floor":1.0,"turns":4.0},{"damage":2.0,"enemies":"2 Louse","floor":2.0,"turns":4.0},{"damage":6.0,"enemies":"Jaw Worm","floor":4.0,"turns":5.0},{"damage":0.0,"enemies":"Exordium Thugs","floor":5.0,"turns":4.0},{"damage":27.0,"enemies":"3 Sentries","floor":7.0,"turns":11.0},{"damage":5.0,"enemies":"2 Fungi Beasts","floor":10.0,"turns":4.0},{"damage":0.0,"enemies":"Blue Slaver","floor":11.0,"turns":4.0},{"damage":21,"enemies":"Gremlin Nob","floor":13,"turns":4}],"seed_played":"-1502067754859646123","potions_obtained":[],"is_trial":false,"path_per_floor":["M","M","$","M","M","R","E","R","T","M","M","$","E"],"character_chosen":"THE_SILENT","items_purchased":["ReplayTheSpireMod:CursedCoin","Caltrops","ReplayTheSpireMod:Speed Training","PlatinumSkin"],"campfire_rested":0,"item_purchase_floors":[3,3,12,12],"current_hp_per_floor":[59,57,57,51,51,51,24,24,24,19,19,19,0,0],"gold":43,"neow_bonus":"BOSS_RELIC","is_daily":false,"chose_seed":false,"campfire_upgraded":2,"win_rate":0.0,"timestamp":1611189721,"path_taken":["M","M","$","M","M","R","E","R","T","?","?","$","E"],"items_purchased_type":["Relic","Card","Card","Card"],"build_version":"2020-12-22","purchased_purges":2,"victory":false,"max_hp_per_floor":[66,66,66,66,66,66,66,66,66,66,66,66,66,66],"relic_stats":{"Sozu":3,"counters":[8,40],"obtain_stats":[{"Sozu":0,"ReplayTheSpireMod:CursedCoin":3,"Replay:Bottled Snecko":7,"InkBottle":9,"Ring of the Snake":0},{"Sozu":0,"ReplayTheSpireMod:CursedCoin":2,"Replay:Bottled Snecko":5,"InkBottle":5,"Ring of the Snake":0},{"Sozu":0,"ReplayTheSpireMod:CursedCoin":8,"Replay:Bottled Snecko":28,"InkBottle":28,"Ring of the Snake":0}],"InkBottle":[5]},"card_choices":[{"not_picked":["Sucker Punch","StuffTheSpire:Shiver"],"picked":"Cloak And Dagger","floor":1.0},{"not_picked":["StuffTheSpire:ClusterCrunch","Quick Slash"],"picked":"Cloak And Dagger","floor":2.0},{"not_picked":["StuffTheSpire:BrimstoneBlast","Setup"],"picked":"Blade Dance","floor":4.0},{"not_picked":["StuffTheSpire:BumpUp","StuffTheSpire:Injection","Quick Slash"],"picked":"SKIP","floor":5.0},{"not_picked":["Backstab","StuffTheSpire:ClusterCrunch"],"picked":"Deflect","floor":7.0},{"not_picked":["Poisoned Stab","Backflip"],"picked":"Noxious Fumes","floor":10.0},{"not_picked":["StuffTheSpire:Injection","Underhanded Strike"],"picked":"PiercingWail","floor":11.0}],"player_experience":2012397,"relics_obtained":[{"floor":7.0,"key":"Replay:Bottled Snecko"},{"floor":9.0,"key":"InkBottle"}],"event_choices":[],"is_beta":false,"boss_relics":[],"items_purged_floors":[3,12],"is_endless":false,"potions_floor_spawned":[5,10,11],"killed_by":"Gremlin Nob","ascension_level":15}}