{"host":"3xls0xm49ftugio7","time":1611223845,"event":{"mods":["2.2 Compatiblity","AchievementEnabler","Act Like it!","BaseMod","Bestiary","Downfall","Minty Spire (QoL Compilation)","Quick Restart","StSLib"],"gold_per_floor":[99,118,135,135,152,152,152,167,183,183,193,193,193,224,241,241,241,241],"floor_reached":16,"language":"ENG","playtime":811,"items_purged":[],"score":104,"play_id":"625c3e3f-99c7-47dc-b0bd-f58c6fcaf7bd","local_time":"20210121121045","is_ascension_mode":false,"campfire_choices":[{"data":"bronze:Replicate","floor":1,"key":"SMITH"},{"data":"bronze:Boost","floor":6,"key":"SMITH"},{"data":"bronze:Goto","floor":10,"key":"SMITH"},{"data":"bronze:Return","floor":13,"key":"SMITH"}],"circlet_count":0,"master_deck":["bronze:Strike","bronze:Strike","bronze:Strike","bronze:Defend","bronze:Defend","bronze:Defend","bronze:Defend","bronze:Replicate+1","bronze:Goto+1","bronze:WhirlingStrike","bronze:BronzeArmor","bronze:Boost+1","bronze:ForceShield","bronze:FineTuning","bronze:Return+1","bronze:NullPointer","bronze:BronzeOrb"],"relics":["bronze:BronzeCore","Letter Opener","Shovel"],"acts_visited":["Exordium"],"potions_floor_usage":[16],"damage_taken":[{"damage":1,"enemies":"2 Louse","floor":2,"turns":3},{"damage":1,"enemies":"Cultist","floor":3,"turns":3},{"damage":2,"enemies":"Small Slimes","floor":5,"turns":3},{"damage":0,"enemies":"Exordium Wildlife","floor":8,"turns":3},{"damage":14,"enemies":"Large Slime","floor":9,"turns":5},{"damage":3,"enemies":"Red Slaver","floor":11,"turns":3},{"damage":44,"enemies":"Gremlin Nob","floor":14,"turns":6},{"damage":4,"enemies":"Exordium Thugs","floor":15,"turns":3},{"damage":35,"enemies":"WA_ARCHETYPE_RETAIN","floor":16,"turns":10}],"seed_played":"-2419611645299163051","potions_obtained":[{"floor":8,"key":"bronze:CleanCodePotion"},{"floor":9,"key":"Fruit Juice"},{"floor":11,"key":"BlessingOfTheForge"}],"is_trial":false,"path_per_floor":["R","M","M","?","M","R","T","M","M","R","M","?","R","E","M","B"],"character_chosen":"THE_AUTOMATON","items_purchased":[],"campfire_rested":0,"item_purchase_floors":[],"current_hp_per_floor":[77,76,75,75,73,73,73,73,59,59,56,56,56,12,8,0,0,0],"gold":241,"neow_bonus":"TEN_PERCENT_HP_BONUS","is_daily":false,"chose_seed":false,"campfire_upgraded":4,"win_rate":0.0,"timestamp":1611223845,"path_taken":["R","M","M","?","M","R","T","M","M","R","?","?","R","E","M","BOSS"],"items_purchased_type":[],"build_version":"2020-12-22","purchased_purges":0,"victory":false,"max_hp_per_floor":[77,77,77,77,77,77,77,77,77,77,77,77,77,77,77,77,77,77],"card_choices":[{"not_picked":["bronze:Turbo","bronze:FineTuning"],"picked":"bronze:WhirlingStrike","floor":2},{"not_picked":["bronze:BugBarrage","bronze:DarkDash"],"picked":"bronze:BronzeArmor","floor":3},{"not_picked":["bronze:Iterate","bronze:OilSpill"],"picked":"bronze:Boost","floor":5},{"not_picked":["bronze:BitShift","bronze:Invalidate"],"picked":"bronze:ForceShield","floor":8},{"not_picked":["bronze:Overheat","bronze:BronzeArmor"],"picked":"bronze:FineTuning","floor":9},{"not_picked":["bronze:GetLatest","bronze:DelayedGuard"],"picked":"bronze:Return","floor":11},{"not_picked":["bronze:WildBeam","bronze:Allocate"],"picked":"bronze:NullPointer","floor":14},{"not_picked":["bronze:Overheat","bronze:Mutator"],"picked":"bronze:BronzeOrb","floor":15}],"player_experience":945115,"relics_obtained":[{"floor":7,"key":"Letter Opener"},{"floor":14,"key":"Shovel"}],"event_choices":[{"damage_healed":0,"gold_gain":0,"player_choice":"Ignored","damage_taken":0,"max_hp_gain":0,"max_hp_loss":0,"event_name":"NoteForYourself","floor":4,"gold_loss":0}],"is_beta":false,"boss_relics":[],"items_purged_floors":[],"is_endless":false,"potions_floor_spawned":[8,9,11,15],"killed_by":"WA_ARCHETYPE_RETAIN","ascension_level":0}}