{"host":"sc0o2qwpf9j16a4i","time":1611255175,"event":{"mods":["AchievementEnabler","BaseMod","BetterRewards","Block Reminder","Colored Map","Colored Powertips","Custom Start","Highlight Path","Minty Spire (QoL Compilation)","Relic Stats"],"gold_per_floor":[112,123,134,134,6,6,40,40,40,73,73,101,115,145,145,219,219,234,234,252,265,283,283,311,311,311,411,411,411,443,461,461,533,533,546,546,559,559,559,587,587,602,629,629,31,42,60,60,60,60,60,60],"floor_reached":51,"language":"ENG","playtime":2617,"items_purged":["Strike_G","Strike_G"],"score":1586,"play_id":"68607f4e-fb5f-4a99-8367-ac9ca70319fb","local_time":"20210121205255","is_ascension_mode":true,"campfire_choices":[{"data":"Bouncing Flask","floor":6.0,"key":"SMITH"},{"data":"Unload","floor":8.0,"key":"SMITH"},{"data":"Skewer","floor":11.0,"key":"SMITH"},{"floor":15.0,"key":"REST"},{"floor":23.0,"key":"REST"},{"data":"Wraith Form v2","floor":25.0,"key":"SMITH"},{"data":"Survivor","floor":29.0,"key":"SMITH"},{"data":"Defend_G","floor":32.0,"key":"SMITH"},{"floor":41,"key":"REST"},{"floor":44,"key":"RECALL"},{"data":"Noxious Fumes","floor":49,"key":"SMITH"}],"circlet_count":0,"master_deck":["AscendersBane","Strike_G","Strike_G","Defend_G+1","Defend_G","Defend_G","Defend_G","Defend_G","Neutralize+1","Bouncing Flask+1","Dagger Throw+1","Dagger Spray+1","Unload+1","Skewer+1","Deadly Poison+1","Catalyst+1","Venomology+1","Catalyst+1","PiercingWail+1","Backflip+1","Wraith Form v2+1","Blur+1","Backflip+1","Envenom","PiercingWail+1","Mind Blast","Panacea+1","Discovery+1","Leg Sweep+1","Noxious Fumes+1","Apotheosis+1","Backflip+1"],"relics":["Ring of the Snake","Toxic Egg 2","Lantern","InkBottle","The Courier","Snecko Eye","Eternal Feather","Paper Crane","Gambling Chip","Letter Opener","Mercury Hourglass","Black Star","Pantograph","Nunchaku","OrangePellets","Dead Branch"],"acts_visited":["Exordium","TheCity","TheBeyond"],"potions_floor_usage":[42,47,50,51],"damage_taken":[{"damage":0.0,"enemies":"Small Slimes","floor":1.0,"turns":5.0},{"damage":0.0,"enemies":"Jaw Worm","floor":2.0,"turns":3.0},{"damage":0.0,"enemies":"Cultist","floor":3.0,"turns":3.0},{"damage":3.0,"enemies":"Lagavulin","floor":7.0,"turns":7.0},{"damage":8.0,"enemies":"Gremlin Nob","floor":10.0,"turns":3.0},{"damage":20.0,"enemies":"Lagavulin","floor":12.0,"turns":5.0},{"damage":2.0,"enemies":"3 Louse","floor":13.0,"turns":2.0},{"damage":15.0,"enemies":"3 Sentries","floor":14.0,"turns":7.0},{"damage":0.0,"enemies":"Slime Boss","floor":16.0,"turns":3.0},{"damage":0.0,"enemies":"Spheric Guardian","floor":18.0,"turns":3.0},{"damage":0.0,"enemies":"Chosen","floor":20.0,"turns":2.0},{"damage":8.0,"enemies":"3 Cultists","floor":21.0,"turns":4.0},{"damage":10.0,"enemies":"Cultist and Chosen","floor":22.0,"turns":5.0},{"damage":10.0,"enemies":"Slavers","floor":24.0,"turns":3.0},{"damage":8.0,"enemies":"Colosseum Slavers","floor":27.0,"turns":6.0},{"damage":4.0,"enemies":"Colosseum Nobs","floor":27.0,"turns":5.0},{"damage":0.0,"enemies":"Gremlin Leader","floor":30.0,"turns":2.0},{"damage":11.0,"enemies":"Shelled Parasite and Fungi","floor":31.0,"turns":3.0},{"damage":63.0,"enemies":"Champ","floor":33.0,"turns":8.0},{"damage":18.0,"enemies":"Orb Walker","floor":35.0,"turns":5.0},{"damage":1.0,"enemies":"3 Shapes","floor":37.0,"turns":4.0},{"damage":3,"enemies":"Nemesis","floor":40,"turns":5},{"damage":12,"enemies":"3 Darklings","floor":42,"turns":7},{"damage":0,"enemies":"Sphere and 2 Shapes","floor":46,"turns":3},{"damage":5,"enemies":"Transient","floor":47,"turns":6},{"damage":57,"enemies":"Time Eater","floor":50,"turns":15},{"damage":42,"enemies":"Awakened One","floor":51,"turns":12}],"seed_played":"-6584375229417719866","potions_obtained":[{"floor":1.0,"key":"AttackPotion"},{"floor":3.0,"key":"LiquidMemories"},{"floor":12.0,"key":"SteroidPotion"},{"floor":13.0,"key":"EntropicBrew"},{"floor":16.0,"key":"CultistPotion"},{"floor":21.0,"key":"PowerPotion"},{"floor":31.0,"key":"Fire Potion"},{"floor":35.0,"key":"DuplicationPotion"},{"floor":46,"key":"GamblersBrew"}],"is_trial":false,"path_per_floor":["M","M","M","?","$","R","E","R","T","E","R","E","M","E","R","B",null,"M","?","M","M","M","R","E","R","T","?","?","R","E","M","R","B",null,"M","?","M","?","?","E","R","M","T","R","$","M","M","$","R","B","B"],"character_chosen":"THE_SILENT","items_purchased":["Block Potion","Apotheosis+1","OrangePellets","Dead Branch"],"campfire_rested":3,"item_purchase_floors":[5,45,45,45],"current_hp_per_floor":[59,59,59,59,59,59,56,56,56,48,48,28,26,11,30,30,57,57,57,57,49,39,58,48,60,60,48,48,60,60,49,64,1,50,32,32,31,21,21,18,55,43,43,61,61,61,56,56,66,9,0,0],"gold":60,"neow_bonus":"UPGRADE_CARD","is_daily":false,"chose_seed":false,"campfire_upgraded":7,"win_rate":0.0,"timestamp":1611255175,"path_taken":["M","M","M","?","?","R","E","R","T","E","R","E","M","E","R","BOSS","M","?","M","?","M","R","E","R","T","?","?","R","E","M","R","BOSS","M","?","M","?","?","E","R","M","T","R","$","?","M","$","R","BOSS","BOSS"],"items_purchased_type":["Potion","Card","Relic","Relic"],"build_version":"2020-12-22","purchased_purges":2,"victory":false,"max_hp_per_floor":[66,66,66,66,66,66,66,66,66,66,66,66,66,66,66,66,66,66,66,66,66,66,66,66,66,66,66,66,66,66,66,66,66,66,66,66,66,66,66,66,66,66,66,66,66,66,66,66,66,66,66,66],"relic_stats":{"counters":[27,135],"Dead Branch":[34],"Eternal Feather":85,"Letter Opener":[219],"Mercury Hourglass":[232],"OrangePellets":[8],"Nunchaku":[5],"Gambling Chip":[58],"Pantograph":25,"Snecko Eye":[156,148,125,153],"Black Star":1,"obtain_stats":[{"Lantern":10,"Dead Branch":45,"Eternal Feather":24,"The Courier":14,"Letter Opener":27,"Paper Crane":26,"Mercury Hourglass":30,"OrangePellets":45,"Nunchaku":40,"Gambling Chip":27,"Pantograph":40,"Snecko Eye":17,"Black Star":34,"Toxic Egg 2":9,"InkBottle":12,"Ring of the Snake":0},{"Lantern":5,"Dead Branch":23,"Eternal Feather":14,"The Courier":8,"Letter Opener":16,"Paper Crane":14,"Mercury Hourglass":17,"OrangePellets":23,"Nunchaku":22,"Gambling Chip":16,"Pantograph":22,"Snecko Eye":9,"Black Star":19,"Toxic Egg 2":4,"InkBottle":6,"Ring of the Snake":0},{"Lantern":21,"Dead Branch":99,"Eternal Feather":55,"The Courier":35,"Letter Opener":66,"Paper Crane":55,"Mercury Hourglass":68,"OrangePellets":99,"Nunchaku":92,"Gambling Chip":66,"Pantograph":92,"Snecko Eye":38,"Black Star":79,"Toxic Egg 2":18,"InkBottle":26,"Ring of the Snake":0}],"InkBottle":[39],"Ring of the Snake":[54]},"card_choices":[{"not_picked":["Leg Sweep","Bane"],"picked":"Bouncing Flask","floor":1.0},{"not_picked":["Deadly Poison","Tactician"],"picked":"Dagger Throw","floor":2.0},{"not_picked":["Poisoned Stab","Cloak And Dagger"],"picked":"Dagger Spray","floor":3.0},{"not_picked":["Dodge and Roll","Cloak And Dagger"],"picked":"Unload","floor":7.0},{"not_picked":["Dagger Spray","Bouncing Flask+1"],"picked":"Skewer","floor":10.0},{"not_picked":["Dagger Spray","After Image"],"picked":"Deadly Poison+1","floor":12.0},{"not_picked":["Bane","Poisoned Stab"],"picked":"Catalyst+1","floor":13.0},{"not_picked":["Heel Hook","Outmaneuver+1","Eviscerate"],"picked":"SKIP","floor":14.0},{"not_picked":["Grand Finale","Glass Knife"],"picked":"Venomology+1","floor":16.0},{"not_picked":["Underhanded Strike","Cloak And Dagger+1","Deadly Poison+1"],"picked":"SKIP","floor":18.0},{"not_picked":["Sucker Punch+1","Blur+1"],"picked":"Catalyst+1","floor":20.0},{"not_picked":["Flying Knee","Infinite Blades"],"picked":"PiercingWail+1","floor":21.0},{"not_picked":["Tactician+1","Flying Knee"],"picked":"Backflip+1","floor":22.0},{"not_picked":["Caltrops","All Out Attack"],"picked":"Wraith Form v2","floor":24.0},{"not_picked":["Acrobatics+1","Quick Slash"],"picked":"Blur+1","floor":27.0},{"not_picked":["Escape Plan+1","Tactician+1","Backstab"],"picked":"SKIP","floor":30.0},{"not_picked":["Slice","Masterful Stab"],"picked":"Backflip+1","floor":31.0},{"not_picked":["Bullet Time+1","Glass Knife"],"picked":"Envenom","floor":33.0},{"not_picked":["Quick Slash","Slice+1","Choke+1"],"picked":"SKIP","floor":35.0},{"not_picked":["Flying Knee","Quick Slash"],"picked":"PiercingWail+1","floor":37.0},{"not_picked":["Dramatic Entrance","Finesse+1"],"picked":"Mind Blast","floor":38.0},{"not_picked":["PanicButton+1","Dramatic Entrance"],"picked":"Panacea+1","floor":38.0},{"not_picked":["Blind+1","PanicButton+1"],"picked":"Discovery+1","floor":38.0},{"not_picked":["Poisoned Stab","Finisher"],"picked":"Leg Sweep+1","floor":40},{"not_picked":["Underhanded Strike","Deadly Poison+1"],"picked":"Noxious Fumes","floor":42},{"not_picked":["Flying Knee","Dagger Throw+1"],"picked":"Backflip+1","floor":46},{"not_picked":["Underhanded Strike","Slice+1","Expertise+1"],"picked":"SKIP","floor":47}],"player_experience":852905,"relics_obtained":[{"floor":9.0,"key":"Toxic Egg 2"},{"floor":10.0,"key":"Lantern"},{"floor":12.0,"key":"InkBottle"},{"floor":14.0,"key":"The Courier"},{"floor":24.0,"key":"Eternal Feather"},{"floor":26.0,"key":"Paper Crane"},{"floor":27.0,"key":"Gambling Chip"},{"floor":27.0,"key":"Letter Opener"},{"floor":30.0,"key":"Mercury Hourglass"},{"floor":40,"key":"Pantograph"},{"floor":40,"key":"Nunchaku"}],"event_choices":[{"damage_healed":0.0,"max_hp_gain":0.0,"max_hp_loss":0.0,"gold_gain":0.0,"event_name":"Living Wall","player_choice":"Grow","floor":4.0,"gold_loss":0.0,"damage_taken":0.0,"cards_upgraded":["Dagger Spray"]},{"cards_removed":["Strike_G"],"damage_healed":0.0,"max_hp_gain":0.0,"max_hp_loss":0.0,"gold_gain":0.0,"event_name":"Purifier","player_choice":"Purged","floor":19.0,"gold_loss":0.0,"damage_taken":0.0},{"damage_healed":0.0,"max_hp_gain":0.0,"max_hp_loss":0.0,"gold_gain":0.0,"event_name":"Colosseum","player_choice":"Fight","floor":27.0,"gold_loss":0.0,"damage_taken":0.0},{"damage_healed":0.0,"max_hp_gain":0.0,"max_hp_loss":0.0,"gold_gain":0.0,"event_name":"Colosseum","player_choice":"Fought Nobs","floor":27.0,"gold_loss":0.0,"damage_taken":0.0},{"damage_healed":0.0,"max_hp_gain":0.0,"max_hp_loss":0.0,"gold_gain":0.0,"event_name":"Upgrade Shrine","player_choice":"Upgraded","floor":28.0,"gold_loss":0.0,"damage_taken":0.0,"cards_upgraded":["Dagger Throw"]},{"cards_removed":["Survivor"],"damage_healed":0.0,"max_hp_gain":0.0,"max_hp_loss":0.0,"gold_gain":0.0,"event_name":"Falling","player_choice":"Removed Skill","floor":36.0,"gold_loss":0.0,"damage_taken":0.0},{"damage_healed":0.0,"max_hp_gain":0.0,"max_hp_loss":0.0,"gold_gain":0.0,"event_name":"SensoryStone","player_choice":"Memory 3","floor":38.0,"gold_loss":0.0,"damage_taken":10.0},{"damage_healed":0,"gold_gain":0,"player_choice":"Ignored","damage_taken":0,"max_hp_gain":0,"max_hp_loss":0,"event_name":"Tomb of Lord Red Mask","floor":39,"gold_loss":0}],"is_beta":false,"boss_relics":[{"not_picked":["SacredBark","Pandora\u0027s Box"],"picked":"Snecko Eye"},{"not_picked":["Coffee Dripper","Philosopher\u0027s Stone"],"picked":"Black Star"}],"items_purged_floors":[5,45],"is_endless":false,"potions_floor_spawned":[1,3,12,13,16,20,21,27,31,35,46,47],"killed_by":"Awakened One","ascension_level":20}}