{"host":"ggy1mjjy92c62u6a","time":1611237982,"event":{"mods":["10 clothes from DAL","ATMod(阿瑾Mod)","Act Like it!","BaseMod","Colored Powertips","GifTheSpireLib","Library of Ruina","Library of Ruina Extra","Minty Spire (QoL Compilation)","Quick Restart","Relic Stats","RumiaBox-露米娅的神秘盒子","Shop Mod","Spicy Shops","StSLib","【功能Mod】混沌之环修复补丁","【遗物Mod】死灵法师NEW","【遗物卡牌】REMEMod"],"gold_per_floor":[111,111,111,129,144,144,172,172,252,252,202,57,112,141,141,246,246,256,256,456,304,319,346,271,306,330,355,355,385,18,31,31,136,136,156,156,156,168,185,185,212,212,212,212,224,273,273,273,273,273,273],"floor_reached":52,"language":"ZHS","playtime":1887,"items_purged":[],"score":1262,"play_id":"772b0255-73dc-4394-96b7-4e99e5c8c8ec","local_time":"20210121220622","is_ascension_mode":true,"campfire_choices":[{"data":"AT_ShrugMaster","floor":6.0,"key":"SMITH"},{"data":"Negative_Energy_Shield","floor":8.0,"key":"SMITH"},{"data":"Negative_Energy_Mist","floor":10.0,"key":"SMITH"},{"floor":15.0,"key":"REST"},{"data":"Creater_Tree","floor":28.0,"key":"SMITH"},{"data":"AT_EmpoweredMortalDraw","floor":32,"key":"SMITH"},{"data":"Plague_Bolt","floor":40,"key":"SMITH"},{"data":"Defend_W","floor":42,"key":"SMITH"},{"data":"Negative_Energy_Javelin","floor":49,"key":"SMITH"}],"circlet_count":0,"master_deck":["Strike_W","Negative_Energy_Javelin+1","Negative_Energy_Arrows","Defend_W+1","Defend_W","Negative_Energy_Mist+1","Negative_Energy_Shield+1","AT_ShrugMaster+1","Strike_W","Creater_Tree+1","AT_ShrugMaster","Epidemicn","AT_EmpoweredMortalDraw+1","Plague_Bolt+1","AT_ShrugMaster","AT_ShrugMaster+1","AT_ShrugMaster+1","AT_ShrugMaster","AT_ShrugMaster","AT_ShrugMaster","AT_ShrugMaster","Negative_Energy_Shield+1"],"relics":["Vampire_Amulet","REME_ComplimentaryCards","AT_ATBox","NeowsBlessing","Baka","UndeadPower","AT_GoldPhoenixTree","AT_GoldPhoenixTree","GodSword4","Dream Catcher","AT_ArcaneBoots","AT_BellowingDragoncrestRing","AT_MortalBlade","Bag of Preparation","Tiny Chest","Lizard Tail","AT_ChloranthyRing","Orichalcum","Happy Flower","MerchantsRug","DollysMirror","ZombieArmy","AT_Kusabimaru","EasyGame_NEW","SharePain","AT_LudenTempest","Potion Belt","MagicDraw4","PageOfAspirationHeart","DALC_WAN"],"acts_visited":["Exordium","TheCity","TheBeyond"],"potions_floor_usage":[41],"damage_taken":[{"damage":0.0,"enemies":"2 Louse","floor":1.0,"turns":1.0},{"damage":0.0,"enemies":"Jaw Worm","floor":4.0,"turns":1.0},{"damage":0.0,"enemies":"Cultist","floor":5.0,"turns":1.0},{"damage":10.0,"enemies":"3 Sentries","floor":7.0,"turns":9.0},{"damage":0.0,"enemies":"3 Sentries","floor":13.0,"turns":12.0},{"damage":6.0,"enemies":"Gremlin Nob","floor":14.0,"turns":4.0},{"damage":0.0,"enemies":"The Guardian","floor":16.0,"turns":17.0},{"damage":0.0,"enemies":"3 Byrds","floor":18.0,"turns":1.0},{"damage":0.0,"enemies":"Shell Parasite","floor":22.0,"turns":1.0},{"damage":0.0,"enemies":"Gremlin Leader","floor":23.0,"turns":4.0},{"damage":0.0,"enemies":"REME_1_Revenger","floor":25.0,"turns":4.0},{"damage":9.0,"enemies":"Slavers","floor":27.0,"turns":2.0},{"damage":21.0,"enemies":"Gremlin Leader","floor":29.0,"turns":3.0},{"damage":8,"enemies":"Centurion and Healer","floor":31,"turns":2},{"damage":0,"enemies":"RedHoodMercenary","floor":33,"turns":7},{"damage":6,"enemies":"Orb Walker","floor":35,"turns":2},{"damage":0,"enemies":"3 Shapes","floor":38,"turns":2},{"damage":0,"enemies":"Spire Growth","floor":39,"turns":4},{"damage":5,"enemies":"Reptomancer","floor":41,"turns":4},{"damage":0,"enemies":"Transient","floor":45,"turns":5},{"damage":24,"enemies":"2 Orb Walkers","floor":46,"turns":2},{"damage":15,"enemies":"Awakened One","floor":50,"turns":6},{"damage":0,"enemies":"Awakened One","floor":51,"turns":2}],"seed_played":"-3102223559448953519","potions_obtained":[{"floor":5.0,"key":"BlessingOfTheForge"},{"floor":7.0,"key":"GamblersBrew"},{"floor":46,"key":"PowerPotion"}],"is_trial":false,"path_per_floor":["M","?","?","M","M","R","E","R","T","R","?","$","?","E","R","B",null,"M","?","?","$","M","E","?","E","T","E","R","E","$","M","R","B",null,"M","?","T","M","M","R","E","R","T","?","M","?","$","T","R","B",null,null],"character_chosen":"NECROMANCER","items_purchased":["Dream Catcher","Tiny Chest","Lizard Tail","MerchantsRug","DollysMirror","ZombieArmy"],"campfire_rested":1,"item_purchase_floors":[12,21,21,30,30,30],"current_hp_per_floor":[75,68,68,68,68,68,58,58,58,58,58,58,58,52,74,74,75,75,75,75,75,75,75,75,75,75,66,66,48,63,55,55,55,75,69,69,69,69,69,69,64,64,64,64,64,50,50,50,50,81,81],"gold":273,"neow_bonus":"THREE_ENEMY_KILL","is_daily":false,"chose_seed":false,"campfire_upgraded":8,"win_rate":0.0,"timestamp":1611237982,"path_taken":["M","?","?","?","M","R","E","R","T","R","?","$","?","E","R","BOSS","M","?","?","$","?","E","?","E","T","E","R","E","$","M","R","BOSS","M","?","?","M","M","R","E","R","T","?","?","?","$","?","R","BOSS"],"items_purchased_type":["Relic","Relic","Relic","Relic","Relic","Relic"],"build_version":"2020-12-22","purchased_purges":0,"victory":true,"max_hp_per_floor":[75,75,75,75,75,75,75,75,75,75,75,75,75,75,75,75,75,75,75,75,75,75,75,75,75,75,75,75,75,75,75,75,75,75,75,71,71,71,71,71,71,71,71,71,71,81,81,81,81,81,81],"relic_stats":{"Dream Catcher":1,"Lizard Tail":0,"Happy Flower":[12],"counters":[23,96],"Tiny Chest":2,"Bag of Preparation":[29],"Orichalcum":[30],"obtain_stats":[{"AT_ATBox":0,"AT_ArcaneBoots":16,"Bag of Preparation":19,"Juzu Bracelet":27,"MagicDraw4":43,"SharePain":37,"Dream Catcher":12,"Lizard Tail":21,"AT_Kusabimaru":31,"DollysMirror":30,"Tiny Chest":21,"MealTicket":26,"Vampire_Amulet":0,"ZombieArmy":30,"AT_ChloranthyRing":23,"Potion Belt":41,"MerchantsRug":30,"NeowsBlessing":0,"UndeadPower":2,"Happy Flower":29,"AT_GoldPhoenixTree":4,"AT_MortalBlade":17,"DALC_WAN":48,"Baka":1,"Orichalcum":25,"PageOfAspirationHeart":46,"AT_SpeedBoots":13,"AT_LudenTempest":39,"AT_BellowingDragoncrestRing":14,"GodSword4":9,"EasyGame_NEW":34,"REME_ComplimentaryCards":0},{"AT_ATBox":0,"AT_ArcaneBoots":7,"Bag of Preparation":8,"Juzu Bracelet":12,"MagicDraw4":19,"SharePain":16,"Dream Catcher":4,"Lizard Tail":8,"AT_Kusabimaru":14,"DollysMirror":13,"Tiny Chest":8,"MealTicket":11,"Vampire_Amulet":0,"ZombieArmy":13,"AT_ChloranthyRing":10,"Potion Belt":19,"MerchantsRug":13,"NeowsBlessing":0,"UndeadPower":1,"Happy Flower":13,"AT_GoldPhoenixTree":2,"AT_MortalBlade":7,"DALC_WAN":21,"Baka":1,"Orichalcum":11,"PageOfAspirationHeart":21,"AT_SpeedBoots":4,"AT_LudenTempest":18,"AT_BellowingDragoncrestRing":6,"GodSword4":4,"EasyGame_NEW":15,"REME_ComplimentaryCards":0},{"AT_ATBox":0,"AT_ArcaneBoots":37,"Bag of Preparation":46,"Juzu Bracelet":57,"MagicDraw4":81,"SharePain":71,"Dream Catcher":12,"Lizard Tail":46,"AT_Kusabimaru":62,"DollysMirror":60,"Tiny Chest":46,"MealTicket":55,"Vampire_Amulet":0,"ZombieArmy":60,"AT_ChloranthyRing":51,"Potion Belt":81,"MerchantsRug":60,"NeowsBlessing":0,"UndeadPower":1,"Happy Flower":60,"AT_GoldPhoenixTree":2,"AT_MortalBlade":45,"DALC_WAN":88,"Baka":1,"Orichalcum":55,"PageOfAspirationHeart":88,"AT_SpeedBoots":12,"AT_LudenTempest":77,"AT_BellowingDragoncrestRing":28,"GodSword4":12,"EasyGame_NEW":69,"REME_ComplimentaryCards":0}]},"card_choices":[{"not_picked":["Bone_Shift","Uncharnel","Bone_Spikes"],"picked":"SKIP","floor":1.0},{"not_picked":["Negative_Energy_Sphere","ZombiePosion","Negative_Energy_Burst"],"picked":"SKIP","floor":4.0},{"not_picked":["Bone_Spikes","Acid_Javelin","Hellfire"],"picked":"SKIP","floor":5.0},{"not_picked":["OverdoomLine","Bone_Armor","Blood_Whip"],"picked":"SKIP","floor":7.0},{"not_picked":["Bone_Shift","Summon_Undead_Army"],"picked":"Creater_Tree","floor":13.0},{"not_picked":["Negative_Energy_Javelin","Uncharnel","PosionWeak"],"picked":"SKIP","floor":14.0},{"not_picked":["Epidemicm","Consume_Illness"],"picked":"Epidemicn","floor":16.0},{"not_picked":["Negative_Energy_Mist","PosionRing","Scare+1"],"picked":"SKIP","floor":18.0},{"not_picked":["Scare","Hellfire","Thousand_Bone_Knives"],"picked":"SKIP","floor":22.0},{"not_picked":["Toxic_Smoke_Screen","Bone_Spikes","PosionBreak"],"picked":"SKIP","floor":23.0},{"not_picked":["Bone_Spikes+1","Negative_Energy_Mist+1","Shackles_Of_Pain+1"],"picked":"SKIP","floor":25.0},{"not_picked":["Necrotic_Claws","Acid_Javelin"],"picked":"Plague_Bolt","floor":27.0},{"not_picked":["Uncharnel","Negative_Energy_Mist","Blood_for_Blood"],"picked":"SKIP","floor":29.0},{"not_picked":["Blood_Whip","PosionRing","Uncharnel"],"picked":"SKIP","floor":31},{"not_picked":["ZombiePosion+1","Summon_Lich","Blood_Whip+1"],"picked":"SKIP","floor":35},{"not_picked":["Strike_from_Beyond+1","Negative_Energy_Mist","Summon_Undead_Army+1"],"picked":"SKIP","floor":38},{"not_picked":["Negative_Energy_Sphere","Posionadd+1","Shackles_Of_Pain+1"],"picked":"SKIP","floor":39},{"not_picked":["Scare","Negative_Energy_Javelin","Strike_from_Beyond+1"],"picked":"SKIP","floor":41},{"not_picked":["Bone_Spikes","PosionWeak2+1","Life_Drain+1"],"picked":"SKIP","floor":45}],"player_experience":85730,"relics_obtained":[{"floor":1.0,"key":"Baka"},{"floor":4.0,"key":"AT_GoldPhoenixTree"},{"floor":4.0,"key":"AT_GoldPhoenixTree"},{"floor":9.0,"key":"GodSword4"},{"floor":14.0,"key":"AT_BellowingDragoncrestRing"},{"floor":23.0,"key":"AT_ChloranthyRing"},{"floor":25.0,"key":"Orichalcum"},{"floor":26.0,"key":"MealTicket"},{"floor":27.0,"key":"Juzu Bracelet"},{"floor":29.0,"key":"Happy Flower"},{"floor":31,"key":"AT_Kusabimaru"},{"floor":37,"key":"SharePain"},{"floor":39,"key":"AT_LudenTempest"},{"floor":41,"key":"Potion Belt"},{"floor":43,"key":"MagicDraw4"},{"floor":46,"key":"PageOfAspirationHeart"},{"floor":48,"key":"DALC_WAN"}],"event_choices":[{"damage_healed":0.0,"max_hp_gain":0.0,"max_hp_loss":0.0,"gold_gain":0.0,"event_name":"Scrap Ooze","player_choice":"Success","floor":2.0,"gold_loss":0.0,"damage_taken":7.0,"relics_obtained":["UndeadPower"]},{"damage_healed":0.0,"max_hp_gain":0.0,"max_hp_loss":0.0,"gold_gain":0.0,"event_name":"The Woman in Blue","player_choice":"Bought 0 Potions","floor":3.0,"gold_loss":0.0,"damage_taken":0.0},{"damage_healed":0.0,"max_hp_gain":0.0,"max_hp_loss":0.0,"gold_gain":0.0,"event_name":"Dead Adventurer","player_choice":"Searched \u00273\u0027 times","floor":13.0,"gold_loss":0.0,"damage_taken":0.0,"relics_obtained":["AT_SpeedBoots"]},{"damage_healed":0.0,"max_hp_gain":0.0,"max_hp_loss":0.0,"gold_gain":0.0,"event_name":"The Mausoleum","player_choice":"Opened","floor":19.0,"gold_loss":0.0,"damage_taken":0.0,"relics_obtained":["Bag of Preparation"]},{"damage_healed":0.0,"max_hp_gain":0.0,"max_hp_loss":0.0,"gold_gain":250.0,"event_name":"The Joust","player_choice":"Bet on Owner","floor":20.0,"gold_loss":50.0,"damage_taken":0.0},{"cards_removed":["Strike_W"],"damage_healed":0.0,"max_hp_gain":0.0,"max_hp_loss":0.0,"gold_gain":0.0,"event_name":"Beggar","player_choice":"Gave Gold","floor":24.0,"gold_loss":75.0,"damage_taken":0.0},{"damage_healed":0,"gold_gain":0,"player_choice":"Max HP","damage_taken":0,"max_hp_gain":0,"max_hp_loss":4,"event_name":"Winding Halls","floor":36,"gold_loss":0},{"damage_healed":0,"gold_gain":0,"player_choice":"Ignored","damage_taken":0,"max_hp_gain":0,"max_hp_loss":0,"event_name":"Tomb of Lord Red Mask","floor":44,"gold_loss":0},{"damage_healed":0,"gold_gain":0,"player_choice":"Fight","damage_taken":0,"max_hp_gain":0,"max_hp_loss":0,"event_name":"Mysterious Sphere","floor":46,"gold_loss":0}],"is_beta":false,"boss_relics":[{"not_picked":["RingOfChaos2","Astrolabe"],"picked":"AT_MortalBlade"},{"not_picked":["SacredBark","Tiny House"],"picked":"EasyGame_NEW"}],"items_purged_floors":[],"is_endless":false,"potions_floor_spawned":[5,7,14,18,23,25,29,39,46],"ascension_level":4}}