{"host":"1dz819zv7fs9tsdy","time":1611267267,"event":{"mods":["AchievementEnabler","BaseMod","Colored Powertips","Curses Come First","Minty Spire (QoL Compilation)","Rare Cards Sparkle","StSLib"],"gold_per_floor":[117,136,136,146,11,11,26,53,132,167,24,39,95,108,108,205,205,225,225,238,238,258,285,285,302,329,329,344,357,357,371,371,471,471,486,114,132,183,183,183,212,212,239,265,11,29,29,29],"floor_reached":47,"language":"ENG","playtime":4659,"items_purged":["Strike_G"],"score":644,"play_id":"b769c869-f277-4e08-96f8-8f8cdb41a2f7","local_time":"20210121221427","is_ascension_mode":true,"campfire_choices":[{"data":"Tools of the Trade","floor":6,"key":"SMITH"},{"data":"Infinite Blades","floor":15,"key":"SMITH"},{"floor":24,"key":"REST"},{"floor":27,"key":"REST"},{"floor":32,"key":"REST"},{"floor":40,"key":"RECALL"},{"data":"1","floor":42,"key":"LIFT"}],"circlet_count":0,"master_deck":["Strike_G","Strike_G","Defend_G+1","Defend_G","Defend_G+1","Defend_G","Defend_G","Survivor","Neutralize","Reflex","Blade Dance+1","Choke","Tools of the Trade+1","Cloak And Dagger","Backstab","Envenom","Infinite Blades+1","Backflip","Leg Sweep","Reflex","Corpse Explosion","Acrobatics+1","Noxious Fumes","Acrobatics","PiercingWail+1","Footwork","Prepared","After Image","Infinite Blades+1","Escape Plan","Dash","After Image","Outmaneuver","Crippling Poison+1","Concentrate"],"relics":["WristBlade","Mango","Eternal Feather","Omamori","Nunchaku","Runic Pyramid","GremlinMask","Girya","Regal Pillow","Calling Bell","Ancient Tea Set","Letter Opener","Prayer Wheel","TwistedFunnel","Strawberry","Ginger","Singing Bowl","Shovel","War Paint"],"acts_visited":["Exordium","TheCity","TheBeyond"],"potions_floor_usage":[7,7,13,23,25,25,31,33,38,38,41,41,44,44,44,46,47],"damage_taken":[{"damage":0,"enemies":"Cultist","floor":1,"turns":3},{"damage":6,"enemies":"Jaw Worm","floor":2,"turns":5},{"damage":0,"enemies":"2 Louse","floor":4,"turns":2},{"damage":9,"enemies":"Gremlin Gang","floor":7,"turns":4},{"damage":2,"enemies":"Lagavulin","floor":8,"turns":7},{"damage":19,"enemies":"Gremlin Nob","floor":10,"turns":4},{"damage":0,"enemies":"3 Louse","floor":12,"turns":3},{"damage":5,"enemies":"Gremlin Nob","floor":13,"turns":3},{"damage":4,"enemies":"Blue Slaver","floor":14,"turns":3},{"damage":32,"enemies":"The Guardian","floor":16,"turns":15},{"damage":17,"enemies":"Shell Parasite","floor":18,"turns":5},{"damage":20,"enemies":"2 Thieves","floor":20,"turns":4},{"damage":10,"enemies":"Snecko","floor":22,"turns":3},{"damage":35,"enemies":"Slavers","floor":23,"turns":3},{"damage":29,"enemies":"Shelled Parasite and Fungi","floor":25,"turns":6},{"damage":28,"enemies":"3 Cultists","floor":28,"turns":5},{"damage":0,"enemies":"Snake Plant","floor":29,"turns":4},{"damage":6,"enemies":"Cultist and Chosen","floor":31,"turns":6},{"damage":23,"enemies":"Automaton","floor":33,"turns":9},{"damage":16,"enemies":"Orb Walker","floor":35,"turns":4},{"damage":5,"enemies":"3 Darklings","floor":37,"turns":2},{"damage":39,"enemies":"2 Orb Walkers","floor":38,"turns":3},{"damage":36,"enemies":"Reptomancer","floor":41,"turns":8},{"damage":31,"enemies":"Nemesis","floor":44,"turns":5},{"damage":5,"enemies":"Writhing Mass","floor":46,"turns":7},{"damage":4,"enemies":"Spire Growth","floor":47,"turns":2}],"seed_played":"2870795031636036768","potions_obtained":[{"floor":1,"key":"Dexterity Potion"},{"floor":2,"key":"Energy Potion"},{"floor":7,"key":"SpeedPotion"},{"floor":12,"key":"PowerPotion"},{"floor":22,"key":"ColorlessPotion"},{"floor":23,"key":"SpeedPotion"},{"floor":29,"key":"Poison Potion"},{"floor":31,"key":"DistilledChaos"},{"floor":33,"key":"LiquidBronze"},{"floor":37,"key":"GamblersBrew"},{"floor":38,"key":"EssenceOfSteel"},{"floor":41,"key":"EntropicBrew"}],"is_trial":false,"path_per_floor":["M","M","?","M","$","R","M","E","T","E","$","M","?","M","R","B",null,"M","?","M","?","M","E","R","M","T","R","M","M","?","M","R","B",null,"M","$","M","?","?","R","E","R","T","E","$","M","M"],"character_chosen":"THE_SILENT","items_purchased":["Tools of the Trade","Infinite Blades","TwistedFunnel","Strawberry","LiquidMemories","War Paint","Outmaneuver","BlessingOfTheForge"],"campfire_rested":3,"item_purchase_floors":[5,11,36,36,36,45,45,45],"current_hp_per_floor":[70,64,64,64,64,64,55,67,67,48,48,48,43,39,51,19,84,67,67,47,47,37,2,42,13,13,68,40,40,24,18,74,51,89,73,80,75,36,36,54,20,38,38,9,9,4,0,0],"gold":29,"neow_bonus":"BOSS_RELIC","is_daily":false,"chose_seed":false,"campfire_upgraded":2,"win_rate":0.0,"timestamp":1611267267,"path_taken":["M","M","?","M","$","R","?","E","T","E","$","M","?","M","R","BOSS","M","?","?","?","M","E","R","M","T","R","M","M","?","M","R","BOSS","M","$","M","?","?","R","E","R","T","E","$","?","M"],"items_purchased_type":["Card","Card","Relic","Relic","Potion","Relic","Card","Potion"],"build_version":"2020-12-22","purchased_purges":1,"victory":false,"max_hp_per_floor":[70,70,70,70,70,70,70,84,84,84,84,84,84,84,84,84,84,84,84,84,84,84,84,84,84,84,84,84,84,89,89,89,89,89,89,96,96,96,96,96,98,98,98,100,100,100,100,100],"card_choices":[{"not_picked":["Deflect","Dagger Spray"],"picked":"Reflex","floor":1},{"not_picked":["Prepared","Footwork"],"picked":"Blade Dance","floor":2},{"not_picked":["Tactician","Doppelganger"],"picked":"Choke","floor":4},{"not_picked":["Skewer","Endless Agony"],"picked":"Cloak And Dagger","floor":7},{"not_picked":["Bane","PiercingWail"],"picked":"Backstab","floor":8},{"not_picked":["Underhanded Strike","Bane"],"picked":"Envenom","floor":10},{"not_picked":["Bouncing Flask","Distraction"],"picked":"Backflip","floor":12},{"not_picked":["Quick Slash","Deflect"],"picked":"Leg Sweep","floor":13},{"not_picked":["Dagger Throw","Poisoned Stab"],"picked":"Reflex","floor":14},{"not_picked":["A Thousand Cuts","Envenom"],"picked":"Corpse Explosion","floor":16},{"not_picked":["Flying Knee","Dodge and Roll"],"picked":"Acrobatics+1","floor":18},{"not_picked":["Heel Hook","Predator","Flying Knee"],"picked":"SKIP","floor":20},{"not_picked":["Dodge and Roll+1","Outmaneuver+1"],"picked":"Noxious Fumes","floor":22},{"not_picked":["Reflex+1","Dagger Spray+1"],"picked":"Acrobatics","floor":23},{"not_picked":["Dagger Throw","A Thousand Cuts"],"picked":"PiercingWail+1","floor":25},{"not_picked":["Flying Knee","Poisoned Stab","Skewer"],"picked":"SKIP","floor":28},{"not_picked":["Dash","Bouncing Flask"],"picked":"Footwork","floor":29},{"not_picked":["Setup+1","Underhanded Strike"],"picked":"Prepared","floor":31},{"not_picked":["Night Terror","Die Die Die"],"picked":"After Image","floor":33},{"not_picked":["Dodge and Roll","Acrobatics"],"picked":"Infinite Blades+1","floor":35},{"not_picked":["Bane","Choke","Expertise+1"],"picked":"SKIP","floor":35},{"not_picked":["Dagger Throw+1","Bane"],"picked":"Escape Plan","floor":37},{"not_picked":["Dodge and Roll","Flechettes+1","Doppelganger"],"picked":"SKIP","floor":37},{"not_picked":["Outmaneuver","Sucker Punch+1"],"picked":"Dash","floor":38},{"not_picked":["Endless Agony+1","Reflex+1","All Out Attack"],"picked":"Singing Bowl","floor":41},{"not_picked":["Infinite Blades+1","Riddle With Holes+1","Terror"],"picked":"Singing Bowl","floor":44},{"not_picked":["Deadly Poison+1","Dagger Spray"],"picked":"Crippling Poison+1","floor":46},{"not_picked":["Dash","Underhanded Strike+1"],"picked":"Concentrate","floor":46}],"player_experience":271920,"relics_obtained":[{"floor":8,"key":"Mango"},{"floor":9,"key":"Eternal Feather"},{"floor":10,"key":"Omamori"},{"floor":13,"key":"Nunchaku"},{"floor":23,"key":"Girya"},{"floor":26,"key":"Regal Pillow"},{"floor":34,"key":"Ancient Tea Set"},{"floor":34,"key":"Letter Opener"},{"floor":34,"key":"Prayer Wheel"},{"floor":38,"key":"Ginger"},{"floor":41,"key":"Singing Bowl"},{"floor":44,"key":"Shovel"}],"event_choices":[{"damage_healed":0,"gold_gain":0,"player_choice":"Upgraded","damage_taken":0,"max_hp_gain":0,"max_hp_loss":0,"event_name":"Upgrade Shrine","floor":3,"gold_loss":0,"cards_upgraded":["Blade Dance"]},{"damage_healed":0,"gold_gain":0,"player_choice":"Searched \u00271\u0027 times","damage_taken":0,"max_hp_gain":0,"max_hp_loss":0,"event_name":"Dead Adventurer","floor":13,"gold_loss":0},{"damage_healed":0,"gold_gain":0,"player_choice":"Trade","damage_taken":0,"relics_obtained":["GremlinMask"],"max_hp_gain":0,"max_hp_loss":0,"event_name":"FaceTrader","floor":19,"gold_loss":0},{"cards_removed":["Strike_G"],"damage_healed":0,"gold_gain":0,"player_choice":"Elegance","damage_taken":0,"max_hp_gain":0,"max_hp_loss":0,"event_name":"Back to Basics","floor":21,"gold_loss":0},{"damage_healed":0,"gold_gain":0,"player_choice":"Shed Blood","damage_taken":21,"max_hp_gain":5,"max_hp_loss":0,"event_name":"Forgotten Altar","floor":30,"gold_loss":0},{"damage_healed":0,"gold_gain":0,"player_choice":"Fight","damage_taken":0,"max_hp_gain":0,"max_hp_loss":0,"event_name":"Mysterious Sphere","floor":38,"gold_loss":0},{"damage_healed":0,"gold_gain":0,"cards_transformed":["Strike_G"],"player_choice":"Transformed","damage_taken":0,"max_hp_gain":0,"max_hp_loss":0,"event_name":"Transmorgrifier","floor":39,"gold_loss":0,"cards_obtained":["After Image"]}],"is_beta":false,"boss_relics":[{"not_picked":["Velvet Choker","Ectoplasm"],"picked":"Runic Pyramid"},{"not_picked":["Pandora\u0027s Box","Runic Dome"],"picked":"Calling Bell"}],"items_purged_floors":[11],"is_endless":false,"potions_floor_spawned":[1,2,7,12,22,23,29,31,33,37,38,41],"killed_by":"Spire Growth","ascension_level":2}}