{"host":"nbmmy2ys5j9alw05","time":1611225025,"event":{"mods":["AchievementEnabler","BaseMod","Bestiary","Better Vampires","Colored Map","Colored Powertips","Googly Eyes","Minty Spire (QoL Compilation)","Quick Restart","StSLib","The Hierophant","The IronCluck","everything is the same but u backflip on backflip"],"gold_per_floor":[111,111,125,75,5,36,36,9,9,9,26,77,77,77,77,77,77],"floor_reached":16,"language":"ENG","playtime":450,"items_purged":[],"score":151,"play_id":"28d4fd34-cc03-492a-be2e-1f2ac8527acd","local_time":"20210121023025","is_ascension_mode":true,"campfire_choices":[{"data":"Vault","floor":7,"key":"SMITH"},{"data":"Eruption","floor":10,"key":"SMITH"},{"data":"CutThroughFate","floor":13,"key":"SMITH"},{"data":"FearNoEvil","floor":15,"key":"SMITH"}],"circlet_count":0,"master_deck":["Strike_P","Strike_P","Defend_P","Defend_P","Defend_P","Defend_P","Eruption+1","Vigilance","CutThroughFate+1","FearNoEvil+1","MentalFortress","Vault+1","Halt","Consecrate"],"relics":["PureWater","NeowsBlessing","GoldenEye","Yang","Anchor"],"acts_visited":["Exordium"],"potions_floor_usage":[16,16,16],"damage_taken":[{"damage":0,"enemies":"2 Louse","floor":1,"turns":2},{"damage":0,"enemies":"Jaw Worm","floor":3,"turns":1},{"damage":0,"enemies":"Lagavulin","floor":6,"turns":2},{"damage":0,"enemies":"Cultist","floor":11,"turns":4},{"damage":56,"enemies":"The Guardian","floor":16,"turns":18}],"seed_played":"-7635367424664690638","potions_obtained":[{"floor":1,"key":"Explosive Potion"},{"floor":3,"key":"SneckoOil"},{"floor":11,"key":"SkillPotion"}],"is_trial":false,"path_per_floor":["M","?","M","?","$","E","R","$","T","R","M","T","R","?","R","B"],"character_chosen":"WATCHER","items_purchased":["MentalFortress","Halt"],"campfire_rested":0,"item_purchase_floors":[5,8],"current_hp_per_floor":[72,65,65,65,65,65,65,65,65,65,65,65,65,65,65,9,9],"gold":77,"neow_bonus":"THREE_ENEMY_KILL","is_daily":false,"chose_seed":false,"campfire_upgraded":4,"win_rate":0.0,"timestamp":1611225025,"path_taken":["M","?","M","?","$","E","R","$","T","R","M","?","R","?","R","BOSS"],"items_purchased_type":["Card","Card"],"build_version":"2020-12-22","purchased_purges":0,"victory":false,"max_hp_per_floor":[72,72,72,72,72,72,72,72,72,72,72,72,72,72,72,72,72],"card_choices":[{"not_picked":["Sanctity","ClearTheMind"],"picked":"CutThroughFate","floor":1},{"not_picked":["Halt","CrushJoints"],"picked":"FearNoEvil","floor":3},{"not_picked":["Consecrate","ClearTheMind"],"picked":"Vault","floor":6},{"not_picked":["Protect","ClearTheMind"],"picked":"Consecrate","floor":11}],"player_experience":521183,"relics_obtained":[{"floor":6,"key":"GoldenEye"},{"floor":9,"key":"Yang"},{"floor":12,"key":"Anchor"}],"event_choices":[{"cards_removed":["Strike_P"],"damage_healed":0,"gold_gain":0,"player_choice":"Card Removal","damage_taken":7,"max_hp_gain":0,"max_hp_loss":0,"event_name":"Golden Wing","floor":2,"gold_loss":0},{"cards_removed":["Strike_P"],"damage_healed":0,"gold_gain":0,"player_choice":"Card Removal","damage_taken":0,"max_hp_gain":0,"max_hp_loss":0,"event_name":"The Cleric","floor":4,"gold_loss":50},{"damage_healed":0,"gold_gain":0,"player_choice":"Bought 0 Potions","damage_taken":0,"max_hp_gain":0,"max_hp_loss":0,"event_name":"The Woman in Blue","floor":14,"gold_loss":0}],"is_beta":false,"boss_relics":[],"items_purged_floors":[],"is_endless":false,"potions_floor_spawned":[1,3,11],"killed_by":"The Guardian","ascension_level":5}}