{"host":"l4am8ae7vj09bp0g","time":1611236742,"event":{"mods":["Act Like it!","BaseMod","Colored Powertips","Conspire","LagranYue(拉格朗・月)","Minty Spire (QoL Compilation)","Quick Restart","Relic Filter","Replay The Spire","Shop Mod","StSLib","SuperFastMode","TestMod","vexMod"],"gold_per_floor":[118,193,217,235,235,266,293,323,347,375,404,404,26,67,76,190,217,236,236,24,24,224,249,284,311,338,380,419,428,458,499,499,605,664,682,739,739,342,374,410,440,474,474,510,197,231,283,310,310,413,413,432,432,73,473,487,517,546,572,624,624,654,752,778,85,85,190,190,206,116,159,171,360,386,386,386],"floor_reached":75,"language":"ZHS","playtime":2786,"items_purged":["Bash","Sickly"],"score":3124,"play_id":"b7647b87-04f3-4eb6-a498-e87d6cee5ca3","local_time":"20210121214542","daily_mods":["Heirloom","Flight","DeadlyEvents","Elite Swarm"],"is_ascension_mode":true,"campfire_choices":[{"floor":15.0,"key":"REST"},{"floor":29.0,"key":"REST"},{"data":"Limit Break","floor":32.0,"key":"SMITH"},{"data":"Feed","floor":49.0,"key":"SMITH"},{"data":"Eclipse","floor":66.0,"key":"SMITH"}],"circlet_count":0,"master_deck":["Offering+1","Sword Boomerang+1","Feed+1","Shrug It Off","Feed","Shrug It Off+1","Second Wind+1","Limit Break+1","Pommel Strike+1","Offering","Reaper","Eclipse+1","conspire:Purge+1","Offering+1","Inflame","Limit Break+1","Berserk","Limit Break+1","Metamorphosis+1","Feed","Offering+1","Sword Boomerang+1","Feed+1","Shrug It Off+1","Feed","Feel No Pain+1","Shrug It Off+1","Second Wind+1","Limit Break+1","Pommel Strike+1","Offering+1","Reaper","conspire:Purge+1","Offering+1","Inflame","Limit Break+1","Berserk","Limit Break+1","Metamorphosis+1","Feed"],"relics":["Burning Blood","LagranYue:RandomDrawCardRelic","CaptainsWheel","testmod-CrystalShield","Dream Catcher","Gremlin Horn","Oddly Smooth Stone","CeramicFish","ReplayTheSpireMod:Spearhead","Replay:Accelerometer","Astrolabe","MerchantsRug","Orrery","Art of War","Smiling Mask","Simple Rune","War Paint","testmod-Maize","Toxic Egg 2","Tiny House","Ring of Searing","ReplayTheSpireMod:Ring of Collecting","Onion Ring","Blood Vial","Bronze Scales","ReplayFunnel","Vajra","Ring of Fury","conspire:DecoderRing","Replay:WaspNest","Potion Belt","Happy Flower","testmod-Laevatain","ReplayTheSpireMod:Ninjato","conspire:TreasureMap","Ancient Tea Set","Ring of Hypnosis","Replay:Towering Pillar of Hats","Anchor","Shuriken","Frozen Eye","Pandora\u0027s Box"],"acts_visited":["Exordium","TheCity","TheBeyond","Exordium","TheCity"],"potions_floor_usage":[],"damage_taken":[{"damage":7.0,"enemies":"2 Louse","floor":1.0,"turns":2.0},{"damage":11.0,"enemies":"Jaw Worm","floor":4.0,"turns":4.0},{"damage":13.0,"enemies":"3 Sentries","floor":6.0,"turns":10.0},{"damage":45.0,"enemies":"Lagavulin","floor":7.0,"turns":7.0},{"damage":6.0,"enemies":"3 Sentries","floor":8.0,"turns":5.0},{"damage":14.0,"enemies":"Gremlin Nob","floor":10.0,"turns":4.0},{"damage":5.0,"enemies":"3 Sentries","floor":11.0,"turns":5.0},{"damage":7.0,"enemies":"Gremlin Nob","floor":14.0,"turns":2.0},{"damage":8.0,"enemies":"Slime Boss","floor":16.0,"turns":10.0},{"damage":16.0,"enemies":"2 Thieves","floor":18.0,"turns":2.0},{"damage":20.0,"enemies":"conspire:Head Lice","floor":23.0,"turns":5.0},{"damage":33.0,"enemies":"Book of Stabbing","floor":24.0,"turns":9.0},{"damage":14.0,"enemies":"Gremlin Leader","floor":25.0,"turns":6.0},{"damage":19.0,"enemies":"Book of Stabbing","floor":27.0,"turns":7.0},{"damage":16.0,"enemies":"Gremlin Leader","floor":28.0,"turns":5.0},{"damage":7.0,"enemies":"conspire:Head Lice","floor":30.0,"turns":5.0},{"damage":8.0,"enemies":"conspire:SneckoGhost","floor":31.0,"turns":3.0},{"damage":15.0,"enemies":"Pondfish","floor":33.0,"turns":9.0},{"damage":32.0,"enemies":"3 Darklings","floor":35.0,"turns":4.0},{"damage":28.0,"enemies":"2 Orb Walkers","floor":36.0,"turns":4.0},{"damage":43.0,"enemies":"R_Hoarder","floor":39.0,"turns":7.0},{"damage":25.0,"enemies":"Reptomancer","floor":40.0,"turns":5.0},{"damage":18.0,"enemies":"R_Hoarder","floor":41.0,"turns":5.0},{"damage":19.0,"enemies":"Giant Head","floor":42.0,"turns":6.0},{"damage":45.0,"enemies":"R_Hoarder","floor":44.0,"turns":3.0},{"damage":12.0,"enemies":"Reptomancer","floor":46.0,"turns":1.0},{"damage":29.0,"enemies":"R_Hoarder","floor":47.0,"turns":4.0},{"damage":24.0,"enemies":"Giant Head","floor":48.0,"turns":3.0},{"damage":38.0,"enemies":"Donu and Deca","floor":50.0,"turns":4.0},{"damage":30.0,"enemies":"Jaw Worm","floor":52.0,"turns":2.0},{"damage":11.0,"enemies":"Small Slimes","floor":56.0,"turns":1.0},{"damage":18.0,"enemies":"3 Sentries","floor":57.0,"turns":1.0},{"damage":17.0,"enemies":"Gremlin Nob","floor":58.0,"turns":2.0},{"damage":9.0,"enemies":"3 Sentries","floor":59.0,"turns":1.0},{"damage":29.0,"enemies":"Lagavulin","floor":62.0,"turns":2.0},{"damage":20.0,"enemies":"Gremlin Nob","floor":64.0,"turns":1.0},{"damage":29.0,"enemies":"Slime Boss","floor":67.0,"turns":4.0},{"damage":0.0,"enemies":"Shell Parasite","floor":69.0,"turns":1.0},{"damage":48.0,"enemies":"Slavers","floor":71.0,"turns":2.0},{"damage":18.0,"enemies":"Chosen","floor":72.0,"turns":2.0},{"damage":24.0,"enemies":"Book of Stabbing","floor":74.0,"turns":3.0},{"damage":25.0,"enemies":"Gremlin Leader","floor":75.0,"turns":2.0}],"seed_played":"5076538636063453198","potions_obtained":[{"floor":4.0,"key":"Explosive Potion"},{"floor":11.0,"key":"Energy Potion"},{"floor":14.0,"key":"ElixirPotion"},{"floor":18.0,"key":"BloodPotion"},{"floor":28.0,"key":"BlessingOfTheForge"},{"floor":34.0,"key":"Doom Potion"},{"floor":36.0,"key":"Fire Potion"},{"floor":42.0,"key":"ColorlessPotion"},{"floor":46.0,"key":"Swift Potion"},{"floor":47.0,"key":"LiquidMemories"},{"floor":71.0,"key":"SteroidPotion"},{"floor":72.0,"key":"Reflective Coating"}],"is_trial":true,"path_per_floor":["M","?","T","M","?","E","E","E","T","E","E","?","$","E","R","B",null,"M","?","$","?","?","E","E","E","T","E","E","R","E","E","R","B",null,"M","?","?","$","E","E","E","E","T","E","$","E","E","E","R","B",null,"M","?","$","?","M","E","E","E","T","?","E","?","E","$","R","B",null,"M","?","E","M","?","E","E"],"character_chosen":"IRONCLAD","items_purchased":["CeramicFish","Sword Boomerang","ReplayTheSpireMod:Muscle Training","ReplayTheSpireMod:Spearhead","MerchantsRug","Limit Break","Orrery","Onion Ring","vexMod:TimeEaterHat","Potion Belt","Happy Flower","conspire:TreasureMap","Ancient Tea Set","Anchor","Shuriken","Frozen Eye","Metamorphosis+1"],"campfire_rested":2,"item_purchase_floors":[13,13,13,13,20,20,20,38,38,45,45,54,54,65,65,65,65],"current_hp_per_floor":[79,68,68,63,63,56,17,17,17,9,10,10,10,9,33,31,80,76,60,60,60,60,49,39,31,31,21,29,57,73,74,74,73,106,106,94,94,94,60,43,52,48,48,33,33,94,76,112,112,116,116,96,95,95,95,125,137,126,137,137,137,141,141,127,127,127,113,148,148,148,151,139,139,126,158,158],"gold":386,"neow_bonus":"","is_daily":false,"chose_seed":false,"campfire_upgraded":3,"win_rate":0.0,"timestamp":1611236742,"path_taken":["M","?","?","?","?","E","?","E","T","E","E","?","$","?","R","BOSS","M","?","$","?","?","E","E","E","T","E","E","R","E","E","R","BOSS","M","?","?","?","?","E","E","E","T","E","$","E","?","E","R","BOSS","M","?","$","?","?","E","E","E","T","?","?","?","?","$","R","BOSS","M","?","?","M","?","E","E"],"items_purchased_type":["Relic","Card","Card","Relic","Relic","Card","Relic","Relic","Relic","Relic","Relic","Relic","Relic","Relic","Relic","Relic","Card"],"build_version":"2020-12-22","purchased_purges":2,"victory":false,"max_hp_per_floor":[80,80,80,80,80,80,80,80,80,80,80,80,80,80,80,80,80,86,86,86,86,86,89,89,89,89,92,95,95,98,101,101,101,106,106,106,106,106,109,109,109,109,109,109,109,109,112,112,112,116,116,120,126,126,126,133,137,137,137,137,137,141,141,141,141,141,148,148,148,148,151,151,151,154,158,158],"card_choices":[{"not_picked":["Headbutt","Pummel","Warcry"],"picked":"SKIP","floor":1.0},{"not_picked":["Flex","Defy Death"],"picked":"True Grit","floor":4.0},{"not_picked":["Fiend Fire","Limit Break"],"picked":"Offering","floor":6.0},{"not_picked":["Bludgeon","Hemogenesis"],"picked":"Immolate","floor":7.0},{"not_picked":["Corruption","conspire:HitWhereItHurts","Hemogenesis"],"picked":"SKIP","floor":8.0},{"not_picked":["Immolate","Impervious","Hemogenesis"],"picked":"SKIP","floor":10.0},{"not_picked":["Corruption","Immolate","Impervious"],"picked":"SKIP","floor":11.0},{"not_picked":["Immolate","conspire:HitWhereItHurts"],"picked":"Feed","floor":14.0},{"not_picked":["Flex","Clothesline"],"picked":"Shrug It Off","floor":15.0},{"not_picked":["Brutality","Demonic Infusion"],"picked":"Feed","floor":16.0},{"not_picked":["Dual Wield+1","Run Through+1","Shockwave"],"picked":"SKIP","floor":18.0},{"not_picked":["ReplayTheSpireMod:LeadingStrike+1","ReplayTheSpireMod:Corrosion Curse"],"picked":"Pommel Strike+1","floor":20.0},{"not_picked":["Run Through+1","Heavy Blade"],"picked":"Offering","floor":20.0},{"not_picked":["Offering","Demonic Infusion","Replay:Many Hands"],"picked":"SKIP","floor":23.0},{"not_picked":["Hemogenesis","Barricade","Double Tap"],"picked":"SKIP","floor":24.0},{"not_picked":["Fiend Fire","Hemogenesis","Corruption"],"picked":"SKIP","floor":25.0},{"not_picked":["Demonic Infusion","Corruption"],"picked":"Reaper","floor":27.0},{"not_picked":["Replay:Many Hands","Exhume"],"picked":"Eclipse","floor":28.0},{"not_picked":["True Grit+1","Iron Wave"],"picked":"Cleave","floor":29.0},{"not_picked":["Eclipse+1","Bludgeon","Demon Form"],"picked":"SKIP","floor":30.0},{"not_picked":["Brutality","Feed"],"picked":"conspire:Purge+1","floor":31.0},{"not_picked":["Immolate","Exhume+1"],"picked":"Offering+1","floor":33.0},{"not_picked":["Heavy Blade+1","Cleave+1"],"picked":"Inflame","floor":34.0},{"not_picked":["ReplayTheSpireMod:Limb From Limb","ReplayTheSpireMod:Corrosion Curse+1","Shrug It Off+1"],"picked":"SKIP","floor":35.0},{"not_picked":["Perfected Strike","Fiend Fire"],"picked":"Uppercut+1","floor":36.0},{"not_picked":["Demon Form","Fiend Fire","Replay:Many Hands+1"],"picked":"SKIP","floor":39.0},{"not_picked":["Fiend Fire","Demon Form"],"picked":"Limit Break+1","floor":40.0},{"not_picked":["Reaper","Eclipse+1","Juggernaut"],"picked":"SKIP","floor":41.0},{"not_picked":["Eclipse+1","Double Tap+1"],"picked":"Berserk","floor":42.0},{"not_picked":["Exhume+1","Offering+1"],"picked":"Reaper","floor":44.0},{"not_picked":["Eclipse+1","Demon Form"],"picked":"Limit Break+1","floor":46.0},{"not_picked":["Barricade","Offering+1","Demon Form"],"picked":"SKIP","floor":47.0},{"not_picked":["Hemogenesis","Double Tap+1","Reaper"],"picked":"SKIP","floor":48.0},{"not_picked":["Cleave","Warcry+1","Thunderclap"],"picked":"SKIP","floor":52.0},{"not_picked":["Anger","Body Slam","Seeing Red+1"],"picked":"SKIP","floor":56.0},{"not_picked":["Offering+1","Bludgeon","Fiend Fire"],"picked":"SKIP","floor":57.0},{"not_picked":["Hemogenesis","Demon Form","Demonic Infusion+1"],"picked":"SKIP","floor":58.0},{"not_picked":["Hemogenesis","Demonic Infusion+1","Offering+1"],"picked":"SKIP","floor":59.0},{"not_picked":["Corruption","Replay:Many Hands+1","Feed"],"picked":"SKIP","floor":62.0},{"not_picked":["Offering+1","Barricade","Reaper"],"picked":"SKIP","floor":64.0},{"not_picked":["Warcry+1","Metallicize+1","Spot Weakness+1"],"picked":"SKIP","floor":69.0},{"not_picked":["Hemogenesis","Replay:Many Hands+1"],"picked":"Feed","floor":71.0},{"not_picked":["Replay:Undeath\u0027s Touch","Warcry+1","ReplayTheSpireMod:Strike From Hell"],"picked":"SKIP","floor":72.0},{"not_picked":["Limit Break+1","Feed","Replay:Many Hands+1"],"picked":"SKIP","floor":74.0}],"player_experience":38321,"relics_obtained":[{"floor":3.0,"key":"Dream Catcher"},{"floor":7.0,"key":"Gremlin Horn"},{"floor":8.0,"key":"Calipers"},{"floor":9.0,"key":"testmod-LifeArmor"},{"floor":10.0,"key":"Oddly Smooth Stone"},{"floor":11.0,"key":"testmod-RainbowHikingShoes"},{"floor":14.0,"key":"Replay:Accelerometer"},{"floor":24.0,"key":"Art of War"},{"floor":25.0,"key":"Smiling Mask"},{"floor":26.0,"key":"Simple Rune"},{"floor":27.0,"key":"War Paint"},{"floor":28.0,"key":"testmod-Maize"},{"floor":30.0,"key":"Toxic Egg 2"},{"floor":37.0,"key":"Ring of Searing"},{"floor":37.0,"key":"ReplayTheSpireMod:Ring of Collecting"},{"floor":39.0,"key":"Blood Vial"},{"floor":40.0,"key":"Bronze Scales"},{"floor":41.0,"key":"ReplayFunnel"},{"floor":42.0,"key":"Vajra"},{"floor":43.0,"key":"Ring of Fury"},{"floor":43.0,"key":"conspire:DecoderRing"},{"floor":44.0,"key":"Replay:WaspNest"},{"floor":47.0,"key":"testmod-Laevatain"},{"floor":48.0,"key":"ReplayTheSpireMod:Ninjato"},{"floor":60.0,"key":"Ring of Hypnosis"},{"floor":60.0,"key":"Replay:Towering Pillar of Hats"}],"event_choices":[{"damage_healed":0.0,"max_hp_gain":0.0,"max_hp_loss":0.0,"gold_gain":75.0,"event_name":"World of Goop","player_choice":"Gather Gold","floor":2.0,"gold_loss":0.0,"damage_taken":11.0},{"damage_healed":0.0,"max_hp_gain":0.0,"max_hp_loss":0.0,"gold_gain":0.0,"event_name":"Upgrade Shrine","player_choice":"Upgraded","floor":5.0,"gold_loss":0.0,"damage_taken":0.0,"cards_upgraded":["True Grit"]},{"damage_healed":0.0,"max_hp_gain":0.0,"max_hp_loss":0.0,"gold_gain":0.0,"event_name":"Accursed Blacksmith","player_choice":"Forge","floor":12.0,"gold_loss":0.0,"damage_taken":0.0,"cards_upgraded":["Immolate"]},{"damage_healed":0.0,"max_hp_gain":0.0,"max_hp_loss":0.0,"gold_gain":0.0,"event_name":"Cursed Tome","player_choice":"Obtained Book","floor":19.0,"gold_loss":0.0,"damage_taken":16.0},{"damage_healed":0.0,"max_hp_gain":0.0,"max_hp_loss":0.0,"gold_gain":200.0,"event_name":"Wheel of Change","player_choice":"Gold","floor":22.0,"gold_loss":0.0,"damage_taken":0.0},{"damage_healed":0.0,"max_hp_gain":0.0,"max_hp_loss":0.0,"gold_gain":0.0,"event_name":"Mysterious Sphere","player_choice":"Fight","floor":36.0,"gold_loss":0.0,"damage_taken":0.0},{"damage_healed":0.0,"max_hp_gain":0.0,"max_hp_loss":0.0,"gold_gain":0.0,"event_name":"Scrap Ooze","player_choice":"Success","floor":53.0,"gold_loss":0.0,"damage_taken":7.0,"relics_obtained":["vexMod:BerryBomb"]},{"damage_healed":0.0,"max_hp_gain":0.0,"max_hp_loss":0.0,"gold_gain":400.0,"event_name":"恩洛斯的盘子","player_choice":"Sell","floor":55.0,"relics_lost":["testmod-TestBox"],"gold_loss":0.0,"damage_taken":0.0},{"damage_healed":0.0,"max_hp_gain":0.0,"max_hp_loss":0.0,"gold_gain":0.0,"event_name":"给自己的盒子","player_choice":"Ignored","floor":61.0,"gold_loss":0.0,"damage_taken":0.0},{"cards_removed":["ReplayTheSpireMod:Muscle Training"],"damage_healed":0.0,"max_hp_gain":0.0,"max_hp_loss":0.0,"gold_gain":0.0,"event_name":"Designer","player_choice":"Upgrade and Remove","floor":70.0,"gold_loss":90.0,"damage_taken":0.0,"cards_upgraded":["Sword Boomerang"]}],"is_beta":false,"boss_relics":[{"not_picked":["Replay:Grab Bag","Runic Cube"],"picked":"Astrolabe"},{"not_picked":["testmod-Prudence","testmod-NegativeEmotionEnhancer"],"picked":"Tiny House"},{"not_picked":["vexMod:MysteryBossChallenge","ChewingGum","Honey Jar"]},{"not_picked":["Velvet Choker","ReplayTheSpireMod:DimensionalGlitch"],"picked":"Pandora\u0027s Box"}],"items_purged_floors":[45,54],"is_endless":true,"potions_floor_spawned":[4,11,14,18,28,36,42,46,47,48,50,52,58,62,71,72,74,75],"killed_by":"Gremlin Leader","ascension_level":1}}