{"host":"bm1qfstn98p1odmu","time":1611269155,"event":{"mods":["AchievementEnabler","BaseMod","Bestiary","Block Reminder","Colored Map","Colored Powertips","DeckTracker","Highlight Path","Minty Spire (QoL Compilation)","Relic Stats","StSLib"],"gold_per_floor":[111,111,111,111,135,135,135,135],"floor_reached":7,"language":"ENG","playtime":2300,"items_purged":[],"score":41,"play_id":"41e20995-e272-45c2-9de2-20e4329710c6","local_time":"20210122004555","is_ascension_mode":true,"campfire_choices":[{"data":"Limit Break","floor":6,"key":"SMITH"}],"circlet_count":0,"master_deck":["Strike_R","Strike_R","Strike_R","Strike_R","Defend_R","Defend_R","Defend_R","Defend_R","Bash","Deep Breath","Limit Break+1"],"relics":["Burning Blood","Golden Idol","Strawberry"],"acts_visited":["Exordium"],"potions_floor_usage":[],"damage_taken":[{"damage":6,"enemies":"Jaw Worm","floor":1,"turns":4},{"damage":14,"enemies":"2 Louse","floor":5,"turns":5},{"damage":55,"enemies":"Lagavulin","floor":7,"turns":6}],"seed_played":"-4038027045314334594","potions_obtained":[],"is_trial":false,"path_per_floor":["M","?","?","?","M","R","E"],"character_chosen":"IRONCLAD","items_purchased":[],"campfire_rested":0,"item_purchase_floors":[],"current_hp_per_floor":[80,60,55,55,47,47,0,0],"gold":135,"neow_bonus":"REMOVE_CARD","is_daily":false,"chose_seed":false,"campfire_upgraded":1,"win_rate":0.0,"timestamp":1611269155,"path_taken":["M","?","?","?","M","R","E"],"items_purchased_type":[],"build_version":"2020-12-22","purchased_purges":0,"victory":false,"max_hp_per_floor":[80,80,87,87,87,87,87,87],"relic_stats":{"counters":[3,15],"Golden Idol":5,"obtain_stats":[{"Golden Idol":2,"Strawberry":3,"Burning Blood":0},{"Golden Idol":1,"Strawberry":1,"Burning Blood":0},{"Golden Idol":4,"Strawberry":4,"Burning Blood":0}],"Burning Blood":12},"card_choices":[{"not_picked":["Thunderclap","Headbutt","Second Wind"],"picked":"SKIP","floor":1},{"not_picked":["Headbutt","Hemokinesis","Bloodletting"],"picked":"SKIP","floor":5}],"player_experience":67505,"relics_obtained":[],"event_choices":[{"damage_healed":0,"gold_gain":0,"player_choice":"Take Damage","damage_taken":20,"relics_obtained":["Golden Idol"],"max_hp_gain":0,"max_hp_loss":0,"event_name":"Golden Idol","floor":2,"gold_loss":0},{"damage_healed":0,"gold_gain":0,"player_choice":"Success","damage_taken":12,"relics_obtained":["Strawberry"],"max_hp_gain":0,"max_hp_loss":0,"event_name":"Scrap Ooze","floor":3,"gold_loss":0},{"damage_healed":0,"gold_gain":0,"player_choice":"2 cards matched","damage_taken":0,"max_hp_gain":0,"max_hp_loss":0,"event_name":"Match and Keep!","floor":4,"gold_loss":0,"cards_obtained":["Deep Breath","Limit Break"]}],"is_beta":false,"boss_relics":[],"items_purged_floors":[],"is_endless":false,"potions_floor_spawned":[],"killed_by":"Lagavulin","ascension_level":1}}