{"host":"y3h3n3f7seyagppx","time":1611247965,"event":{"mods":["AlwaysNeverKeys","BaseMod","Better Vampires","Colored Powertips","DeckTracker","Emptier Cage","Minty Spire (QoL Compilation)","Permanent Neow","Quick Restart","Rare Cards Sparkle","Relic Sorter","Relic Stats","StSLib","Transform Curses"],"gold_per_floor":[109,124,141,155,171,196,196,223,301,321,356,356,374,387,387,387,387],"floor_reached":16,"language":"ENG","playtime":1295,"items_purged":[],"score":252,"play_id":"ad0657cd-a4de-4ba1-90ad-7407fd5e9ea9","local_time":"20210121115245","is_ascension_mode":true,"campfire_choices":[{"floor":7,"key":"REST"},{"data":"Wraith Form v2","floor":12,"key":"SMITH"},{"data":"Noxious Fumes","floor":15,"key":"SMITH"}],"circlet_count":0,"master_deck":["AscendersBane","Strike_G","Strike_G","Strike_G","Strike_G","Strike_G","Defend_G","Defend_G","Defend_G","Defend_G","Defend_G","Survivor","Neutralize","Dagger Throw","Underhanded Strike","Noxious Fumes+1","Backflip","After Image","Acrobatics","PiercingWail","Wraith Form v2+1","Catalyst"],"relics":["Runic Dome","TungstenRod","Anchor","Ninja Scroll","Bird Faced Urn"],"acts_visited":["Exordium"],"potions_floor_usage":[6,8,8,11,16,16],"damage_taken":[{"damage":2,"enemies":"Cultist","floor":1,"turns":5},{"damage":0,"enemies":"Jaw Worm","floor":2,"turns":4},{"damage":0,"enemies":"Small Slimes","floor":3,"turns":3},{"damage":7,"enemies":"Blue Slaver","floor":4,"turns":5},{"damage":7,"enemies":"Looter","floor":5,"turns":3},{"damage":22,"enemies":"Lagavulin","floor":6,"turns":7},{"damage":29,"enemies":"Gremlin Nob","floor":8,"turns":4},{"damage":0,"enemies":"2 Fungi Beasts","floor":10,"turns":3},{"damage":14,"enemies":"Lagavulin","floor":11,"turns":10},{"damage":0,"enemies":"Large Slime","floor":13,"turns":5},{"damage":0,"enemies":"Red Slaver","floor":14,"turns":4},{"damage":37,"enemies":"Slime Boss","floor":16,"turns":7}],"seed_played":"234878259883514462","potions_obtained":[{"floor":3,"key":"Explosive Potion"},{"floor":5,"key":"LiquidBronze"},{"floor":6,"key":"BlessingOfTheForge"},{"floor":8,"key":"SmokeBomb"},{"floor":10,"key":"Regen Potion"},{"floor":11,"key":"SteroidPotion"},{"floor":14,"key":"Energy Potion"}],"is_trial":false,"path_per_floor":["M","M","M","M","M","E","R","E","T","M","E","R","M","M","R","B"],"character_chosen":"THE_SILENT","items_purchased":[],"campfire_rested":1,"item_purchase_floors":[],"current_hp_per_floor":[57,57,57,50,43,21,40,11,11,11,12,12,18,24,24,0,0],"gold":387,"neow_bonus":"BOSS_RELIC","is_daily":false,"chose_seed":false,"campfire_upgraded":2,"win_rate":0.0,"timestamp":1611247965,"path_taken":["M","M","M","M","M","E","R","E","T","?","E","R","M","?","R","BOSS"],"items_purchased_type":[],"build_version":"2020-12-22","purchased_purges":0,"victory":false,"max_hp_per_floor":[66,66,66,66,66,66,66,66,66,66,66,66,66,66,66,66,66],"relic_stats":{"counters":[12,60],"Bird Faced Urn":[16],"obtain_stats":[{"Runic Dome":0,"Anchor":8,"Ninja Scroll":9,"Bird Faced Urn":11,"TungstenRod":6,"Ring of the Snake":0},{"Runic Dome":0,"Anchor":7,"Ninja Scroll":7,"Bird Faced Urn":9,"TungstenRod":6,"Ring of the Snake":0},{"Runic Dome":0,"Anchor":31,"Ninja Scroll":31,"Bird Faced Urn":44,"TungstenRod":27,"Ring of the Snake":0}],"TungstenRod":10},"card_choices":[{"not_picked":["Slice","Underhanded Strike"],"picked":"Dagger Throw","floor":1},{"not_picked":["Eviscerate","Distraction"],"picked":"Underhanded Strike","floor":2},{"not_picked":["Dodge and Roll","Underhanded Strike"],"picked":"Noxious Fumes","floor":3},{"not_picked":["Concentrate","Underhanded Strike","Cloak And Dagger"],"picked":"SKIP","floor":4},{"not_picked":["Flying Knee","Sucker Punch"],"picked":"Backflip","floor":5},{"not_picked":["Reflex","Finisher"],"picked":"After Image","floor":6},{"not_picked":["Tactician","Heel Hook"],"picked":"Acrobatics","floor":8},{"not_picked":["Setup","Cloak And Dagger"],"picked":"PiercingWail","floor":10},{"not_picked":["Acrobatics","Setup"],"picked":"Wraith Form v2","floor":11},{"not_picked":["Predator","Blur"],"picked":"Catalyst","floor":13},{"not_picked":["Deflect","Outmaneuver","Blade Dance"],"picked":"SKIP","floor":14}],"player_experience":21415529,"relics_obtained":[{"floor":6,"key":"TungstenRod"},{"floor":8,"key":"Anchor"},{"floor":9,"key":"Ninja Scroll"},{"floor":11,"key":"Bird Faced Urn"}],"event_choices":[],"is_beta":false,"boss_relics":[],"items_purged_floors":[],"is_endless":false,"potions_floor_spawned":[3,5,6,8,10,11,14],"killed_by":"Slime Boss","ascension_level":20}}