{"host":"dr5ef424til0p8zn","time":1611252345,"event":{"mods":["2.2 Compatiblity","Act Like it!","BaseMod","Better Skull","Downfall","Gremlin Skip","Hallownest","Hermit","Minty Spire (QoL Compilation)","Shade Mod","StSLib","Td1madao Mod","The Bug Knight","The Hierophant","The Marked"],"gold_per_floor":[114,129,144,29,29,29,44,59,84,114,114,34,11,41,41,41,41,41],"floor_reached":16,"language":"ENG","playtime":1927,"items_purged":["Eruption"],"score":110,"play_id":"29daf5da-f1a8-4a37-800e-2c5cecd535ac","local_time":"20210121190545","daily_mods":["Chimera","Blue Cards","downfall:Enraging"],"is_ascension_mode":false,"campfire_choices":[{"floor":6,"key":"REST"},{"floor":11,"key":"REST"},{"floor":15,"key":"REST"}],"circlet_count":0,"master_deck":["Bash","Survivor","Zap","Strike_R","Strike_G","Strike_B","Defend_R","Defend_G","Defend_P","Auto Shields","Sweeping Beam","bronze:OilSpill","Glacier","bronze:WhirlingStrike","bronze:Iterate","Genetic Algorithm","bronze:BurnOut"],"relics":["bronze:BronzeCore","Strawberry","Bag of Marbles","Orichalcum","Blue Candle"],"acts_visited":["Exordium"],"potions_floor_usage":[2,7,16],"damage_taken":[{"damage":7,"enemies":"Jaw Worm","floor":1,"turns":4},{"damage":23,"enemies":"Small Slimes","floor":2,"turns":5},{"damage":6,"enemies":"2 Louse","floor":3,"turns":3},{"damage":3,"enemies":"2 Fungi Beasts","floor":7,"turns":3},{"damage":16,"enemies":"Blue Slaver","floor":8,"turns":5},{"damage":14,"enemies":"Lagavulin","floor":10,"turns":8},{"damage":29,"enemies":"HollowMod:MossKnight","floor":14,"turns":14},{"damage":42,"enemies":"Hexaghost","floor":16,"turns":12}],"seed_played":"811174962971598332","potions_obtained":[{"floor":1,"key":"Dexterity Potion"},{"floor":2,"key":"ColorlessPotion"},{"floor":14,"key":"AttackPotion"}],"is_trial":false,"path_per_floor":["M","M","M","$","?","R","M","M","T","E","R","$","?","E","R","B"],"character_chosen":"THE_AUTOMATON","items_purchased":["Glacier","bronze:BurnOut"],"campfire_rested":3,"item_purchase_floors":[4,12],"current_hp_per_floor":[63,40,34,34,34,57,54,38,38,24,47,47,47,18,41,0,0,0],"gold":41,"neow_bonus":"","is_daily":true,"chose_seed":false,"campfire_upgraded":0,"win_rate":0.0,"timestamp":1611252345,"path_taken":["M","M","M","$","?","R","M","M","T","E","R","$","?","E","R","BOSS"],"items_purchased_type":["Card","Card"],"build_version":"2020-12-22","purchased_purges":1,"victory":false,"max_hp_per_floor":[70,70,70,70,77,77,77,77,77,77,77,77,77,77,77,77,77,77],"card_choices":[{"not_picked":["Self Repair","Skim"],"picked":"Auto Shields","floor":1},{"not_picked":["Coolheaded","bronze:Shield"],"picked":"Sweeping Beam","floor":2},{"not_picked":["bronze:FineTuning","Hologram"],"picked":"bronze:OilSpill","floor":3},{"not_picked":["bronze:WildBeam","bronze:Shield"],"picked":"bronze:WhirlingStrike","floor":7},{"not_picked":["Rebound","Multi-Cast"],"picked":"bronze:Iterate","floor":8},{"not_picked":["bronze:Constructor","Stack"],"picked":"Genetic Algorithm","floor":10},{"not_picked":["Doom and Gloom","Loop","bronze:Virus"],"picked":"SKIP","floor":14}],"player_experience":512170,"relics_obtained":[{"floor":9,"key":"Bag of Marbles"},{"floor":10,"key":"Orichalcum"},{"floor":14,"key":"Blue Candle"}],"event_choices":[{"damage_healed":0,"gold_gain":0,"player_choice":"Success","damage_taken":7,"relics_obtained":["Strawberry"],"max_hp_gain":0,"max_hp_loss":0,"event_name":"Scrap Ooze","floor":5,"gold_loss":0},{"damage_healed":0,"gold_gain":0,"player_choice":"Left Gold","damage_taken":0,"max_hp_gain":0,"max_hp_loss":0,"event_name":"World of Goop","floor":13,"gold_loss":23}],"is_beta":false,"boss_relics":[],"items_purged_floors":[4],"is_endless":false,"potions_floor_spawned":[1,2,14],"killed_by":"Hexaghost","ascension_level":0}}