{"host":"ohasw6cj6ginaxmb","time":1611196428,"event":{"mods":["AchievementEnabler","Aspiration","BaseMod","BetterRewards","CapriCore","Card Forge","Colored Map","Friendly Minions","GifTheSpireLib","GungeonMod","Hubris","Lobotomy","LobotomyExtend","Minty Spire (QoL Compilation)","Replay The Spire","StSLib","The Bladedancer","The Necromancer"],"gold_per_floor":[118,132,142,142,201,245,245,283,283,324,324,347,347,142,142,272,272,272,272,197,112,112,112,112,112,112,112,112,112,112,112,112,112,112,112,112,112,112,112,112,112,112,112,112,112,112,112,40,40,40],"floor_reached":51,"language":"ENG","playtime":3756,"items_purged":[],"score":1007,"play_id":"a0ed29e8-5f0c-4bc8-b6ee-594609377ee8","local_time":"20210120213348","is_ascension_mode":false,"campfire_choices":[{"floor":7,"key":"REST"},{"floor":15,"key":"REST"},{"floor":24,"key":"RECALL"},{"floor":27,"key":"REST"},{"floor":32,"key":"REST"},{"floor":40,"key":"REST"}],"circlet_count":0,"master_deck":["Negative_Energy_Arrows+1","Bone_Wall+1","Summon_Undead+1","Summon_Lich+1","Bone_Prison+1","Finger_Of_Death+1","Hellfire+1","Life_Tap+1","Spectral_Armor+1","Summon_Death_Knight+1","Skeleton_Dragon+1","Summon_Vampire_Lady+1","Summon_Undead_Army+1","Summon_Lich+1","Bone_Wall+1","Bone_Shift+1","Bone_Armor+1","Bone_Armory+1","Bone_Armor+1","Life_Tap+1","Spectral_Armor+1","Life_Drain+1","Spectral_Armor+1","Consume_Illness+1","Bones_to_Steel+1","Life_Drain+1","Life_Tap+1","Summon_Death_Knight+1","Toxic_Smoke_Screen+1","Scare+1","Bone_Armory+1","Bone_Armor+1","Hellfire+1","Bone_Shift+1","Shade_Step+1","Violent_Necrosis+1","Blood_Curse+1","Bone_Armor+1","Bone_Armory+1"],"relics":["Vampire_Amulet","Hammer of Thor","Seething Fire","Anvil of the Gods","LetterFromLob","DemoMod:ChaffGrenade","hubris:Spice","aspiration:StickyExplosives_weak","Bag of Marbles","Ectoplasm","aspiration:RitualStick","Centennial Puzzle","hubris:SlimyHat","Ring of Chaos","hubris:Icosahedron"],"acts_visited":["Exordium","TheCity","TheBeyond"],"potions_floor_usage":[10,16,50],"damage_taken":[{"damage":3,"enemies":"Jaw Worm","floor":1,"turns":3},{"damage":3,"enemies":"Small Slimes","floor":2,"turns":4},{"damage":11,"enemies":"2 Louse","floor":3,"turns":2},{"damage":23,"enemies":"Gremlin Nob","floor":6,"turns":4},{"damage":3,"enemies":"Replay:BlueRogue","floor":8,"turns":6},{"damage":8,"enemies":"3 Sentries","floor":10,"turns":4},{"damage":7,"enemies":"Exordium Wildlife","floor":12,"turns":3},{"damage":3,"enemies":"Hexaghost","floor":16,"turns":7},{"damage":6,"enemies":"Chosen","floor":18,"turns":4},{"damage":6,"enemies":"2 Thieves","floor":20,"turns":4},{"damage":13,"enemies":"Sentry and Sphere","floor":22,"turns":5},{"damage":3,"enemies":"Gremlin Leader","floor":23,"turns":6},{"damage":18,"enemies":"Slavers","floor":25,"turns":4},{"damage":1,"enemies":"Snake Plant","floor":28,"turns":3},{"damage":6,"enemies":"Centurion and Healer","floor":30,"turns":4},{"damage":2,"enemies":"Cultist and Chosen","floor":31,"turns":4},{"damage":6,"enemies":"Automaton","floor":33,"turns":9},{"damage":21,"enemies":"3 Darklings","floor":35,"turns":4},{"damage":2,"enemies":"Orb Walker","floor":39,"turns":4},{"damage":3,"enemies":"Spire Growth","floor":41,"turns":4},{"damage":9,"enemies":"4 Shapes","floor":42,"turns":3},{"damage":16,"enemies":"Jaw Worm Horde","floor":45,"turns":3},{"damage":1,"enemies":"Transient","floor":46,"turns":5},{"damage":13,"enemies":"Time Eater","floor":50,"turns":10}],"seed_played":"4808022425895413499","potions_obtained":[{"floor":8,"key":"Weak Potion"},{"floor":10,"key":"AttackPotion"},{"floor":16,"key":"Energy Potion"},{"floor":25,"key":"Strength Potion"},{"floor":28,"key":"BlessingOfTheForge"}],"is_trial":false,"path_per_floor":["M","M","M","?","?","E","R","E","T","E","?","M","M","$","R_BF","B",null,"M","?","M","?","M","E","R","E","T","R","M","?","M","M","R","B",null,"M","?","?","?","M","R","M","M","T","T","M","M","?","$","R_BF","B",null],"character_chosen":"NECROMANCER","items_purchased":["Summon_Undead","Summon_Lich","Negative_Energy_Mist","Explosive Potion","Bag of Marbles","Bone_Armory"],"campfire_rested":5,"item_purchase_floors":[0,0,0,14,14,48],"current_hp_per_floor":[71,75,68,50,50,38,60,83,83,91,91,91,41,41,68,91,91,91,73,77,77,79,83,83,71,71,83,83,83,83,83,83,83,83,70,70,73,73,86,86,86,81,78,78,68,72,72,72,72,78],"gold":40,"neow_bonus":"","is_daily":false,"chose_seed":false,"campfire_upgraded":0,"win_rate":0.0,"timestamp":1611196428,"path_taken":["M","M","M","?","?","E","R","E","T","E","?","M","M","$","R_BF","BOSS","M","?","M","?","M","E","R","E","T","R","M","?","?","M","R","BOSS","M","?","?","?","M","R","M","M","T","?","M","?","?","$","R_BF","BOSS"],"items_purchased_type":["Card","Card","Card","Potion","Relic","Card"],"build_version":"2020-12-22","purchased_purges":0,"victory":true,"max_hp_per_floor":[75,75,75,75,75,75,75,83,83,91,91,91,91,91,91,91,91,91,91,91,83,83,83,83,83,83,83,83,83,83,83,83,83,83,83,83,86,86,86,86,86,86,78,78,78,78,78,78,78,78],"card_choices":[{"not_picked":["Thousand_Bone_Knives","Shackles_Of_Pain"],"picked":"Finger_Of_Death","floor":1},{"not_picked":["Negative_Energy_Mist","Death_Coil"],"picked":"Blood_Curse","floor":2},{"not_picked":["Summon_Undead","Finger_Of_Death"],"picked":"Spectral_Armor","floor":3},{"not_picked":["Slay_Living","Bone_Bullets"],"picked":"Consume_Illness","floor":6},{"not_picked":["Negative_Energy_Bomb","Whirlwind_of_Bones"],"picked":"Bones_to_Steel","floor":8},{"not_picked":["Acid_Javelin","Necromantic_Selection"],"picked":"Life_Drain","floor":10},{"not_picked":["Scare","Spectral_Walk"],"picked":"Life_Tap","floor":12},{"not_picked":["Detonate_Bones","Reap_The_Weak"],"picked":"Summon_Death_Knight","floor":16},{"not_picked":["Negative_Energy_Javelin","Bone_Bullets"],"picked":"Toxic_Smoke_Screen+1","floor":18},{"not_picked":["Blood_Shield","Chill_Blood"],"picked":"Scare+1","floor":20},{"not_picked":["Negative_Energy_Shield","Toxic_Smoke_Screen+1"],"picked":"Bone_Armory+1","floor":22},{"not_picked":["Scare","Death_Coil","Blood_Whip"],"picked":"SKIP","floor":23},{"not_picked":["hubris:SpiceAddiction","Scare","Necrotic_Claws"],"picked":"SKIP","floor":25},{"not_picked":["hubris:SpiceAddiction","Slay_Living"],"picked":"Bone_Armor","floor":28},{"not_picked":["Negative_Energy_Shield","Thousand_Bone_Knives","Chill_Blood"],"picked":"SKIP","floor":30},{"not_picked":["Finger_Of_Death","Life_Drain","hubris:SpiceAddiction"],"picked":"SKIP","floor":31},{"not_picked":["Summon_Vampire_Lady","Blood_Wake"],"picked":"Hellfire","floor":33},{"not_picked":["Chill_Blood","Negative_Energy_Javelin+1"],"picked":"Bone_Shift+1","floor":35},{"not_picked":["Replay:Sssssssssstrike","Trip"],"picked":"Dramatic Entrance","floor":36},{"not_picked":["Death_March_Dance","Epidemic"],"picked":"Shade_Step","floor":39},{"not_picked":["hubris:SpiceAddiction","Epidemic"],"picked":"Violent_Necrosis+1","floor":41},{"not_picked":["hubris:SpiceAddiction","hubris:SpiceAddiction","Corrupt"],"picked":"SKIP","floor":42},{"not_picked":["Toxic_Smoke_Screen+1","hubris:SpiceAddiction"],"picked":"Blood_Curse+1","floor":45},{"not_picked":["Chill_Blood","Negative_Energy_Javelin"],"picked":"Bone_Armor+1","floor":46}],"player_experience":44695,"relics_obtained":[{"floor":1,"key":"LetterFromLob"},{"floor":6,"key":"DemoMod:ChaffGrenade"},{"floor":8,"key":"hubris:Spice"},{"floor":9,"key":"aspiration:StickyExplosives_weak"},{"floor":10,"key":"hubris:Spice"},{"floor":23,"key":"Centennial Puzzle"},{"floor":25,"key":"hubris:SlimyHat"},{"floor":43,"key":"hubris:Spice"}],"event_choices":[{"damage_healed":0,"gold_gain":0,"player_choice":"Take Damage","damage_taken":18,"relics_obtained":["Golden Idol"],"max_hp_gain":0,"max_hp_loss":0,"event_name":"Golden Idol","floor":4,"gold_loss":0},{"damage_healed":0,"gold_gain":59,"player_choice":"Gained Gold","damage_taken":0,"max_hp_gain":0,"max_hp_loss":0,"event_name":"Golden Wing","floor":5,"gold_loss":0},{"damage_healed":0,"gold_gain":0,"player_choice":"Leave","damage_taken":0,"max_hp_gain":0,"max_hp_loss":0,"event_name":"The Cleric","floor":11,"gold_loss":0},{"damage_healed":0,"gold_gain":0,"player_choice":"Obtained Relic","damage_taken":0,"relics_obtained":["hubris:Spice"],"max_hp_gain":0,"max_hp_loss":0,"event_name":"Addict","floor":21,"gold_loss":85},{"damage_healed":0,"gold_gain":0,"player_choice":"Memory 1","damage_taken":0,"max_hp_gain":0,"max_hp_loss":0,"event_name":"SensoryStone","floor":36,"gold_loss":0},{"damage_healed":0,"gold_gain":0,"player_choice":"Ignored","damage_taken":0,"max_hp_gain":0,"max_hp_loss":0,"event_name":"Mysterious Sphere","floor":38,"gold_loss":0},{"damage_healed":0,"gold_gain":333,"player_choice":"Gave Idol","damage_taken":0,"max_hp_gain":0,"max_hp_loss":0,"event_name":"The Moai Head","floor":47,"relics_lost":["Golden Idol"],"gold_loss":0}],"is_beta":false,"boss_relics":[{"not_picked":["hubris:Spice","Replay:Ancient Bell"],"picked":"Ectoplasm"},{"not_picked":["hubris:Spice","hubris:Spice"],"picked":"Ring of Chaos"}],"items_purged_floors":[],"is_endless":false,"potions_floor_spawned":[8,10,16,25,28,30,35,39,45],"ascension_level":0}}