{"host":"6a92uynocv4elkyp","time":1611244074,"event":{"mods":["AchievementEnabler","BaseMod","Hubris","Infinite Spire","Minty Spire (QoL Compilation)","Quick Restart","Replay The Spire","StSLib"],"gold_per_floor":[99,138,198,258,315,408,408,486,513,597,597,597],"floor_reached":11,"language":"ENG","playtime":652,"items_purged":[],"score":186,"play_id":"c944c11c-f011-4733-83b9-c84e54c474ad","local_time":"20210121164754","daily_mods":["SealedDeck","Heirloom","Flight","DeadlyEvents","Elite Swarm","Midas"],"is_ascension_mode":true,"campfire_choices":[{"floor":7,"key":"REST"}],"circlet_count":0,"master_deck":["AscendersBane","Reinforced Body","Conserve Battery","Coolheaded","Ball Lightning","ReplayTheSpireMod:Calculation Training","Gash","BootSequence","Aggregate","Steam","hubris:PowerSurge","BasicCrystalCard","Double Energy","Warcry","Warcry","Capacitor","Flex","Cold Snap","Fire Breathing","Echo Form","Buffer","Limit Break"],"relics":["replay:Trail_Library","Prayer Wheel","Iron Core","Regal Pillow","Replay:Baseball","Tiny Chest"],"acts_visited":["Exordium"],"potions_floor_usage":[6,6,11,11],"damage_taken":[{"damage":0,"enemies":"Small Slimes","floor":2,"turns":3},{"damage":0,"enemies":"Jaw Worm","floor":3,"turns":3},{"damage":0,"enemies":"Cultist","floor":4,"turns":5},{"damage":7,"enemies":"Large Slime","floor":5,"turns":7},{"damage":31,"enemies":"Gremlin Nob","floor":6,"turns":4},{"damage":16,"enemies":"Lagavulin","floor":8,"turns":9},{"damage":9,"enemies":"3 Sentries","floor":10,"turns":5},{"damage":40,"enemies":"Gremlin Nob","floor":11,"turns":4}],"seed_played":"6091821596267684370","potions_obtained":[{"floor":2,"key":"Adrenaline Potion"},{"floor":5,"key":"SkillPotion"},{"floor":6,"key":"FocusPotion"},{"floor":8,"key":"CultistPotion"}],"is_trial":true,"path_per_floor":["?","M","M","M","M","E","R","E","T","E","E"],"character_chosen":"DEFECT","items_purchased":[],"campfire_rested":1,"item_purchase_floors":[],"current_hp_per_floor":[64,64,64,64,57,26,62,46,46,37,0,0],"gold":597,"neow_bonus":"","is_daily":false,"chose_seed":false,"campfire_upgraded":0,"win_rate":0.0,"timestamp":1611244074,"path_taken":["?","M","M","M","M","E","R","E","T","E","E"],"items_purchased_type":[],"build_version":"2020-12-22","purchased_purges":0,"victory":false,"max_hp_per_floor":[71,71,71,71,71,71,71,71,71,71,71,71],"card_choices":[{"not_picked":["Turbo","Melter"],"picked":"BasicCrystalCard","floor":2},{"not_picked":["Go for the Eyes","Streamline"],"picked":"Double Energy","floor":2},{"not_picked":["Iron Wave","Ball Lightning"],"picked":"Warcry","floor":3},{"not_picked":["Barrage","Iron Wave"],"picked":"Warcry","floor":3},{"not_picked":["Reprogram","Defragment"],"picked":"Capacitor","floor":4},{"not_picked":["Double Energy","Headbutt"],"picked":"Flex","floor":4},{"not_picked":["Barrage","Leap"],"picked":"Cold Snap","floor":5},{"not_picked":["Panic Button","Heavy Blade"],"picked":"Fire Breathing","floor":5},{"not_picked":["Juggernaut","Core Surge"],"picked":"Echo Form","floor":6},{"not_picked":["All For One","ReplayTheSpireMod:Omega Cannon"],"picked":"Buffer","floor":8},{"not_picked":["hubris:Prefetch","Reboot"],"picked":"Limit Break","floor":10}],"player_experience":136084,"relics_obtained":[{"floor":6,"key":"Regal Pillow"},{"floor":8,"key":"Replay:Baseball"},{"floor":10,"key":"Tiny Chest"}],"event_choices":[],"is_beta":false,"boss_relics":[],"items_purged_floors":[],"is_endless":false,"potions_floor_spawned":[2,5,6,8],"killed_by":"Gremlin Nob","ascension_level":20}}