{"host":"0cm5wy4nhuju7tij","time":1611203057,"event":{"mods":["100% Spire Juice","2.2 Compatiblity","AchievementEnabler","Aspiration","BaseMod","Better Third Choice","BetterRewards","CCEM","CapriCore","Colored Powertips","Curses Come First","Custom Start","Displayed Cursed Tome","Downfall","Energized Spire","Evolution","Filter the Spire","Highlight Path","Jess\u0027s Bottle","Minty Spire (QoL Compilation)","Permanent Neow","Poor People Problems","Relic Stats","Shop Mod","Spicy Shops","StSLib","The Cursed","The Juggle","The Sage","TheFirefly"],"gold_per_floor":[109,123,140,140,25,25,50,69,145,145,177,177,197,210,210,305,305,317,335,335,335],"floor_reached":20,"language":"ENG","playtime":976,"items_purged":["Strike_B"],"score":214,"play_id":"f2539b5b-12fd-4a76-9ccd-19bdeda71ede","local_time":"20210120232417","is_ascension_mode":true,"campfire_choices":[{"data":"Blizzard","floor":6,"key":"SMITH"},{"floor":10,"key":"REST"},{"floor":15,"key":"REST"}],"circlet_count":0,"master_deck":["Cold Snap","Cold Snap","Strike_B","Defend_B","Defend_B","Defend_B","Defend_B","Zap+1","Dualcast","Thunder Strike","Blizzard+1","Capacitor","Hologram","Doom and Gloom","Core Surge","Capacitor","Redo","Self Repair","Barrage","Buffer","Redo+1","Streamline"],"relics":["Cracked Core","EVO:Axolotl","Vajra","Sundial","Pear","sagemod:Falmels_Amulet"],"acts_visited":["Exordium","TheCity"],"potions_floor_usage":[11],"damage_taken":[{"damage":6,"enemies":"Small Slimes","floor":1,"turns":3},{"damage":0,"enemies":"Cultist","floor":2,"turns":4},{"damage":3,"enemies":"2 Louse","floor":3,"turns":4},{"damage":32,"enemies":"Lagavulin","floor":7,"turns":6},{"damage":6,"enemies":"2 Fungi Beasts","floor":8,"turns":3},{"damage":32,"enemies":"3 Sentries","floor":11,"turns":7},{"damage":17,"enemies":"Exordium Thugs","floor":13,"turns":4},{"damage":9,"enemies":"Red Slaver","floor":14,"turns":3},{"damage":19,"enemies":"Hexaghost","floor":16,"turns":11},{"damage":47,"enemies":"3 Byrds","floor":18,"turns":5},{"damage":31,"enemies":"Shell Parasite","floor":19,"turns":6},{"damage":21,"enemies":"Centurion and Healer","floor":20,"turns":6}],"seed_played":"-6309059203728844448","potions_obtained":[{"floor":2,"key":"SpeedPotion"},{"floor":7,"key":"Energy Potion"},{"floor":11,"key":"LiquidMemories"},{"floor":18,"key":"Fire Potion"}],"is_trial":false,"path_per_floor":["M","M","M","?","$","R","E","M","T","R","E","?","M","M","R","B",null,"M","M","M"],"character_chosen":"DEFECT","items_purchased":["Doom and Gloom"],"campfire_rested":2,"item_purchase_floors":[5],"current_hp_per_floor":[69,69,66,66,66,66,34,28,28,50,28,28,11,9,34,22,85,45,21,0,0],"gold":335,"neow_bonus":"ONE_RANDOM_RARE_CARD","is_daily":false,"chose_seed":false,"campfire_upgraded":1,"win_rate":0.0,"timestamp":1611203057,"path_taken":["M","M","M","?","?","R","E","M","T","R","E","?","M","M","R","BOSS","M","M","M"],"items_purchased_type":["Card"],"build_version":"2020-12-22","purchased_purges":1,"victory":false,"max_hp_per_floor":[75,75,75,75,75,75,75,75,75,75,85,85,85,85,85,85,85,85,85,85,85],"relic_stats":{"counters":[12,62],"Sundial":[4],"obtain_stats":[{"Pear":11,"Sundial":9,"sagemod:Falmels_Amulet":17,"Vajra":7,"EVO:Axolotl":0,"Cracked Core":0},{"Pear":6,"Sundial":5,"sagemod:Falmels_Amulet":9,"Vajra":4,"EVO:Axolotl":0,"Cracked Core":0},{"Pear":27,"Sundial":20,"sagemod:Falmels_Amulet":45,"Vajra":17,"EVO:Axolotl":0,"Cracked Core":0}]},"card_choices":[{"not_picked":["Redo","Compile Driver"],"picked":"Blizzard","floor":1},{"not_picked":["Barrage","Redo"],"picked":"Capacitor","floor":2},{"not_picked":["Fusion","Beam Cell"],"picked":"Hologram","floor":3},{"not_picked":["Ball Lightning","Go for the Eyes"],"picked":"Core Surge","floor":7},{"not_picked":["Reinforced Body","Redo"],"picked":"Capacitor","floor":8},{"not_picked":["Aggregate","Recycle"],"picked":"Redo","floor":11},{"not_picked":["Lockon","Redo"],"picked":"Self Repair","floor":13},{"not_picked":["Redo","Hologram"],"picked":"Barrage","floor":14},{"not_picked":["Amplify","Biased Cognition"],"picked":"Buffer","floor":16},{"not_picked":["Rebound","Steam Power"],"picked":"Redo+1","floor":18},{"not_picked":["Scrape","Steam Power"],"picked":"Streamline","floor":19}],"player_experience":228159,"relics_obtained":[{"floor":7,"key":"Vajra"},{"floor":9,"key":"Sundial"},{"floor":11,"key":"Pear"}],"event_choices":[{"damage_healed":0,"gold_gain":0,"player_choice":"Upgraded","damage_taken":0,"max_hp_gain":0,"max_hp_loss":0,"event_name":"Upgrade Shrine","floor":4,"gold_loss":0,"cards_upgraded":["Zap"]},{"damage_healed":0,"gold_gain":0,"player_choice":"LEAVE","damage_taken":0,"max_hp_gain":0,"max_hp_loss":0,"event_name":"betterThird:BetterScrap","floor":12,"gold_loss":0,"cards_obtained":["Phantasmal Killer"]}],"is_beta":false,"boss_relics":[{"not_picked":["aspiration:PoetsPen_weak","energizedSpire:StickyHand"],"picked":"sagemod:Falmels_Amulet"}],"items_purged_floors":[5],"is_endless":false,"potions_floor_spawned":[2,7,11,18,19],"killed_by":"Centurion and Healer","ascension_level":3}}