{"host":"vpaavrwbmey593fx","time":1611266891,"event":{"mods":["AchievementEnabler","BaseMod","Bestiary","Colored Map","Colored Powertips","DeckTracker","Minty Spire (QoL Compilation)","Relic Sorter"],"gold_per_floor":[116,135,135,135,154,154,167,136,136,176,191,207,207,232,232,358,358,377,59,158,15,39,74,74,74,121,134,134,148,148,148],"floor_reached":30,"language":"ENG","playtime":2300,"items_purged":["Strike_R"],"score":315,"play_id":"7f9a1427-fb5d-4271-af38-cb4dbc3fb159","local_time":"20210121140811","is_ascension_mode":true,"campfire_choices":[{"data":"Body Slam","floor":6,"key":"SMITH"},{"data":"Disarm","floor":13,"key":"SMITH"},{"data":"Shrug It Off","floor":15,"key":"SMITH"},{"data":"Corruption","floor":25,"key":"SMITH"},{"data":"Entrench","floor":28,"key":"SMITH"}],"circlet_count":0,"master_deck":["Strike_R","Strike_R+1","Defend_R","Defend_R","Defend_R+1","Defend_R","Bash","Wild Strike","Shrug It Off+1","Body Slam+1","Disarm+1","Ghostly Armor","Immolate","CurseOfTheBell","Shrug It Off+1","Corruption+1","Hemokinesis","Second Wind","Entrench+1","Entrench"],"relics":["Burning Blood","InkBottle","HornCleat","CaptainsWheel","Thread and Needle","NeowsBlessing","Golden Idol","Paper Frog","Calling Bell","White Beast Statue","Ancient Tea Set","DollysMirror","Bag of Preparation"],"acts_visited":["Exordium","TheCity"],"potions_floor_usage":[14,16,16,23,23,23,30,30,30],"damage_taken":[{"damage":0,"enemies":"Jaw Worm","floor":1,"turns":1},{"damage":0,"enemies":"Small Slimes","floor":2,"turns":1},{"damage":0,"enemies":"2 Louse","floor":5,"turns":1},{"damage":10,"enemies":"Exordium Thugs","floor":7,"turns":5},{"damage":17,"enemies":"Lagavulin","floor":10,"turns":6},{"damage":0,"enemies":"2 Fungi Beasts","floor":11,"turns":4},{"damage":5,"enemies":"Red Slaver","floor":12,"turns":3},{"damage":3,"enemies":"Exordium Wildlife","floor":14,"turns":4},{"damage":24,"enemies":"Hexaghost","floor":16,"turns":9},{"damage":13,"enemies":"Chosen","floor":18,"turns":8},{"damage":4,"enemies":"Shell Parasite","floor":22,"turns":6},{"damage":4,"enemies":"Gremlin Leader","floor":23,"turns":8},{"damage":2,"enemies":"Sentry and Sphere","floor":27,"turns":4},{"damage":2,"enemies":"Snecko","floor":29,"turns":3},{"damage":73,"enemies":"Slavers","floor":30,"turns":8}],"seed_played":"-2303144206773288107","potions_obtained":[{"floor":10,"key":"DuplicationPotion"},{"floor":11,"key":"SteroidPotion"},{"floor":12,"key":"GamblersBrew"},{"floor":14,"key":"ColorlessPotion"},{"floor":16,"key":"Explosive Potion"},{"floor":18,"key":"HeartOfIron"},{"floor":23,"key":"LiquidMemories"},{"floor":27,"key":"SkillPotion"},{"floor":29,"key":"ColorlessPotion"}],"is_trial":false,"path_per_floor":["M","M","?","?","M","R","M","?","T","E","M","M","R","M","R","B",null,"M","$","?","$","M","E","?","R","T","M","R","M","E"],"character_chosen":"IRONCLAD","items_purchased":["InkBottle","DollysMirror"],"campfire_rested":0,"item_purchase_floors":[19,21],"current_hp_per_floor":[80,80,60,44,50,50,46,46,46,35,41,42,42,45,45,27,67,60,60,60,60,62,64,64,64,64,68,68,72,0,0],"gold":148,"neow_bonus":"THREE_ENEMY_KILL","is_daily":false,"chose_seed":false,"campfire_upgraded":5,"win_rate":0.0,"timestamp":1611266891,"path_taken":["M","M","?","?","M","R","M","?","T","E","M","?","R","M","R","BOSS","M","$","?","$","M","E","?","R","T","M","R","M","E"],"items_purchased_type":["Relic","Relic"],"build_version":"2020-12-22","purchased_purges":1,"victory":false,"max_hp_per_floor":[80,80,80,80,80,80,80,80,80,80,80,80,80,80,80,80,80,80,80,80,80,80,80,80,80,80,80,80,80,80,80],"card_choices":[{"not_picked":["Twin Strike","Bloodletting"],"picked":"Wild Strike","floor":1},{"not_picked":["Battle Trance","Perfected Strike"],"picked":"Shrug It Off","floor":2},{"not_picked":["Fire Breathing","Iron Wave"],"picked":"Body Slam","floor":5},{"not_picked":["Twin Strike","Anger","Headbutt"],"picked":"SKIP","floor":7},{"not_picked":["Body Slam","Clash","Perfected Strike"],"picked":"SKIP","floor":10},{"not_picked":["Armaments","Sentinel","Fire Breathing"],"picked":"SKIP","floor":11},{"not_picked":["Thunderclap","Berserk"],"picked":"Disarm","floor":12},{"not_picked":["Rupture","Pommel Strike"],"picked":"Ghostly Armor","floor":14},{"not_picked":["Bludgeon","Brutality"],"picked":"Immolate","floor":16},{"not_picked":["Reckless Charge","Perfected Strike","Bloodletting"],"picked":"SKIP","floor":18},{"not_picked":["Dual Wield","Anger","Body Slam"],"picked":"SKIP","floor":22},{"not_picked":["Entrench","Warcry+1"],"picked":"Corruption","floor":23},{"not_picked":["Headbutt","Body Slam"],"picked":"Entrench","floor":27},{"not_picked":["Wild Strike","Heavy Blade+1"],"picked":"Entrench","floor":29}],"player_experience":234714,"relics_obtained":[{"floor":9,"key":"Paper Frog"},{"floor":10,"key":"Thread and Needle"},{"floor":17,"key":"White Beast Statue"},{"floor":17,"key":"Ancient Tea Set"},{"floor":17,"key":"CaptainsWheel"},{"floor":23,"key":"HornCleat"},{"floor":26,"key":"Bag of Preparation"}],"event_choices":[{"damage_healed":0,"gold_gain":0,"player_choice":"Take Damage","damage_taken":20,"relics_obtained":["Golden Idol"],"max_hp_gain":0,"max_hp_loss":0,"event_name":"Golden Idol","floor":3,"gold_loss":0},{"damage_healed":0,"gold_gain":0,"player_choice":"Entered Light","damage_taken":16,"max_hp_gain":0,"max_hp_loss":0,"event_name":"Shining Light","floor":4,"gold_loss":0,"cards_upgraded":["Strike_R","Defend_R"]},{"damage_healed":0,"gold_gain":0,"player_choice":"Left Gold","damage_taken":0,"max_hp_gain":0,"max_hp_loss":0,"event_name":"World of Goop","floor":8,"gold_loss":31},{"damage_healed":0,"gold_gain":99,"player_choice":"Stole From Cult","damage_taken":0,"max_hp_gain":0,"max_hp_loss":0,"event_name":"Nest","floor":20,"gold_loss":0},{"damage_healed":0,"gold_gain":0,"cards_transformed":["Strike_R","Strike_R"],"player_choice":"Became Test Subject","damage_taken":0,"max_hp_gain":0,"max_hp_loss":0,"event_name":"Drug Dealer","floor":24,"gold_loss":0,"cards_obtained":["Hemokinesis","Second Wind"]}],"is_beta":false,"boss_relics":[{"not_picked":["Runic Cube","Ectoplasm"],"picked":"Calling Bell"}],"items_purged_floors":[19],"is_endless":false,"potions_floor_spawned":[10,11,12,14,16,18,22,23,27,29],"killed_by":"Slavers","ascension_level":5}}