{"host":"dhlnk6yox2l1s6up","time":1611241984,"event":{"mods":["BaseMod","Colored Map","Highlight Path","Minty Spire (QoL Compilation)","Relic Stats","StSLib"],"gold_per_floor":[168,186,35,50,61,61,90,90,117,136,155,155,105,115,115,218,218,232,247,247,247,263,263,298,298,298,121,75,95,95,95],"floor_reached":30,"language":"ENG","playtime":3571,"items_purged":["Strike_B"],"score":378,"play_id":"a93d74dd-209c-4bba-8e9f-2d5116f000ed","local_time":"20210121091304","is_ascension_mode":true,"campfire_choices":[{"data":"Hologram","floor":6,"key":"SMITH"},{"data":"Beam Cell","floor":8,"key":"SMITH"},{"data":"Zap","floor":12,"key":"SMITH"},{"data":"Gash","floor":15,"key":"SMITH"},{"floor":23,"key":"REST"}],"circlet_count":0,"master_deck":["Defend_B","Defend_B","Defend_B","Defend_B","Zap+1","Dualcast+1","Loop","Hologram+1","Beam Cell+1","Gash","Steam Power","Leap","Gash+1","Defragment","Hologram","All For One","Leap","Go for the Eyes+1","Cold Snap","Darkness","Leap","Self Repair+1","Ghostly","Ghostly","Ghostly","Ghostly","Ghostly","Coolheaded","Steam","Rebound+1"],"relics":["Tiny House","Medical Kit","Boot","Regal Pillow","SlaversCollar","Tiny Chest","Mummified Hand"],"acts_visited":["Exordium","TheCity"],"potions_floor_usage":[7,16,16,18,29],"damage_taken":[{"damage":1,"enemies":"Cultist","floor":1,"turns":3},{"damage":0,"enemies":"Small Slimes","floor":2,"turns":4},{"damage":4,"enemies":"Jaw Worm","floor":4,"turns":3},{"damage":8,"enemies":"Large Slime","floor":5,"turns":6},{"damage":35,"enemies":"Gremlin Nob","floor":7,"turns":4},{"damage":3,"enemies":"2 Fungi Beasts","floor":10,"turns":5},{"damage":4,"enemies":"Blue Slaver","floor":11,"turns":3},{"damage":9,"enemies":"Large Slime","floor":14,"turns":6},{"damage":8,"enemies":"Hexaghost","floor":16,"turns":8},{"damage":35,"enemies":"2 Thieves","floor":18,"turns":5},{"damage":5,"enemies":"Shell Parasite","floor":19,"turns":7},{"damage":31,"enemies":"Snake Plant","floor":22,"turns":6},{"damage":36,"enemies":"Slavers","floor":24,"turns":7},{"damage":2,"enemies":"Shelled Parasite and Fungi","floor":29,"turns":5},{"damage":33,"enemies":"Gremlin Leader","floor":30,"turns":8}],"seed_played":"-4191656664141359552","potions_obtained":[{"floor":0,"key":"Energy Potion"},{"floor":1,"key":"Energy Potion"},{"floor":4,"key":"Weak Potion"},{"floor":5,"key":"DistilledChaos"},{"floor":10,"key":"DuplicationPotion"},{"floor":16,"key":"SpeedPotion"},{"floor":24,"key":"DistilledChaos"},{"floor":29,"key":"EssenceOfSteel"}],"is_trial":false,"path_per_floor":["M","M","$","M","M","R","E","R","T","M","M","R","?","M","R","B",null,"M","M","?","?","M","R","E","?","T","$","$","M","E"],"character_chosen":"DEFECT","items_purchased":["Medical Kit","Coolheaded","SpeedPotion","Steam"],"campfire_rested":1,"item_purchase_floors":[3,27,27,28],"current_hp_per_floor":[72,72,72,68,60,60,25,25,25,22,18,18,18,9,9,1,60,25,20,46,46,15,54,18,18,18,18,18,26,0,0],"gold":95,"neow_bonus":"BOSS_RELIC","is_daily":false,"chose_seed":false,"campfire_upgraded":4,"win_rate":0.0,"timestamp":1611241984,"path_taken":["M","M","$","M","M","R","E","R","T","?","M","R","?","M","R","BOSS","M","M","?","?","M","R","E","?","T","?","$","M","E"],"items_purchased_type":["Relic","Card","Potion","Card"],"build_version":"2020-12-22","purchased_purges":1,"victory":false,"max_hp_per_floor":[80,80,80,80,80,80,80,80,80,80,80,80,80,80,80,80,80,80,80,80,80,80,80,80,40,40,40,40,40,40,40],"relic_stats":{"Regal Pillow":15,"counters":[15,80],"Mummified Hand":[6],"Tiny Chest":0,"Medical Kit":[14],"Boot":[57],"obtain_stats":[{"SlaversCollar":17,"Regal Pillow":9,"Tiny House":0,"Mummified Hand":26,"Tiny Chest":24,"Cracked Core":0,"Medical Kit":3,"Boot":7},{"SlaversCollar":9,"Regal Pillow":5,"Tiny House":0,"Mummified Hand":13,"Tiny Chest":13,"Cracked Core":0,"Medical Kit":2,"Boot":5},{"SlaversCollar":42,"Regal Pillow":20,"Tiny House":0,"Mummified Hand":67,"Tiny Chest":67,"Cracked Core":0,"Medical Kit":7,"Boot":20}]},"card_choices":[{"not_picked":["Undo","Capacitor"],"picked":"Loop","floor":0},{"not_picked":["Beam Cell","Compile Driver"],"picked":"Hologram","floor":1},{"not_picked":["Turbo","Conserve Battery"],"picked":"Beam Cell","floor":2},{"not_picked":["Barrage","Beam Cell"],"picked":"Gash","floor":4},{"not_picked":["Leap","Chill"],"picked":"Steam Power","floor":5},{"not_picked":["Auto Shields","Cold Snap"],"picked":"Leap","floor":7},{"not_picked":["Loop","Stack"],"picked":"Gash","floor":10},{"not_picked":["Turbo","Barrage"],"picked":"Defragment","floor":11},{"not_picked":["Melter","Fission"],"picked":"Hologram","floor":14},{"not_picked":["Core Surge","Reboot"],"picked":"All For One","floor":16},{"not_picked":["Barrage+1","Cold Snap"],"picked":"Leap","floor":18},{"not_picked":["Leap","Beam Cell+1"],"picked":"Go for the Eyes+1","floor":19},{"not_picked":["Scrape","Static Discharge"],"picked":"Leap","floor":22},{"not_picked":["Auto Shields","Fusion"],"picked":"Self Repair+1","floor":24},{"not_picked":["Cold Snap","Doom and Gloom"],"picked":"Rebound+1","floor":29}],"player_experience":5890408,"relics_obtained":[{"floor":7,"key":"Boot"},{"floor":9,"key":"Regal Pillow"},{"floor":24,"key":"Tiny Chest"},{"floor":26,"key":"Mummified Hand"}],"event_choices":[{"cards_removed":["Strike_B"],"damage_healed":0,"gold_gain":0,"player_choice":"Card Removal","damage_taken":0,"max_hp_gain":0,"max_hp_loss":0,"event_name":"The Cleric","floor":13,"gold_loss":50},{"damage_healed":26,"gold_gain":0,"player_choice":"Heal","damage_taken":0,"max_hp_gain":0,"max_hp_loss":0,"event_name":"The Library","floor":20,"gold_loss":0},{"damage_healed":0,"gold_gain":0,"cards_transformed":["Strike_B","Strike_B"],"player_choice":"Became Test Subject","damage_taken":0,"max_hp_gain":0,"max_hp_loss":0,"event_name":"Drug Dealer","floor":21,"gold_loss":0,"cards_obtained":["Cold Snap","Darkness"]},{"damage_healed":0,"gold_gain":0,"player_choice":"Became a Ghost","damage_taken":0,"max_hp_gain":0,"max_hp_loss":40,"event_name":"Ghosts","floor":25,"gold_loss":0,"cards_obtained":["Ghostly","Ghostly","Ghostly","Ghostly","Ghostly"]}],"is_beta":false,"boss_relics":[{"not_picked":["Snecko Eye","Philosopher\u0027s Stone"],"picked":"SlaversCollar"}],"items_purged_floors":[27],"is_endless":false,"potions_floor_spawned":[1,4,5,10,16,24,29],"killed_by":"Gremlin Leader","ascension_level":8}}