{"host":"och2iitg9ibgz06n","time":1611219485,"event":{"mods":["Abigail Mod","AchievementEnabler","Aspiration","BaseMod","Colored Powertips","Dio Mod","Hubris","Hyrulean Relics","Infinite Spire","Minty Spire (QoL Compilation)","Replay The Spire","Small Relic Pack","StSLib","The Animator","The Bug Knight","The Hierophant","The Jungle","The Saiyan","TheHero","Wandering Minibosses","everything is the same but u backflip on backflip","slay the spire mod where everything is the same but ironclad has a cowboy hat","vexMod"],"gold_per_floor":[118,218,234,244,1,1,42,42,42,60,106,135,150,500,500,619,619,644,644,661,621,639,639,639],"floor_reached":23,"language":"ENG","playtime":1005,"items_purged":[],"score":233,"play_id":"f72b09eb-5f49-4851-abcf-ebd575151378","local_time":"20210121025805","is_ascension_mode":true,"campfire_choices":[{"data":"animeID:Deku","floor":6,"key":"SMITH"},{"data":"animeID:ToruHagakure","floor":8,"key":"SMITH"},{"floor":15,"key":"REST"}],"circlet_count":0,"master_deck":["animeID:Deku+1","animeID:Bakugo","animeID:Smash","animeID:Smash","animeID:Smash","animeID:Smash","animeID:DefendMH","animeID:DefendMH+1","animeID:DefendMH","animeID:DefendMH","animeID:GentleCriminal","animeID:DelawareSmash","animeID:ToruHagakure+1","animeID:Stain","animeID:Iida","animeID:NightEye","animeID:PlusUltra","Delirium","hubris:Wrath","Injury","Injury","animeID:Shigaraki","Injury","AbbyMod:ForeheadBeam","animeID:ProminenceBurn","Trip+1","infinitespire:Collect","animeID:Uraraka","animeID:Deku","animeID:DelawareSmash"],"relics":["animeID:HeroCostume","Bottled Lightning","Bag of Preparation","hubris:SlimyHat","Ring of Greed","MealTicket","Ring of Misfortune","ReplayTheSpireMod:SealedPack","Nloth\u0027s Gift"],"acts_visited":["Exordium","TheCity"],"potions_floor_usage":[7,16],"damage_taken":[{"damage":0,"enemies":"Small Slimes","floor":1,"turns":3},{"damage":1,"enemies":"Cultist","floor":3,"turns":3},{"damage":8,"enemies":"2 Louse","floor":4,"turns":2},{"damage":15,"enemies":"Lagavulin","floor":7,"turns":6},{"damage":3,"enemies":"Exordium Thugs","floor":10,"turns":3},{"damage":54,"enemies":"HollowMod:MossKnight","floor":11,"turns":13},{"damage":8,"enemies":"2 Fungi Beasts","floor":12,"turns":5},{"damage":0,"enemies":"Gremlin Gang","floor":13,"turns":1},{"damage":50,"enemies":"Slime Boss","floor":16,"turns":14},{"damage":35,"enemies":"Shell Parasite","floor":18,"turns":6},{"damage":58,"enemies":"Spheric Guardian","floor":20,"turns":7},{"damage":25,"enemies":"Shelled Parasite and Fungi","floor":22,"turns":3},{"damage":30,"enemies":"Slavers","floor":23,"turns":2}],"seed_played":"-4053060135518930440","potions_obtained":[{"floor":1,"key":"PowerPotion"},{"floor":4,"key":"SpeedPotion"},{"floor":11,"key":"SteroidPotion"},{"floor":12,"key":"SkillPotion"},{"floor":16,"key":"EssenceOfSteel"}],"is_trial":false,"path_per_floor":["M","?","M","M","$","R","E","R","T","M","E","M","M","?","R","B",null,"M","?","M","?","M","E"],"character_chosen":"THE_HERO","items_purchased":["Bottled Lightning"],"campfire_rested":1,"item_purchase_floors":[5],"current_hp_per_floor":[82,82,81,74,74,74,63,63,63,64,49,45,47,47,71,47,82,76,76,27,27,6,0,0],"gold":639,"neow_bonus":"TEN_PERCENT_HP_BONUS","is_daily":false,"chose_seed":false,"campfire_upgraded":2,"win_rate":0.0,"timestamp":1611219485,"path_taken":["M","?","M","M","$","R","E","R","T","?","E","M","M","?","R","BOSS","M","?","?","?","?","E"],"items_purchased_type":["Relic"],"build_version":"2020-12-22","purchased_purges":0,"victory":false,"max_hp_per_floor":[82,82,82,82,82,82,82,82,82,82,82,82,82,82,82,82,82,82,82,82,82,82,82,82],"card_choices":[{"not_picked":["animeID:Mezo","animeID:Bakugo"],"picked":"animeID:GentleCriminal","floor":1},{"not_picked":["animeID:Kirishima","animeID:Bakugo"],"picked":"animeID:DelawareSmash","floor":3},{"not_picked":["animeID:Crystallize","animeID:Aoyama","animeID:Mina"],"picked":"SKIP","floor":4},{"not_picked":["animeID:Dabi","animeID:Rappa"],"picked":"animeID:ToruHagakure","floor":7},{"not_picked":["animeID:Momo","animeID:Mezo"],"picked":"animeID:Stain","floor":10},{"not_picked":["animeID:MtLady","animeID:Momo"],"picked":"animeID:Iida","floor":11},{"not_picked":["animeID:Dabi","animeID:Momo"],"picked":"animeID:NightEye","floor":12},{"not_picked":["animeID:Kirishima","animeID:ShootStyle"],"picked":"animeID:PlusUltra","floor":13},{"not_picked":["animeID:AllForOne","animeID:Eri"],"picked":"animeID:Shigaraki","floor":16},{"not_picked":["HollowMod:FocusHealStart","Survivor"],"picked":"AbbyMod:ForeheadBeam","floor":17},{"not_picked":["animeID:Chisaki","animeID:AllForOne"],"picked":"animeID:ProminenceBurn","floor":17},{"not_picked":["ReplayTheSpireMod:Uncanny Aura","vexMod:EmailVexCard"],"picked":"Trip","floor":17},{"not_picked":["hubris:Fate","ReplayTheSpireMod:Echoes of Time"],"picked":"infinitespire:Collect","floor":17},{"not_picked":["animeID:MtLady","animeID:DetroitSmash+1"],"picked":"animeID:Uraraka","floor":18},{"not_picked":["animeID:Hawks","animeID:Cementoss"],"picked":"animeID:Deku","floor":20},{"not_picked":["animeID:Bakugo","animeID:SkinnyGum+1"],"picked":"animeID:DelawareSmash","floor":22}],"player_experience":429420,"relics_obtained":[{"floor":7,"key":"Bag of Preparation"},{"floor":11,"key":"hubris:SlimyHat"},{"floor":14,"key":"Ring of Greed"},{"floor":14,"key":"Old Coin"},{"floor":14,"key":"MealTicket"},{"floor":14,"key":"Ring of Misfortune"}],"event_choices":[{"damage_healed":0,"gold_gain":100,"player_choice":"Pray","damage_taken":0,"max_hp_gain":0,"max_hp_loss":0,"event_name":"Golden Shrine","floor":2,"gold_loss":0},{"damage_healed":0,"gold_gain":0,"player_choice":"Traded Relic","damage_taken":0,"relics_obtained":["Nloth\u0027s Gift"],"max_hp_gain":0,"max_hp_loss":0,"event_name":"N\u0027loth","floor":19,"relics_lost":["Old Coin"],"gold_loss":0},{"damage_healed":0,"gold_gain":0,"player_choice":"Upgraded Two","damage_taken":0,"max_hp_gain":0,"max_hp_loss":0,"event_name":"Designer","floor":21,"gold_loss":40,"cards_upgraded":["animeID:DefendMH","Trip"]}],"is_beta":false,"boss_relics":[{"not_picked":["Replay:Grab Bag","Busted Crown"],"picked":"ReplayTheSpireMod:SealedPack"}],"items_purged_floors":[],"is_endless":false,"potions_floor_spawned":[1,4,11,12,16],"killed_by":"Slavers","ascension_level":3}}