{"host":"shb6fs4xkmgx64v4","time":1611195029,"event":{"mods":["AchievementEnabler","BaseMod","Colored Map","Downfall","Minty Spire (QoL Compilation)","StSLib"],"gold_per_floor":[99,99,99,24,24,24,24,24,38,38,56,56,56,41,60,161,161,61,71,71,42,60,94,119,19,57,57,57,57,80,180,198,306,306,206,230,258,286,30,30,30,42,57,57,57,73,73,92,114,114,114,145,56,56,56,56],"floor_reached":57,"language":"ENG","playtime":5514,"items_purged":["hexamod:Strike","hexamod:Strike"],"score":1155,"play_id":"e9e62213-613e-46a7-a6d4-1984c8e5971f","local_time":"20210120211029","is_ascension_mode":false,"campfire_choices":[{"floor":1,"key":"RECALL"},{"data":"hexamod:Rewind","floor":6,"key":"SMITH"},{"data":"hexamod:Sear","floor":8,"key":"SMITH"},{"floor":13,"key":"REST"},{"data":"hexamod:HexaLevel","floor":18,"key":"SMITH"},{"floor":25,"key":"REST"},{"floor":29,"key":"REST"},{"floor":35,"key":"REST"},{"floor":44,"key":"REST"},{"floor":54,"key":"REST"}],"circlet_count":0,"master_deck":["hexamod:Strike","hexamod:Strike","hexamod:Defend","hexamod:Defend","hexamod:Defend","hexamod:Sear+1","hexamod:Float","hexamod:Firestarter","hexamod:RainOfEmbers","hexamod:Rewind+1","hexamod:UnleashSpirits","hexamod:FirstSeal","hexamod:FlamesFromBeyond","hexamod:EtherealExpedition","hexamod:ParanormalForm","hexamod:HexaLevel+1","hexamod:FastForward","hexamod:BacktrackSmack+1","hexamod:EmpoweredFlame","hexamod:SwordOfDarkness+1","hexamod:Hexaguard","hexamod:ForkedFlame","hexamod:AdvancingGuard+1","hexamod:FlamesFromBeyond","hexamod:FlamesFromBeyond+1","expansioncontent:StudyTheSpire","hexamod:PowerFromBeyond","expansioncontent:AwakenDeath"],"relics":["hexamod:SpiritBrand","downfall:HeartsMalice","Dead Branch","Vajra","downfall:ShatteredFragment","Busted Crown","downfall:HeartBlessingRed","Enchiridion","Bronze Scales","Frozen Eye","CeramicFish","downfall:HeartBlessingBlue","Nunchaku","TungstenRod","Bottled Flame","Fusion Hammer","downfall:HeartBlessingGreen","HornCleat","Bag of Marbles","PreservedInsect"],"acts_visited":["Exordium","TheCity","TheBeyond","TheEnding"],"potions_floor_usage":[14,21,26,55,56],"damage_taken":[{"damage":0,"enemies":"Jaw Worm","floor":2,"turns":1},{"damage":0,"enemies":"Cultist","floor":3,"turns":1},{"damage":0,"enemies":"downfall:FleeingMerchant","floor":4,"turns":1},{"damage":10,"enemies":"Small Slimes","floor":9,"turns":3},{"damage":17,"enemies":"Exordium Wildlife","floor":11,"turns":4},{"damage":0,"enemies":"downfall:FleeingMerchant","floor":14,"turns":4},{"damage":6,"enemies":"Blue Slaver","floor":15,"turns":3},{"damage":23,"enemies":"SI_SHIV_ARCHETYPE","floor":16,"turns":7},{"damage":0,"enemies":"Spheric Guardian","floor":19,"turns":3},{"damage":0,"enemies":"downfall:FleeingMerchant","floor":21,"turns":4},{"damage":0,"enemies":"3 Byrds","floor":22,"turns":3},{"damage":30,"enemies":"Slavers","floor":23,"turns":5},{"damage":49,"enemies":"Gremlin Leader","floor":26,"turns":6},{"damage":18,"enemies":"Snake Plant","floor":30,"turns":4},{"damage":0,"enemies":"DF_ARCHETYPE_STREAMLINE","floor":31,"turns":4},{"damage":6,"enemies":"3 Cultists","floor":32,"turns":3},{"damage":6,"enemies":"WA_ARCHETYPE_CALM","floor":33,"turns":5},{"damage":6,"enemies":"3 Shapes","floor":36,"turns":4},{"damage":0,"enemies":"3 Darklings","floor":37,"turns":3},{"damage":10,"enemies":"Spire Growth","floor":38,"turns":4},{"damage":0,"enemies":"Maw","floor":42,"turns":3},{"damage":0,"enemies":"Jaw Worm Horde","floor":43,"turns":3},{"damage":0,"enemies":"Transient","floor":46,"turns":5},{"damage":16,"enemies":"Writhing Mass","floor":48,"turns":4},{"damage":0,"enemies":"Maw","floor":49,"turns":4},{"damage":17,"enemies":"IC_BLOCK_ARCHETYPE","floor":50,"turns":7},{"damage":51,"enemies":"downfall:CharBossMerchant","floor":52,"turns":6},{"damage":0,"enemies":"downfall:NeowBoss","floor":55,"turns":14},{"damage":157,"enemies":"downfall:NeowBossFinal","floor":56,"turns":9}],"seed_played":"-3313014215267541721","potions_obtained":[{"floor":9,"key":"SneckoOil"},{"floor":11,"key":"Block Potion"},{"floor":15,"key":"sneckomod:MuddlingPotion"},{"floor":16,"key":"Explosive Potion"},{"floor":22,"key":"SmokeBomb"},{"floor":26,"key":"AttackPotion"},{"floor":31,"key":"Strength Potion"}],"is_trial":false,"path_per_floor":["R","M","M","$","?","R","T","R","M","?","M","?","R","$","M","B",null,"R","M","?","$","M","E","T","R","E","?","?","R","M","?","M","B",null,"R","M","M","M","$","?","T","M","M","R","?","M","?","M","M","B",null,"E","$","R","B","B",null],"character_chosen":"THE_SPIRIT","items_purchased":["Bronze Scales","Frozen Eye","hexamod:EmpoweredFlame","expansioncontent:StudyTheSpire","expansioncontent:AwakenDeath"],"campfire_rested":6,"item_purchase_floors":[21,21,21,39,53],"current_hp_per_floor":[70,70,70,70,70,70,70,70,60,53,43,22,43,50,51,35,70,70,70,54,61,68,45,45,79,37,37,37,61,50,57,58,52,80,80,80,80,77,77,77,77,77,80,80,80,80,80,71,78,61,80,36,36,60,60,60],"gold":56,"neow_bonus":"THREE_ENEMY_KILL","is_daily":false,"chose_seed":false,"campfire_upgraded":3,"win_rate":0.0,"timestamp":1611195029,"path_taken":["R","M","M","$","?","R","T","R","?","?","M","?","R","?","M","BOSS","R","M","?","$","M","E","T","R","E","?","?","R","?","?","M","BOSS","R","M","M","M","$","?","T","M","M","R","?","M","?","?","M","BOSS","E","$","R","BOSS","BOSS"],"items_purchased_type":["Relic","Relic","Card","Card","Card"],"build_version":"2020-12-22","purchased_purges":2,"victory":true,"max_hp_per_floor":[70,70,70,70,70,70,70,70,70,70,70,70,70,70,70,70,70,70,70,70,70,70,70,70,80,80,80,80,80,80,80,80,80,80,80,80,80,80,80,80,80,80,80,80,80,80,80,80,80,80,80,80,80,80,80,80],"card_choices":[{"not_picked":["hexamod:NightmareGuise","hexamod:PowerFromBeyond"],"picked":"hexamod:Firestarter","floor":2},{"not_picked":["hexamod:HauntingEcho","hexamod:SoulSteal"],"picked":"hexamod:RainOfEmbers","floor":3},{"not_picked":["hexamod:AdvancingGuard","hexamod:NightmareGuise"],"picked":"hexamod:Rewind","floor":4},{"not_picked":["hexamod:AdvancingGuard","hexamod:GhostLash"],"picked":"hexamod:FirstSeal","floor":9},{"not_picked":["hexamod:HauntingEcho","hexamod:PowerFromBeyond"],"picked":"hexamod:FlamesFromBeyond","floor":11},{"not_picked":["hexamod:SwordOfDarkness","hexamod:BurningTouch"],"picked":"hexamod:EtherealExpedition","floor":14},{"not_picked":["hexamod:Hexaguard","hexamod:SpectersWail"],"picked":"hexamod:ParanormalForm","floor":15},{"not_picked":["hexamod:UnleashSpirits","hexamod:GhostOfSpirePresent"],"picked":"hexamod:HexaLevel","floor":16},{"not_picked":[],"picked":"hexamod:FastForward","floor":19},{"not_picked":[],"picked":"hexamod:BacktrackSmack+1","floor":21},{"not_picked":["hexamod:Firestarter"],"picked":"SKIP","floor":22},{"not_picked":["hexamod:HeatMetal"],"picked":"SKIP","floor":23},{"not_picked":[],"picked":"hexamod:SwordOfDarkness+1","floor":26},{"not_picked":[],"picked":"hexamod:Hexaguard","floor":30},{"not_picked":["hexamod:SwordOfDarkness"],"picked":"SKIP","floor":32},{"not_picked":[],"picked":"hexamod:ForkedFlame","floor":33},{"not_picked":[],"picked":"hexamod:AdvancingGuard+1","floor":36},{"not_picked":[],"picked":"hexamod:FlamesFromBeyond","floor":37},{"not_picked":[],"picked":"hexamod:FlamesFromBeyond+1","floor":38},{"not_picked":["hexamod:ChargedBarrage"],"picked":"SKIP","floor":42},{"not_picked":["hexamod:FifthSeal"],"picked":"SKIP","floor":43},{"not_picked":["hexamod:SecondSeal"],"picked":"SKIP","floor":46},{"not_picked":["hexamod:ChargedBarrage"],"picked":"SKIP","floor":48},{"not_picked":[],"picked":"hexamod:PowerFromBeyond","floor":49},{"not_picked":["hexamod:FastForward"],"picked":"SKIP","floor":52}],"player_experience":227305,"relics_obtained":[{"floor":7,"key":"Dead Branch"},{"floor":20,"key":"Enchiridion"},{"floor":23,"key":"CeramicFish"},{"floor":26,"key":"Nunchaku"},{"floor":31,"key":"TungstenRod"},{"floor":31,"key":"Bottled Flame"},{"floor":40,"key":"HornCleat"},{"floor":41,"key":"Bag of Marbles"},{"floor":52,"key":"PreservedInsect"}],"event_choices":[{"damage_healed":0,"gold_gain":0,"player_choice":"Success","damage_taken":7,"relics_obtained":["Vajra"],"max_hp_gain":0,"max_hp_loss":0,"event_name":"Scrap Ooze","floor":10,"gold_loss":0},{"damage_healed":0,"gold_gain":0,"player_choice":"Ignored","damage_taken":0,"max_hp_gain":0,"max_hp_loss":0,"event_name":"Vampires","floor":28,"gold_loss":0},{"damage_healed":0,"gold_gain":0,"player_choice":"Ignored","damage_taken":0,"max_hp_gain":0,"max_hp_loss":0,"event_name":"NoteForYourself","floor":47,"gold_loss":0}],"is_beta":false,"boss_relics":[{"not_picked":["Runic Dome","Calling Bell"],"picked":"Busted Crown"},{"not_picked":["SacredBark","Runic Pyramid"],"picked":"Fusion Hammer"}],"items_purged_floors":[4,39],"is_endless":false,"potions_floor_spawned":[9,11,15,16,22,26,30,31,38,42,43,52],"ascension_level":0}}