{"host":"dpbezu80jg8zk7un","time":1611246166,"event":{"mods":["BaseMod","Colored Map","Colored Powertips","Custom Start","DeckTracker","Minty Spire (QoL Compilation)","Quick Restart","StSLib","SuperFastMode"],"gold_per_floor":[113,113,113,131,151,151,194,194,194,227,251,251,251,86,86,86,86],"floor_reached":16,"language":"KOR","playtime":514,"items_purged":["Defend_P"],"score":216,"play_id":"dbbdfbfa-53c8-46cc-9070-4404d1e4e27b","local_time":"20210122012246","is_ascension_mode":true,"campfire_choices":[{"data":"Eruption","floor":6.0,"key":"SMITH"},{"data":"Master of Strategy","floor":8,"key":"SMITH"},{"data":"InnerPeace","floor":12,"key":"SMITH"},{"data":"MentalFortress","floor":15,"key":"SMITH"}],"circlet_count":0,"master_deck":["AscendersBane","Strike_P","Strike_P","Strike_P","Strike_P","Defend_P","Defend_P","Defend_P","Eruption+1","Vigilance","Master of Strategy+1","InnerPeace+1","FearNoEvil","EmptyBody","MentalFortress+1"],"relics":["PureWater","Golden Idol","Incense Burner","Bird Faced Urn","TungstenRod"],"acts_visited":["Exordium"],"potions_floor_usage":[7,10,16],"damage_taken":[{"damage":0.0,"enemies":"Small Slimes","floor":1.0,"turns":2.0},{"damage":0.0,"enemies":"2 Louse","floor":4.0,"turns":3.0},{"damage":0.0,"enemies":"Cultist","floor":5.0,"turns":2.0},{"damage":20,"enemies":"3 Sentries","floor":7,"turns":10},{"damage":15,"enemies":"Lagavulin","floor":10,"turns":5},{"damage":0,"enemies":"2 Fungi Beasts","floor":11,"turns":2},{"damage":29,"enemies":"Hexaghost","floor":16,"turns":12}],"seed_played":"9106658522281611640","potions_obtained":[{"floor":1.0,"key":"SpeedPotion"},{"floor":4.0,"key":"EssenceOfSteel"},{"floor":11,"key":"Swift Potion"}],"is_trial":false,"path_per_floor":["M","?","?","M","M","R","E","R","T","E","M","R","?","$","R","B"],"character_chosen":"WATCHER","items_purchased":["MentalFortress"],"campfire_rested":0,"item_purchase_floors":[14],"current_hp_per_floor":[61,56,56,56,56,56,36,36,36,21,21,21,26,26,26,0,0],"gold":86,"neow_bonus":"RANDOM_COLORLESS_2","is_daily":false,"chose_seed":false,"campfire_upgraded":4,"win_rate":0.0,"timestamp":1611246166,"path_taken":["M","?","?","M","M","R","E","R","T","E","?","R","?","$","R","BOSS"],"items_purchased_type":["Card"],"build_version":"2020-12-22","purchased_purges":1,"victory":false,"max_hp_per_floor":[62,56,56,56,56,56,56,56,56,56,56,56,61,61,61,61,61],"card_choices":[{"not_picked":["Magnetism","The Bomb"],"picked":"Master of Strategy","floor":0.0},{"not_picked":["Fasting2","FlyingSleeves","SashWhip"],"picked":"SKIP","floor":1.0},{"not_picked":["CrushJoints","BowlingBash"],"picked":"InnerPeace","floor":4.0},{"not_picked":["Protect","SashWhip"],"picked":"FearNoEvil","floor":5.0},{"not_picked":["Crescendo","Collect"],"picked":"EmptyBody","floor":7},{"not_picked":["Weave","CutThroughFate","Prostrate"],"picked":"SKIP","floor":10},{"not_picked":["Evaluate","FearNoEvil","JustLucky"],"picked":"SKIP","floor":11}],"player_experience":2909680,"relics_obtained":[{"floor":7,"key":"Incense Burner"},{"floor":9,"key":"Bird Faced Urn"},{"floor":10,"key":"TungstenRod"}],"event_choices":[{"damage_healed":0.0,"max_hp_gain":0.0,"max_hp_loss":6.0,"gold_gain":0.0,"event_name":"Golden Idol","player_choice":"Lose Max HP","floor":2.0,"gold_loss":0.0,"damage_taken":0.0,"relics_obtained":["Golden Idol"]},{"damage_healed":0.0,"max_hp_gain":0.0,"max_hp_loss":0.0,"gold_gain":0.0,"event_name":"Match and Keep!","player_choice":"0 cards matched","floor":3.0,"gold_loss":0.0,"damage_taken":0.0,"cards_obtained":[]},{"damage_healed":0,"gold_gain":0,"player_choice":"Donut","damage_taken":0,"max_hp_gain":5,"max_hp_loss":0,"event_name":"Big Fish","floor":13,"gold_loss":0}],"is_beta":false,"boss_relics":[],"items_purged_floors":[14],"is_endless":false,"potions_floor_spawned":[1,4,11],"killed_by":"Hexaghost","ascension_level":20}}