{"host":"gk9qdtkqd8dwfeg2","time":1611209473,"event":{"mods":["Act Like it!","Aspiration","BaseMod","Colored Powertips","KomeijiMod","Minty Spire (QoL Compilation)","Quick Restart","Replay The Spire","Shop Mod","StSLib","TestMod","The Gatherer","The Servant 0.9.4","Waifu the Spire","WarShipGirlsR/战舰少女R mod","Yuri Mod","【遗物卡牌】REMEMod"],"gold_per_floor":[117,117,137,153,169,194,194,208,277,303,322,0,16,29,29,106,106,119,132,82,99,27,60,60,91,91,126,126,138,138,158,158,264,264,274,297,307,307,317,317,331,361,386,413,413,432,432,443,443,443,443,443,443,62,97,97],"floor_reached":57,"language":"ZHS","playtime":2539,"items_purged":["ReplayTheSpireMod:Limb From Limb+1"],"score":2551,"play_id":"9f454117-53b8-4a9b-9d1c-a5fc8750a7bf","local_time":"20210121141113","is_ascension_mode":true,"campfire_choices":[{"data":"Bludgeon","floor":7.0,"key":"SMITH"},{"data":"REME_Scribble","floor":15.0,"key":"SMITH"},{"data":"Berserk","floor":24.0,"key":"SMITH"},{"floor":28.0,"key":"REST"},{"data":"ReplayTheSpireMod:LeadingStrike","floor":32.0,"key":"SMITH"},{"data":"Dark Embrace","floor":40.0,"key":"SMITH"},{"floor":45.0,"key":"RECALL"},{"floor":47.0,"key":"REST"},{"data":"Body Slam","floor":49.0,"key":"SMITH"},{"data":"Power Through","floor":53.0,"key":"SMITH"}],"circlet_count":0,"master_deck":["AscendersBane","Panache+1","Bludgeon+1","Dual Wield+1","Shockwave","Second Wind","Shrug It Off","REME_Scribble+1","Berserk+1","Feed+1","Body Slam+1","Offering","Offering","Impervious+1","Dark Embrace+1","REME_Scribble+1","Bloodletting","Power Through+1","Seeing Red+1","Shrug It Off+1","testmod-Arrangement+1","Pot Of Greed","Pot Of Greed"],"relics":["Burning Blood","testmod-TestBox","REME_ComplimentaryCards","testmod-Temperance","WarpedTongs","Replay:Bottled Snecko","MerchantsRug","Bag of Preparation","Sundial","ReplayFunnel","Golden Egg","Blood Vial","Black Star","Pet Ghost","Lantern","Anchor","Nunchaku","Happy Flower","ReplayTheSpireMod:Lightbulb","Grinning Jar"],"acts_visited":["Exordium","TheCity","TheBeyond","TheEnding"],"potions_floor_usage":[56,56],"damage_taken":[{"damage":7.0,"enemies":"2 Louse","floor":1.0,"turns":3.0},{"damage":4.0,"enemies":"Cultist","floor":3.0,"turns":3.0},{"damage":2.0,"enemies":"Small Slimes","floor":4.0,"turns":3.0},{"damage":9.0,"enemies":"Red Slaver","floor":5.0,"turns":2.0},{"damage":55.0,"enemies":"3 Sentries","floor":6.0,"turns":7.0},{"damage":7.0,"enemies":"Large Slime","floor":8.0,"turns":3.0},{"damage":6.0,"enemies":"Replay:BlueRogue","floor":10.0,"turns":4.0},{"damage":0.0,"enemies":"Looter","floor":11.0,"turns":2.0},{"damage":17.0,"enemies":"Gremlin Gang","floor":13.0,"turns":5.0},{"damage":0.0,"enemies":"2 Fungi Beasts","floor":14.0,"turns":3.0},{"damage":6.0,"enemies":"Hexaghost","floor":16.0,"turns":5.0},{"damage":12.0,"enemies":"2 Thieves","floor":18.0,"turns":3.0},{"damage":3.0,"enemies":"Chosen","floor":19.0,"turns":4.0},{"damage":0.0,"enemies":"Shelled Parasite and Fungi","floor":21.0,"turns":1.0},{"damage":35.0,"enemies":"Replay:Snechameleon","floor":23.0,"turns":5.0},{"damage":33.0,"enemies":"REME_1_Revenger","floor":25.0,"turns":4.0},{"damage":15.0,"enemies":"Gremlin Leader","floor":27.0,"turns":3.0},{"damage":15.0,"enemies":"Snake Plant","floor":29.0,"turns":2.0},{"damage":15.0,"enemies":"Sentry and Sphere","floor":31.0,"turns":3.0},{"damage":33.0,"enemies":"Automaton","floor":33.0,"turns":6.0},{"damage":35.0,"enemies":"3 Shapes","floor":35.0,"turns":7.0},{"damage":20.0,"enemies":"Orb Walker","floor":37.0,"turns":2.0},{"damage":33.0,"enemies":"Sphere and 2 Shapes","floor":39.0,"turns":4.0},{"damage":18.0,"enemies":"Maw","floor":41.0,"turns":3.0},{"damage":18.0,"enemies":"Reptomancer","floor":42.0,"turns":2.0},{"damage":22.0,"enemies":"Nemesis","floor":44.0,"turns":3.0},{"damage":21.0,"enemies":"Writhing Mass","floor":46.0,"turns":1.0},{"damage":15.0,"enemies":"Jaw Worm Horde","floor":48.0,"turns":3.0},{"damage":24.0,"enemies":"Replay:Hell Engine","floor":50.0,"turns":5.0},{"damage":34.0,"enemies":"Time Eater","floor":51.0,"turns":5.0},{"damage":24.0,"enemies":"Shield and Spear","floor":55.0,"turns":3.0},{"damage":39,"enemies":"The Heart","floor":56,"turns":5}],"seed_played":"2051103548510962342","potions_obtained":[{"floor":4.0,"key":"BloodPotion"},{"floor":5.0,"key":"ElixirPotion"},{"floor":8.0,"key":"Strength Potion"},{"floor":10.0,"key":"SkillPotion"},{"floor":13.0,"key":"Energy Potion"},{"floor":19.0,"key":"PowerPotion"},{"floor":27.0,"key":"Strength Potion"},{"floor":29.0,"key":"REME_GoldPotion"},{"floor":33.0,"key":"SmokeBomb"},{"floor":35.0,"key":"Elixir"},{"floor":37.0,"key":"Adrenaline Potion"},{"floor":42.0,"key":"ElixirPotion"}],"is_trial":false,"path_per_floor":["M","?","M","M","M","E","R","M","T","E","M","$","M","M","R","B",null,"M","M","?","M","$","E","R","E","T","E","R","M","$","M","R","B",null,"M","T","M","?","M","R","M","E","T","E","R","M","R","M","R","B","B",null,"R","$","E","B",null],"character_chosen":"IRONCLAD","items_purchased":["MerchantsRug","Bag of Preparation","Offering","testmod-Arrangement","Happy Flower","PowerPotion"],"campfire_rested":2,"item_purchase_floors":[12,12,22,54,54,54],"current_hp_per_floor":[49,49,51,55,52,18,18,17,17,17,23,23,12,18,18,21,64,65,75,75,81,81,59,59,39,39,33,65,61,61,61,61,43,105,89,89,84,84,77,77,77,77,77,69,69,68,128,131,131,125,105,196,196,196,194,169],"gold":97,"neow_bonus":"TRANSFORM_TWO_CARDS","is_daily":false,"chose_seed":false,"campfire_upgraded":7,"win_rate":0.0,"timestamp":1611209473,"path_taken":["M","?","M","?","?","E","R","M","T","E","M","$","M","M","R","BOSS","M","M","?","M","?","E","R","E","T","E","R","M","$","M","R","BOSS","M","?","?","?","M","R","?","E","T","E","R","M","R","M","R","BOSS","BOSS","R","$","E","BOSS"],"items_purchased_type":["Relic","Relic","Card","Card","Relic","Potion"],"build_version":"2020-12-22","purchased_purges":1,"victory":true,"max_hp_per_floor":[75,75,75,75,75,75,75,75,75,75,75,75,75,75,75,78,78,85,92,92,92,92,99,99,106,106,109,109,112,112,119,119,126,126,137,137,144,144,162,162,172,182,182,188,188,200,200,210,210,220,226,226,226,226,240,246],"card_choices":[{"not_picked":["Run Through","Flex"],"picked":"Rampage","floor":1.0},{"not_picked":["Havoc","Iron Wave","Clash"],"picked":"SKIP","floor":3.0},{"not_picked":["Evolve","Wild Strike"],"picked":"Shockwave","floor":4.0},{"not_picked":["Cleave","Perfected Strike"],"picked":"Second Wind","floor":5.0},{"not_picked":["Eclipse","Shockwave"],"picked":"Shrug It Off","floor":6.0},{"not_picked":["Sword Boomerang","Spot Weakness","Wild Strike"],"picked":"SKIP","floor":8.0},{"not_picked":["Warcry","Massacre","Heavy Blade"],"picked":"SKIP","floor":10.0},{"not_picked":["Ghostly Armor","ReplayTheSpireMod:Muscle Training","Flex"],"picked":"SKIP","floor":11.0},{"not_picked":["Dropkick","Havoc","Wild Strike"],"picked":"SKIP","floor":13.0},{"not_picked":["Clash","Anger"],"picked":"REME_Scribble","floor":14.0},{"not_picked":["REME_ACTH","REME_Fury"],"picked":"Berserk","floor":16.0},{"not_picked":["Iron Wave","Cleave","Spot Weakness"],"picked":"SKIP","floor":18.0},{"not_picked":["Heavy Blade+1","Havoc"],"picked":"ReplayTheSpireMod:LeadingStrike","floor":19.0},{"not_picked":["Anger","Shrug It Off"],"picked":"Body Slam","floor":21.0},{"not_picked":["Combust","ReplayTheSpireMod:Stacked","Exhume"],"picked":"SKIP","floor":23.0},{"not_picked":["Havoc","Shrug It Off"],"picked":"Offering","floor":25.0},{"not_picked":["Thunderclap","True Grit","Twin Strike"],"picked":"SKIP","floor":27.0},{"not_picked":["Spot Weakness","Sword Boomerang","Armaments"],"picked":"SKIP","floor":29.0},{"not_picked":["Pommel Strike","Havoc","True Grit"],"picked":"SKIP","floor":31.0},{"not_picked":["Replay:Many Hands","Fiend Fire"],"picked":"Impervious","floor":33.0},{"not_picked":["Fire Breathing","Thunderclap","Pummel+1"],"picked":"SKIP","floor":35.0},{"not_picked":["Pommel Strike","Wild Strike"],"picked":"Dark Embrace","floor":37.0},{"not_picked":["Replay:Undeath\u0027s Touch","Rage","Run Through"],"picked":"SKIP","floor":39.0},{"not_picked":["Iron Wave","Second Wind"],"picked":"Bloodletting","floor":41.0},{"not_picked":["Replay:Undeath\u0027s Touch","Flame Barrier"],"picked":"Power Through","floor":42.0},{"not_picked":["Anger","Berserk"],"picked":"Seeing Red+1","floor":44.0},{"not_picked":["Sword Boomerang+1","Wild Strike","ReplayTheSpireMod:Corrosion Curse"],"picked":"Singing Bowl","floor":46.0},{"not_picked":["Wild Strike","Cleave"],"picked":"Shrug It Off+1","floor":48.0},{"not_picked":["Pommel Strike","Perfected Strike","Run Through"],"picked":"SKIP","floor":55.0}],"player_experience":668845,"relics_obtained":[{"floor":6.0,"key":"Replay:Bottled Snecko"},{"floor":10.0,"key":"aspiration:FrozenJewel"},{"floor":23.0,"key":"Sundial"},{"floor":25.0,"key":"ReplayFunnel"},{"floor":26.0,"key":"Golden Egg"},{"floor":27.0,"key":"Blood Vial"},{"floor":36.0,"key":"Pet Ghost"},{"floor":42.0,"key":"Lantern"},{"floor":42.0,"key":"Anchor"},{"floor":43.0,"key":"Nunchaku"},{"floor":44.0,"key":"Akabeko"},{"floor":44.0,"key":"Singing Bowl"},{"floor":55.0,"key":"ReplayTheSpireMod:Lightbulb"},{"floor":55.0,"key":"Grinning Jar"}],"event_choices":[{"damage_healed":0.0,"max_hp_gain":0.0,"max_hp_loss":0.0,"gold_gain":0.0,"event_name":"Accursed Blacksmith","player_choice":"Rummage","floor":2.0,"gold_loss":0.0,"damage_taken":0.0,"relics_obtained":["WarpedTongs"],"cards_obtained":["Pain"]},{"damage_healed":0.0,"max_hp_gain":0.0,"max_hp_loss":0.0,"gold_gain":0.0,"event_name":"Designer","player_choice":"Upgraded Two","floor":20.0,"gold_loss":50.0,"damage_taken":0.0,"cards_upgraded":["Dual Wield","Panache"]},{"damage_healed":0.0,"max_hp_gain":0.0,"max_hp_loss":0.0,"gold_gain":0.0,"event_name":"Duplicator","player_choice":"Copied","floor":38.0,"gold_loss":0.0,"damage_taken":0.0,"cards_obtained":["REME_Scribble"]}],"is_beta":false,"boss_relics":[{"not_picked":["Ring of Chaos","testmod-StringDisintegrator"],"picked":"Astrolabe"},{"not_picked":["aspiration:RandomNobGenerator","Cursed Key"],"picked":"Black Star"}],"items_purged_floors":[54],"is_endless":false,"potions_floor_spawned":[4,5,8,10,13,18,19,27,29,33,35,37,42,44],"ascension_level":20}}