{"host":"7gewg82ormp6yt4e","time":1611242862,"event":{"mods":["BaseMod","Block Reminder","Colored Map","Colored Powertips","DeckTracker","Highlight Path","Minty Spire (QoL Compilation)","Relic Stats","StSLib","ojb\u0027s Info Mod"],"gold_per_floor":[117,134,134,134,154,181,200,200,255,255,282,247,272,318,318,394,394,404,417,417,10,21,21,71,71,71,97,116,31,63,79,79,156,156,170,170,170,170,181,181,212,212,237,237,88,108,108,122,122,122,122,122,122,11,11,11],"floor_reached":55,"language":"JPN","playtime":3290,"items_purged":["Strike_B"],"score":1852,"play_id":"917e7599-5722-4ce7-83c7-f4f500cdea41","local_time":"20210122002742","is_ascension_mode":true,"campfire_choices":[{"data":"Doom and Gloom","floor":8,"key":"SMITH"},{"data":"Ball Lightning","floor":10,"key":"SMITH"},{"data":"Coolheaded","floor":15,"key":"SMITH"},{"floor":23,"key":"REST"},{"floor":25,"key":"REST"},{"floor":32,"key":"REST"},{"floor":40,"key":"REST"},{"floor":42,"key":"REST"},{"floor":47,"key":"RECALL"},{"floor":49,"key":"REST"},{"floor":53,"key":"REST"}],"circlet_count":0,"master_deck":["AscendersBane","Strike_B","Strike_B","Strike_B","Defend_B","Defend_B","Defend_B","Defend_B","Zap","Dualcast","Doom and Gloom+1","Ball Lightning+1","Cold Snap","Glacier","Coolheaded+1","Hyperbeam","Compile Driver+1","Doom and Gloom+1","Defragment","Apotheosis","Capacitor","Loop","Capacitor+1","Reinforced Body","Recycle","Loop","Biased Cognition","Rainbow","Seek","Redo+1"],"relics":["Cracked Core","Ornamental Fan","Oddly Smooth Stone","Lantern","Nunchaku","Orichalcum","Velvet Choker","Strange Spoon","Anchor","Pantograph","Torii","Pear","Fusion Hammer","MealTicket","Bag of Marbles"],"acts_visited":["Exordium","TheCity","TheBeyond","TheEnding"],"potions_floor_usage":[6,18,27,31,33,41,46,50],"damage_taken":[{"damage":2,"enemies":"Jaw Worm","floor":1,"turns":3},{"damage":1,"enemies":"Small Slimes","floor":2,"turns":4},{"damage":0,"enemies":"2 Louse","floor":5,"turns":1},{"damage":15,"enemies":"3 Sentries","floor":6,"turns":4},{"damage":0,"enemies":"Looter","floor":7,"turns":2},{"damage":9,"enemies":"Gremlin Nob","floor":11,"turns":3},{"damage":6,"enemies":"Lagavulin","floor":13,"turns":5},{"damage":25,"enemies":"The Guardian","floor":16,"turns":11},{"damage":0,"enemies":"Spheric Guardian","floor":18,"turns":3},{"damage":12,"enemies":"Shell Parasite","floor":19,"turns":10},{"damage":43,"enemies":"Shelled Parasite and Fungi","floor":22,"turns":5},{"damage":28,"enemies":"Book of Stabbing","floor":27,"turns":4},{"damage":5,"enemies":"Snake Plant","floor":28,"turns":6},{"damage":25,"enemies":"Slavers","floor":30,"turns":4},{"damage":25,"enemies":"Chosen and Byrds","floor":31,"turns":6},{"damage":2,"enemies":"Champ","floor":33,"turns":20},{"damage":10,"enemies":"3 Shapes","floor":35,"turns":6},{"damage":8,"enemies":"3 Darklings","floor":39,"turns":5},{"damage":36,"enemies":"Giant Head","floor":41,"turns":8},{"damage":2,"enemies":"4 Shapes","floor":46,"turns":5},{"damage":32,"enemies":"Jaw Worm Horde","floor":48,"turns":5},{"damage":76,"enemies":"Awakened One","floor":50,"turns":18},{"damage":43,"enemies":"Time Eater","floor":51,"turns":17},{"damage":117,"enemies":"Shield and Spear","floor":55,"turns":6}],"seed_played":"-8734234881164288868","potions_obtained":[{"floor":0,"key":"FairyPotion"},{"floor":0,"key":"EntropicBrew"},{"floor":1,"key":"DuplicationPotion"},{"floor":6,"key":"Block Potion"},{"floor":11,"key":"Fire Potion"},{"floor":19,"key":"FocusPotion"},{"floor":30,"key":"AttackPotion"},{"floor":31,"key":"Swift Potion"},{"floor":39,"key":"Ancient Potion"},{"floor":41,"key":"Fire Potion"},{"floor":48,"key":"EntropicBrew"}],"is_trial":false,"path_per_floor":["M","M","?","?","M","E","M","R","T","R","E","?","E","T","R","B",null,"M","M","?","$","M","R","?","R","T","E","M","?","E","M","R","B",null,"M","?","?","?","M","R","E","R","T","?","$","M","R","M","R","B","B",null,"R","$","E"],"character_chosen":"DEFECT","items_purchased":["Apotheosis","Strange Spoon","Capacitor","Seek","FairyPotion"],"campfire_rested":7,"item_purchase_floors":[21,21,21,45,54],"current_hp_per_floor":[62,61,61,66,66,51,51,51,51,51,42,61,55,55,55,30,65,65,53,53,53,10,32,32,54,54,26,21,21,31,6,31,54,78,68,68,68,68,60,82,46,70,70,70,82,80,80,48,72,6,24,68,82,82,0,0],"gold":11,"neow_bonus":"THREE_SMALL_POTIONS","is_daily":false,"chose_seed":false,"campfire_upgraded":3,"win_rate":0.0,"timestamp":1611242862,"path_taken":["M","M","?","?","M","E","M","R","T","R","E","?","E","?","R","BOSS","M","?","?","$","M","R","?","R","T","E","M","?","E","M","R","BOSS","M","?","?","?","M","R","E","R","T","?","$","?","R","M","R","BOSS","BOSS","R","$","E"],"items_purchased_type":["Card","Relic","Card","Card","Potion"],"build_version":"2020-12-22","purchased_purges":1,"victory":false,"max_hp_per_floor":[71,71,71,76,76,76,76,76,76,76,76,76,76,76,76,76,76,76,76,76,76,76,76,76,76,76,76,76,76,86,86,86,86,86,86,86,82,82,82,82,82,82,82,82,82,82,82,82,82,82,82,82,82,82,82,82],"relic_stats":{"Strange Spoon":[10],"Nunchaku":[14],"Torii":30,"counters":[24,159],"Ornamental Fan":[48],"Pantograph":60,"MealTicket":12,"Orichalcum":[108],"obtain_stats":[{"Lantern":11,"Pear":30,"Torii":29,"Oddly Smooth Stone":9,"Velvet Choker":17,"Orichalcum":14,"Strange Spoon":21,"Nunchaku":13,"Anchor":26,"Ornamental Fan":6,"Pantograph":27,"MealTicket":41,"Fusion Hammer":34,"Bag of Marbles":44,"Cracked Core":0},{"Lantern":6,"Pear":14,"Torii":13,"Oddly Smooth Stone":5,"Velvet Choker":8,"Orichalcum":7,"Strange Spoon":10,"Nunchaku":7,"Anchor":11,"Ornamental Fan":4,"Pantograph":12,"MealTicket":19,"Fusion Hammer":16,"Bag of Marbles":19,"Cracked Core":0},{"Lantern":17,"Pear":65,"Torii":61,"Oddly Smooth Stone":14,"Velvet Choker":33,"Orichalcum":22,"Strange Spoon":46,"Nunchaku":22,"Anchor":51,"Ornamental Fan":12,"Pantograph":55,"MealTicket":110,"Fusion Hammer":91,"Bag of Marbles":110,"Cracked Core":0}]},"card_choices":[{"not_picked":["Stack","Leap"],"picked":"BootSequence","floor":1},{"not_picked":["Buffer","Go for the Eyes"],"picked":"Doom and Gloom","floor":2},{"not_picked":["Stack","Turbo"],"picked":"Ball Lightning","floor":5},{"not_picked":["Gash","Leap"],"picked":"Cold Snap","floor":6},{"not_picked":["Go for the Eyes","Barrage"],"picked":"Glacier","floor":7},{"not_picked":["Sweeping Beam","Fusion","Darkness"],"picked":"SKIP","floor":11},{"not_picked":["Beam Cell","Sweeping Beam"],"picked":"Coolheaded","floor":13},{"not_picked":["Fission","Multi-Cast"],"picked":"Hyperbeam","floor":16},{"not_picked":["Beam Cell","Barrage"],"picked":"Compile Driver+1","floor":18},{"not_picked":["Hologram","Redo"],"picked":"Doom and Gloom+1","floor":19},{"not_picked":["Hologram","Streamline"],"picked":"Loop","floor":22},{"not_picked":["Barrage","FTL"],"picked":"Capacitor+1","floor":27},{"not_picked":["Cold Snap","Hyperbeam"],"picked":"Reinforced Body","floor":28},{"not_picked":["Sweeping Beam","Streamline+1"],"picked":"Recycle","floor":30},{"not_picked":["Storm","Aggregate"],"picked":"Loop","floor":31},{"not_picked":["Reboot","Electrodynamics"],"picked":"Biased Cognition","floor":33},{"not_picked":["Turbo+1","Streamline","Recycle"],"picked":"SKIP","floor":35},{"not_picked":["Doom and Gloom","Gash","Sunder"],"picked":"SKIP","floor":39},{"not_picked":["Static Discharge","Force Field"],"picked":"Rainbow","floor":41},{"not_picked":["Scrape","Stack"],"picked":"Redo+1","floor":46},{"not_picked":["Stack+1","Steam","Streamline"],"picked":"SKIP","floor":48}],"player_experience":2647866,"relics_obtained":[{"floor":6,"key":"Ornamental Fan"},{"floor":9,"key":"Oddly Smooth Stone"},{"floor":11,"key":"Lantern"},{"floor":13,"key":"Nunchaku"},{"floor":14,"key":"Orichalcum"},{"floor":26,"key":"Anchor"},{"floor":27,"key":"Pantograph"},{"floor":30,"key":"Pear"},{"floor":41,"key":"MealTicket"},{"floor":44,"key":"Bag of Marbles"}],"event_choices":[{"damage_healed":0,"gold_gain":0,"player_choice":"Ignored","damage_taken":0,"max_hp_gain":0,"max_hp_loss":0,"event_name":"Liars Game","floor":3,"gold_loss":0},{"damage_healed":0,"gold_gain":0,"player_choice":"Donut","damage_taken":0,"max_hp_gain":5,"max_hp_loss":0,"event_name":"Big Fish","floor":4,"gold_loss":0},{"damage_healed":19,"gold_gain":0,"player_choice":"Healed","damage_taken":0,"max_hp_gain":0,"max_hp_loss":0,"event_name":"The Cleric","floor":12,"gold_loss":35},{"damage_healed":0,"gold_gain":0,"player_choice":"Read","damage_taken":0,"max_hp_gain":0,"max_hp_loss":0,"event_name":"The Library","floor":20,"gold_loss":0,"cards_obtained":["Defragment"]},{"damage_healed":0,"gold_gain":50,"player_choice":"Stole From Cult","damage_taken":0,"max_hp_gain":0,"max_hp_loss":0,"event_name":"Nest","floor":24,"gold_loss":0},{"damage_healed":0,"gold_gain":0,"player_choice":"Obtained Relic","damage_taken":0,"relics_obtained":["Torii"],"max_hp_gain":0,"max_hp_loss":0,"event_name":"Addict","floor":29,"gold_loss":85},{"cards_removed":["BootSequence"],"damage_healed":0,"gold_gain":0,"player_choice":"Removed Skill","damage_taken":0,"max_hp_gain":0,"max_hp_loss":0,"event_name":"Falling","floor":36,"gold_loss":0},{"damage_healed":0,"gold_gain":0,"player_choice":"Max HP","damage_taken":0,"max_hp_gain":0,"max_hp_loss":4,"event_name":"Winding Halls","floor":37,"gold_loss":0},{"damage_healed":0,"gold_gain":0,"player_choice":"Ignored","damage_taken":0,"max_hp_gain":0,"max_hp_loss":0,"event_name":"Tomb of Lord Red Mask","floor":38,"gold_loss":0},{"damage_healed":0,"gold_gain":0,"player_choice":"Relic","damage_taken":0,"max_hp_gain":0,"max_hp_loss":0,"event_name":"Wheel of Change","floor":44,"gold_loss":0}],"is_beta":false,"boss_relics":[{"not_picked":["Ectoplasm","Empty Cage"],"picked":"Velvet Choker"},{"not_picked":["Calling Bell","Snecko Eye"],"picked":"Fusion Hammer"}],"items_purged_floors":[45],"is_endless":false,"potions_floor_spawned":[1,6,11,19,30,31,39,41,48],"killed_by":"Shield and Spear","ascension_level":20}}