{"host":"x730sfaw5rd1mxd8","time":1611189229,"event":{"mods":["BaseMod","BetterRewards","Colored Map","Colored Powertips","Highlight Path","Minty Spire (QoL Compilation)","Relic Sorter","Relic Stats","Replay The Spire","StSLib"],"gold_per_floor":[116,128,128,128,144,154,154,181,181,181,181,209,223,241,268,284,284,389,389,400,412,429,429,281,312,312,328,379,411,411,441,453,572,584,700,712,736,748,850,872,949,1032,1105,1149,1161,846,862,893,911,911,911,911,911,911,13,43,43],"floor_reached":58,"language":"ENG","playtime":4062,"items_purged":["Strike_G","Strike_G","Defend_G","Strike_G","Strike_G","Strike_G"],"score":1930,"play_id":"155ec072-92b2-41e5-9cd4-508ced9df28a","local_time":"20210120193349","is_ascension_mode":true,"campfire_choices":[{"data":"Noxious Fumes","floor":9,"key":"SMITH"},{"data":"All Out Attack","floor":17,"key":"SMITH"},{"data":"After Image","floor":26,"key":"SMITH"},{"data":"Infinite Blades","floor":30,"key":"SMITH"},{"data":"Neutralize","floor":34,"key":"SMITH"},{"floor":51,"key":"RECALL"},{"floor":54,"key":"REST"}],"circlet_count":0,"master_deck":["Defend_G+1","Defend_G","Defend_G+1","Defend_G","Survivor","Neutralize+1","Poisoned Stab+1","Backstab+1","Dash+1","Infinite Blades+1","Crippling Poison","All Out Attack+1","Noxious Fumes+1","Bouncing Flask","After Image+1","Dash+1","Footwork+1","PiercingWail+1","Dodge and Roll","Blur","Blur","Backflip","Cloak And Dagger+1","Catalyst+1","Acrobatics","Blade Dance+1","ReplayTheSpireMod:Tripwire+1","After Image+1"],"relics":["Ring of the Snake","ReplayTheSpireMod:Ring of Challenge","Nunchaku","Mercury Hourglass","Replay:WaspNest","Membership Card","Vampiric Spirits","Matryoshka","Paper Crane","Replay:Towering Pillar of Hats","Anchor","Byrd Skull","Dream Catcher","Bottled Flame","Painkiller Herb","Nilry\u0027s Codex","The Specimen","Vajra","Snake Skull","MawBank","Fusion Hammer","Basket Of Snakes","Art of War","CaptainsWheel","Gremlin Food","Incense Burner","Quantum Egg","The Courier","Boot","Ornamental Fan","Pondfish Scales","Pantograph","Bag of Preparation","Happy Flower","ReplayFunnel","Sling","Whetstone","Simple Rune","Replay:Rubber Ducky","Orichalcum"],"acts_visited":["Exordium","TheCity","TheBeyond","TheEnding"],"potions_floor_usage":[12,18,39,39,57,57],"damage_taken":[{"damage":0,"enemies":"Cultist","floor":1,"turns":3},{"damage":0,"enemies":"2 Louse","floor":2,"turns":2},{"damage":0,"enemies":"Jaw Worm","floor":5,"turns":4},{"damage":0,"enemies":"3 Louse","floor":6,"turns":2},{"damage":6,"enemies":"Replay:BlueRogue","floor":8,"turns":5},{"damage":0,"enemies":"Gremlin Nob","floor":12,"turns":4},{"damage":0,"enemies":"2 Fungi Beasts","floor":13,"turns":2},{"damage":0,"enemies":"Looter","floor":14,"turns":2},{"damage":7,"enemies":"Lagavulin","floor":15,"turns":4},{"damage":0,"enemies":"Large Slime","floor":16,"turns":3},{"damage":1,"enemies":"Slime Boss","floor":18,"turns":8},{"damage":0,"enemies":"Spheric Guardian","floor":20,"turns":3},{"damage":0,"enemies":"Chosen","floor":21,"turns":3},{"damage":0,"enemies":"3 Cultists","floor":22,"turns":3},{"damage":2,"enemies":"Slavers","floor":25,"turns":5},{"damage":0,"enemies":"Centurion and Healer","floor":27,"turns":4},{"damage":0,"enemies":"Gremlin Leader","floor":29,"turns":4},{"damage":0,"enemies":"Book of Stabbing","floor":31,"turns":4},{"damage":11,"enemies":"Champ","floor":35,"turns":11},{"damage":0,"enemies":"Orb Walker","floor":37,"turns":3},{"damage":38,"enemies":"2 Orb Walkers","floor":39,"turns":7},{"damage":0,"enemies":"3 Shapes","floor":40,"turns":2},{"damage":0,"enemies":"Maw","floor":41,"turns":5},{"damage":0,"enemies":"Reptomancer","floor":42,"turns":5},{"damage":0,"enemies":"Spire Growth","floor":43,"turns":5},{"damage":26,"enemies":"Nemesis","floor":44,"turns":3},{"damage":0,"enemies":"Sphere and 2 Shapes","floor":47,"turns":4},{"damage":0,"enemies":"Giant Head","floor":48,"turns":5},{"damage":0,"enemies":"Writhing Mass","floor":49,"turns":4},{"damage":0,"enemies":"Donu and Deca","floor":52,"turns":7},{"damage":0,"enemies":"Shield and Spear","floor":56,"turns":5},{"damage":0,"enemies":"The Heart","floor":57,"turns":7}],"seed_played":"906884270296802746","potions_obtained":[{"floor":5,"key":"Weak Potion"},{"floor":8,"key":"ColorlessPotion"},{"floor":12,"key":"Adrenaline Potion"},{"floor":16,"key":"Weak Potion"},{"floor":25,"key":"FearPotion"},{"floor":27,"key":"ColorlessPotion"},{"floor":31,"key":"LiquidMemories"},{"floor":35,"key":"Dexterity Potion"},{"floor":39,"key":"FearPotion"},{"floor":40,"key":"BlessingOfTheForge"},{"floor":48,"key":"LiquidMemories"}],"is_trial":false,"path_per_floor":["M","M","PTL","PTL","M","M","?","E","R","?","T","E","M","M","E","M","R","B",null,"?","?","?","?","T","E","T","?","T","E","T","E","T","?","T","B",null,"?","?","?","?","?","E","?","E","T","T","?","E","?","?","T","B",null,"T","T","E","B",null],"character_chosen":"THE_SILENT","items_purchased":["Mercury Hourglass","Replay:WaspNest","Poisoned Stab","Membership Card","Vampiric Spirits","Matryoshka","Backstab","Dash","Infinite Blades","Nunchaku","After Image","Quantum Egg","DuplicationPotion","Boot","Ornamental Fan","Pondfish Scales","Pantograph","Bag of Preparation","Happy Flower","ReplayFunnel","Sling","Whetstone","Simple Rune","Replay:Rubber Ducky"],"campfire_rested":1,"item_purchase_floors":[0,0,0,0,0,0,0,0,0,24,46,46,46,55,55,55,55,55,55,55,55,55,55,55],"current_hp_per_floor":[70,70,70,70,70,70,56,57,57,57,57,61,68,70,63,68,68,69,70,70,70,70,54,54,66,66,70,70,70,70,70,70,42,42,40,70,70,70,32,51,52,60,68,44,44,44,53,70,70,70,70,70,70,70,70,70,70],"gold":43,"neow_bonus":"","is_daily":false,"chose_seed":false,"campfire_upgraded":5,"win_rate":0.0,"timestamp":1611189229,"path_taken":["M","M","PTL","PTL","M","M","?","E","R","?","T","E","M","M","E","M","R","BOSS","?","?","?","?","T","E","T","?","T","E","T","E","T","?","T","BOSS","?","?","?","?","?","E","?","E","T","T","?","E","?","?","T","BOSS","T","T","E","BOSS"],"items_purchased_type":["Relic","Relic","Card","Relic","Relic","Relic","Card","Card","Card","Relic","Card","Relic","Potion","Relic","Relic","Relic","Relic","Relic","Relic","Relic","Relic","Relic","Relic","Relic"],"build_version":"2020-12-22","purchased_purges":6,"victory":true,"max_hp_per_floor":[70,70,70,70,70,70,70,70,70,70,70,70,70,70,70,70,70,70,70,70,70,70,70,70,70,70,70,70,70,70,70,70,70,70,70,70,70,70,70,70,70,70,70,70,70,70,70,70,70,70,70,70,70,70,70,70,70],"relic_stats":{"Happy Flower":[4],"counters":[93,376],"Snake Skull":[181],"Bag of Preparation":[4],"Whetstone":["Backstab"],"Orichalcum":[0],"MawBank":180,"Boot":[2],"Mercury Hourglass":[454],"Nunchaku":[24],"Dream Catcher":1,"Ornamental Fan":[32],"Pantograph":0,"Art of War":[1],"obtain_stats":[{"Ice Cream":14,"Gremlin Horn":9,"Vampiric Spirits":0,"Nilry\u0027s Codex":23,"Vajra":28,"Whetstone":55,"Boot":55,"Sling":55,"Blood Vial":20,"Centennial Puzzle":9,"Strawberry":28,"MealTicket":27,"Fusion Hammer":36,"Electric Blood":17,"Byrd Skull":11,"Happy Flower":55,"Blue Candle":30,"Oddly Smooth Stone":26,"Paper Crane":8,"SlaversCollar":17,"Bottled Flame":15,"Bronze Scales":12,"Bird Faced Urn":12,"Simple Rune":55,"Mark of Pain":0,"Pocketwatch":0,"Darkstone Periapt":5,"ReplayFunnel":55,"Singing Bowl":10,"Magic Flower":11,"Mango":6,"Painkiller Herb":19,"Snake Skull":29,"Incense Burner":45,"Bag of Preparation":55,"Cursed Key":34,"Burning Blood":0,"Pet Ghost":23,"Replay:Rubber Ducky":55,"Dream Catcher":43,"Nunchaku":24,"Matryoshka":0,"Pantograph":23,"Gambling Chip":24,"Red Skull":6,"Gremlin Food":44,"Replay:Towering Pillar of Hats":10,"The Specimen":25,"Golden Idol":11,"Basket Of Snakes":39,"Quantum Egg":46,"The Courier":14,"PreservedInsect":22,"Replay:WaspNest":0,"Frozen Egg 2":0,"Orichalcum":56,"MawBank":31,"Mercury Hourglass":0,"Anchor":11,"CaptainsWheel":43,"Pondfish Scales":55,"Busted Crown":17,"Ornamental Fan":55,"Turnip":46,"Art of War":40,"Snack Pack":8,"Membership Card":0,"ReplayTheSpireMod:Ring of Challenge":38},{"Ice Cream":23,"Gremlin Horn":20,"Vampiric Spirits":61,"Nilry\u0027s Codex":75,"Vajra":77,"Whetstone":91,"Boot":91,"Sling":91,"Blood Vial":26,"Centennial Puzzle":5,"Strawberry":13,"MealTicket":58,"Fusion Hammer":80,"Electric Blood":51,"Byrd Skull":66,"Happy Flower":91,"Blue Candle":30,"Oddly Smooth Stone":57,"Paper Crane":66,"SlaversCollar":24,"Bottled Flame":70,"Bronze Scales":6,"Bird Faced Urn":22,"Simple Rune":91,"Mark of Pain":0,"Pocketwatch":41,"Darkstone Periapt":18,"ReplayFunnel":91,"Singing Bowl":21,"Magic Flower":49,"Mango":19,"Painkiller Herb":72,"Snake Skull":78,"Incense Burner":87,"Bag of Preparation":91,"Cursed Key":31,"Burning Blood":0,"Pet Ghost":56,"Replay:Rubber Ducky":91,"Dream Catcher":37,"Nunchaku":75,"Matryoshka":61,"Pantograph":12,"Gambling Chip":27,"Red Skull":47,"Gremlin Food":87,"Replay:Towering Pillar of Hats":66,"The Specimen":76,"Golden Idol":5,"Basket Of Snakes":82,"Quantum Egg":87,"The Courier":7,"PreservedInsect":11,"Replay:WaspNest":61,"Frozen Egg 2":14,"Orichalcum":92,"MawBank":79,"Mercury Hourglass":61,"Anchor":66,"CaptainsWheel":86,"Pondfish Scales":91,"Busted Crown":8,"Ornamental Fan":91,"Turnip":38,"Art of War":36,"Snack Pack":48,"Membership Card":61,"ReplayTheSpireMod:Ring of Challenge":81},{"Ice Cream":93,"Gremlin Horn":78,"Vampiric Spirits":244,"Nilry\u0027s Codex":288,"Vajra":296,"Whetstone":364,"Boot":364,"Sling":364,"Blood Vial":107,"Centennial Puzzle":17,"Strawberry":48,"MealTicket":230,"Fusion Hammer":315,"Electric Blood":208,"Byrd Skull":257,"Happy Flower":364,"Blue Candle":123,"Oddly Smooth Stone":226,"Paper Crane":257,"SlaversCollar":100,"Bottled Flame":268,"Bronze Scales":20,"Bird Faced Urn":86,"Simple Rune":364,"Mark of Pain":0,"Pocketwatch":170,"Darkstone Periapt":65,"ReplayFunnel":364,"Singing Bowl":82,"Magic Flower":200,"Mango":73,"Painkiller Herb":279,"Snake Skull":300,"Incense Burner":344,"Bag of Preparation":364,"Cursed Key":130,"Burning Blood":0,"Pet Ghost":224,"Replay:Rubber Ducky":364,"Dream Catcher":151,"Nunchaku":288,"Matryoshka":244,"Pantograph":44,"Gambling Chip":111,"Red Skull":189,"Gremlin Food":344,"Replay:Towering Pillar of Hats":257,"The Specimen":292,"Golden Idol":17,"Basket Of Snakes":325,"Quantum Egg":344,"The Courier":25,"PreservedInsect":40,"Replay:WaspNest":244,"Frozen Egg 2":51,"Orichalcum":369,"MawBank":304,"Mercury Hourglass":244,"Anchor":257,"CaptainsWheel":341,"Pondfish Scales":364,"Busted Crown":30,"Ornamental Fan":364,"Turnip":156,"Art of War":146,"Snack Pack":196,"Membership Card":244,"ReplayTheSpireMod:Ring of Challenge":318}],"Ring of the Snake":[64]},"card_choices":[{"not_picked":["Escape Plan","Backflip"],"picked":"Crippling Poison","floor":1},{"not_picked":["ReplayTheSpireMod:Scrap Shanks","Underhanded Strike","Dagger Throw"],"picked":"SKIP","floor":2},{"not_picked":["PiercingWail","Prepared"],"picked":"All Out Attack","floor":5},{"not_picked":["Deadly Poison","Blade Dance"],"picked":"Noxious Fumes","floor":6},{"not_picked":["Dagger Spray","Hidden Blade","Flying Knee"],"picked":"SKIP","floor":8},{"not_picked":["Backflip","Dodge and Roll","Grand Finale"],"picked":"SKIP","floor":12},{"not_picked":["Bane","Masterful Stab","Blade Dance"],"picked":"SKIP","floor":13},{"not_picked":["PiercingWail","Dagger Throw","Heel Hook"],"picked":"SKIP","floor":14},{"not_picked":["Setup","Expertise"],"picked":"Bouncing Flask","floor":15},{"not_picked":["Prepared","Dagger Throw","Outmaneuver"],"picked":"SKIP","floor":16},{"not_picked":["Storm of Steel","ReplayTheSpireMod:From All Sides"],"picked":"After Image","floor":18},{"not_picked":["Eviscerate+1","Blade Dance+1"],"picked":"Dash+1","floor":20},{"not_picked":["Calculated Gamble","Sucker Punch","Concentrate+1"],"picked":"SKIP","floor":21},{"not_picked":["Poisoned Stab","PiercingWail","Dagger Spray"],"picked":"SKIP","floor":22},{"not_picked":["Sneak Up","Skewer+1","Riddle With Holes"],"picked":"SKIP","floor":25},{"not_picked":["PiercingWail","Flying Knee","Fluid Movement"],"picked":"SKIP","floor":27},{"not_picked":["Cloak And Dagger","Dagger Throw"],"picked":"Footwork+1","floor":29},{"not_picked":["Underhanded Strike","ReplayTheSpireMod:Shiv Toss+1"],"picked":"PiercingWail+1","floor":31},{"not_picked":["Setup","Tools of the Trade"],"picked":"Dodge and Roll","floor":33},{"not_picked":["Cloak And Dagger","Predator"],"picked":"Blur","floor":33},{"not_picked":["Setup+1","Cloak And Dagger"],"picked":"Blur","floor":33},{"not_picked":["Prepared","Endless Agony","Heel Hook+1"],"picked":"SKIP","floor":37},{"not_picked":["Dagger Throw","Finisher+1"],"picked":"Backflip","floor":39},{"not_picked":["Prepared+1","Crippling Poison"],"picked":"Cloak And Dagger+1","floor":40},{"not_picked":["Replay:Poison Smokescreen","Accuracy"],"picked":"Catalyst+1","floor":41},{"not_picked":["Dagger Spray","PiercingWail"],"picked":"Acrobatics","floor":42},{"not_picked":["Replay:Poison Smokescreen","Underhanded Strike"],"picked":"Blade Dance+1","floor":43},{"not_picked":["Well Laid Plans","Crippling Poison"],"picked":"ReplayTheSpireMod:Tripwire","floor":44},{"not_picked":["Flechettes","Deflect+1","ReplayTheSpireMod:Shiv Toss+1"],"picked":"SKIP","floor":47},{"not_picked":["Deflect","Replay:Poison Smokescreen+1","ReplayTheSpireMod:Scrap Shanks"],"picked":"SKIP","floor":48},{"not_picked":["Dagger Throw+1","Dagger Spray+1","Flechettes+1"],"picked":"SKIP","floor":49},{"not_picked":["Heel Hook","ReplayTheSpireMod:Speed Training+1","Dagger Throw"],"picked":"SKIP","floor":56}],"player_experience":3965624,"relics_obtained":[{"floor":8,"key":"Paper Crane"},{"floor":11,"key":"Anchor"},{"floor":11,"key":"Byrd Skull"},{"floor":12,"key":"Dream Catcher"},{"floor":15,"key":"Bottled Flame"},{"floor":23,"key":"Nilry\u0027s Codex"},{"floor":25,"key":"The Specimen"},{"floor":28,"key":"Vajra"},{"floor":29,"key":"Snake Skull"},{"floor":31,"key":"MawBank"},{"floor":38,"key":"ReplayTheSpireMod:Ring of Challenge"},{"floor":39,"key":"Basket Of Snakes"},{"floor":42,"key":"Art of War"},{"floor":43,"key":"CaptainsWheel"},{"floor":44,"key":"Gremlin Food"},{"floor":45,"key":"Incense Burner"},{"floor":48,"key":"The Courier"},{"floor":56,"key":"Orichalcum"}],"event_choices":[{"damage_healed":0,"gold_gain":0,"player_choice":"Entered Light","damage_taken":14,"max_hp_gain":0,"max_hp_loss":0,"event_name":"Shining Light","floor":7,"gold_loss":0,"cards_upgraded":["Dash","Poisoned Stab"]},{"damage_healed":0,"gold_gain":0,"player_choice":"Gave Potion","damage_taken":0,"relics_obtained":["Replay:Towering Pillar of Hats"],"max_hp_gain":0,"max_hp_loss":0,"event_name":"WeMeetAgain","floor":10,"gold_loss":0},{"damage_healed":0,"gold_gain":0,"player_choice":"Obtained Book","damage_taken":16,"max_hp_gain":0,"max_hp_loss":0,"event_name":"Cursed Tome","floor":23,"gold_loss":0},{"damage_healed":0,"gold_gain":0,"player_choice":"Fight","damage_taken":0,"max_hp_gain":0,"max_hp_loss":0,"event_name":"Mysterious Sphere","floor":39,"gold_loss":0},{"damage_healed":0,"gold_gain":0,"player_choice":"Upgraded","damage_taken":0,"max_hp_gain":0,"max_hp_loss":0,"event_name":"Upgrade Shrine","floor":50,"gold_loss":0,"cards_upgraded":["After Image"]}],"is_beta":false,"boss_relics":[{"not_picked":["Replay:Drink Me","Ring of the Serpent"],"picked":"Painkiller Herb"},{"not_picked":["Philosopher\u0027s Stone","Astrolabe"],"picked":"Fusion Hammer"}],"items_purged_floors":[0,0,0,24,46,55],"is_endless":false,"potions_floor_spawned":[5,8,12,16,25,27,29,31,35,39,40,48,49],"ascension_level":1}}