{"host":"1a3cjta80tad0aqj","time":1611269703,"event":{"mods":["2.2 Compatiblity","AchievementEnabler","BaseMod","Colored Map","DeckTracker","KOR Keyword Fix","Keyboard Shortcuts","Minty Spire (QoL Compilation)","Permanent Neow","Quick Restart","Random Character Button","StSLib","SuperFastMode","everything is the same but u backflip on backflip"],"gold_per_floor":[363,374,374,55,55,55,88,88,167,186,37,70,89,112,112,235,235,260,281,297,212,232,232,267,267,319,418,454,50,50,50,50,146,146,156,8,56,56,4,4,16,16,16,84,104,119,119,133,133,133],"floor_reached":51,"language":"KOR","playtime":2143,"items_purged":["Strike_R"],"score":1060,"play_id":"b21c6265-cd8e-42e7-b9f2-a61c163ef1f9","local_time":"20210122075503","is_ascension_mode":true,"campfire_choices":[{"data":"Heavy Blade","floor":6.0,"key":"SMITH"},{"floor":8.0,"key":"REST"},{"data":"Inflame","floor":15.0,"key":"SMITH"},{"data":"Inflame","floor":23.0,"key":"SMITH"},{"floor":25.0,"key":"REST"},{"data":"Immolate","floor":32.0,"key":"SMITH"},{"data":"Demon Form","floor":40.0,"key":"SMITH"},{"data":"Whirlwind","floor":42.0,"key":"SMITH"},{"data":"Reaper","floor":47.0,"key":"SMITH"},{"data":"Blood for Blood","floor":49.0,"key":"SMITH"}],"circlet_count":0,"master_deck":["Strike_R","Strike_R","Strike_R","Strike_R","Defend_R","Defend_R","Defend_R","Defend_R","Bash","Heavy Blade+1","Inflame+1","Injury","Flame Barrier+1","Seeing Red+1","Inflame+1","True Grit+1","Battle Trance+1","Blood for Blood+1","Shrug It Off+1","Immolate+1","Armaments+1","Heavy Blade+1","Reaper+1","J.A.X.+1","Demon Form+1","Shockwave+1","Whirlwind+1","Madness+1","Madness+1","Bloodletting+1"],"relics":["Black Blood","Incense Burner","Shuriken","Bloody Idol","Toxic Egg 2","Singing Bowl","Nunchaku","Pear","TungstenRod","Red Skull","Bottled Lightning","Gambling Chip","Philosopher\u0027s Stone","Prayer Wheel","Champion Belt","Letter Opener"],"acts_visited":["Exordium","TheCity","TheBeyond"],"potions_floor_usage":[50],"damage_taken":[{"damage":1.0,"enemies":"Cultist","floor":1.0,"turns":4.0},{"damage":10.0,"enemies":"2 Louse","floor":2.0,"turns":3.0},{"damage":36.0,"enemies":"Lagavulin","floor":7.0,"turns":6.0},{"damage":3.0,"enemies":"Jaw Worm","floor":10.0,"turns":5.0},{"damage":8.0,"enemies":"Gremlin Nob","floor":12.0,"turns":3.0},{"damage":1.0,"enemies":"3 Louse","floor":13.0,"turns":4.0},{"damage":0.0,"enemies":"Large Slime","floor":14.0,"turns":7.0},{"damage":6.0,"enemies":"Slime Boss","floor":16.0,"turns":9.0},{"damage":2.0,"enemies":"Shell Parasite","floor":18.0,"turns":6.0},{"damage":22.0,"enemies":"2 Thieves","floor":19.0,"turns":3.0},{"damage":24.0,"enemies":"Shelled Parasite and Fungi","floor":20.0,"turns":7.0},{"damage":12.0,"enemies":"Cultist and Chosen","floor":22.0,"turns":6.0},{"damage":39.0,"enemies":"Slavers","floor":24.0,"turns":5.0},{"damage":8.0,"enemies":"Gremlin Leader","floor":28.0,"turns":6.0},{"damage":82.0,"enemies":"Collector","floor":33.0,"turns":7.0},{"damage":0.0,"enemies":"3 Shapes","floor":35.0,"turns":2.0},{"damage":29.0,"enemies":"2 Orb Walkers","floor":37.0,"turns":5.0},{"damage":22.0,"enemies":"Orb Walker","floor":41.0,"turns":3.0},{"damage":3.0,"enemies":"Transient","floor":45.0,"turns":5.0},{"damage":0.0,"enemies":"4 Shapes","floor":46.0,"turns":1.0},{"damage":6.0,"enemies":"3 Darklings","floor":48.0,"turns":4.0},{"damage":67,"enemies":"Awakened One","floor":50,"turns":7}],"seed_played":"7352230224229995918","potions_obtained":[{"floor":10.0,"key":"Dexterity Potion"},{"floor":13.0,"key":"SteroidPotion"},{"floor":14.0,"key":"SteroidPotion"},{"floor":16.0,"key":"ElixirPotion"},{"floor":20.0,"key":"Strength Potion"},{"floor":22.0,"key":"DuplicationPotion"},{"floor":33.0,"key":"SkillPotion"},{"floor":35.0,"key":"EssenceOfSteel"},{"floor":46.0,"key":"Fire Potion"}],"is_trial":false,"path_per_floor":["M","M","?","$","?","R","E","R","T","M","$","E","M","M","R","B",null,"M","M","M","?","M","R","E","R","T","?","E","$","?","?","R","B",null,"M","$","?","?","$","R","M","R","T","T","M","M","R","M","R","B",null],"character_chosen":"IRONCLAD","items_purchased":["Shuriken","DistilledChaos","Inflame","SteroidPotion","True Grit+1","Gambling Chip","Explosive Potion","Block Potion","Whirlwind","Energy Potion"],"campfire_rested":2,"item_purchase_floors":[4,4,11,11,11,29,29,29,36,39],"current_hp_per_floor":[56,52,49,49,49,49,19,43,43,46,46,44,49,55,55,55,74,82,72,60,70,72,72,47,75,75,75,79,79,79,79,79,34,81,96,96,86,75,75,75,74,74,74,79,97,110,110,112,112,95],"gold":133,"neow_bonus":"TWO_FIFTY_GOLD","is_daily":false,"chose_seed":false,"campfire_upgraded":8,"win_rate":0.0,"timestamp":1611269703,"path_taken":["M","?","?","$","?","R","E","R","T","M","$","E","M","M","R","BOSS","M","M","M","?","M","R","E","R","T","?","E","$","?","?","R","BOSS","M","$","?","?","?","R","M","R","T","?","M","M","R","M","R","BOSS"],"items_purchased_type":["Relic","Potion","Card","Potion","Card","Relic","Potion","Potion","Card","Potion"],"build_version":"2020-12-22","purchased_purges":1,"victory":true,"max_hp_per_floor":[80,80,80,80,80,80,80,80,80,80,80,80,80,80,80,80,80,82,82,82,92,94,94,96,96,96,96,96,96,96,96,96,96,96,96,96,98,98,98,98,102,102,102,102,106,110,110,112,112,112],"card_choices":[{"not_picked":["Twin Strike","Metallicize"],"picked":"Heavy Blade","floor":1.0},{"not_picked":["Havoc","Power Through"],"picked":"Inflame","floor":2.0},{"not_picked":["Thunderclap","Hemokinesis"],"picked":"Flame Barrier+1","floor":7.0},{"not_picked":["Twin Strike","True Grit+1"],"picked":"Seeing Red+1","floor":10.0},{"not_picked":["Shockwave+1","Wild Strike"],"picked":"Battle Trance+1","floor":12.0},{"not_picked":["Thunderclap","Sentinel+1"],"picked":"Blood for Blood","floor":13.0},{"not_picked":["Sword Boomerang","Havoc+1"],"picked":"Shrug It Off+1","floor":14.0},{"not_picked":["Fiend Fire","Brutality"],"picked":"Immolate","floor":16.0},{"not_picked":["True Grit+1","Cleave","Anger"],"picked":"Singing Bowl","floor":18.0},{"not_picked":["Twin Strike","Intimidate+1"],"picked":"Armaments+1","floor":19.0},{"not_picked":["Power Through+1","Cleave+1"],"picked":"Heavy Blade+1","floor":20.0},{"not_picked":["Havoc+1","Iron Wave","Pummel"],"picked":"Singing Bowl","floor":22.0},{"not_picked":["True Grit+1","Heavy Blade","Dual Wield+1"],"picked":"Singing Bowl","floor":24.0},{"not_picked":["Reaper","Heavy Blade+1","Anger+1"],"picked":"SKIP","floor":28.0},{"not_picked":["Heavy Blade+1","Anger+1"],"picked":"Reaper","floor":28.0},{"not_picked":["Berserk","Bludgeon"],"picked":"Demon Form","floor":33.0},{"not_picked":["Thunderclap","Sword Boomerang"],"picked":"Shockwave+1","floor":35.0},{"not_picked":["Wild Strike","Thunderclap+1","Havoc+1"],"picked":"Singing Bowl","floor":37.0},{"not_picked":["Hemokinesis+1","Headbutt","Burning Pact+1"],"picked":"Singing Bowl","floor":41.0},{"not_picked":["Demon Form","Warcry+1","True Grit+1"],"picked":"Singing Bowl","floor":41.0},{"not_picked":["Perfected Strike+1","Pommel Strike","Shockwave+1"],"picked":"Singing Bowl","floor":45.0},{"not_picked":["Clash","Iron Wave+1","Heavy Blade"],"picked":"Singing Bowl","floor":45.0},{"not_picked":["Pummel+1","Wild Strike","Twin Strike+1"],"picked":"Singing Bowl","floor":46.0},{"not_picked":["Clothesline+1","Pommel Strike","Wild Strike+1"],"picked":"Singing Bowl","floor":46.0},{"not_picked":["Iron Wave+1","True Grit+1"],"picked":"Bloodletting+1","floor":48.0},{"not_picked":["Reckless Charge","Anger+1","Rage+1"],"picked":"Singing Bowl","floor":48.0}],"player_experience":868611,"relics_obtained":[{"floor":7.0,"key":"Toxic Egg 2"},{"floor":9.0,"key":"Singing Bowl"},{"floor":12.0,"key":"Nunchaku"},{"floor":24.0,"key":"TungstenRod"},{"floor":26.0,"key":"Red Skull"},{"floor":28.0,"key":"Bottled Lightning"},{"floor":37.0,"key":"Prayer Wheel"},{"floor":43.0,"key":"Champion Belt"},{"floor":44.0,"key":"Letter Opener"}],"event_choices":[{"damage_healed":0.0,"max_hp_gain":0.0,"max_hp_loss":0.0,"gold_gain":0.0,"event_name":"Scrap Ooze","player_choice":"Success","floor":3.0,"gold_loss":0.0,"damage_taken":3.0,"relics_obtained":["Incense Burner"]},{"damage_healed":0.0,"max_hp_gain":0.0,"max_hp_loss":0.0,"gold_gain":0.0,"event_name":"Golden Idol","player_choice":"Take Wound","floor":5.0,"gold_loss":0.0,"damage_taken":0.0,"relics_obtained":["Golden Idol"],"cards_obtained":["Injury"]},{"damage_healed":0.0,"max_hp_gain":0.0,"max_hp_loss":0.0,"gold_gain":0.0,"event_name":"Addict","player_choice":"Obtained Relic","floor":21.0,"gold_loss":85.0,"damage_taken":0.0,"relics_obtained":["Pear"]},{"damage_healed":0.0,"max_hp_gain":0.0,"max_hp_loss":0.0,"gold_gain":99.0,"event_name":"Nest","player_choice":"Stole From Cult","floor":27.0,"gold_loss":0.0,"damage_taken":0.0},{"damage_healed":0.0,"max_hp_gain":0.0,"max_hp_loss":0.0,"gold_gain":0.0,"event_name":"Drug Dealer","player_choice":"Obtain J.A.X.","floor":30.0,"gold_loss":0.0,"damage_taken":0.0,"cards_obtained":["J.A.X."]},{"damage_healed":0.0,"max_hp_gain":0.0,"max_hp_loss":0.0,"gold_gain":0.0,"event_name":"Forgotten Altar","player_choice":"Gave Idol","floor":31.0,"relics_lost":["Golden Idol"],"gold_loss":0.0,"damage_taken":0.0,"relics_obtained":["Bloody Idol"]},{"damage_healed":0.0,"max_hp_gain":0.0,"max_hp_loss":0.0,"gold_gain":0.0,"event_name":"Mysterious Sphere","player_choice":"Fight","floor":37.0,"gold_loss":0.0,"damage_taken":0.0},{"damage_healed":0.0,"max_hp_gain":0.0,"max_hp_loss":0.0,"gold_gain":0.0,"event_name":"Winding Halls","player_choice":"Embrace Madness","floor":38.0,"gold_loss":0.0,"damage_taken":12.0,"cards_obtained":["Madness","Madness"]}],"is_beta":false,"boss_relics":[{"not_picked":["Fusion Hammer","Runic Pyramid"],"picked":"Black Blood"},{"not_picked":["Astrolabe","SacredBark"],"picked":"Philosopher\u0027s Stone"}],"items_purged_floors":[36],"is_endless":false,"potions_floor_spawned":[10,13,14,16,20,22,33,35,46],"ascension_level":8}}