{"host":"0mk07bycsqo1qk03","time":1611216056,"event":{"mods":["BaseMod","Downfall","Hermit","Hubris","Minty Spire (QoL Compilation)","StSLib","The Cursed"],"gold_per_floor":[99,114,114,125,138,153,153,53,53,68,68,78,89,101,118,215,215,215,226,226,326,426,426,426,426,438,438,449,449,534,547,559,663,663,663,682,699,699,713,728,751,786,786,786,786,786],"floor_reached":44,"language":"ENG","playtime":2441,"items_purged":[],"score":557,"play_id":"ec674249-bdee-45a9-92e9-1360d9b8abcd","local_time":"20210121090056","is_ascension_mode":true,"campfire_choices":[{"floor":1,"key":"RECALL"},{"data":"hexamod:SuperheatedStrike","floor":8,"key":"SMITH"},{"data":"hexamod:WildfireWeapon","floor":11,"key":"SMITH"},{"data":"hexamod:GiftsFromTheDead","floor":18,"key":"SMITH"},{"data":"hexamod:RecurringNightmare","floor":23,"key":"SMITH"},{"data":"hexamod:Float","floor":25,"key":"SMITH"},{"data":"hexamod:UnleashSpirits","floor":27,"key":"SMITH"},{"data":"hexamod:GhostShield","floor":29,"key":"SMITH"},{"data":"hexamod:ParanormalForm","floor":35,"key":"SMITH"},{"floor":43,"key":"REST"}],"circlet_count":0,"master_deck":["hexamod:Strike","hexamod:Strike+1","hexamod:Strike","hexamod:Strike+1","hexamod:Defend","hexamod:Defend","hexamod:Defend","hexamod:Defend","hexamod:Sear","hexamod:Float+1","hexamod:SpectersWail","hexamod:ThirdSeal","hexamod:FourthSeal","hexamod:AdvancingGuard","hexamod:Hexaguard","hexamod:SuperheatedStrike+1","hexamod:WildfireWeapon+1","hexamod:RecurringNightmare+1","hexamod:Hexaguard","hexamod:GhostShield+1","hexamod:GiftsFromTheDead+1","hexamod:FlamesFromBeyond","hexamod:GhostLash","hexamod:UnleashSpirits+1","hexamod:ApocalypseNow","hexamod:Hexaguard","hexamod:NightmareStrike+1","hexamod:Haunt","hexamod:HeatShield","hexamod:SpectersWail","hexamod:EmpoweredFlame+1","hexamod:ParanormalForm+1","hexamod:RainOfEmbers","hexamod:RetreatToShadows+1","hexamod:EtherealExpedition+1"],"relics":["hexamod:SpiritBrand","Orichalcum","White Beast Statue","downfall:HeartBlessingRed","downfall:ShatteredFragment","hubris:ScarierMask","Blue Candle","Black Star","Strawberry","Whetstone","Question Card"],"acts_visited":["Exordium","TheCity","TheBeyond"],"potions_floor_usage":[10,13,16,16,19,33,36,39,42,42,42,44],"damage_taken":[{"damage":1,"enemies":"2 Louse","floor":2,"turns":3},{"damage":7,"enemies":"Jaw Worm","floor":4,"turns":3},{"damage":5,"enemies":"Small Slimes","floor":5,"turns":3},{"damage":13,"enemies":"3 Louse","floor":6,"turns":4},{"damage":3,"enemies":"Gremlin Gang","floor":10,"turns":3},{"damage":4,"enemies":"2 Fungi Beasts","floor":12,"turns":3},{"damage":7,"enemies":"Exordium Thugs","floor":13,"turns":4},{"damage":0,"enemies":"Red Slaver","floor":14,"turns":4},{"damage":6,"enemies":"3 Louse","floor":15,"turns":3},{"damage":17,"enemies":"IC_STATUS_ARCHETYPE","floor":16,"turns":5},{"damage":9,"enemies":"Spheric Guardian","floor":19,"turns":4},{"damage":0,"enemies":"Chosen","floor":26,"turns":3},{"damage":15,"enemies":"Centurion and Healer","floor":28,"turns":3},{"damage":4,"enemies":"Shelled Parasite and Fungi","floor":31,"turns":4},{"damage":0,"enemies":"Sentry and Sphere","floor":32,"turns":2},{"damage":2,"enemies":"SI_MIRROR_ARCHETYPE","floor":33,"turns":7},{"damage":11,"enemies":"3 Darklings","floor":36,"turns":3},{"damage":0,"enemies":"3 Shapes","floor":37,"turns":3},{"damage":60,"enemies":"Spire Growth","floor":39,"turns":5},{"damage":4,"enemies":"3 Darklings","floor":40,"turns":3},{"damage":11,"enemies":"Reptomancer","floor":42,"turns":5},{"damage":41,"enemies":"Nemesis","floor":44,"turns":6}],"seed_played":"-3270164035540009566","potions_obtained":[{"floor":4,"key":"hexamod:DoubleChargePotion"},{"floor":5,"key":"champ:CounterPotion"},{"floor":6,"key":"bronze:BurnAndBuffPotion"},{"floor":10,"key":"SkillPotion"},{"floor":13,"key":"sneckomod:MuddlingPotion"},{"floor":14,"key":"Strength Potion"},{"floor":15,"key":"Regen Potion"},{"floor":16,"key":"hexamod:SoulburnPotion"},{"floor":16,"key":"hexamod:InfernoChargePotion"},{"floor":19,"key":"DuplicationPotion"},{"floor":26,"key":"Guardian:BlockOnCardUsePotion"},{"floor":31,"key":"Block Potion"},{"floor":33,"key":"Slimebound:ThreeZeroPotion"},{"floor":36,"key":"Fruit Juice"},{"floor":37,"key":"Regen Potion"},{"floor":38,"key":"LiquidBronze"},{"floor":39,"key":"EntropicBrew"},{"floor":39,"key":"CultistPotion"}],"is_trial":false,"path_per_floor":["R","M","?","M","M","M","T","R","?","M","R","M","M","M","M","B",null,"R","M","?","?","?","R","T","R","M","R","M","R","?","M","M","B",null,"R","M","M","?","M","M","T","E","R","E"],"character_chosen":"THE_SPIRIT","items_purchased":[],"campfire_rested":1,"item_purchase_floors":[],"current_hp_per_floor":[70,69,74,67,62,49,49,49,28,25,25,21,14,14,8,5,75,75,66,66,66,66,66,66,66,66,66,51,51,37,33,33,31,75,75,69,69,69,21,17,24,13,39,0,0,0],"gold":786,"neow_bonus":"RANDOM_COMMON_RELIC","is_daily":false,"chose_seed":false,"campfire_upgraded":8,"win_rate":0.0,"timestamp":1611216056,"path_taken":["R","M","?","M","M","M","T","R","?","M","R","?","M","M","M","BOSS","R","M","?","?","?","R","T","R","M","R","?","R","?","M","M","BOSS","R","M","M","?","?","M","T","E","R","E"],"items_purchased_type":[],"build_version":"2020-12-22","purchased_purges":0,"victory":false,"max_hp_per_floor":[70,70,75,75,75,75,75,75,75,75,75,75,75,75,75,75,75,75,75,75,75,75,75,75,75,75,75,75,75,75,75,75,75,75,75,80,80,80,80,80,87,87,87,87,87,87],"card_choices":[{"not_picked":["hexamod:FlamesFromBeyond","hexamod:NightmareGuise"],"picked":"hexamod:SpectersWail","floor":2},{"not_picked":["hexamod:SoulSteal","hexamod:SuperheatedStrike"],"picked":"hexamod:ThirdSeal","floor":4},{"not_picked":["hexamod:Hexaguard","hexamod:ShieldOfDarkness"],"picked":"hexamod:FourthSeal","floor":5},{"not_picked":["hexamod:Again","hexamod:Rewind"],"picked":"hexamod:AdvancingGuard","floor":5},{"not_picked":["hexamod:Firestarter","hexamod:NightmareGuise"],"picked":"hexamod:Hexaguard","floor":6},{"not_picked":["hexamod:FastForward","hexamod:Firestarter"],"picked":"hexamod:SuperheatedStrike","floor":6},{"not_picked":["hexamod:SpectersWail","hexamod:AdvancingGuard"],"picked":"hexamod:WildfireWeapon","floor":10},{"not_picked":["hexamod:FastForward","hexamod:HeatMetal","hexamod:Again"],"picked":"SKIP","floor":10},{"not_picked":["hexamod:FourthSeal","hexamod:GhostShield"],"picked":"hexamod:RecurringNightmare","floor":12},{"not_picked":["hexamod:NightmareStrike","hexamod:Again"],"picked":"hexamod:Hexaguard","floor":12},{"not_picked":["hexamod:Hexaguard","hexamod:SuperheatedStrike"],"picked":"hexamod:GhostShield","floor":13},{"not_picked":["hexamod:Firestarter","hexamod:HauntingEcho","hexamod:DynamicBlow"],"picked":"SKIP","floor":13},{"not_picked":["hexamod:Hexaguard","hexamod:FlamesFromBeyond"],"picked":"hexamod:GiftsFromTheDead","floor":14},{"not_picked":["hexamod:Incineration","hexamod:HauntingEcho"],"picked":"hexamod:FlamesFromBeyond","floor":14},{"not_picked":["hexamod:HauntingEcho","hexamod:InspiringFlames"],"picked":"hexamod:GhostLash","floor":15},{"not_picked":["hexamod:SuperheatedStrike","hexamod:Again","hexamod:HeatMetal"],"picked":"SKIP","floor":15},{"not_picked":["hexamod:VolcanoVisage","hexamod:GiftsFromTheDead"],"picked":"hexamod:UnleashSpirits","floor":16},{"not_picked":["hexamod:ApocalypticArmor","hexamod:TurnItUp"],"picked":"hexamod:ApocalypseNow","floor":16},{"not_picked":["hexamod:ThirdSeal","hexamod:AdvancingGuard+1"],"picked":"hexamod:Hexaguard","floor":19},{"not_picked":["hexamod:HeatShield+1","hexamod:HeatMetal","hexamod:SpectralSpark+1"],"picked":"SKIP","floor":19},{"not_picked":["hexamod:NightmareGuise","hexamod:PhantomFireball"],"picked":"hexamod:NightmareStrike+1","floor":26},{"not_picked":["hexamod:ShieldOfDarkness","hexamod:SpectralSpark+1"],"picked":"hexamod:Haunt","floor":26},{"not_picked":["hexamod:BacktrackSmack","hexamod:SwordOfDarkness"],"picked":"hexamod:HeatShield","floor":28},{"not_picked":["hexamod:BacktrackSmack","hexamod:SoulSteal"],"picked":"hexamod:SpectersWail","floor":28},{"not_picked":["hexamod:HeatCrush","hexamod:BacktrackSmack","hexamod:Incineration"],"picked":"SKIP","floor":31},{"not_picked":["hexamod:GhostOfSpireFuture","hexamod:ChargedBarrage","hexamod:NecessarySacrifice"],"picked":"SKIP","floor":31},{"not_picked":["hexamod:SwordOfDarkness","hexamod:ShieldOfDarkness+1"],"picked":"hexamod:EmpoweredFlame+1","floor":32},{"not_picked":["hexamod:SearingWound","hexamod:ApocalypticArmor"],"picked":"hexamod:ParanormalForm","floor":33},{"not_picked":["hexamod:HauntingEcho","hexamod:FastForward+1","hexamod:BacktrackSmack+1"],"picked":"SKIP","floor":36},{"not_picked":["hexamod:SpectralAdrenaline+1","hexamod:InspiringFlames","hexamod:FastForward+1"],"picked":"SKIP","floor":37},{"not_picked":["hexamod:HauntingEcho+1","hexamod:HeatMetal+1"],"picked":"hexamod:RainOfEmbers","floor":39},{"not_picked":["hexamod:SpectralAdrenaline","hexamod:SwordOfDarkness"],"picked":"hexamod:RetreatToShadows+1","floor":39},{"not_picked":["hexamod:PhantomFireball","hexamod:HeatCrush"],"picked":"hexamod:EtherealExpedition+1","floor":40},{"not_picked":["hexamod:RainOfEmbers","hexamod:SuperheatedStrike+1","hexamod:SoulSteal+1"],"picked":"SKIP","floor":42},{"not_picked":["hexamod:GhostShield","hexamod:DynamicBlow","hexamod:FlamesFromBeyond"],"picked":"SKIP","floor":42}],"player_experience":930848,"relics_obtained":[{"floor":7,"key":"White Beast Statue"},{"floor":24,"key":"Blue Candle"},{"floor":41,"key":"Strawberry"},{"floor":42,"key":"Whetstone"},{"floor":42,"key":"Question Card"}],"event_choices":[{"damage_healed":0,"gold_gain":0,"player_choice":"Donut","damage_taken":0,"max_hp_gain":5,"max_hp_loss":0,"event_name":"Big Fish","floor":3,"gold_loss":0},{"damage_healed":0,"gold_gain":0,"player_choice":"Got Potions","damage_taken":0,"max_hp_gain":0,"max_hp_loss":0,"event_name":"Lab","floor":38,"gold_loss":0}],"is_beta":false,"boss_relics":[{"not_picked":["Tiny House","hubris:TerracottaHorce"],"picked":"hubris:ScarierMask"},{"not_picked":["hubris:CrackedHourglass","hubris:Stopwatch"],"picked":"Black Star"}],"items_purged_floors":[],"is_endless":false,"potions_floor_spawned":[4,5,10,12,13,14,15,16,19,26,28,31,32,33,36,37,39,40,42],"killed_by":"Nemesis","ascension_level":2}}