{"host":"ggy1mjjy92c62u6a","time":1611225494,"event":{"mods":["10 clothes from DAL","ATMod(阿瑾Mod)","Act Like it!","BaseMod","Colored Powertips","GifTheSpireLib","Library of Ruina","Library of Ruina Extra","Minty Spire (QoL Compilation)","Quick Restart","Relic Stats","RumiaBox-露米娅的神秘盒子","Shop Mod","Spicy Shops","StSLib","【功能Mod】混沌之环修复补丁","【遗物Mod】死灵法师NEW","【遗物卡牌】REMEMod"],"gold_per_floor":[216,216,230,55,65,65,85,115,153,177,189,201,288,300,312,426,438,462,252,262,262,282,282,292,41,41,41,56,91,6,6,6,106,106,122,397,109,19,32,60,60,88,115,115,115,125,145,40,40,40,40],"floor_reached":52,"language":"ZHS","playtime":4084,"items_purged":["Strike_W","Strike_W","Regret","Decay"],"score":942,"play_id":"89d1aa64-22b2-4d6a-a7c1-2afe4a192a9b","local_time":"20210121183814","is_ascension_mode":true,"campfire_choices":[{"data":"Summon_Lich","floor":6.0,"key":"SMITH"},{"data":"Life_Drain","floor":11.0,"key":"SMITH"},{"floor":15.0,"key":"REST"},{"data":"Creater_Tree","floor":23,"key":"SMITH"},{"floor":32,"key":"REST"},{"floor":41,"key":"REST"},{"floor":45,"key":"REST"},{"floor":49,"key":"REST"}],"circlet_count":0,"master_deck":["Strike_W","Strike_W","Defend_W+1","Defend_W","Defend_W","Negative_Energy_Arrows","Bone_Wall","Machine Learning","AT_ChampionStep","Shackles_Of_Pain","Bone_Shift","Summon_Lich+1","Spectral_Walk+1","Life_Drain+1","Creater_Tree+1","Bone_Armory","Bone_Armory","Spectral_Walk+1","Bone_Armory","Summon_Lich","Skeleton_Dragon","Detonate_Bones","Shackles_Of_Pain+1","Bone_Shift+1","Detonate_Bones+1"],"relics":["Vampire_Amulet","REME_ComplimentaryCards","AT_ATBox","WarpedTongs","PageOfHappyTeddyBear","Juzu Bracelet","PageOfBlackSwan","Membership Card","MerchantsRug","Enchiridion","UndeadPower","PageOfSpiderBud","GodSword4","Pen Nib","Boot","REME_PuzzleBoxRelic","Fusion Hammer","AT_ChloranthyRing","Matryoshka","Anchor","DALC_SIX","AT_BellDemon","MealTicket","Baka2","OrangePellets"],"acts_visited":["Exordium","TheCity","TheBeyond"],"potions_floor_usage":[33,42,42,50,50,50],"damage_taken":[{"damage":6.0,"enemies":"Jaw Worm","floor":1.0,"turns":4.0},{"damage":6.0,"enemies":"Cultist","floor":3.0,"turns":3.0},{"damage":12.0,"enemies":"2 Louse","floor":5.0,"turns":3.0},{"damage":12.0,"enemies":"Lots of Slimes","floor":7.0,"turns":3.0},{"damage":15.0,"enemies":"Lagavulin","floor":8.0,"turns":7.0},{"damage":6.0,"enemies":"Looter","floor":10.0,"turns":3.0},{"damage":30.0,"enemies":"Slime Boss","floor":16.0,"turns":3.0},{"damage":18.0,"enemies":"2 Thieves","floor":18.0,"turns":5.0},{"damage":12,"enemies":"Chosen","floor":20,"turns":5},{"damage":18,"enemies":"Centurion and Healer","floor":22,"turns":7},{"damage":16,"enemies":"Snake Plant","floor":24,"turns":4},{"damage":16,"enemies":"Chosen and Byrds","floor":28,"turns":6},{"damage":25,"enemies":"REME_1_Revenger","floor":29,"turns":5},{"damage":18,"enemies":"Colosseum Slavers","floor":31,"turns":3},{"damage":46,"enemies":"Champ","floor":33,"turns":5},{"damage":9,"enemies":"3 Darklings","floor":35,"turns":4},{"damage":0,"enemies":"3 Shapes","floor":39,"turns":3},{"damage":24,"enemies":"Giant Head","floor":40,"turns":4},{"damage":16,"enemies":"Reptomancer","floor":42,"turns":2},{"damage":2,"enemies":"Jaw Worm Horde","floor":46,"turns":2},{"damage":8,"enemies":"Spire Growth","floor":47,"turns":3},{"damage":37,"enemies":"Time Eater","floor":50,"turns":6},{"damage":6,"enemies":"Time Eater","floor":51,"turns":4}],"seed_played":"-2157820907338982409","potions_obtained":[{"floor":1.0,"key":"SteroidPotion"},{"floor":3.0,"key":"Swift Potion"},{"floor":10.0,"key":"BlessingOfTheForge"},{"floor":40,"key":"DistilledChaos"},{"floor":42,"key":"Dexterity Potion"},{"floor":47,"key":"DistilledChaos"}],"is_trial":false,"path_per_floor":["M","?","M","$","M","R","M","E","T","M","R","$","?","?","R","B",null,"M","$","M","?","M","R","M","$","T","$","M","E","?","?","R","B",null,"M","?","$","?","M","E","R","E","T","?","R","M","M","$","R","B",null,null],"character_chosen":"NECROMANCER","items_purchased":["Bone_Shift","PageOfHappyTeddyBear","Membership Card","MerchantsRug","UndeadPower","Bone_Armory","PageOfSpiderBud","AT_ChloranthyRing","Matryoshka","Detonate_Bones","OrangePellets"],"campfire_rested":5,"item_purchase_floors":[4,4,19,19,25,25,25,37,37,37,48],"current_hp_per_floor":[69,69,63,63,51,51,39,24,24,18,18,18,7,7,38,11,105,92,92,88,72,68,68,56,56,56,56,46,21,21,12,43,8,105,104,104,104,104,105,88,105,89,89,89,105,105,97,105,105,56,63],"gold":40,"neow_bonus":"HUNDRED_GOLD","is_daily":false,"chose_seed":false,"campfire_upgraded":3,"win_rate":0.0,"timestamp":1611225494,"path_taken":["M","?","M","$","M","R","?","E","T","M","R","$","?","?","R","BOSS","M","?","M","?","M","R","M","$","T","$","M","E","?","?","R","BOSS","M","?","$","?","M","E","R","E","T","?","R","M","M","?","R","BOSS"],"items_purchased_type":["Card","Relic","Relic","Relic","Relic","Card","Relic","Relic","Relic","Card","Relic"],"build_version":"2020-12-22","purchased_purges":4,"victory":true,"max_hp_per_floor":[75,75,105,105,105,105,105,105,105,105,105,105,105,105,105,105,105,105,105,105,105,105,105,105,105,105,105,105,105,105,105,105,105,105,105,105,105,105,105,105,105,105,105,105,105,105,105,105,105,116,116],"relic_stats":{"OrangePellets":[3],"counters":[23,94],"MealTicket":8,"Pen Nib":[5],"Juzu Bracelet":1,"Boot":[25],"obtain_stats":[{"AT_BellDemon":43,"AT_ATBox":0,"Enchiridion":21,"Juzu Bracelet":9,"Boot":29,"PageOfSpiderBud":25,"Baka2":47,"Matryoshka":37,"MealTicket":43,"Vampire_Amulet":0,"Fusion Hammer":34,"AT_ChloranthyRing":37,"MerchantsRug":19,"UndeadPower":25,"DALC_SIX":42,"Pen Nib":28,"Baka":1,"MawBank":8,"WarpedTongs":2,"PageOfHappyTeddyBear":4,"OrangePellets":48,"Anchor":40,"PageOfBlackSwan":17,"Membership Card":19,"GodSword4":26,"REME_PuzzleBoxRelic":30,"REME_ComplimentaryCards":0},{"AT_BellDemon":19,"AT_ATBox":0,"Enchiridion":9,"Juzu Bracelet":5,"Boot":13,"PageOfSpiderBud":11,"Baka2":21,"Matryoshka":16,"MealTicket":19,"Vampire_Amulet":0,"Fusion Hammer":15,"AT_ChloranthyRing":16,"MerchantsRug":8,"UndeadPower":11,"DALC_SIX":19,"Pen Nib":12,"Baka":1,"MawBank":5,"WarpedTongs":1,"PageOfHappyTeddyBear":2,"OrangePellets":21,"Anchor":18,"PageOfBlackSwan":7,"Membership Card":8,"GodSword4":11,"REME_PuzzleBoxRelic":13,"REME_ComplimentaryCards":0},{"AT_BellDemon":79,"AT_ATBox":0,"Enchiridion":36,"Juzu Bracelet":20,"Boot":58,"PageOfSpiderBud":47,"Baka2":84,"Matryoshka":70,"MealTicket":79,"Vampire_Amulet":0,"Fusion Hammer":66,"AT_ChloranthyRing":70,"MerchantsRug":31,"UndeadPower":47,"DALC_SIX":79,"Pen Nib":53,"Baka":4,"MawBank":20,"WarpedTongs":4,"PageOfHappyTeddyBear":7,"OrangePellets":84,"Anchor":77,"PageOfBlackSwan":26,"Membership Card":31,"GodSword4":47,"REME_PuzzleBoxRelic":58,"REME_ComplimentaryCards":0}],"WarpedTongs":[90]},"card_choices":[{"not_picked":["Scare","Posionadd"],"picked":"Shackles_Of_Pain","floor":1.0},{"not_picked":["Negative_Energy_Sphere","Kotodama","Bone_Spikes"],"picked":"SKIP","floor":3.0},{"not_picked":["Negative_Energy_Burst","Thousand_Bone_Knives"],"picked":"Summon_Lich","floor":5.0},{"not_picked":["Scare","PosionWeak"],"picked":"Spectral_Walk","floor":7.0},{"not_picked":["Posionadd","Negative_Energy_Javelin","Shade_Step"],"picked":"SKIP","floor":8.0},{"not_picked":["Vampiric_Strike","Bone_Armor"],"picked":"Life_Drain","floor":10.0},{"not_picked":["Epidemic","Cloudkill"],"picked":"Creater_Tree","floor":16.0},{"not_picked":["Negative_Energy_Sphere","ZombiePosion"],"picked":"Bone_Armory","floor":18.0},{"not_picked":["Bone_Spikes","Blood_Whip+1","LuckyCard"],"picked":"SKIP","floor":20},{"not_picked":["Pandemic","ZombiePosion","Bone_Prison"],"picked":"SKIP","floor":22},{"not_picked":["Uncharnel","Negative_Energy_Javelin+1","Bone_Armor+1"],"picked":"SKIP","floor":24},{"not_picked":["Toxic_Smoke_Screen","LuckyCard"],"picked":"Bone_Armory","floor":28},{"not_picked":["Bone_Armor","Hellfire+1","Negative_Energy_Sphere"],"picked":"SKIP","floor":29},{"not_picked":["PosionBreak","Time_Jump"],"picked":"Skeleton_Dragon","floor":33},{"not_picked":["Vampiric_Strike","Toxic_Smoke_Screen+1","Summon_Undead_Army+1"],"picked":"SKIP","floor":35},{"not_picked":["Blood_Shield","PosionBreak"],"picked":"Shackles_Of_Pain+1","floor":39},{"not_picked":["Blood_Whip","Negative_Energy_Javelin+1","Negative_Energy_Sphere+1"],"picked":"SKIP","floor":40},{"not_picked":["Uncharnel+1","Scare"],"picked":"Bone_Shift+1","floor":42},{"not_picked":["PosionRing+1","Shade_Step","Summon_Undead"],"picked":"SKIP","floor":46},{"not_picked":["Spectral_Walk","Blood_Is_Power","Plague_Bolt"],"picked":"SKIP","floor":47}],"player_experience":77011,"relics_obtained":[{"floor":1.0,"key":"Baka"},{"floor":8.0,"key":"MawBank"},{"floor":9.0,"key":"Juzu Bracelet"},{"floor":21,"key":"Enchiridion"},{"floor":26,"key":"GodSword4"},{"floor":28,"key":"Pen Nib"},{"floor":29,"key":"Boot"},{"floor":40,"key":"Anchor"},{"floor":42,"key":"DALC_SIX"},{"floor":43,"key":"AT_BellDemon"},{"floor":43,"key":"MealTicket"},{"floor":47,"key":"Baka2"}],"event_choices":[{"damage_healed":0.0,"max_hp_gain":0.0,"max_hp_loss":0.0,"gold_gain":0.0,"event_name":"Accursed Blacksmith","player_choice":"Rummage","floor":2.0,"gold_loss":0.0,"damage_taken":0.0,"relics_obtained":["WarpedTongs"],"cards_obtained":["Pain"]},{"damage_healed":0.0,"max_hp_gain":0.0,"max_hp_loss":0.0,"gold_gain":75.0,"event_name":"World of Goop","player_choice":"Gather Gold","floor":13.0,"gold_loss":0.0,"damage_taken":11.0},{"damage_healed":0.0,"max_hp_gain":0.0,"max_hp_loss":0.0,"gold_gain":0.0,"event_name":"Upgrade Shrine","player_choice":"Upgraded","floor":14.0,"gold_loss":0.0,"damage_taken":0.0,"cards_upgraded":["Spectral_Walk"]},{"damage_healed":0,"gold_gain":0,"player_choice":"Obtained Book","damage_taken":16,"max_hp_gain":0,"max_hp_loss":0,"event_name":"Cursed Tome","floor":21,"gold_loss":0},{"damage_healed":0,"gold_gain":0,"player_choice":"Obtained Relic","damage_taken":0,"relics_obtained":["REME_PuzzleBoxRelic"],"max_hp_gain":0,"max_hp_loss":0,"event_name":"Addict","floor":30,"gold_loss":85},{"damage_healed":0,"gold_gain":0,"player_choice":"Fight","damage_taken":0,"max_hp_gain":0,"max_hp_loss":0,"event_name":"Colosseum","floor":31,"gold_loss":0},{"damage_healed":0,"gold_gain":0,"player_choice":"Fled From Nobs","damage_taken":0,"max_hp_gain":0,"max_hp_loss":0,"event_name":"Colosseum","floor":31,"gold_loss":0},{"damage_healed":0,"gold_gain":275,"player_choice":"Desecrate","damage_taken":0,"max_hp_gain":0,"max_hp_loss":0,"event_name":"Golden Shrine","floor":36,"gold_loss":0,"cards_obtained":["Regret"]},{"cards_removed":["Defend_W"],"damage_healed":0,"gold_gain":0,"player_choice":"Upgrade and Remove","damage_taken":0,"max_hp_gain":0,"max_hp_loss":0,"event_name":"Designer","floor":38,"gold_loss":90,"cards_upgraded":["Defend_W"]},{"damage_healed":0,"gold_gain":0,"player_choice":"0 cards matched","damage_taken":0,"max_hp_gain":0,"max_hp_loss":0,"event_name":"Match and Keep!","floor":44,"gold_loss":0,"cards_obtained":[]}],"is_beta":false,"boss_relics":[{"not_picked":["Tiny House","SacredBark"],"picked":"PageOfBlackSwan"},{"not_picked":["Coffee Dripper","Empty Cage"],"picked":"Fusion Hammer"}],"items_purged_floors":[19,25,37,48],"is_endless":false,"potions_floor_spawned":[1,3,10,16,18,22,24,40,42,47],"ascension_level":1}}