{"host":"jlk2k69f9c6o7b3e","time":1611247097,"event":{"mods":["BaseMod","Minty Spire (QoL Compilation)","StSLib"],"gold_per_floor":[13,13,28,28,28,57,57,85,85,105,131,147,72,92,92,189,189,207,207,220,245,245,276,288,330,395,434,466,507,531,543,543],"floor_reached":31,"language":"ZHS","playtime":2192,"items_purged":["Strike_G"],"score":400,"play_id":"1bb85a82-8c9c-4d29-92bf-fd02d01bd409","local_time":"20210122003817","is_ascension_mode":true,"campfire_choices":[{"floor":7.0,"key":"DIG"},{"floor":15.0,"key":"DIG"},{"floor":24.0,"key":"DIG"}],"circlet_count":0,"master_deck":["Strike_G","Defend_G","Defend_G","Defend_G","Survivor","Neutralize","Poisoned Stab","Bullet Time","Bouncing Flask","Deadly Poison","Tools of the Trade","Prepared","Envenom","Deadly Poison+1","Necronomicurse","Burst","Catalyst","Well Laid Plans","Bouncing Flask","Backflip+1"],"relics":["Ring of the Snake","Shovel","Strawberry","Snake Skull","Mercury Hourglass","Tiny Chest","CaptainsWheel","Boot","Black Star","Necronomicon","MealTicket","MawBank","Eternal Feather","Ninja Scroll","Bag of Marbles","Centennial Puzzle","Akabeko","PreservedInsect","Gremlin Horn","The Courier","Tingsha"],"acts_visited":["Exordium","TheCity"],"potions_floor_usage":[],"damage_taken":[{"damage":6.0,"enemies":"Small Slimes","floor":1.0,"turns":4.0},{"damage":0.0,"enemies":"2 Louse","floor":3.0,"turns":2.0},{"damage":24.0,"enemies":"Gremlin Nob","floor":6.0,"turns":5.0},{"damage":34.0,"enemies":"3 Sentries","floor":8.0,"turns":15.0},{"damage":0.0,"enemies":"Jaw Worm","floor":10.0,"turns":3.0},{"damage":20.0,"enemies":"Lagavulin","floor":11.0,"turns":4.0},{"damage":0.0,"enemies":"Red Slaver","floor":12.0,"turns":3.0},{"damage":4.0,"enemies":"Exordium Thugs","floor":14.0,"turns":3.0},{"damage":12.0,"enemies":"Hexaghost","floor":16.0,"turns":6.0},{"damage":0.0,"enemies":"Spheric Guardian","floor":18.0,"turns":3.0},{"damage":0.0,"enemies":"Chosen","floor":20.0,"turns":3.0},{"damage":16.0,"enemies":"Book of Stabbing","floor":23.0,"turns":4.0},{"damage":35.0,"enemies":"Slavers","floor":25.0,"turns":4.0},{"damage":30.0,"enemies":"Gremlin Leader","floor":27.0,"turns":3.0},{"damage":0.0,"enemies":"Centurion and Healer","floor":28.0,"turns":3.0},{"damage":9.0,"enemies":"Book of Stabbing","floor":29.0,"turns":2.0},{"damage":5.0,"enemies":"3 Cultists","floor":30.0,"turns":4.0},{"damage":4,"enemies":"Masked Bandits","floor":31,"turns":1}],"seed_played":"-3185716864237369088","potions_obtained":[{"floor":3.0,"key":"FairyPotion"},{"floor":8.0,"key":"Weak Potion"},{"floor":11.0,"key":"SteroidPotion"},{"floor":14.0,"key":"SpeedPotion"},{"floor":23.0,"key":"FairyPotion"},{"floor":29.0,"key":"Weak Potion"}],"is_trial":false,"path_per_floor":["M","?","M","?","T","E","R","E","T","M","E","M","$","M","R","B",null,"M","?","M","T","?","E","R","E","T","E","M","E","M","?"],"character_chosen":"THE_SILENT","items_purchased":[],"campfire_rested":0,"item_purchase_floors":[],"current_hp_per_floor":[64,64,64,57,57,40,40,6,6,6,23,23,23,19,19,7,77,77,61,61,61,61,45,54,19,19,16,16,7,2,0,0],"gold":543,"neow_bonus":"REMOVE_TWO","is_daily":false,"chose_seed":false,"campfire_upgraded":0,"win_rate":0.0,"timestamp":1611247097,"path_taken":["M","?","M","?","?","E","R","E","T","M","E","?","?","M","R","BOSS","M","?","M","?","?","E","R","E","T","E","M","E","M","?"],"items_purchased_type":[],"build_version":"2020-12-22","purchased_purges":1,"victory":false,"max_hp_per_floor":[70,70,70,70,70,77,77,77,77,77,77,77,77,77,77,77,77,77,77,77,77,77,77,77,77,77,77,77,77,77,77,77],"card_choices":[{"not_picked":["Bane","Flying Knee"],"picked":"Poisoned Stab","floor":1.0},{"not_picked":["Heel Hook","Bane","Sucker Punch"],"picked":"SKIP","floor":3.0},{"not_picked":["Bane","Backflip"],"picked":"Bullet Time","floor":6.0},{"not_picked":["Poisoned Stab","Backflip"],"picked":"Bouncing Flask","floor":8.0},{"not_picked":["Bane","Slice","PiercingWail"],"picked":"SKIP","floor":10.0},{"not_picked":["Blade Dance","Deflect"],"picked":"Deadly Poison","floor":11.0},{"not_picked":["Underhanded Strike","Quick Slash"],"picked":"Tools of the Trade","floor":12.0},{"not_picked":["Heel Hook","Sucker Punch"],"picked":"Prepared","floor":14.0},{"not_picked":["Tools of the Trade","Corpse Explosion"],"picked":"Envenom","floor":16.0},{"not_picked":["Infinite Blades","Quick Slash"],"picked":"Deadly Poison+1","floor":18.0},{"not_picked":["Acrobatics+1","Outmaneuver"],"picked":"Burst","floor":20.0},{"not_picked":["All Out Attack","Bane","Blade Dance"],"picked":"SKIP","floor":23.0},{"not_picked":["Deflect+1","Deadly Poison"],"picked":"Catalyst","floor":25.0},{"not_picked":["Dagger Throw","Infinite Blades"],"picked":"Well Laid Plans","floor":27.0},{"not_picked":["Quick Slash","Infinite Blades+1"],"picked":"Bouncing Flask","floor":28.0},{"not_picked":["Reflex+1","Footwork"],"picked":"Backflip+1","floor":29.0},{"not_picked":["Slice+1","Bane+1","Reflex"],"picked":"SKIP","floor":30.0}],"player_experience":269648,"relics_obtained":[{"floor":5.0,"key":"Shovel"},{"floor":6.0,"key":"Strawberry"},{"floor":7.0,"key":"Snake Skull"},{"floor":8.0,"key":"Mercury Hourglass"},{"floor":9.0,"key":"Tiny Chest"},{"floor":11.0,"key":"CaptainsWheel"},{"floor":15.0,"key":"Boot"},{"floor":19.0,"key":"Necronomicon"},{"floor":21.0,"key":"MealTicket"},{"floor":23.0,"key":"MawBank"},{"floor":23.0,"key":"Eternal Feather"},{"floor":24.0,"key":"Ninja Scroll"},{"floor":25.0,"key":"Bag of Marbles"},{"floor":25.0,"key":"Centennial Puzzle"},{"floor":26.0,"key":"Akabeko"},{"floor":27.0,"key":"PreservedInsect"},{"floor":27.0,"key":"Gremlin Horn"},{"floor":29.0,"key":"The Courier"},{"floor":29.0,"key":"Tingsha"}],"event_choices":[{"cards_removed":["Strike_G"],"damage_healed":0.0,"max_hp_gain":0.0,"max_hp_loss":0.0,"gold_gain":0.0,"event_name":"Living Wall","player_choice":"Forget","floor":2.0,"gold_loss":0.0,"damage_taken":0.0},{"cards_removed":["Defend_G"],"damage_healed":0.0,"max_hp_gain":0.0,"max_hp_loss":0.0,"gold_gain":0.0,"event_name":"Golden Wing","player_choice":"Card Removal","floor":4.0,"gold_loss":0.0,"damage_taken":7.0},{"damage_healed":0.0,"max_hp_gain":0.0,"max_hp_loss":0.0,"gold_gain":0.0,"event_name":"Cursed Tome","player_choice":"Obtained Book","floor":19.0,"gold_loss":0.0,"damage_taken":16.0},{"cards_removed":["Strike_G"],"damage_healed":0.0,"max_hp_gain":0.0,"max_hp_loss":0.0,"gold_gain":0.0,"event_name":"Back to Basics","player_choice":"Elegance","floor":22.0,"gold_loss":0.0,"damage_taken":0.0},{"damage_healed":0,"gold_gain":0,"player_choice":"Fought Bandits","damage_taken":0,"max_hp_gain":0,"max_hp_loss":0,"event_name":"Masked Bandits","floor":31,"gold_loss":0}],"is_beta":false,"boss_relics":[{"not_picked":["HoveringKite","Ring of the Serpent"],"picked":"Black Star"}],"items_purged_floors":[13],"is_endless":false,"potions_floor_spawned":[3,8,11,14,23,29],"killed_by":"Masked Bandits","ascension_level":4}}