{"host":"9c969dq3azt3tjy5","time":1611192503,"event":{"mods":["AchievementEnabler","BaseMod","Colored Powertips","Minty Spire (QoL Compilation)","Quick Restart","Rare Cards Sparkle","Waifu the Spire"],"gold_per_floor":[109,109,109,25,35,35,68,78,78,78,95,109,135,145,145,244,244,263,280,280,280,296,296,315,332,355,355,355,369,219,229,229,229,229],"floor_reached":33,"language":"RUS","playtime":1063,"items_purged":[],"score":286,"play_id":"f534f306-4db1-43e1-bf5b-2f4fd63a1469","local_time":"20210121132823","is_ascension_mode":false,"campfire_choices":[{"data":"Bash","floor":6,"key":"SMITH"},{"data":"Ghostly Armor","floor":10,"key":"SMITH"},{"data":"Whirlwind","floor":15,"key":"SMITH"},{"floor":23,"key":"REST"},{"data":"Shrug It Off","floor":32,"key":"SMITH"}],"circlet_count":0,"master_deck":["Strike_R+1","Strike_R+1","Strike_R+1","Strike_R+1","Strike_R+1","Defend_R+1","Defend_R+1","Defend_R+1","Defend_R+1","Bash+1","Ghostly Armor+1","Reaper","Whirlwind+1","Corruption","Shrug It Off+1","Entrench+1","Shrug It Off","Limit Break"],"relics":["Burning Blood","NeowsBlessing","Kunai","Omamori","Letter Opener","Du-Vu Doll","Black Star","Whetstone","Lee\u0027s Waffle"],"acts_visited":["Exordium","TheCity"],"potions_floor_usage":[14,16,22,25],"damage_taken":[{"damage":0,"enemies":"Small Slimes","floor":1,"turns":1},{"damage":0,"enemies":"Jaw Worm","floor":5,"turns":1},{"damage":0,"enemies":"3 Sentries","floor":7,"turns":1},{"damage":0,"enemies":"Cultist","floor":8,"turns":3},{"damage":12,"enemies":"Lots of Slimes","floor":11,"turns":5},{"damage":2,"enemies":"Looter","floor":12,"turns":3},{"damage":25,"enemies":"Gremlin Nob","floor":13,"turns":5},{"damage":0,"enemies":"3 Louse","floor":14,"turns":1},{"damage":64,"enemies":"Slime Boss","floor":16,"turns":13},{"damage":0,"enemies":"3 Byrds","floor":18,"turns":4},{"damage":44,"enemies":"Shell Parasite","floor":19,"turns":8},{"damage":18,"enemies":"Chosen and Byrds","floor":22,"turns":4},{"damage":33,"enemies":"Snake Plant","floor":24,"turns":6},{"damage":31,"enemies":"Cultist and Chosen","floor":25,"turns":7},{"damage":8,"enemies":"Snecko","floor":29,"turns":4},{"damage":26,"enemies":"Centurion and Healer","floor":31,"turns":13},{"damage":0,"enemies":"Collector","floor":33,"turns":2}],"seed_played":"1940999357309620871","potions_obtained":[{"floor":1,"key":"Strength Potion"},{"floor":7,"key":"Strength Potion"},{"floor":13,"key":"AttackPotion"},{"floor":18,"key":"DistilledChaos"},{"floor":24,"key":"PowerPotion"},{"floor":25,"key":"FearPotion"},{"floor":29,"key":"Block Potion"}],"is_trial":false,"path_per_floor":["M","?","$","?","M","R","E","M","T","R","M","M","E","M","R","B",null,"M","M","$","?","M","R","M","M","T","?","?","M","$","M","R","B"],"character_chosen":"IRONCLAD","items_purchased":["Lee\u0027s Waffle"],"campfire_rested":1,"item_purchase_floors":[30],"current_hp_per_floor":[80,64,64,64,70,70,76,80,80,80,74,78,65,71,71,25,80,80,42,42,42,30,54,27,14,14,14,14,12,87,73,73,73,73],"gold":229,"neow_bonus":"THREE_ENEMY_KILL","is_daily":false,"chose_seed":false,"campfire_upgraded":4,"win_rate":0.0,"timestamp":1611192503,"path_taken":["M","?","$","?","?","R","E","M","T","R","M","M","E","?","R","BOSS","M","M","$","?","M","R","M","M","T","?","?","?","$","M","R","BOSS"],"items_purchased_type":["Relic"],"build_version":"2020-12-22","purchased_purges":0,"victory":false,"max_hp_per_floor":[80,80,80,80,80,80,80,80,80,80,80,80,80,80,80,80,80,80,80,80,80,80,80,80,80,80,80,80,80,87,87,87,87,87],"card_choices":[{"not_picked":["Dual Wield","Dark Embrace"],"picked":"Ghostly Armor","floor":1},{"not_picked":["Seeing Red","Clothesline","Twin Strike"],"picked":"SKIP","floor":5},{"not_picked":["Hemokinesis","Pommel Strike","Rampage"],"picked":"SKIP","floor":7},{"not_picked":["Pommel Strike","Anger","Twin Strike"],"picked":"SKIP","floor":8},{"not_picked":["Warcry","Combust","Anger"],"picked":"SKIP","floor":11},{"not_picked":["Combust","Cleave"],"picked":"Reaper","floor":12},{"not_picked":["Iron Wave","Anger"],"picked":"Whirlwind","floor":13},{"not_picked":["Armaments","Perfected Strike","Pommel Strike"],"picked":"SKIP","floor":14},{"not_picked":["Juggernaut","Reaper"],"picked":"Corruption","floor":16},{"not_picked":["Heavy Blade+1","Twin Strike","Body Slam"],"picked":"SKIP","floor":18},{"not_picked":["Wild Strike","Flame Barrier+1","Blood for Blood+1"],"picked":"SKIP","floor":19},{"not_picked":["Wild Strike","Reckless Charge+1"],"picked":"Shrug It Off","floor":22},{"not_picked":["Havoc","True Grit"],"picked":"Entrench+1","floor":24},{"not_picked":["Iron Wave","Wild Strike"],"picked":"Shrug It Off","floor":25},{"not_picked":["Anger","Rampage+1"],"picked":"Limit Break","floor":29},{"not_picked":["Anger","True Grit+1","Rampage"],"picked":"SKIP","floor":31}],"player_experience":184033,"relics_obtained":[{"floor":7,"key":"Omamori"},{"floor":9,"key":"Letter Opener"},{"floor":13,"key":"Du-Vu Doll"},{"floor":26,"key":"Whetstone"}],"event_choices":[{"damage_healed":0,"gold_gain":0,"player_choice":"Entered Light","damage_taken":16,"max_hp_gain":0,"max_hp_loss":0,"event_name":"Shining Light","floor":2,"gold_loss":0,"cards_upgraded":["Strike_R","Defend_R"]},{"damage_healed":0,"gold_gain":0,"player_choice":"Paid Gold","damage_taken":0,"relics_obtained":["Kunai"],"max_hp_gain":0,"max_hp_loss":0,"event_name":"WeMeetAgain","floor":4,"gold_loss":84},{"damage_healed":0,"gold_gain":0,"player_choice":"Ignored","damage_taken":0,"max_hp_gain":0,"max_hp_loss":0,"event_name":"Vampires","floor":21,"gold_loss":0},{"damage_healed":0,"gold_gain":0,"player_choice":"Simplicity","damage_taken":0,"max_hp_gain":0,"max_hp_loss":0,"event_name":"Back to Basics","floor":27,"gold_loss":0,"cards_upgraded":["Strike_R","Strike_R","Defend_R","Defend_R","Defend_R"]},{"damage_healed":0,"gold_gain":0,"player_choice":"Ignored","damage_taken":0,"max_hp_gain":0,"max_hp_loss":0,"event_name":"Beggar","floor":28,"gold_loss":0}],"is_beta":false,"boss_relics":[{"not_picked":["Empty Cage","Snecko Eye"],"picked":"Black Star"}],"items_purged_floors":[],"is_endless":false,"potions_floor_spawned":[1,7,13,18,24,25,29],"killed_by":"Collector","ascension_level":0}}