{"host":"z4nt7tdd4gjrinn7","time":1611187629,"event":{"mods":["100% Spire Juice","BaseMod","Minty Spire (QoL Compilation)","StSLib"],"gold_per_floor":[118,118,118,187,142,171,186,202,202,202,216,227,192,204,204,301,351,371,219,230,230,230,263,263,117,117,117,117,117,117,70,70,166,166,185,185,199,47,65,65,77,77,77,112,112,33,33,49,49,49],"floor_reached":51,"language":"ENG","playtime":2798,"items_purged":[],"score":791,"play_id":"57eb778c-97df-4f03-a14f-e01cc57bc408","local_time":"20210120190709","is_ascension_mode":false,"campfire_choices":[{"data":"Cloak And Dagger","floor":10.0,"key":"SMITH"},{"floor":15.0,"key":"REST"},{"data":"Corpse Explosion","floor":24.0,"key":"SMITH"},{"data":"1","floor":29.0,"key":"LIFT"},{"floor":32.0,"key":"REST"},{"data":"2","floor":40.0,"key":"LIFT"},{"floor":42.0,"key":"REST"},{"data":"Accuracy","floor":47.0,"key":"SMITH"},{"floor":49,"key":"REST"}],"circlet_count":0,"master_deck":["Strike_G","Strike_G","Strike_G","Strike_G","Defend_G","Defend_G","Defend_G","Defend_G+1","Defend_G","Survivor","Neutralize","Cloak And Dagger","Cloak And Dagger+1","Sucker Punch","Underhanded Strike","Bane","PiercingWail","Deadly Poison","Backstab","Corpse Explosion+1","Poisoned Stab","Terror","Backstab+1","Dash","Blade Dance","Venomology","Poisoned Stab+1","Backstab+1","Infinite Blades","Blade Dance+1","Deflect+1","Regret","Cloak And Dagger+1","Accuracy+1","Infinite Blades+1"],"relics":["Ring of the Snake","NeowsBlessing","Question Card","Gremlin Horn","Shuriken","Tiny House","TwistedFunnel","MutagenicStrength","Unceasing Top","Lantern","Girya","Cursed Key","PreservedInsect","Pear","Orichalcum"],"acts_visited":["Exordium","TheCity","TheBeyond"],"potions_floor_usage":[50,50],"damage_taken":[{"damage":0.0,"enemies":"Cultist","floor":1.0,"turns":1.0},{"damage":0.0,"enemies":"3 Sentries","floor":6.0,"turns":2.0},{"damage":0.0,"enemies":"Small Slimes","floor":7.0,"turns":1.0},{"damage":0.0,"enemies":"Jaw Worm","floor":8.0,"turns":4.0},{"damage":0.0,"enemies":"Lots of Slimes","floor":11.0,"turns":3.0},{"damage":17.0,"enemies":"Gremlin Gang","floor":12.0,"turns":4.0},{"damage":12.0,"enemies":"3 Louse","floor":14.0,"turns":2.0},{"damage":20.0,"enemies":"The Guardian","floor":16.0,"turns":11.0},{"damage":24.0,"enemies":"2 Thieves","floor":18.0,"turns":3.0},{"damage":2.0,"enemies":"Shell Parasite","floor":20.0,"turns":5.0},{"damage":0.0,"enemies":"Slavers","floor":23.0,"turns":1.0},{"damage":13.0,"enemies":"Colosseum Slavers","floor":28.0,"turns":2.0},{"damage":37.0,"enemies":"Collector","floor":33.0,"turns":7.0},{"damage":4.0,"enemies":"Orb Walker","floor":35.0,"turns":2.0},{"damage":5.0,"enemies":"3 Shapes","floor":37.0,"turns":4.0},{"damage":0.0,"enemies":"Sphere and 2 Shapes","floor":39.0,"turns":1.0},{"damage":18.0,"enemies":"3 Darklings","floor":41.0,"turns":3.0},{"damage":1.0,"enemies":"Giant Head","floor":44.0,"turns":3.0},{"damage":1,"enemies":"Transient","floor":48,"turns":5},{"damage":52,"enemies":"Time Eater","floor":50,"turns":6}],"seed_played":"7903997567924826132","potions_obtained":[{"floor":11.0,"key":"LiquidBronze"},{"floor":12.0,"key":"CultistPotion"},{"floor":17.0,"key":"EntropicBrew"},{"floor":20.0,"key":"CunningPotion"},{"floor":33.0,"key":"PowerPotion"},{"floor":37.0,"key":"Poison Potion"},{"floor":41.0,"key":"Block Potion"}],"is_trial":false,"path_per_floor":["M","$","?","T","$","E","M","M","T","R","M","M","?","M","R","B",null,"M","$","M","?","?","E","R","$","T","?","?","R","$","$","R","B",null,"M","?","M","$","M","R","M","R","T","E","?","$","R","M","R","B",null],"character_chosen":"THE_SILENT","items_purchased":["Cloak And Dagger","TwistedFunnel","Lantern","Blade Dance","PreservedInsect","Accuracy"],"campfire_rested":4,"item_purchase_floors":[5,19,25,31,38,46],"current_hp_per_floor":[70,70,70,70,70,70,70,70,70,70,70,53,70,58,70,50,75,51,51,49,74,74,74,74,74,74,74,61,61,61,61,75,38,75,71,71,66,66,66,66,48,70,80,79,79,79,79,78,85,33],"gold":49,"neow_bonus":"THREE_ENEMY_KILL","is_daily":false,"chose_seed":false,"campfire_upgraded":3,"win_rate":0.0,"timestamp":1611187629,"path_taken":["M","?","?","?","$","E","?","M","T","R","M","?","?","M","R","BOSS","M","$","M","?","?","E","R","?","T","?","?","R","?","$","R","BOSS","M","?","M","?","M","R","M","R","T","E","?","$","R","M","R","BOSS"],"items_purchased_type":["Card","Relic","Relic","Card","Relic","Card"],"build_version":"2020-12-22","purchased_purges":0,"victory":true,"max_hp_per_floor":[70,70,70,70,70,70,70,70,70,70,70,70,70,70,70,70,75,75,75,75,75,75,75,75,75,75,75,75,75,75,75,75,75,75,75,75,75,75,75,75,75,75,85,85,85,85,85,85,85,85],"card_choices":[{"not_picked":["Escape Plan","Leg Sweep"],"picked":"Cloak And Dagger","floor":1.0},{"not_picked":["Quick Slash","Flying Knee","Dagger Throw"],"picked":"Sucker Punch","floor":6.0},{"not_picked":["Tactician","Masterful Stab","Backflip"],"picked":"Underhanded Strike","floor":7.0},{"not_picked":["Outmaneuver","Sucker Punch","Dodge and Roll"],"picked":"Bane","floor":8.0},{"not_picked":["Night Terror","Sucker Punch","Eviscerate"],"picked":"PiercingWail","floor":11.0},{"not_picked":["Acrobatics","Outmaneuver","Calculated Gamble"],"picked":"Deadly Poison","floor":12.0},{"not_picked":["Deadly Poison","Terror","Sucker Punch"],"picked":"Backstab","floor":14.0},{"not_picked":["Storm of Steel","After Image","Venomology"],"picked":"Corpse Explosion","floor":16.0},{"not_picked":["Flying Knee","Dagger Spray","Deflect"],"picked":"Poisoned Stab","floor":17.0},{"not_picked":["Masterful Stab","Cloak And Dagger","Flying Knee"],"picked":"Terror","floor":18.0},{"not_picked":["Finisher","Cloak And Dagger","Sucker Punch"],"picked":"Backstab+1","floor":20.0},{"not_picked":["Footwork","Choke","Prepared"],"picked":"Dash","floor":23.0},{"not_picked":["Malaise","Night Terror","Wraith Form v2"],"picked":"Venomology","floor":33.0},{"not_picked":["Flying Knee+1","Distraction","Bouncing Flask"],"picked":"Poisoned Stab+1","floor":35.0},{"not_picked":["Slice","Flying Knee","Dash+1"],"picked":"Infinite Blades","floor":37.0},{"not_picked":["Flying Knee+1","Well Laid Plans","Acrobatics"],"picked":"Blade Dance+1","floor":39.0},{"not_picked":["Dagger Spray","Glass Knife","Skewer"],"picked":"Deflect+1","floor":41.0},{"not_picked":["Outmaneuver+1","Bane","Well Laid Plans+1"],"picked":"Cloak And Dagger+1","floor":44.0},{"not_picked":["Poisoned Stab","Quick Slash+1","Acrobatics"],"picked":"Infinite Blades+1","floor":48}],"player_experience":131308,"relics_obtained":[{"floor":4.0,"key":"Question Card"},{"floor":6.0,"key":"Gremlin Horn"},{"floor":9.0,"key":"Shuriken"},{"floor":23.0,"key":"Unceasing Top"},{"floor":26.0,"key":"Girya"},{"floor":43.0,"key":"Pear"},{"floor":44.0,"key":"Orichalcum"}],"event_choices":[{"damage_healed":0.0,"max_hp_gain":0.0,"max_hp_loss":0.0,"gold_gain":0.0,"event_name":"Scrap Ooze","player_choice":"Fled","floor":3.0,"gold_loss":0.0,"damage_taken":0.0},{"damage_healed":17.0,"max_hp_gain":0.0,"max_hp_loss":0.0,"gold_gain":0.0,"event_name":"The Cleric","player_choice":"Healed","floor":13.0,"gold_loss":35.0,"damage_taken":0.0},{"damage_healed":25.0,"max_hp_gain":0.0,"max_hp_loss":0.0,"gold_gain":0.0,"event_name":"The Library","player_choice":"Heal","floor":21.0,"gold_loss":0.0,"damage_taken":0.0},{"damage_healed":0.0,"max_hp_gain":0.0,"max_hp_loss":0.0,"gold_gain":0.0,"event_name":"Drug Dealer","player_choice":"Inject Mutagens","floor":22.0,"gold_loss":0.0,"damage_taken":0.0,"relics_obtained":["MutagenicStrength"]},{"damage_healed":0.0,"max_hp_gain":0.0,"max_hp_loss":0.0,"gold_gain":0.0,"event_name":"Beggar","player_choice":"Ignored","floor":27.0,"gold_loss":0.0,"damage_taken":0.0},{"damage_healed":0.0,"max_hp_gain":0.0,"max_hp_loss":0.0,"gold_gain":0.0,"event_name":"Colosseum","player_choice":"Fight","floor":28.0,"gold_loss":0.0,"damage_taken":0.0},{"damage_healed":0.0,"max_hp_gain":0.0,"max_hp_loss":0.0,"gold_gain":0.0,"event_name":"Colosseum","player_choice":"Fled From Nobs","floor":28.0,"gold_loss":0.0,"damage_taken":0.0},{"damage_healed":0.0,"max_hp_gain":0.0,"max_hp_loss":0.0,"gold_gain":0.0,"event_name":"Duplicator","player_choice":"Copied","floor":36.0,"gold_loss":0.0,"damage_taken":0.0,"cards_obtained":["Backstab"]},{"cards_removed":["Strike_G"],"damage_healed":0.0,"max_hp_gain":0.0,"max_hp_loss":0.0,"gold_gain":0.0,"event_name":"Falling","player_choice":"Removed Attack","floor":45.0,"gold_loss":0.0,"damage_taken":0.0}],"is_beta":false,"boss_relics":[{"not_picked":["Coffee Dripper","Sozu"],"picked":"Tiny House"},{"not_picked":["Runic Pyramid","Runic Dome"],"picked":"Cursed Key"}],"items_purged_floors":[],"is_endless":false,"potions_floor_spawned":[11,12,20,23,33,37,39,41],"ascension_level":0}}