{"host":"rz8ryyppw1rffr47","time":1611253162,"event":{"mods":["BaseMod","BetterRewards","Googly Eyes","Minty Spire (QoL Compilation)","Quick Restart","Replay The Spire","StSLib","everything is the same but u backflip on backflip","slay the spire mod where everything is the same but ironclad has a cowboy hat"],"gold_per_floor":[118,134,134,145,145,173,191,191,191,208,220,255,50,50,50,154,154,144,154,112,37,37,65,76,76,76],"floor_reached":25,"language":"ENG","playtime":1087,"items_purged":["Delirium"],"score":233,"play_id":"38fa424e-3b28-4b74-82e2-2ca6e7adc637","local_time":"20210121181922","is_ascension_mode":false,"campfire_choices":[{"data":"Disarm","floor":8,"key":"SMITH"},{"floor":15,"key":"REST"}],"circlet_count":0,"master_deck":["Strike_R","Strike_R","Strike_R","Defend_R","Defend_R","Defend_R","Defend_R","Bash","ReplayTheSpireMod:Limb From Limb+1","Evolve","Battle Trance","Run Through+1","Disarm+1","Sword Boomerang","Thunderclap","Blood for Blood","Cleave","Spot Weakness"],"relics":["Burning Blood","NeowsBlessing","Blue Doll","Bag of Preparation","ReplayTheSpireMod:Shallot","Membership Card","Ring of Chaos","ReplayTheSpireMod:CursedCoin","TungstenRod","ReplayTheSpireMod:Ninjato"],"acts_visited":["Exordium","TheCity"],"potions_floor_usage":[6,6,12,16,23,23,25],"damage_taken":[{"damage":0,"enemies":"2 Louse","floor":1,"turns":1},{"damage":0,"enemies":"Cultist","floor":2,"turns":1},{"damage":0,"enemies":"Jaw Worm","floor":4,"turns":1},{"damage":18,"enemies":"3 Sentries","floor":6,"turns":5},{"damage":17,"enemies":"Gremlin Gang","floor":7,"turns":6},{"damage":24,"enemies":"Lots of Slimes","floor":10,"turns":5},{"damage":8,"enemies":"Blue Slaver","floor":11,"turns":5},{"damage":34,"enemies":"Gremlin Nob","floor":12,"turns":5},{"damage":40,"enemies":"Fading Forest","floor":16,"turns":11},{"damage":25,"enemies":"2 Thieves","floor":18,"turns":4},{"damage":16,"enemies":"Shell Parasite","floor":19,"turns":6},{"damage":22,"enemies":"Book of Stabbing","floor":23,"turns":7},{"damage":12,"enemies":"Snecko","floor":24,"turns":4},{"damage":29,"enemies":"3 Cultists","floor":25,"turns":4}],"seed_played":"-8265011932740043811","potions_obtained":[{"floor":1,"key":"CultistPotion"},{"floor":2,"key":"AttackPotion"},{"floor":7,"key":"BloodPotion"},{"floor":16,"key":"Strength Potion"},{"floor":19,"key":"LiquidBronze"},{"floor":24,"key":"AttackPotion"}],"is_trial":false,"path_per_floor":["M","M","?","M","?","E","M","R","T","M","M","E","$","?","R","B",null,"M","M","$","?","?","E","M","M"],"character_chosen":"IRONCLAD","items_purchased":["Membership Card","CultistPotion","ReplayTheSpireMod:CursedCoin","TungstenRod"],"campfire_rested":1,"item_purchase_floors":[13,13,20,20],"current_hp_per_floor":[80,80,80,80,80,68,57,57,57,39,37,25,25,25,49,25,80,61,51,51,51,51,35,29,0,0],"gold":76,"neow_bonus":"THREE_ENEMY_KILL","is_daily":false,"chose_seed":false,"campfire_upgraded":1,"win_rate":0.0,"timestamp":1611253162,"path_taken":["M","M","?","?","?","E","M","R","T","?","M","E","?","?","R","BOSS","M","M","$","?","?","E","M","M"],"items_purchased_type":["Relic","Potion","Relic","Relic"],"build_version":"2020-12-22","purchased_purges":1,"victory":false,"max_hp_per_floor":[80,80,80,80,80,80,80,80,80,80,80,80,80,80,80,80,80,80,80,80,80,80,80,80,80,80],"card_choices":[{"not_picked":["Wild Strike","Warcry"],"picked":"ReplayTheSpireMod:Limb From Limb","floor":1},{"not_picked":["Havoc","True Grit"],"picked":"Evolve","floor":2},{"not_picked":["Headbutt","ReplayTheSpireMod:Strike From Hell"],"picked":"Battle Trance","floor":4},{"not_picked":["Defy Death","Hemokinesis"],"picked":"Run Through","floor":6},{"not_picked":["Havoc","Clothesline"],"picked":"Disarm","floor":7},{"not_picked":["Bludgeon","Warcry"],"picked":"Sword Boomerang","floor":10},{"not_picked":["Run Through","Clash"],"picked":"Thunderclap","floor":11},{"not_picked":["Uppercut","Defy Death","Clothesline"],"picked":"SKIP","floor":12},{"not_picked":["ReplayTheSpireMod:Muscle Training","Intimidate+1"],"picked":"Blood for Blood","floor":18},{"not_picked":["Reckless Charge","Body Slam+1","Hemokinesis"],"picked":"SKIP","floor":19},{"not_picked":["Headbutt","Life Link"],"picked":"Spot Weakness","floor":23},{"not_picked":["Thunderclap","Ghostly Armor","Armaments"],"picked":"SKIP","floor":24}],"player_experience":353963,"relics_obtained":[{"floor":6,"key":"Blue Doll"},{"floor":9,"key":"Bag of Preparation"},{"floor":12,"key":"ReplayTheSpireMod:Shallot"},{"floor":23,"key":"ReplayTheSpireMod:Ninjato"}],"event_choices":[{"damage_healed":0,"gold_gain":0,"player_choice":"Upgraded","damage_taken":0,"max_hp_gain":0,"max_hp_loss":0,"event_name":"Upgrade Shrine","floor":3,"gold_loss":0,"cards_upgraded":["ReplayTheSpireMod:Limb From Limb"]},{"cards_removed":["Strike_R"],"damage_healed":0,"gold_gain":0,"player_choice":"Offered Basic","damage_taken":0,"max_hp_gain":0,"max_hp_loss":0,"event_name":"Bonfire Elementals","floor":5,"gold_loss":0},{"cards_removed":["Strike_R"],"damage_healed":0,"gold_gain":0,"player_choice":"Gave Gold","damage_taken":0,"max_hp_gain":0,"max_hp_loss":0,"event_name":"Beggar","floor":21,"gold_loss":75},{"damage_healed":0,"gold_gain":0,"player_choice":"Read","damage_taken":0,"max_hp_gain":0,"max_hp_loss":0,"event_name":"The Library","floor":22,"gold_loss":0,"cards_obtained":["Cleave"]}],"is_beta":false,"boss_relics":[{"not_picked":["Coffee Dripper","Fusion Hammer"],"picked":"Ring of Chaos"}],"items_purged_floors":[20],"is_endless":false,"potions_floor_spawned":[1,2,7,16,19,24],"killed_by":"3 Cultists","ascension_level":0}}