{"host":"5c1rfni4ms1ztn71","time":1611249084,"event":{"mods":["100% Spire Juice","AchievementEnabler","BaseMod","ChefMod","Duelist Mod","Hermit","Hubris","Infinite Spire","Jorbs\u0027s Wanderer Trilogy","Marisa????????","Minty Spire (QoL Compilation)","Potionbrewer","Replay The Spire","Robot Space Explorer","SOS???????","Somnambulant","StSLib","Td1madao Mod","The Administrix","The Animator","The Bladedancer","The Bug Knight","The Construct","The Cursed","The Death Knight","The Disciple","The Forsaken","The Hierophant","The Mystic","The Necromancer","The Poker Player","The Runesmith","The Senshi","The Servant 0.9.4","The Wild Card","???Mod??????Boss"],"gold_per_floor":[141,153,228,241,257,273,273,293,320,333,333,3,3,21,21,21,21],"floor_reached":16,"language":"ENG","playtime":887,"items_purged":[],"score":96,"play_id":"b5cd9218-8adb-4dee-a542-2f1cc5e053d4","local_time":"20210121121124","is_ascension_mode":false,"campfire_choices":[{"data":"theDuelist:ToonGeminiElf","floor":11,"key":"SMITH"},{"data":"theDuelist:ToonKingdom","floor":13,"key":"SMITH"},{"data":"theDuelist:ToonSummonedSkull","floor":15,"key":"SMITH"}],"circlet_count":0,"master_deck":["theDuelist:ToonWorld+1","theDuelist:CastleWalls","theDuelist:CastleWalls","theDuelist:DarkSparks","theDuelist:MangaRyuRan","theDuelist:Sparks","theDuelist:Sparks","theDuelist:ToonAncientGear","theDuelist:ToonMermaid","theDuelist:ToonSummonedSkull+1","theDuelist:HeartUnderdog","theDuelist:ToonMask","theDuelist:ToonGeminiElf+1","theDuelist:ToonAncientGear","theDuelist:PreventRat","theDuelist:PotGenerosity","theDuelist:FlyingSaucer","theDuelist:ToonKingdom+1","theDuelist:ToonTable"],"relics":["theDuelist:MillenniumPuzzle","theDuelist:CardPoolRelic","theDuelist:CardPoolBasicRelic","theDuelist:BoosterPackPoolRelic","theDuelist:CardPoolAddRelic","theDuelist:CardPoolMinusRelic","theDuelist:CardPoolSaveRelic","theDuelist:CardPoolOptionsRelic","NeowsBlessing","hubris:AncientText","Garlic"],"acts_visited":["Exordium"],"potions_floor_usage":[],"damage_taken":[{"damage":1,"enemies":"Jaw Worm","floor":1,"turns":1},{"damage":3,"enemies":"Small Slimes","floor":2,"turns":2},{"damage":1,"enemies":"2 Louse","floor":4,"turns":1},{"damage":11,"enemies":"Exordium Wildlife","floor":5,"turns":2},{"damage":4,"enemies":"Lots of Slimes","floor":6,"turns":2},{"damage":11,"enemies":"2 Fungi Beasts","floor":8,"turns":3},{"damage":3,"enemies":"Exordium Thugs","floor":10,"turns":3},{"damage":7,"enemies":"3 Louse","floor":14,"turns":2},{"damage":5,"enemies":"Fading Forest","floor":16,"turns":2}],"seed_played":"-5568546393410021596","potions_obtained":[{"floor":2,"key":"AttackPotion"},{"floor":5,"key":"BlessingOfTheForge"},{"floor":8,"key":"Dexterity Potion"}],"is_trial":false,"path_per_floor":["M","M","?","M","M","M","?","M","T","M","R","$","R","M","R","B"],"character_chosen":"THE_DUELIST","items_purchased":["Garlic","theDuelist:ToonKingdom"],"campfire_rested":0,"item_purchase_floors":[12,12],"current_hp_per_floor":[79,76,65,64,53,49,75,64,64,61,61,61,61,54,54,49,49],"gold":21,"neow_bonus":"THREE_ENEMY_KILL","is_daily":false,"chose_seed":false,"campfire_upgraded":3,"win_rate":0.0,"timestamp":1611249084,"path_taken":["M","M","?","M","M","M","?","M","T","M","R","$","R","M","R","BOSS"],"items_purchased_type":["Relic","Card"],"build_version":"2020-12-22","purchased_purges":0,"victory":false,"max_hp_per_floor":[80,80,80,80,80,80,80,80,80,80,80,80,80,80,80,80,80],"card_choices":[{"not_picked":["theDuelist:AncientGearFist","theDuelist:ComicHand","theDuelist:GiantTrunade","theDuelist:ToonRollback"],"picked":"theDuelist:HeartUnderdog","floor":1},{"not_picked":["theDuelist:CheerfulCoffin","theDuelist:GiantTrunade","theDuelist:ToonCannonSoldier","theDuelist:ToonSummonedSkull"],"picked":"theDuelist:ToonMask","floor":2},{"not_picked":["theDuelist:SpellShatteringArrow","theDuelist:CheerfulCoffin","theDuelist:ToonBriefcase","theDuelist:BlueEyesToon"],"picked":"theDuelist:ToonGeminiElf","floor":4},{"not_picked":["theDuelist:ToonMermaid","theDuelist:FlyingSaucer","theDuelist:MangaRyuRan","theDuelist:CheerfulCoffin"],"picked":"theDuelist:ToonAncientGear","floor":5},{"not_picked":["theDuelist:BattleOx","theDuelist:BlackPendant","theDuelist:GilfordLegend","theDuelist:PotDichotomy"],"picked":"theDuelist:PreventRat","floor":6},{"not_picked":["theDuelist:MudragonSwamp","theDuelist:DokiDoki","theDuelist:Metronome","theDuelist:TheCreator"],"picked":"theDuelist:PotGenerosity","floor":8},{"not_picked":["theDuelist:RedEyesToon","theDuelist:ToonBarrelDragon","theDuelist:MangaRyuRan","theDuelist:ToonSummonedSkull"],"picked":"theDuelist:FlyingSaucer","floor":10},{"not_picked":["theDuelist:RedEyesToon","theDuelist:CheerfulCoffin","theDuelist:ToonAncientGear","theDuelist:SpellShatteringArrow"],"picked":"theDuelist:ToonTable","floor":14}],"player_experience":66613,"relics_obtained":[{"floor":9,"key":"hubris:AncientText"}],"event_choices":[{"damage_healed":0,"gold_gain":75,"player_choice":"Gather Gold","damage_taken":11,"max_hp_gain":0,"max_hp_loss":0,"event_name":"World of Goop","floor":3,"gold_loss":0},{"damage_healed":26,"gold_gain":0,"player_choice":"Banana","damage_taken":0,"max_hp_gain":0,"max_hp_loss":0,"event_name":"Big Fish","floor":7,"gold_loss":0}],"is_beta":false,"boss_relics":[],"items_purged_floors":[],"is_endless":false,"potions_floor_spawned":[2,5,8,10],"killed_by":"Fading Forest","ascension_level":0}}