{"host":"avjwtc49fhlk6kym","time":1611194953,"event":{"mods":["AchievementEnabler","BaseMod","Better Match","Better Note","Better Third Choice","Colored Map","Colored Powertips","Displayed Cursed Tome","Highlight Path","Minty Spire (QoL Compilation)","Permanent Neow","Quick Restart","StSLib"],"gold_per_floor":[111,2,21,21,21,50,50,65,65,65,65,84,84,101,101,206,206,225,150,98,111,111,111],"floor_reached":22,"language":"ENG","playtime":711,"items_purged":["Defend_P"],"score":184,"play_id":"1477de26-e8ff-4621-b1e6-fb75604206c2","local_time":"20210120210913","is_ascension_mode":false,"campfire_choices":[{"floor":7.0,"key":"REST"},{"floor":10.0,"key":"REST"},{"floor":15.0,"key":"REST"}],"circlet_count":0,"master_deck":["Defend_P","Defend_P","Defend_P","Eruption","Vigilance","MasterReality","CrushJoints+1","FearNoEvil","BowlingBash","DeusExMachina","PathToVictory","ReachHeaven","Establishment","Halt+1","CrushJoints+1","FearNoEvil+1","CrushJoints","Good Instincts","Protect","SandsOfTime+1"],"relics":["PureWater","WingedGreaves","StrikeDummy","Astrolabe"],"acts_visited":["Exordium","TheCity"],"potions_floor_usage":[22,22],"damage_taken":[{"damage":3.0,"enemies":"Cultist","floor":1.0,"turns":4.0},{"damage":6.0,"enemies":"2 Louse","floor":3.0,"turns":3.0},{"damage":44.0,"enemies":"Lagavulin","floor":6.0,"turns":6.0},{"damage":5.0,"enemies":"Jaw Worm","floor":8.0,"turns":3.0},{"damage":0.0,"enemies":"Exordium Wildlife","floor":12.0,"turns":2.0},{"damage":3.0,"enemies":"3 Louse","floor":14.0,"turns":3.0},{"damage":8.0,"enemies":"Slime Boss","floor":16.0,"turns":6.0},{"damage":27,"enemies":"3 Byrds","floor":18,"turns":6},{"damage":30,"enemies":"Chosen","floor":21,"turns":5},{"damage":45,"enemies":"Shelled Parasite and Fungi","floor":22,"turns":5}],"seed_played":"-6499557630388252414","potions_obtained":[{"floor":3.0,"key":"SneckoOil"},{"floor":8.0,"key":"FearPotion"},{"floor":14.0,"key":"Weak Potion"},{"floor":16,"key":"FairyPotion"},{"floor":18,"key":"GamblersBrew"},{"floor":21,"key":"ColorlessPotion"}],"is_trial":false,"path_per_floor":["M","$","M","$","?","E","R","M","T","R","?","M","?","M","R","B",null,"M","?","$","M","M"],"character_chosen":"WATCHER","items_purchased":["FearNoEvil","Protect"],"campfire_rested":3,"item_purchase_floors":[2,20],"current_hp_per_floor":[69,69,63,63,68,24,47,42,42,65,65,65,58,55,77,69,77,50,50,50,20,0,0],"gold":111,"neow_bonus":"ONE_RANDOM_RARE_CARD","is_daily":false,"chose_seed":false,"campfire_upgraded":0,"win_rate":0.0,"timestamp":1611194953,"path_taken":["M","$","M","?","?","E","R","M","T","R","?","?","?","M","R","BOSS","BOSS","M","?","$","M","M"],"items_purchased_type":["Card","Card"],"build_version":"2020-12-22","purchased_purges":1,"victory":false,"max_hp_per_floor":[72,72,72,72,77,77,77,77,77,77,77,77,77,77,77,77,77,77,77,77,77,77,77],"card_choices":[{"not_picked":["JustLucky","Collect"],"picked":"CrushJoints","floor":1.0},{"not_picked":["Halt","Crescendo"],"picked":"BowlingBash","floor":3.0},{"not_picked":["Prostrate","SashWhip"],"picked":"DeusExMachina","floor":6.0},{"not_picked":["FollowUp","FearNoEvil"],"picked":"PathToVictory","floor":8.0},{"not_picked":["Halt","EmptyBody","Crescendo"],"picked":"SKIP","floor":12.0},{"not_picked":["BowlingBash","EmptyFist"],"picked":"ReachHeaven","floor":14.0},{"not_picked":["LessonLearned","Blasphemy"],"picked":"Establishment","floor":16},{"not_picked":["FlyingSleeves+1","CutThroughFate"],"picked":"CrushJoints","floor":18},{"not_picked":["Mind Blast","Impatience"],"picked":"Good Instincts","floor":19},{"not_picked":["SashWhip","Alpha"],"picked":"SandsOfTime+1","floor":21}],"player_experience":396342,"relics_obtained":[{"floor":6.0,"key":"WingedGreaves"},{"floor":9.0,"key":"StrikeDummy"}],"event_choices":[{"damage_healed":0.0,"max_hp_gain":5.0,"max_hp_loss":0.0,"gold_gain":0.0,"event_name":"Big Fish","player_choice":"Donut","floor":5.0,"gold_loss":0.0,"damage_taken":0.0},{"damage_healed":0.0,"max_hp_gain":0.0,"max_hp_loss":0.0,"gold_gain":0.0,"event_name":"Upgrade Shrine","player_choice":"Upgraded","floor":11.0,"gold_loss":0.0,"damage_taken":0.0,"cards_upgraded":["CrushJoints"]},{"cards_removed":["Strike_P"],"damage_healed":0.0,"max_hp_gain":0.0,"max_hp_loss":0.0,"gold_gain":0.0,"event_name":"Golden Wing","player_choice":"Card Removal","floor":13.0,"gold_loss":0.0,"damage_taken":7.0},{"damage_healed":0,"gold_gain":0,"player_choice":"1","damage_taken":0,"max_hp_gain":0,"max_hp_loss":0,"event_name":"betterMatch:BetterMatch","floor":19,"gold_loss":0,"cards_obtained":["betterMatch:ColorlessUncommonCard"]}],"is_beta":false,"boss_relics":[{"not_picked":["Snecko Eye","Ectoplasm"],"picked":"Astrolabe"}],"items_purged_floors":[2],"is_endless":false,"potions_floor_spawned":[3,8,14,16,18,21],"killed_by":"Shelled Parasite and Fungi","ascension_level":0}}