{"host":"h3bgw7p7cb1roykn","time":1611264305,"event":{"mods":["BaseMod","Colored Map","Downfall","Minty Spire (QoL Compilation)","StSLib"],"gold_per_floor":[117,117,132,132,150,176,176,204,204,220,220,240,240,252,252,354,354,329,107,206,106,76,76,104,104,104,124,124,43,54,65,65,160,160,160,160],"floor_reached":35,"language":"ENG","playtime":1614,"items_purged":["Defend_B","Strike_B"],"score":404,"play_id":"41a46f64-5f30-42d4-a12c-8bd92ce83f01","local_time":"20210121222505","is_ascension_mode":true,"campfire_choices":[{"floor":11.0,"key":"REST"},{"floor":13.0,"key":"REST"},{"data":"Leap","floor":15.0,"key":"SMITH"},{"floor":23.0,"key":"RECALL"},{"floor":25.0,"key":"REST"},{"floor":28.0,"key":"REST"},{"floor":32,"key":"REST"}],"circlet_count":0,"master_deck":["Strike_B","Strike_B","Strike_B","Defend_B","Defend_B","Defend_B","Zap","Dualcast","Seek","Sunder","Conserve Battery","Core Surge","BootSequence","Leap+1","Streamline","Undo","Echo Form","Hologram","Double Energy","Reprogram"],"relics":["Cracked Core","Orichalcum","InkBottle","Centennial Puzzle","Pantograph","Nuclear Battery","Tiny Chest","Art of War","Snecko Eye"],"acts_visited":["Exordium","TheCity","TheBeyond"],"potions_floor_usage":[31,33],"damage_taken":[{"damage":0.0,"enemies":"Cultist","floor":1.0,"turns":3.0},{"damage":5.0,"enemies":"Small Slimes","floor":3.0,"turns":3.0},{"damage":1.0,"enemies":"Jaw Worm","floor":5.0,"turns":3.0},{"damage":40.0,"enemies":"Lagavulin","floor":6.0,"turns":6.0},{"damage":10.0,"enemies":"Gremlin Nob","floor":8.0,"turns":3.0},{"damage":0.0,"enemies":"Large Slime","floor":10.0,"turns":4.0},{"damage":0.0,"enemies":"Gremlin Gang","floor":12.0,"turns":2.0},{"damage":0.0,"enemies":"2 Fungi Beasts","floor":14.0,"turns":2.0},{"damage":56.0,"enemies":"Hexaghost","floor":16.0,"turns":12.0},{"damage":3.0,"enemies":"2 Thieves","floor":18.0,"turns":5.0},{"damage":49.0,"enemies":"Gremlin Leader","floor":24.0,"turns":9.0},{"damage":8.0,"enemies":"Shell Parasite","floor":27.0,"turns":4.0},{"damage":19.0,"enemies":"Snecko","floor":30.0,"turns":4.0},{"damage":4,"enemies":"Chosen and Byrds","floor":31,"turns":5},{"damage":41,"enemies":"Champ","floor":33,"turns":18},{"damage":52,"enemies":"3 Darklings","floor":35,"turns":6}],"seed_played":"5553452846176342617","potions_obtained":[{"floor":1.0,"key":"LiquidBronze"},{"floor":5.0,"key":"SteroidPotion"},{"floor":6.0,"key":"BlessingOfTheForge"},{"floor":7.0,"key":"Explosive Potion"},{"floor":7.0,"key":"FearPotion"},{"floor":7.0,"key":"Strength Potion"},{"floor":8.0,"key":"Explosive Potion"},{"floor":12.0,"key":"PowerPotion"},{"floor":18.0,"key":"GamblersBrew"},{"floor":22.0,"key":"Strength Potion"},{"floor":22.0,"key":"SkillPotion"},{"floor":24.0,"key":"ColorlessPotion"},{"floor":31,"key":"FearPotion"}],"is_trial":false,"path_per_floor":["M","?","M","?","M","E","?","E","T","M","R","M","R","M","R","B",null,"M","$","?","$","?","R","E","R","T","M","R","$","M","M","R","B",null,"M"],"character_chosen":"DEFECT","items_purchased":["Tiny Chest","Reprogram"],"campfire_rested":5,"item_purchase_floors":[19,29],"current_hp_per_floor":[75,57,52,75,74,34,34,24,24,24,46,46,68,68,68,19,75,72,72,72,72,72,72,23,45,45,37,59,59,40,36,58,34,75,23,23],"gold":160,"neow_bonus":"ONE_RANDOM_RARE_CARD","is_daily":false,"chose_seed":false,"campfire_upgraded":1,"win_rate":0.0,"timestamp":1611264305,"path_taken":["M","?","M","?","M","E","?","E","T","M","R","?","R","M","R","BOSS","M","?","?","$","?","R","E","R","T","?","R","$","M","M","R","BOSS","M"],"items_purchased_type":["Relic","Card"],"build_version":"2020-12-22","purchased_purges":2,"victory":false,"max_hp_per_floor":[75,75,75,75,75,75,75,75,75,75,75,75,75,75,75,75,75,75,75,75,75,75,75,75,75,75,75,75,75,75,75,75,75,75,75,75],"card_choices":[{"not_picked":["Cold Snap","Doom and Gloom"],"picked":"Sunder","floor":1.0},{"not_picked":["Redo","BootSequence"],"picked":"Conserve Battery","floor":3.0},{"not_picked":["Chaos","Rebound","Heatsinks"],"picked":"SKIP","floor":5.0},{"not_picked":["Redo","Consume"],"picked":"Core Surge","floor":6.0},{"not_picked":["Gash","Turbo"],"picked":"BootSequence","floor":8.0},{"not_picked":["Go for the Eyes","Rebound"],"picked":"Leap","floor":10.0},{"not_picked":["Compile Driver","Stack"],"picked":"Streamline","floor":12.0},{"not_picked":["Static Discharge","Redo"],"picked":"Undo","floor":14.0},{"not_picked":["Hyperbeam","Rainbow"],"picked":"Echo Form","floor":16.0},{"not_picked":["Steam","Barrage"],"picked":"Hologram","floor":18.0},{"not_picked":["Rebound","Conserve Battery"],"picked":"Double Energy","floor":24.0},{"not_picked":["Hello World+1","Go for the Eyes","Sweeping Beam"],"picked":"SKIP","floor":27.0},{"not_picked":["Turbo","Barrage","Gash"],"picked":"SKIP","floor":30.0},{"not_picked":["Gash+1","Rip and Tear","Turbo"],"picked":"SKIP","floor":31}],"player_experience":255692,"relics_obtained":[{"floor":6.0,"key":"InkBottle"},{"floor":8.0,"key":"Centennial Puzzle"},{"floor":9.0,"key":"Pantograph"},{"floor":24.0,"key":"Art of War"}],"event_choices":[{"damage_healed":0.0,"max_hp_gain":0.0,"max_hp_loss":0.0,"gold_gain":0.0,"event_name":"Scrap Ooze","player_choice":"Success","floor":2.0,"gold_loss":0.0,"damage_taken":18.0,"relics_obtained":["Orichalcum"]},{"damage_healed":25.0,"max_hp_gain":0.0,"max_hp_loss":0.0,"gold_gain":0.0,"event_name":"Big Fish","player_choice":"Banana","floor":4.0,"gold_loss":0.0,"damage_taken":0.0},{"damage_healed":0.0,"max_hp_gain":0.0,"max_hp_loss":0.0,"gold_gain":0.0,"event_name":"Lab","player_choice":"Got Potions","floor":7.0,"gold_loss":0.0,"damage_taken":0.0},{"damage_healed":0.0,"max_hp_gain":0.0,"max_hp_loss":0.0,"gold_gain":99.0,"event_name":"Nest","player_choice":"Stole From Cult","floor":20.0,"gold_loss":0.0,"damage_taken":0.0},{"damage_healed":0.0,"max_hp_gain":0.0,"max_hp_loss":0.0,"gold_gain":0.0,"event_name":"The Woman in Blue","player_choice":"Bought 2 Potions","floor":22.0,"gold_loss":0.0,"damage_taken":0.0}],"is_beta":false,"boss_relics":[{"not_picked":["Busted Crown","Calling Bell"],"picked":"Nuclear Battery"},{"not_picked":["Philosopher\u0027s Stone","Velvet Choker"],"picked":"Snecko Eye"}],"items_purged_floors":[19,21],"is_endless":false,"potions_floor_spawned":[1,5,6,8,12,18,24,31],"killed_by":"3 Darklings","ascension_level":1}}