{"host":"m1hsm1cztz438mir","time":1611199497,"event":{"mods":["2.2 Compatiblity","AchievementEnabler","Act Like it!","BaseMod","Better Altar","Better Match","Better Sensory Stone","Better Skull","Better Third Choice","Colored Map","Conjunction","Curses Come First","Halation","Minty Spire (QoL Compilation)","Permanent Neow","Relic Stats","Replay The Spire","Shop Mod","StSLib","The Bug Knight"],"gold_per_floor":[109,124,10,26,46,46,71,71,71,71,71,85,4,39,39,138,138,158,171,3,3,3,3,3],"floor_reached":23,"language":"ENG","playtime":2242,"items_purged":["Decay","Decay"],"score":219,"play_id":"36e96c74-dee9-4447-be80-7280adc16d71","local_time":"20210121032457","is_ascension_mode":true,"campfire_choices":[{"data":"HollowMod:HuntersJournal","floor":6,"key":"SMITH"},{"data":"HollowMod:HuntersJournal","floor":8,"key":"SMITH"},{"data":"HollowMod:TaintedHusks","floor":10,"key":"SMITH"},{"floor":15,"key":"REST"}],"circlet_count":0,"master_deck":["HollowMod:NailStrikeStart","HollowMod:NailStrikeStart","HollowMod:QuickDashStart","HollowMod:FocusHealStart","HollowMod:PogoStrike","HollowMod:NewGlowingWomb","HollowMod:TaintedHusks+1","HollowMod:GoodIntentions+1","HollowMod:HuntersJournal+1","HollowMod:DesolateDive","HollowMod:HuntersJournal+1","HollowMod:InfectionAssault","HollowMod:BrokenVessel","HollowMod:InfectedAttack","HollowMod:Hiveblood","Parasite","HollowMod:MonomonsArchive+1","HollowMod:MonarchWings+1","HollowMod:DungDefenderAura","Writhe"],"relics":["HollowMod:VesselMask","Regal Pillow","Matryoshka","Mirror","Kintsugi","Blue Candle"],"acts_visited":["Exordium","TheCity"],"potions_floor_usage":[5,14,14,19,23],"damage_taken":[{"damage":0,"enemies":"Cultist","floor":1,"turns":3},{"damage":10,"enemies":"Jaw Worm","floor":2,"turns":4},{"damage":16,"enemies":"Small Slimes","floor":4,"turns":5},{"damage":10,"enemies":"Exordium Thugs","floor":5,"turns":4},{"damage":28,"enemies":"3 Sentries","floor":7,"turns":8},{"damage":14,"enemies":"Lots of Slimes","floor":12,"turns":3},{"damage":4,"enemies":"Gremlin Nob","floor":14,"turns":3},{"damage":42,"enemies":"Fading Forest","floor":16,"turns":11},{"damage":47,"enemies":"Shell Parasite","floor":18,"turns":4},{"damage":17,"enemies":"3 Byrds","floor":19,"turns":3},{"damage":43,"enemies":"Book of Stabbing","floor":23,"turns":5}],"seed_played":"-7495650132702695838","potions_obtained":[{"floor":2,"key":"Flashbang"},{"floor":4,"key":"Toxic Potion"},{"floor":12,"key":"EntropicBrew"},{"floor":16,"key":"Toxic Potion"}],"is_trial":false,"path_per_floor":["M","M","$","M","M","R","E","R","T","R","?","M","$","E","R_BF","B",null,"M","M","$","?","$","E"],"character_chosen":"THE_BUGKNIGHT","items_purchased":["HollowMod:GoodIntentions+1","HollowMod:BrokenVessel","HollowMod:DungDefenderAura"],"campfire_rested":1,"item_purchase_floors":[3,13,20],"current_hp_per_floor":[89,79,79,69,65,65,43,43,43,43,43,29,29,31,72,60,89,48,43,43,43,43,0,0],"gold":3,"neow_bonus":"TWENTY_PERCENT_HP_BONUS","is_daily":false,"chose_seed":false,"campfire_upgraded":3,"win_rate":0.0,"timestamp":1611199497,"path_taken":["M","M","$","?","M","R","E","R","T","R","?","M","$","E","R_BF","BOSS","M","M","$","?","$","E"],"items_purchased_type":["Card","Card","Card"],"build_version":"2020-12-22","purchased_purges":2,"victory":false,"max_hp_per_floor":[89,89,89,89,89,89,89,89,89,89,89,89,89,89,89,89,89,89,89,89,89,89,89,89],"relic_stats":{"Regal Pillow":15,"counters":[11,53],"Blue Candle":[2],"obtain_stats":[{"Regal Pillow":7,"Matryoshka":9,"Blue Candle":21,"HollowMod:VesselMask":0,"Kintsugi":17,"Mirror":14},{"Regal Pillow":5,"Matryoshka":5,"Blue Candle":10,"HollowMod:VesselMask":0,"Kintsugi":8,"Mirror":7},{"Regal Pillow":24,"Matryoshka":24,"Blue Candle":48,"HollowMod:VesselMask":0,"Kintsugi":41,"Mirror":30}]},"card_choices":[{"not_picked":["HollowMod:ShadowDash","HollowMod:GoodIntentions"],"picked":"HollowMod:NewGlowingWomb","floor":1},{"not_picked":["HollowMod:DoubleDash","HollowMod:BaldurShell"],"picked":"HollowMod:TaintedHusks","floor":2},{"not_picked":["HollowMod:PerfectDash","HollowMod:GreatSlash"],"picked":"HollowMod:HuntersJournal","floor":4},{"not_picked":["HollowMod:SoulStrike","HollowMod:CloakDash"],"picked":"HollowMod:DesolateDive","floor":5},{"not_picked":["HollowMod:MantisMark","HollowMod:HowlingWraiths"],"picked":"HollowMod:HuntersJournal","floor":7},{"not_picked":["HollowMod:DoubleDash","HollowMod:SharpenedNail"],"picked":"HollowMod:InfectionAssault","floor":12},{"not_picked":["HollowMod:CycloneSlash","HollowMod:TaintedHusks"],"picked":"HollowMod:InfectedAttack","floor":14},{"not_picked":["HollowMod:LordofShades","HollowMod:MidwifesHunger"],"picked":"HollowMod:Hiveblood","floor":16},{"not_picked":["HollowMod:NewLittleFool","HollowMod:VengefulSpirit"],"picked":"HollowMod:MonomonsArchive+1","floor":18},{"not_picked":["HollowMod:SharpenedNail","HollowMod:SoulShaman+1"],"picked":"HollowMod:MonarchWings+1","floor":19}],"player_experience":308953,"relics_obtained":[{"floor":7,"key":"Regal Pillow"},{"floor":9,"key":"Matryoshka"},{"floor":14,"key":"Mirror"}],"event_choices":[],"is_beta":false,"boss_relics":[{"not_picked":["halation:Risk","Ring of Chaos"],"picked":"Kintsugi"}],"items_purged_floors":[3,20],"is_endless":false,"potions_floor_spawned":[2,4,12,16],"killed_by":"Book of Stabbing","ascension_level":2}}