{"host":"7sni158j623xchr2","time":1611203398,"event":{"mods":["BaseMod","Colored Map","Highlight Path","Minty Spire (QoL Compilation)","Permanent Neow","Potion Indicator Mod","Rare Cards Sparkle","Relic Sorter","Relic Stats","StSLib","everything is the same but u backflip on backflip"],"gold_per_floor":[118,118,136,311,311,311,339,359,383,6,34,34,34,46,46,147,147,165,90,130,130,43,43,105,154,154,154,178,190,259,281,293,405,417,497,529,541,622,33,33,91,91,164,193,193,238,238,297,297,357],"floor_reached":51,"language":"ENG","playtime":1639,"items_purged":["Doubt","Strike_P"],"score":945,"play_id":"05362d7d-9c4e-4c9a-8722-2666c8ae11ba","local_time":"20210120222958","is_ascension_mode":true,"campfire_choices":[{"data":"Eruption","floor":6,"key":"SMITH"},{"data":"Wallop","floor":12,"key":"SMITH"},{"data":"CrushJoints","floor":15,"key":"SMITH"},{"data":"Wish","floor":23,"key":"SMITH"},{"data":"Fasting2","floor":27,"key":"SMITH"},{"floor":29,"key":"DIG"},{"data":"Meditate","floor":32,"key":"SMITH"},{"floor":40,"key":"DIG"},{"floor":42,"key":"DIG"},{"floor":47,"key":"DIG"},{"floor":49,"key":"DIG"}],"circlet_count":0,"master_deck":["Strike_P+1","Defend_P","Defend_P+1","Eruption+1","Vigilance","CrushJoints+1","FlurryOfBlows","Consecrate","Halt","Wallop+1","CutThroughFate","Wish+1","Fasting2+1","ThirdEye","ThirdEye","Meditate+1","Prostrate+1","Wish","PanicButton","Impatience","Weave+1","EmptyBody+1","Prostrate+1","DeceiveReality+1","Jack Of All Trades","SashWhip+1"],"relics":["Coffee Dripper","Blood Vial","PreservedInsect","Incense Burner","White Beast Statue","Bag of Preparation","VioletLotus","MutagenicStrength","Shovel","Blue Candle","MawBank","Damaru","Prayer Wheel","Empty Cage","Yang","MealTicket","Smiling Mask","Bottled Tornado","Vajra","Peace Pipe","Potion Belt","Orichalcum","Lizard Tail"],"acts_visited":["Exordium","TheCity","TheBeyond"],"potions_floor_usage":[11,35,48],"damage_taken":[{"damage":1,"enemies":"Jaw Worm","floor":1,"turns":3},{"damage":0,"enemies":"Small Slimes","floor":3,"turns":2},{"damage":11,"enemies":"Gremlin Nob","floor":7,"turns":3},{"damage":0,"enemies":"2 Louse","floor":8,"turns":2},{"damage":0,"enemies":"3 Sentries","floor":11,"turns":2},{"damage":0,"enemies":"Large Slime","floor":14,"turns":3},{"damage":20,"enemies":"Hexaghost","floor":16,"turns":6},{"damage":0,"enemies":"2 Thieves","floor":18,"turns":3},{"damage":0,"enemies":"Chosen","floor":20,"turns":3},{"damage":19,"enemies":"Slavers","floor":24,"turns":5},{"damage":9,"enemies":"Centurion and Healer","floor":25,"turns":3},{"damage":12,"enemies":"Book of Stabbing","floor":30,"turns":5},{"damage":0,"enemies":"Shelled Parasite and Fungi","floor":31,"turns":2},{"damage":5,"enemies":"Automaton","floor":33,"turns":5},{"damage":15,"enemies":"3 Shapes","floor":35,"turns":5},{"damage":1,"enemies":"3 Darklings","floor":36,"turns":3},{"damage":42,"enemies":"Sphere and 2 Shapes","floor":38,"turns":8},{"damage":0,"enemies":"Reptomancer","floor":41,"turns":6},{"damage":0,"enemies":"Giant Head","floor":44,"turns":4},{"damage":0,"enemies":"Transient","floor":46,"turns":5},{"damage":0,"enemies":"Nemesis","floor":48,"turns":5},{"damage":6,"enemies":"Donu and Deca","floor":50,"turns":10}],"seed_played":"-2478373465598246318","potions_obtained":[{"floor":7,"key":"Explosive Potion"},{"floor":8,"key":"PowerPotion"},{"floor":11,"key":"Ambrosia"},{"floor":14,"key":"Dexterity Potion"},{"floor":33,"key":"Block Potion"},{"floor":35,"key":"Weak Potion"},{"floor":46,"key":"BottledMiracle"},{"floor":48,"key":"LiquidBronze"}],"is_trial":false,"path_per_floor":["M","?","M","?","?","R","E","M","T","$","E","R","?","M","R","B",null,"M","?","M","?","$","R","E","M","T","R","T","R","E","M","R","B",null,"M","M","?","M","$","R","E","R","T","E","?","M","R","E","R","B",null],"character_chosen":"WATCHER","items_purchased":["Incense Burner","Fasting2","ThirdEye","Yang","MealTicket","CultistPotion"],"campfire_rested":0,"item_purchase_floors":[10,22,22,39,39,39],"current_hp_per_floor":[71,64,64,64,50,50,39,41,41,41,43,43,36,38,38,20,72,72,72,72,72,72,72,53,46,46,46,46,46,36,38,38,35,72,57,58,48,8,8,8,10,10,10,12,12,14,14,16,16,12],"gold":357,"neow_bonus":"BOSS_RELIC","is_daily":false,"chose_seed":false,"campfire_upgraded":6,"win_rate":0.0,"timestamp":1611203398,"path_taken":["M","?","M","?","?","R","E","M","T","$","E","R","?","M","R","BOSS","M","?","M","?","?","R","E","M","T","R","?","R","E","M","R","BOSS","M","M","?","M","$","R","E","R","T","E","?","M","R","E","R","BOSS"],"items_purchased_type":["Relic","Card","Card","Relic","Relic","Potion"],"build_version":"2020-12-22","purchased_purges":2,"victory":true,"max_hp_per_floor":[72,72,72,72,72,72,72,72,72,72,72,72,72,72,72,72,72,72,72,72,72,72,72,72,72,72,72,72,72,72,72,72,72,72,72,72,72,72,72,72,72,72,72,72,72,72,72,72,72,72],"relic_stats":{"counters":[22,93],"Blue Candle":[0],"Yang":[80],"PreservedInsect":338,"Bag of Preparation":[34],"Orichalcum":[0],"MawBank":132,"Smiling Mask":0,"Blood Vial":30,"Peace Pipe":0,"Lizard Tail":0,"Shovel":5,"Prayer Wheel":5,"MealTicket":0,"VioletLotus":[15],"obtain_stats":[{"Potion Belt":47,"Blue Candle":26,"Damaru":29,"Vajra":42,"Yang":39,"PreservedInsect":9,"Incense Burner":10,"Bag of Preparation":13,"Bottled Tornado":41,"Orichalcum":48,"MawBank":28,"Empty Cage":34,"Smiling Mask":40,"White Beast Statue":11,"Blood Vial":7,"Peace Pipe":44,"Lizard Tail":49,"Shovel":24,"MutagenicStrength":21,"Prayer Wheel":30,"MealTicket":39,"VioletLotus":17,"Coffee Dripper":0,"PureWater":0},{"Potion Belt":20,"Blue Candle":11,"Damaru":11,"Vajra":18,"Yang":17,"PreservedInsect":4,"Incense Burner":4,"Bag of Preparation":5,"Bottled Tornado":18,"Orichalcum":21,"MawBank":11,"Empty Cage":14,"Smiling Mask":17,"White Beast Statue":5,"Blood Vial":3,"Peace Pipe":19,"Lizard Tail":21,"Shovel":10,"MutagenicStrength":9,"Prayer Wheel":12,"MealTicket":17,"VioletLotus":7,"Coffee Dripper":0,"PureWater":0},{"Potion Belt":78,"Blue Candle":35,"Damaru":35,"Vajra":69,"Yang":63,"PreservedInsect":10,"Incense Burner":10,"Bag of Preparation":12,"Bottled Tornado":69,"Orichalcum":83,"MawBank":35,"Empty Cage":47,"Smiling Mask":63,"White Beast Statue":12,"Blood Vial":8,"Peace Pipe":73,"Lizard Tail":83,"Shovel":32,"MutagenicStrength":27,"Prayer Wheel":40,"MealTicket":63,"VioletLotus":21,"Coffee Dripper":0,"PureWater":0}]},"card_choices":[{"not_picked":["Halt","Worship"],"picked":"CrushJoints","floor":1},{"not_picked":["Fasting2","DeceiveReality"],"picked":"FlurryOfBlows","floor":3},{"not_picked":["Worship","Meditate"],"picked":"Consecrate","floor":7},{"not_picked":["Weave","ForeignInfluence"],"picked":"Halt","floor":8},{"not_picked":["Collect","Vengeance"],"picked":"Wallop","floor":11},{"not_picked":["Crescendo","InnerPeace"],"picked":"CutThroughFate","floor":14},{"not_picked":["Vault","Devotion"],"picked":"Wish","floor":16},{"not_picked":["Prostrate+1","Consecrate","CutThroughFate"],"picked":"SKIP","floor":18},{"not_picked":["SignatureMove","EmptyBody","WindmillStrike"],"picked":"SKIP","floor":20},{"not_picked":["Fasting2","Pray","Brilliance"],"picked":"SKIP","floor":24},{"not_picked":["Crescendo","Collect+1"],"picked":"ThirdEye","floor":25},{"not_picked":["PathToVictory","InnerPeace"],"picked":"Meditate","floor":30},{"not_picked":["FlyingSleeves","Protect"],"picked":"Prostrate+1","floor":31},{"not_picked":["FollowUp","PathToVictory","Indignation"],"picked":"SKIP","floor":31},{"not_picked":["LessonLearned","Omniscience"],"picked":"Wish","floor":33},{"not_picked":["Protect","FollowUp","Crescendo"],"picked":"SKIP","floor":35},{"not_picked":["BowlingBash+1","FlyingSleeves","SignatureMove+1"],"picked":"SKIP","floor":35},{"not_picked":["Vengeance","Conclude+1","ReachHeaven"],"picked":"SKIP","floor":36},{"not_picked":["Study+1","Wireheading","DeusExMachina"],"picked":"SKIP","floor":36},{"not_picked":["Panacea","Bandage Up"],"picked":"PanicButton","floor":37},{"not_picked":["Transmutation","Enlightenment"],"picked":"Impatience","floor":37},{"not_picked":["CutThroughFate+1","Wireheading"],"picked":"Weave+1","floor":38},{"not_picked":["PathToVictory+1","JustLucky"],"picked":"EmptyBody+1","floor":38},{"not_picked":["FollowUp+1","CarveReality"],"picked":"Prostrate+1","floor":41},{"not_picked":["ForeignInfluence","Wish"],"picked":"DeceiveReality+1","floor":44},{"not_picked":["Prostrate+1","Evaluate+1","Consecrate+1"],"picked":"SKIP","floor":46},{"not_picked":["JustLucky","Halt+1","Nirvana"],"picked":"SKIP","floor":46},{"not_picked":["Evaluate","CutThroughFate+1"],"picked":"SashWhip+1","floor":48}],"player_experience":1657525,"relics_obtained":[{"floor":7,"key":"Blood Vial"},{"floor":9,"key":"PreservedInsect"},{"floor":11,"key":"White Beast Statue"},{"floor":24,"key":"Shovel"},{"floor":26,"key":"Blue Candle"},{"floor":28,"key":"MawBank"},{"floor":29,"key":"Damaru"},{"floor":30,"key":"Prayer Wheel"},{"floor":40,"key":"Smiling Mask"},{"floor":41,"key":"Bottled Tornado"},{"floor":42,"key":"Vajra"},{"floor":44,"key":"Peace Pipe"},{"floor":47,"key":"Potion Belt"},{"floor":48,"key":"Orichalcum"},{"floor":49,"key":"Lizard Tail"}],"event_choices":[{"cards_removed":["Defend_P"],"damage_healed":0,"gold_gain":0,"player_choice":"Card Removal","damage_taken":7,"max_hp_gain":0,"max_hp_loss":0,"event_name":"Golden Wing","floor":2,"gold_loss":0},{"damage_healed":0,"gold_gain":175,"player_choice":"AGREE","damage_taken":0,"max_hp_gain":0,"max_hp_loss":0,"event_name":"Liars Game","floor":4,"gold_loss":0,"cards_obtained":["Doubt"]},{"damage_healed":0,"gold_gain":0,"player_choice":"Entered Light","damage_taken":14,"max_hp_gain":0,"max_hp_loss":0,"event_name":"Shining Light","floor":5,"gold_loss":0,"cards_upgraded":["Strike_P","Defend_P"]},{"damage_healed":0,"gold_gain":0,"player_choice":"Success","damage_taken":7,"relics_obtained":["Bag of Preparation"],"max_hp_gain":0,"max_hp_loss":0,"event_name":"Scrap Ooze","floor":13,"gold_loss":0},{"cards_removed":["Strike_P"],"damage_healed":0,"gold_gain":0,"player_choice":"Gave Gold","damage_taken":0,"max_hp_gain":0,"max_hp_loss":0,"event_name":"Beggar","floor":19,"gold_loss":75},{"damage_healed":0,"gold_gain":0,"player_choice":"Inject Mutagens","damage_taken":0,"relics_obtained":["MutagenicStrength"],"max_hp_gain":0,"max_hp_loss":0,"event_name":"Drug Dealer","floor":21,"gold_loss":0},{"damage_healed":0,"gold_gain":0,"player_choice":"Memory 3","damage_taken":10,"max_hp_gain":0,"max_hp_loss":0,"event_name":"SensoryStone","floor":37,"gold_loss":0},{"damage_healed":0,"gold_gain":0,"player_choice":"1 cards matched","damage_taken":0,"max_hp_gain":0,"max_hp_loss":0,"event_name":"Match and Keep!","floor":45,"gold_loss":0,"cards_obtained":["Jack Of All Trades"]}],"is_beta":false,"boss_relics":[{"not_picked":["SlaversCollar","Busted Crown"],"picked":"VioletLotus"},{"not_picked":["Runic Pyramid","Black Star"],"picked":"Empty Cage"}],"items_purged_floors":[10,39],"is_endless":false,"potions_floor_spawned":[7,8,11,14,16,18,20,24,25,30,31,33,35,36,38,41,44,46,48],"ascension_level":1}}