{"host":"qik6c64y69p9jmph","time":1611194478,"event":{"mods":["AchievementEnabler","BaseMod","Highlight Path","Minty Spire (QoL Compilation)","Quick Restart","StSLib","Synergy Search"],"gold_per_floor":[118,118,131,143,157,190,190,190,190,190,201,214,145,145,145,242,242,255,255,255,101,128,128,159,159,238,256,111,124,124,157,157,261,261,275,275,295,89,101,101,120,120,147,147,147,180,230,241,241,241,241],"floor_reached":50,"language":"ENG","playtime":3348,"items_purged":["Shame"],"score":695,"play_id":"e80f7bfc-7784-4c75-a883-5785bba3bd93","local_time":"20210120210118","is_ascension_mode":true,"campfire_choices":[{"data":"Perseverance","floor":7,"key":"SMITH"},{"data":"Vigilance","floor":10,"key":"SMITH"},{"floor":15,"key":"REST"},{"data":"DevaForm","floor":23,"key":"SMITH"},{"data":"Evaluate","floor":30,"key":"SMITH"},{"floor":32,"key":"REST"},{"data":"Crescendo","floor":40,"key":"SMITH"},{"floor":45,"key":"REST"},{"floor":49,"key":"REST"}],"circlet_count":0,"master_deck":["Strike_P+1","Strike_P+1","Strike_P+1","Strike_P+1","Defend_P+1","Defend_P+1","Defend_P+1","Defend_P+1","Eruption","Vigilance+1","BattleHymn","Perseverance+1","Protect","FlurryOfBlows+1","Evaluate+1","DevaForm+1","LikeWater","Judgement","ThirdEye","Crescendo+1","DeceiveReality+1","ClearTheMind+1","EmptyFist+1","SandsOfTime+1","FearNoEvil+1","EmptyBody+1","Evaluate+1","ReachHeaven+1","FollowUp+1"],"relics":["HolyWater","NeowsBlessing","Molten Egg 2","NlothsMask","Mango","SacredBark","Darkstone Periapt","Regal Pillow","Bottled Tornado","Yang","War Paint","Art of War","Lee\u0027s Waffle","Smiling Mask","Ginger","Peace Pipe"],"acts_visited":["Exordium","TheCity","TheBeyond"],"potions_floor_usage":[6,16,27,27,33,50,50,50],"damage_taken":[{"damage":0,"enemies":"2 Louse","floor":1,"turns":1},{"damage":0,"enemies":"Cultist","floor":3,"turns":1},{"damage":0,"enemies":"Jaw Worm","floor":4,"turns":1},{"damage":18,"enemies":"Gremlin Gang","floor":5,"turns":4},{"damage":18,"enemies":"Lagavulin","floor":6,"turns":4},{"damage":21,"enemies":"Lots of Slimes","floor":11,"turns":4},{"damage":13,"enemies":"Exordium Thugs","floor":12,"turns":5},{"damage":0,"enemies":"Slime Boss","floor":16,"turns":10},{"damage":1,"enemies":"Chosen","floor":18,"turns":6},{"damage":65,"enemies":"Slavers","floor":24,"turns":7},{"damage":42,"enemies":"2 Thieves","floor":27,"turns":5},{"damage":0,"enemies":"3 Cultists","floor":29,"turns":7},{"damage":48,"enemies":"Gremlin Leader","floor":31,"turns":4},{"damage":36,"enemies":"Collector","floor":33,"turns":9},{"damage":54,"enemies":"3 Shapes","floor":35,"turns":4},{"damage":4,"enemies":"Orb Walker","floor":37,"turns":6},{"damage":42,"enemies":"3 Darklings","floor":39,"turns":7},{"damage":4,"enemies":"Sphere and 2 Shapes","floor":41,"turns":5},{"damage":25,"enemies":"Nemesis","floor":46,"turns":7},{"damage":24,"enemies":"Mind Bloom Boss Battle","floor":47,"turns":9},{"damage":20,"enemies":"Spire Growth","floor":48,"turns":6},{"damage":79,"enemies":"Donu and Deca","floor":50,"turns":8}],"seed_played":"6606441240519910934","potions_obtained":[{"floor":3,"key":"Strength Potion"},{"floor":11,"key":"FairyPotion"},{"floor":12,"key":"Weak Potion"},{"floor":16,"key":"FearPotion"},{"floor":18,"key":"SneckoOil"},{"floor":31,"key":"FearPotion"},{"floor":41,"key":"BlessingOfTheForge"},{"floor":47,"key":"Swift Potion"}],"is_trial":false,"path_per_floor":["M","?","M","M","M","E","R","?","T","R","M","M","$","T","R","B",null,"M","?","?","$","T","R","E","?","T","M","$","M","R","E","R","B",null,"M","?","M","$","M","R","M","?","T","$","R","E","?","M","R","B"],"character_chosen":"WATCHER","items_purchased":["LikeWater","DeceiveReality","War Paint","Lee\u0027s Waffle","BottledMiracle"],"campfire_rested":4,"item_purchase_floors":[13,21,28,38,38],"current_hp_per_floor":[72,72,72,72,54,36,36,36,36,36,15,2,2,16,41,41,86,85,91,91,91,91,91,26,26,26,55,55,55,55,7,49,13,92,38,38,34,99,57,57,53,53,53,53,97,72,48,28,72,0,0],"gold":241,"neow_bonus":"THREE_ENEMY_KILL","is_daily":false,"chose_seed":false,"campfire_upgraded":5,"win_rate":0.0,"timestamp":1611194478,"path_taken":["M","?","M","?","M","E","R","?","T","R","M","?","?","?","R","BOSS","M","?","?","$","?","R","E","?","T","M","$","M","R","E","R","BOSS","M","?","M","$","M","R","M","?","T","?","R","E","?","M","R","BOSS"],"items_purchased_type":["Card","Card","Relic","Relic","Potion"],"build_version":"2020-12-22","purchased_purges":1,"victory":false,"max_hp_per_floor":[72,72,72,72,72,72,72,72,72,72,72,72,72,86,86,86,86,86,92,92,92,92,92,92,92,92,92,92,92,92,92,92,92,92,92,92,92,99,99,99,99,99,99,99,99,99,99,99,99,99,99],"card_choices":[{"not_picked":["SashWhip","FlurryOfBlows"],"picked":"JustLucky","floor":1},{"not_picked":["Protect","BowlingBash"],"picked":"BattleHymn","floor":3},{"not_picked":["MentalFortress","FearNoEvil"],"picked":"Perseverance","floor":4},{"not_picked":["ThirdEye","Devotion"],"picked":"Protect","floor":5},{"not_picked":["Omniscience","Protect"],"picked":"FlurryOfBlows+1","floor":6},{"not_picked":["FlyingSleeves+1","BowlingBash+1"],"picked":"Evaluate","floor":11},{"not_picked":["FlyingSleeves+1","CutThroughFate+1"],"picked":"DevaForm","floor":12},{"not_picked":["Brilliance+1","Omniscience"],"picked":"Judgement","floor":16},{"not_picked":["WindmillStrike+1","Wallop+1"],"picked":"ThirdEye","floor":18},{"not_picked":["EmptyFist+1","Vengeance+1"],"picked":"ClearTheMind","floor":24},{"not_picked":["Consecrate+1","Prostrate"],"picked":"EmptyFist+1","floor":27},{"not_picked":["ClearTheMind","Nirvana+1"],"picked":"SandsOfTime+1","floor":29},{"not_picked":["Vengeance","Halt"],"picked":"FearNoEvil+1","floor":31},{"not_picked":["Vengeance+1","Prostrate+1"],"picked":"EmptyBody+1","floor":35},{"not_picked":["EmptyFist+1","CrushJoints+1","FlyingSleeves+1"],"picked":"SKIP","floor":37},{"not_picked":["PathToVictory","Crescendo"],"picked":"Evaluate+1","floor":39},{"not_picked":["CarveReality+1","CutThroughFate+1","JustLucky+1"],"picked":"SKIP","floor":41},{"not_picked":["WheelKick+1","Halt+1","Conclude+1"],"picked":"SKIP","floor":46},{"not_picked":["EmptyMind+1","PathToVictory+1"],"picked":"ReachHeaven+1","floor":47},{"not_picked":["CutThroughFate+1","Vengeance+1"],"picked":"FollowUp+1","floor":48}],"player_experience":523622,"relics_obtained":[{"floor":6,"key":"Molten Egg 2"},{"floor":14,"key":"Mango"},{"floor":22,"key":"Regal Pillow"},{"floor":24,"key":"Bottled Tornado"},{"floor":26,"key":"Yang"},{"floor":31,"key":"Art of War"},{"floor":43,"key":"Smiling Mask"},{"floor":46,"key":"Ginger"},{"floor":47,"key":"Peace Pipe"}],"event_choices":[{"damage_healed":0,"gold_gain":0,"player_choice":"Bought 0 Potions","damage_taken":0,"max_hp_gain":0,"max_hp_loss":0,"event_name":"The Woman in Blue","floor":2,"gold_loss":0},{"damage_healed":0,"gold_gain":0,"player_choice":"Trade","damage_taken":0,"relics_obtained":["NlothsMask"],"max_hp_gain":0,"max_hp_loss":0,"event_name":"FaceTrader","floor":8,"gold_loss":0},{"damage_healed":0,"gold_gain":0,"player_choice":"Stole Relic","damage_taken":0,"relics_obtained":["Darkstone Periapt"],"max_hp_gain":0,"max_hp_loss":0,"event_name":"Addict","floor":19,"gold_loss":0,"cards_obtained":["Shame"]},{"damage_healed":0,"gold_gain":0,"player_choice":"Read","damage_taken":0,"max_hp_gain":0,"max_hp_loss":0,"event_name":"The Library","floor":20,"gold_loss":0,"cards_obtained":["Crescendo"]},{"damage_healed":0,"gold_gain":0,"player_choice":"Simplicity","damage_taken":0,"max_hp_gain":0,"max_hp_loss":0,"event_name":"Back to Basics","floor":25,"gold_loss":0,"cards_upgraded":["Strike_P","Strike_P","Strike_P","Strike_P","Defend_P","Defend_P","Defend_P","Defend_P"]},{"damage_healed":0,"gold_gain":0,"player_choice":"Ignored","damage_taken":0,"max_hp_gain":0,"max_hp_loss":0,"event_name":"Tomb of Lord Red Mask","floor":36,"gold_loss":0},{"cards_removed":["JustLucky"],"damage_healed":0,"gold_gain":0,"player_choice":"Removed Attack","damage_taken":0,"max_hp_gain":0,"max_hp_loss":0,"event_name":"Falling","floor":42,"gold_loss":0},{"damage_healed":0,"gold_gain":0,"player_choice":"Fight","damage_taken":0,"max_hp_gain":0,"max_hp_loss":0,"event_name":"MindBloom","floor":47,"gold_loss":0}],"is_beta":false,"boss_relics":[{"not_picked":["Runic Pyramid","Fusion Hammer"],"picked":"SacredBark"},{"not_picked":["VioletLotus","Tiny House"],"picked":"HolyWater"}],"items_purged_floors":[21],"is_endless":false,"potions_floor_spawned":[3,11,12,16,18,31,41,47],"killed_by":"Donu and Deca","ascension_level":4}}