{"host":"gzk4gkgy3zij1c51","time":1611229934,"event":{"mods":["BaseMod","Colored Map","Downfall","Highlight Path","Marked Mod","Minty Spire (QoL Compilation)","Relic Stats","StSLib","everything is the same but u backflip on backflip"],"gold_per_floor":[99,117,117,130,144,44,44,55,55,75,103,116,148,21,40,135,135,35,55,71,71,89,89,114,60,60,60,60],"floor_reached":26,"language":"ENG","playtime":1677,"items_purged":[],"score":220,"play_id":"594c742b-6eec-44c6-8c93-c531799dce57","local_time":"20210121115214","is_ascension_mode":false,"campfire_choices":[{"floor":1,"key":"RECALL"},{"data":"bronze:Flail","floor":6,"key":"SMITH"},{"data":"bronze:DelayedGuard","floor":9,"key":"SMITH"},{"data":"bronze:InfiniteBeams","floor":18,"key":"SMITH"},{"data":"bronze:Repulsor","floor":23,"key":"SMITH"}],"circlet_count":0,"master_deck":["bronze:Strike","bronze:Strike","bronze:Defend","bronze:Defend","bronze:Defend","bronze:Defend","bronze:Replicate","bronze:Goto","bronze:DelayedGuard+1","bronze:Branch","bronze:Flail+1","bronze:Shell","bronze:FineTuning","bronze:CleanCode","bronze:ForceShield","bronze:ClassDefault","bronze:FollowUp","bronze:Refactor","bronze:ItsAFeature","bronze:InfiniteBeams+1","bronze:SpaghettiCode","bronze:Repulsor+1","bronze:ItsAFeature+1","Pride","bronze:Optimize","bronze:Fortify+1","bronze:Repair"],"relics":["bronze:BronzeCore","downfall:HeartBlessingRed","Lantern","Smiling Mask","SlaversCollar","downfall:HeartBlessingGreen","bronze:ProtectiveGoggles","Juzu Bracelet"],"acts_visited":["Exordium","TheCity"],"potions_floor_usage":[16,16,19,20],"damage_taken":[{"damage":0,"enemies":"2 Louse","floor":2,"turns":4},{"damage":0,"enemies":"Cultist","floor":4,"turns":4},{"damage":0,"enemies":"Small Slimes","floor":5,"turns":3},{"damage":6,"enemies":"Red Slaver","floor":8,"turns":5},{"damage":0,"enemies":"Exordium Wildlife","floor":10,"turns":2},{"damage":3,"enemies":"Lagavulin","floor":11,"turns":7},{"damage":2,"enemies":"2 Fungi Beasts","floor":12,"turns":2},{"damage":17,"enemies":"3 Sentries","floor":13,"turns":8},{"damage":2,"enemies":"downfall:FleeingMerchant","floor":14,"turns":4},{"damage":16,"enemies":"Large Slime","floor":15,"turns":7},{"damage":15,"enemies":"IC_STATUS_ARCHETYPE","floor":16,"turns":7},{"damage":21,"enemies":"3 Byrds","floor":19,"turns":4},{"damage":26,"enemies":"Cultist and Chosen","floor":20,"turns":9},{"damage":16,"enemies":"Centurion and Healer","floor":22,"turns":6},{"damage":1,"enemies":"downfall:FleeingMerchant","floor":25,"turns":4},{"damage":6,"enemies":"Book of Stabbing","floor":26,"turns":1}],"seed_played":"6281899507327050495","potions_obtained":[{"floor":2,"key":"LiquidBronze"},{"floor":8,"key":"hexamod:SoulburnPotion"},{"floor":15,"key":"Slimebound:ThreeZeroPotion"},{"floor":16,"key":"SkillPotion"},{"floor":22,"key":"bronze:BurnAndBuffPotion"}],"is_trial":false,"path_per_floor":["R","M","?","M","M","R","T","M","R","M","E","M","E","$","M","B",null,"R","M","M","?","M","R","T","$","E"],"character_chosen":"THE_AUTOMATON","items_purchased":["bronze:Refactor","bronze:ItsAFeature","bronze:Repair"],"campfire_rested":0,"item_purchase_floors":[14,14,25],"current_hp_per_floor":[70,70,70,70,70,70,70,64,64,64,61,59,42,40,24,9,70,70,49,23,23,7,7,7,6,0,0,0],"gold":60,"neow_bonus":"REMOVE_CARD","is_daily":false,"chose_seed":false,"campfire_upgraded":4,"win_rate":0.0,"timestamp":1611229934,"path_taken":["R","M","?","M","M","R","T","?","R","M","E","M","E","$","M","BOSS","R","M","M","?","M","R","T","$","E"],"items_purchased_type":["Card","Card","Card"],"build_version":"2020-12-22","purchased_purges":0,"victory":false,"max_hp_per_floor":[70,70,70,70,70,70,70,70,70,70,70,70,70,70,70,70,70,70,70,70,70,70,70,70,70,70,70,70],"relic_stats":{"counters":[16,77],"Juzu Bracelet":0,"Smiling Mask":0,"obtain_stats":[{"SlaversCollar":17,"Lantern":11,"bronze:BronzeCore":0,"downfall:HeartBlessingRed":6,"bronze:ProtectiveGoggles":21,"downfall:HeartBlessingGreen":18,"Juzu Bracelet":24,"Smiling Mask":13},{"SlaversCollar":11,"Lantern":6,"bronze:BronzeCore":0,"downfall:HeartBlessingRed":3,"bronze:ProtectiveGoggles":13,"downfall:HeartBlessingGreen":11,"Juzu Bracelet":14,"Smiling Mask":8},{"SlaversCollar":53,"Lantern":25,"bronze:BronzeCore":0,"downfall:HeartBlessingRed":11,"bronze:ProtectiveGoggles":66,"downfall:HeartBlessingGreen":53,"Juzu Bracelet":72,"Smiling Mask":35}]},"card_choices":[{"not_picked":["bronze:OilSpill","bronze:BugBarrage"],"picked":"bronze:DelayedGuard","floor":2},{"not_picked":["bronze:Boost","bronze:Deprecate"],"picked":"bronze:Branch","floor":4},{"not_picked":["bronze:WhirlingStrike","bronze:FineTuning"],"picked":"bronze:Flail","floor":5},{"not_picked":["bronze:DigitalCarnage","bronze:BitShift"],"picked":"bronze:Shell","floor":8},{"not_picked":["bronze:Turbo","bronze:CutThrough"],"picked":"bronze:FineTuning","floor":10},{"not_picked":["bronze:ForLoop","bronze:Safeguard"],"picked":"bronze:CleanCode","floor":11},{"not_picked":["bronze:Overheat","bronze:Turbo"],"picked":"bronze:ForceShield","floor":12},{"not_picked":["bronze:Refactor","bronze:OilSpill"],"picked":"bronze:ClassDefault","floor":13},{"not_picked":["bronze:Overheat","bronze:Frontload"],"picked":"bronze:FollowUp","floor":14},{"not_picked":["bronze:BuggyMess","bronze:WildBeam"],"picked":"bronze:InfiniteBeams","floor":15},{"not_picked":["bronze:ShipIt","bronze:Assembly"],"picked":"bronze:SpaghettiCode","floor":16},{"not_picked":["bronze:BuggyMess","bronze:Turbo"],"picked":"bronze:Repulsor","floor":19},{"not_picked":["bronze:Invalidate","bronze:OilSpill"],"picked":"bronze:ItsAFeature+1","floor":20},{"not_picked":["bronze:DelayedGuard+1","bronze:Boost+1"],"picked":"bronze:Optimize","floor":22},{"not_picked":["bronze:Return","bronze:Frontload"],"picked":"bronze:Fortify+1","floor":25}],"player_experience":1058922,"relics_obtained":[{"floor":11,"key":"Lantern"},{"floor":13,"key":"Smiling Mask"},{"floor":24,"key":"Juzu Bracelet"}],"event_choices":[{"damage_healed":0,"gold_gain":0,"player_choice":"Stole Relic","damage_taken":0,"relics_obtained":["bronze:ProtectiveGoggles"],"max_hp_gain":0,"max_hp_loss":0,"event_name":"Addict","floor":21,"gold_loss":0,"cards_obtained":["Pride"]}],"is_beta":false,"boss_relics":[{"not_picked":["Cursed Key","Empty Cage"],"picked":"SlaversCollar"}],"items_purged_floors":[],"is_endless":false,"potions_floor_spawned":[2,8,15,16,22],"killed_by":"Book of Stabbing","ascension_level":0}}