{"host":"njruw0b0uprlitpx","time":1611241269,"event":{"mods":["2.2 Compatiblity","Bartender","BaseMod","Better Altar","Better Match","Better Note","Better Sensory Stone","Better Skull","Better Third Choice","BetterRewards","Block Reminder","Colored Map","Colored Powertips","Energized Spire","Jedi Mod","Keyboard Shortcuts","Minty Spire (QoL Compilation)","Quick Restart","Rare Cards Sparkle","Relic Stats","Replay The Spire","SacredBarkPlus","Spicy Shops","StSLib","SuperFastMode","The Blackbeard","The Construct","The Dragon Tamer","The Forsaken","The Mystic","Wandering Minibosses"],"gold_per_floor":[113,132,132,132,149,149,149,184,184,184,484,44,74,86,86,160,160,170,22,36,52,52,52,62,62,62,95,95,95,109,124,124,196,196,215,215,215,227,243,243,268,283,308,323,340,6,6,6,6,6],"floor_reached":51,"language":"ENG","playtime":1895,"items_purged":["Defend_Bartender"],"score":1827,"play_id":"69a09115-ca8f-4e75-af64-d594b614c4f9","local_time":"20210121090109","is_ascension_mode":true,"campfire_choices":[{"floor":6.0,"key":"REST"},{"floor":10.0,"key":"REST"},{"floor":15.0,"key":"REST"},{"floor":23.0,"key":"REST"},{"floor":29.0,"key":"REST"},{"floor":32.0,"key":"REST"},{"floor":40.0,"key":"REST"},{"floor":49.0,"key":"REST"}],"circlet_count":0,"master_deck":["AscendersBane","Strike_Bartender","Strike_Bartender","Strike_Bartender","Somersault","Rope_A_Dope","Stick_and_Move","Raptor_Form+1","Cross","Chrysalis","Perfect_Balance","Power_Up_Punch","OpoOpo_Form","Alacrity","Fading_Blow+1","Greased_Lightning+1","Moonsault_Kick","Power_Up_Punch+1","Vortex","Momentum","Ripple+1","Alacrity","Meteodrive","Dart","Cold_Blooded","Step_Of_The_Wind+1","Ball_Of_Ice+1","With_A_Twist+1","Hook+1","Madness","Madness","Ripple+1","Waterkick","Power_Up_Punch+1","Perfect_Balance","jedi:forcepush","Pain","Wall_of_Ice","Sucker_Punch+1"],"relics":["Sneakers","Calipers","Frozen Eye","theForsaken:Kindling","jedi:kaleidoscope","Turnip","Old Coin","PreservedInsect","Pen Nib","theForsaken:HumbleEgg","Painkiller Herb","Pantograph","Counterbalance","construct:WeddingRing","Astrolabe","Singing Bowl","Blood Vial","jedi:ominousloannote","Water_Ring","White_Cape","Mummified Hand"],"acts_visited":["Exordium","TheCity","TheBeyond"],"potions_floor_usage":[50],"damage_taken":[{"damage":3.0,"enemies":"2 Louse","floor":1.0,"turns":3.0},{"damage":4.0,"enemies":"Small Slimes","floor":2.0,"turns":4.0},{"damage":9.0,"enemies":"Cultist","floor":5.0,"turns":5.0},{"damage":22.0,"enemies":"Gremlin Nob","floor":8.0,"turns":5.0},{"damage":19.0,"enemies":"Lagavulin","floor":13.0,"turns":6.0},{"damage":6.0,"enemies":"Large Slime","floor":14.0,"turns":4.0},{"damage":24.0,"enemies":"Hexaghost","floor":16.0,"turns":6.0},{"damage":8.0,"enemies":"Shell Parasite","floor":18.0,"turns":4.0},{"damage":15.0,"enemies":"2 Thieves","floor":20.0,"turns":3.0},{"damage":5.0,"enemies":"Chosen and Byrds","floor":21.0,"turns":4.0},{"damage":24.0,"enemies":"Snake Plant","floor":24.0,"turns":2.0},{"damage":15.0,"enemies":"Slavers","floor":27.0,"turns":3.0},{"damage":5.0,"enemies":"Cultist and Chosen","floor":30.0,"turns":3.0},{"damage":0.0,"enemies":"Snecko","floor":31.0,"turns":2.0},{"damage":0.0,"enemies":"Automaton","floor":33.0,"turns":6.0},{"damage":5.0,"enemies":"3 Shapes","floor":35.0,"turns":3.0},{"damage":7.0,"enemies":"Orb Walker","floor":38.0,"turns":3.0},{"damage":0.0,"enemies":"Transient","floor":39.0,"turns":5.0},{"damage":8.0,"enemies":"Reptomancer","floor":41.0,"turns":4.0},{"damage":9.0,"enemies":"3 Darklings","floor":42.0,"turns":3.0},{"damage":24.0,"enemies":"4 Shapes","floor":44.0,"turns":5.0},{"damage":4.0,"enemies":"Sphere and 2 Shapes","floor":45.0,"turns":4.0},{"damage":5.0,"enemies":"Nemesis","floor":48.0,"turns":3.0},{"damage":6,"enemies":"Awakened One","floor":50,"turns":6}],"seed_played":"-8682380008223806014","potions_obtained":[{"floor":1.0,"key":"EntropicBrew"},{"floor":14.0,"key":"Flashbang"},{"floor":35.0,"key":"Languid Potion"},{"floor":48.0,"key":"Swift Potion"}],"is_trial":false,"path_per_floor":["M","M","?","?","M","R","?","E","T","R","T","$","E","M","R","B",null,"?","T","?","?","T","T","?","?","T","E","?","T","?","?","T","B",null,"?","?","?","?","?","T","E","?","T","?","?","T","?","E","T","B",null],"character_chosen":"BARTENDER","items_purchased":["Rope_A_Dope","Stick_and_Move","Raptor_Form","Frozen Eye","Cursed Concoction","SkillPotion","OpoOpo_Form","PreservedInsect","Pen Nib","Alacrity","Vortex","Momentum","jedi:ominousloannote","Water_Ring","White_Cape","Perfect_Balance","Adrenaline Potion","jedi:forcepush"],"campfire_rested":8,"item_purchase_floors":[0,0,0,0,0,0,12,12,12,12,19,19,46,46,46,46,46,46],"current_hp_per_floor":[56,52,52,45,36,60,60,38,38,64,64,64,45,39,66,42,71,63,63,48,43,43,72,48,48,48,33,33,53,48,48,61,61,61,56,56,45,38,38,61,55,48,48,28,26,26,30,27,54,75],"gold":6,"neow_bonus":"","is_daily":false,"chose_seed":false,"campfire_upgraded":0,"win_rate":0.0,"timestamp":1611241269,"path_taken":["M","M","?","?","M","R","?","E","T","R","?","$","E","M","R","BOSS","?","T","?","?","T","T","?","?","T","E","?","T","?","?","T","BOSS","?","?","?","?","?","T","E","?","T","?","?","T","?","E","T","BOSS"],"items_purchased_type":["Card","Card","Card","Relic","Potion","Potion","Card","Relic","Relic","Card","Card","Card","Relic","Relic","Relic","Card","Potion","Card"],"build_version":"2020-12-22","purchased_purges":1,"victory":true,"max_hp_per_floor":[65,65,65,65,65,70,70,70,70,75,75,75,75,75,80,80,80,80,80,80,80,80,85,85,85,85,85,51,56,56,56,61,61,61,61,61,61,61,61,66,68,70,70,72,72,72,76,76,81,81],"relic_stats":{"Blood Vial":8,"Singing Bowl":10,"counters":[51,200],"Mummified Hand":[4],"Pantograph":25,"Astrolabe":["Step_Of_The_Wind","Ball_Of_Ice","With_A_Twist"],"Turnip":[5],"PreservedInsect":181,"Pen Nib":[20],"obtain_stats":[{"Replay:PocketPolymizer":3,"Calipers":46,"Singing Bowl":5,"CeramicFish":45,"Blue Doll":14,"Painkiller Herb":17,"jedi:command_boss":28,"Smiling Mask":26,"White_Cape":29,"Pet Ghost":9,"Silver_Glasses":34,"Old Coin":11,"Blood Vial":43,"Frozen Eye":0,"theForsaken:HumbleEgg":13,"Chameleon Ring":14,"theForsaken:Kindling":0,"Mummified Hand":48,"Strawberry":11,"Pantograph":26,"Red Mask":42,"Replay:Bottled Flurry":44,"Gremlin Food":29,"Sneakers":28,"construct:WeddingRing":28,"ReplayTheSpireMod:CursedCoin":49,"ReplayTheSpireMod:Ring of Addiction":14,"Guide Book":29,"Counterbalance":27,"Astrolabe":34,"PreservedInsect":12,"Pen Nib":12,"jedi:crownofsimplicity":12,"Ring of Greed":14,"MawBank":14,"jedi:HeartOfTheCards":31,"Du-Vu Doll":48,"Strange Spoon":38,"jedi:kaleidoscope":38,"Water_Ring":46,"energizedSpire:NeverEndingSparkler":17,"Shuriken":49,"jedi:ominousloannote":46,"Bronze Scales":24,"Turnip":9,"Durian":29,"theForsaken:JudgementScales":0,"Toy Ornithopter":14},{"Replay:PocketPolymizer":1,"Calipers":24,"Singing Bowl":2,"CeramicFish":17,"Blue Doll":4,"Painkiller Herb":34,"jedi:command_boss":39,"Smiling Mask":10,"White_Cape":11,"Pet Ghost":2,"Silver_Glasses":13,"Old Coin":31,"Blood Vial":47,"Frozen Eye":27,"theForsaken:HumbleEgg":32,"Chameleon Ring":4,"theForsaken:Kindling":27,"Mummified Hand":50,"Strawberry":2,"Pantograph":38,"Red Mask":21,"Replay:Bottled Flurry":22,"Gremlin Food":11,"Sneakers":39,"construct:WeddingRing":39,"ReplayTheSpireMod:CursedCoin":19,"ReplayTheSpireMod:Ring of Addiction":4,"Guide Book":11,"Counterbalance":39,"Astrolabe":42,"PreservedInsect":31,"Pen Nib":31,"jedi:crownofsimplicity":3,"Ring of Greed":4,"MawBank":4,"jedi:HeartOfTheCards":12,"Du-Vu Doll":19,"Strange Spoon":15,"jedi:kaleidoscope":15,"Water_Ring":49,"energizedSpire:NeverEndingSparkler":5,"Shuriken":19,"jedi:ominousloannote":49,"Bronze Scales":10,"Turnip":31,"Durian":11,"theForsaken:JudgementScales":0,"Toy Ornithopter":4},{"Replay:PocketPolymizer":3,"Calipers":92,"Singing Bowl":8,"CeramicFish":71,"Blue Doll":13,"Painkiller Herb":137,"jedi:command_boss":153,"Smiling Mask":36,"White_Cape":40,"Pet Ghost":8,"Silver_Glasses":55,"Old Coin":121,"Blood Vial":182,"Frozen Eye":104,"theForsaken:HumbleEgg":127,"Chameleon Ring":13,"theForsaken:Kindling":104,"Mummified Hand":194,"Strawberry":8,"Pantograph":150,"Red Mask":84,"Replay:Bottled Flurry":86,"Gremlin Food":40,"Sneakers":153,"construct:WeddingRing":153,"ReplayTheSpireMod:CursedCoin":78,"ReplayTheSpireMod:Ring of Addiction":13,"Guide Book":40,"Counterbalance":153,"Astrolabe":164,"PreservedInsect":121,"Pen Nib":121,"jedi:crownofsimplicity":12,"Ring of Greed":13,"MawBank":13,"jedi:HeartOfTheCards":44,"Du-Vu Doll":78,"Strange Spoon":61,"jedi:kaleidoscope":61,"Water_Ring":191,"energizedSpire:NeverEndingSparkler":21,"Shuriken":78,"jedi:ominousloannote":191,"Bronze Scales":36,"Turnip":121,"Durian":40,"theForsaken:JudgementScales":0,"Toy Ornithopter":13}]},"card_choices":[{"not_picked":["On_The_House","Step_Of_The_Wind","Bicycle_Kick"],"picked":"SKIP","floor":1.0},{"not_picked":["Foot_Thrust","Torment"],"picked":"Cross","floor":2.0},{"not_picked":["Bandage Up","Enlightenment"],"picked":"Chrysalis","floor":3.0},{"not_picked":["Dragonkick","Coeurl_Form"],"picked":"Perfect_Balance","floor":5.0},{"not_picked":["Snap_Punch","On_The_Rocks"],"picked":"Power_Up_Punch","floor":8.0},{"not_picked":["Raptor_Form","Spirits_Within"],"picked":"Fading_Blow+1","floor":13.0},{"not_picked":["Foot_Thrust+1","Dragonkick+1"],"picked":"Greased_Lightning+1","floor":14.0},{"not_picked":["Liquid_Armor","Butterfly_Float"],"picked":"Moonsault_Kick","floor":16.0},{"not_picked":["Fading_Blow+1","Sucker_Punch+1"],"picked":"Power_Up_Punch+1","floor":18.0},{"not_picked":["Foot_Thrust+1","Cross+1"],"picked":"Ripple+1","floor":20.0},{"not_picked":["Spirits_Within","Greased_Lightning+1"],"picked":"Alacrity","floor":21.0},{"not_picked":["Free_Pour+1","On_The_Rocks+1","Training_Dummy"],"picked":"SKIP","floor":24.0},{"not_picked":["Surge","Dancing_Jab+1"],"picked":"Meteodrive","floor":27.0},{"not_picked":["Liquid_Armor","Surge+1","Step_Of_The_Wind+1"],"picked":"SKIP","floor":30.0},{"not_picked":["Stick_and_Move+1","With_A_Twist+1"],"picked":"Dart","floor":31.0},{"not_picked":["Spirits_Within","Form_Shift"],"picked":"Cold_Blooded","floor":33.0},{"not_picked":["Ripple+1","Stick_and_Move+1"],"picked":"Hook+1","floor":35.0},{"not_picked":["Dragonkick+1","Fading_Blow+1"],"picked":"Ripple+1","floor":38.0},{"not_picked":["Foot_Thrust+1","Spirits_Within"],"picked":"Waterkick","floor":39.0},{"not_picked":["With_A_Twist+1","Fading_Blow+1","Bicycle_Kick+1"],"picked":"Singing Bowl","floor":41.0},{"not_picked":["Surge+1","Training_Dummy","Dart"],"picked":"Singing Bowl","floor":42.0},{"not_picked":["Bouncer","Snap_Punch+1","Pony_Shot+1"],"picked":"Singing Bowl","floor":44.0},{"not_picked":["Dancing_Jab+1","On_The_Rocks+1"],"picked":"Power_Up_Punch+1","floor":45.0},{"not_picked":["Power_Up_Punch+1","Well_Drinks+1","Bouncer"],"picked":"Singing Bowl","floor":47.0},{"not_picked":["Bitters+1","Power_Up_Punch+1"],"picked":"Wall_of_Ice","floor":47.0},{"not_picked":["Scowl","Center_Self+1","Greased_Lightning+1"],"picked":"Singing Bowl","floor":47.0},{"not_picked":["OpoOpo_Form","Fading_Blow+1"],"picked":"Sucker_Punch+1","floor":48.0}],"player_experience":1539430,"relics_obtained":[{"floor":8.0,"key":"jedi:kaleidoscope"},{"floor":9.0,"key":"Turnip"},{"floor":11.0,"key":"Old Coin"},{"floor":13.0,"key":"theForsaken:HumbleEgg"},{"floor":26.0,"key":"Pantograph"},{"floor":27.0,"key":"Counterbalance"},{"floor":41.0,"key":"Singing Bowl"},{"floor":43.0,"key":"Blood Vial"},{"floor":48.0,"key":"Mummified Hand"}],"event_choices":[{"damage_healed":0.0,"max_hp_gain":0.0,"max_hp_loss":0.0,"gold_gain":1.0,"event_name":"betterStone:BetterStone","player_choice":"1","floor":3.0,"gold_loss":0.0,"damage_taken":0.0},{"cards_removed":["Defend_Bartender"],"damage_healed":0.0,"max_hp_gain":0.0,"max_hp_loss":0.0,"gold_gain":0.0,"event_name":"Golden Wing","player_choice":"Card Removal","floor":4.0,"gold_loss":0.0,"damage_taken":7.0},{"damage_healed":0.0,"max_hp_gain":0.0,"max_hp_loss":0.0,"gold_gain":0.0,"event_name":"Living Wall","player_choice":"Grow","floor":7.0,"gold_loss":0.0,"damage_taken":0.0,"cards_upgraded":["Raptor_Form"]},{"cards_removed":["Moonsault_Kick"],"damage_healed":0.0,"max_hp_gain":0.0,"max_hp_loss":0.0,"gold_gain":0.0,"event_name":"betterNote:BetterNote","player_choice":"Give","floor":25.0,"gold_loss":0.0,"damage_taken":0.0,"cards_obtained":["None"]},{"damage_healed":0.0,"max_hp_gain":0.0,"max_hp_loss":0.0,"gold_gain":0.0,"event_name":"Winding Halls","player_choice":"Embrace Madness","floor":37.0,"gold_loss":0.0,"damage_taken":11.0,"cards_obtained":["Madness","Madness"]}],"is_beta":false,"boss_relics":[{"not_picked":["energizedSpire:StickyHand","Replay:Wanted Poster"],"picked":"Painkiller Herb"},{"not_picked":["energizedSpire:RedRose","Runic Pyramid"],"picked":"Astrolabe"}],"items_purged_floors":[19],"is_endless":false,"potions_floor_spawned":[1,13,14,18,24,35,39,48],"ascension_level":15}}