{"host":"0fm1w3v00gid44jl","time":1611213729,"event":{"mods":["AchievementEnabler","BaseMod","Colored Map","Colored Powertips","Displayed Cursed Tome","Downfall","Googly Eyes","Highlight Path","Minty Spire (QoL Compilation)","Permanent Neow","Relic Stats","StSLib","SuperFastMode","slay the spire mod where everything is the same but ironclad has a cowboy hat"],"gold_per_floor":[99,99,111,26,45,65,89,106,42,42,27,27,45,65,83,83,83,83],"floor_reached":16,"language":"ENG","playtime":749,"items_purged":[],"score":94,"play_id":"04ef4035-5f6f-4604-927d-f4bca3daa654","local_time":"20210121012209","is_ascension_mode":false,"campfire_choices":[{"data":"bronze:Library","floor":1,"key":"SMITH"},{"data":"bronze:InfiniteBeams","floor":10,"key":"SMITH"}],"circlet_count":0,"master_deck":["bronze:Strike","bronze:Strike","bronze:Strike","bronze:Strike","bronze:Defend","bronze:Defend","bronze:Defend","bronze:Defend","bronze:Replicate","bronze:Goto","bronze:Library+1","bronze:Library+1","bronze:Shield","bronze:InfiniteBeams+1","bronze:DelayedGuard","bronze:Terminator","bronze:Frontload","bronze:FollowUp","bronze:Spike","bronze:Safeguard","bronze:Constructor"],"relics":["bronze:BronzeCore","Art of War"],"acts_visited":["Exordium"],"potions_floor_usage":[],"damage_taken":[{"damage":8,"enemies":"Jaw Worm","floor":3,"turns":3},{"damage":4,"enemies":"downfall:FleeingMerchant","floor":4,"turns":4},{"damage":0,"enemies":"Cultist","floor":5,"turns":3},{"damage":10,"enemies":"Small Slimes","floor":6,"turns":4},{"damage":1,"enemies":"2 Fungi Beasts","floor":8,"turns":3},{"damage":5,"enemies":"downfall:FleeingMerchant","floor":9,"turns":4},{"damage":0,"enemies":"downfall:FleeingMerchant","floor":11,"turns":4},{"damage":0,"enemies":"downfall:FleeingMerchant","floor":12,"turns":3},{"damage":23,"enemies":"Exordium Thugs","floor":13,"turns":4},{"damage":7,"enemies":"Large Slime","floor":14,"turns":5},{"damage":3,"enemies":"2 Fungi Beasts","floor":15,"turns":3},{"damage":0,"enemies":"SI_SHIV_ARCHETYPE","floor":16,"turns":3}],"seed_played":"-2221902128258388001","potions_obtained":[{"floor":5,"key":"Strength Potion"},{"floor":6,"key":"GamblersBrew"},{"floor":12,"key":"ColorlessPotion"}],"is_trial":false,"path_per_floor":["R","?","M","$","M","M","T","M","$","R","$","?","M","M","M","B"],"character_chosen":"THE_AUTOMATON","items_purchased":["bronze:InfiniteBeams","bronze:Frontload"],"campfire_rested":0,"item_purchase_floors":[4,9],"current_hp_per_floor":[70,70,62,58,58,48,48,47,42,42,42,42,19,12,9,9,9,9],"gold":83,"neow_bonus":"ONE_RANDOM_RARE_CARD","is_daily":false,"chose_seed":false,"campfire_upgraded":2,"win_rate":0.0,"timestamp":1611213729,"path_taken":["R","?","M","$","?","M","T","M","$","R","$","?","M","M","M","BOSS"],"items_purchased_type":["Card","Card"],"build_version":"2020-12-22","purchased_purges":0,"victory":false,"max_hp_per_floor":[70,70,70,70,70,70,70,70,70,70,70,70,70,70,70,70,70,70],"relic_stats":{"counters":[12,43],"Art of War":[3],"obtain_stats":[{"bronze:BronzeCore":0,"Art of War":7},{"bronze:BronzeCore":0,"Art of War":4},{"bronze:BronzeCore":0,"Art of War":14}]},"card_choices":[{"not_picked":["bronze:CutThrough","bronze:BuggyMess","bronze:DarkDash"],"picked":"SKIP","floor":3},{"not_picked":["bronze:MaxOutput","bronze:Constructor"],"picked":"bronze:Shield","floor":4},{"not_picked":["bronze:Flail","bronze:FollowUp"],"picked":"bronze:DelayedGuard","floor":5},{"not_picked":["bronze:Repulsor","bronze:Constructor"],"picked":"bronze:Terminator","floor":6},{"not_picked":["bronze:Refactor","bronze:DelayedGuard","bronze:CutThrough"],"picked":"SKIP","floor":8},{"not_picked":["bronze:ItsAFeature","bronze:DelayedSlice","bronze:Refactor"],"picked":"SKIP","floor":9},{"not_picked":["bronze:BuggyMess","bronze:DigitalCarnage"],"picked":"bronze:FollowUp","floor":11},{"not_picked":[],"picked":"bronze:Spike","floor":12},{"not_picked":["bronze:OilSpill","bronze:Branch","bronze:Allocate"],"picked":"SKIP","floor":13},{"not_picked":["bronze:Deprecate","bronze:DelayedSlice"],"picked":"bronze:Safeguard","floor":14},{"not_picked":["bronze:AlphaBuild","bronze:DelayedGuard"],"picked":"bronze:Constructor","floor":15}],"player_experience":1483343,"relics_obtained":[{"floor":7,"key":"Art of War"}],"event_choices":[],"is_beta":false,"boss_relics":[],"items_purged_floors":[],"is_endless":false,"potions_floor_spawned":[5,6,12,14,15],"killed_by":"SI_SHIV_ARCHETYPE","ascension_level":0}}