{"host":"amnup8uv961nil3y","time":1611253840,"event":{"mods":["Act Like it!","Aspiration","BaseMod","Bestiary","Better Altar","Better Match","Better Sensory Stone","Better Synergies","Better Third Choice","Block Reminder","Challenge The Spire","Colored Map","Colored Powertips","Colorless Booster Pack","Conspire","DeckTracker","Disable Question Mark Monsters","Elementarium","Energized Spire","Evolution","GifTheSpireLib","Halation","HexUI Lib","Highlight Path","Hubris","Infinite Spire","Lotus Mark","Menagerie","Minty Spire (QoL Compilation)","Pale of the Ancients","Potion Indicator Mod","Quarter Circle Forward PUNCH!","Relic Stats","Replay The Spire","Reworked Bosses","Shop Mod","Small Relic Pack","Somnambulant","Spicy Shops","Spikes Relics","StSLib","Stuff the Spire","Swap Starting Deck Mod","The Trickster","Trackpad","Useless Jewels Mod","Wandering Minibosses","vexMod"],"gold_per_floor":[111,125,125,350,350,350,395,424,424,13,55,55,91,144,144,272,272,304,304,339,373,373,373,399,399,399,399,399,442,455,465,564,577,577,743,743,762,687,687,262,327,327,396,396,405,405,478,528,0,0,0,13],"floor_reached":53,"language":"ENG","playtime":6580,"items_purged":["Shame","theTrickster:Strike_Brown","Doubt","theTrickster:Strike_Brown","Decay"],"score":1066,"play_id":"cba5db44-f701-48c1-8e51-564ee808c908","local_time":"20210121183040","is_ascension_mode":true,"campfire_choices":[{"data":"StuffTheSpire:FreeRealEstate","floor":6.0,"key":"SMITH"},{"data":"theTrickster:BlurTheLines","floor":12.0,"key":"SMITH"},{"data":"theTrickster:TriedTechniques","floor":15.0,"key":"SMITH"},{"data":"theTrickster:Salvage","floor":23.0,"key":"SMITH"},{"data":"Replay:Fractal Strike","floor":34,"key":"SMITH"},{"floor":42,"key":"REST"},{"data":"Pot Of Greed","floor":44,"key":"SMITH"},{"data":"Pot Of Greed","floor":46,"key":"SMITH"},{"data":"theTrickster:Efficiency","floor":50,"key":"SMITH"},{"data":"somnambulantmod: ShimmeringVeil","floor":51,"key":"SMITH"}],"circlet_count":0,"master_deck":["somnambulantmod: ShimmeringVeil+1","theTrickster:Strike_Brown","theTrickster:Strike_Brown","theTrickster:Defend_Brown","theTrickster:Defend_Brown","theTrickster:Defend_Brown","theTrickster:Defend_Brown","theTrickster:Defend_Brown","theTrickster:DaringSlash","theTrickster:BackStep","theTrickster:ImpulsiveDefend","theTrickster:BattlePlan","theTrickster:SwiftSlash","StuffTheSpire:FreeRealEstate+1","theTrickster:Repetition","theTrickster:BlurTheLines+1","theTrickster:Parry","Pot Of Greed","Pot Of Greed","conspire:Banana","theTrickster:PlayingWithFire","theTrickster:TriedTechniques+1","theTrickster:NickAndSkid","Pot Of Greed+1","theTrickster:HiddenPistol","theTrickster:StudiedSnipe+1","theTrickster:Salvage+1","theTrickster:BetterSafe+1","theTrickster:Handicraft","Replay:Fractal Strike+1","theTrickster:Feint","theTrickster:PistolWhip","theTrickster:Salvage","theTrickster:NickAndSkid","theTrickster:BattlePlan","Pot Of Greed+1","theTrickster:HiddenPistol","theTrickster:DivingSlice","theTrickster:UpThePace+1","theTrickster:Feint","Transmutation","theTrickster:Efficiency+1","theTrickster:Repetition+1","theTrickster:Repetition","theTrickster:BladeSurge+1","theTrickster:Practice"],"relics":["theTrickster:OpticalIllusionRelic","EVO:Axolotl","relicPack:OneForAll","hubris:SphereOfDissonance","hubris:FunFungus","Grinning Jar","conspire:TopHat","SlaversCollar","trackpad:Coffee","ReplayTheSpireMod:Ring of Challenge","Ring of Fury","halation:PromiseList","StuffTheSpire:NeowsTribute","Cursed Key","MerchantsRug","trackpad:AdjectivePendant","aspiration:FetidBarrel","hubris:MysteriousPyramids","infinitespire:PuzzleCube","infinitespire:Satchel","halation:Komachan"],"acts_visited":["Menagerie:Menagerie","TheCity","TheBeyond"],"potions_floor_usage":[32,35],"damage_taken":[{"damage":0.0,"enemies":"Menagerie:2_RABBITS","floor":1.0,"turns":5.0},{"damage":0.0,"enemies":"Menagerie:StygianBoar","floor":2.0,"turns":3.0},{"damage":14.0,"enemies":"Menagerie:Hydra","floor":7.0,"turns":7.0},{"damage":0.0,"enemies":"Menagerie:WhisperingWraith","floor":8.0,"turns":4.0},{"damage":0.0,"enemies":"Menagerie:MaskedSummoner","floor":11.0,"turns":5.0},{"damage":0.0,"enemies":"Menagerie:MeltingSalamander","floor":13.0,"turns":4.0},{"damage":13.0,"enemies":"Menagerie:VoidReaper","floor":14.0,"turns":5.0},{"damage":3.0,"enemies":"Menagerie:AVATARS","floor":16.0,"turns":8.0},{"damage":4.0,"enemies":"Chosen","floor":18.0,"turns":5.0},{"damage":0.0,"enemies":"conspire:FuzzyDice","floor":20.0,"turns":6.0},{"damage":4.0,"enemies":"Centurion and Healer","floor":21.0,"turns":7.0},{"damage":0.0,"enemies":"Chosen and Byrds","floor":24.0,"turns":8.0},{"damage":3.0,"enemies":"Nightmare","floor":29.0,"turns":6.0},{"damage":12.0,"enemies":"Snake Plant","floor":30.0,"turns":3.0},{"damage":0,"enemies":"3 Cultists","floor":31,"turns":4},{"damage":6,"enemies":"conspire:Head Lice","floor":32,"turns":11},{"damage":10,"enemies":"Chosen and Byrds","floor":33,"turns":5},{"damage":64,"enemies":"bossMod:newCollector","floor":35,"turns":14},{"damage":50,"enemies":"3 Shapes","floor":37,"turns":3},{"damage":28,"enemies":"Orb Walker","floor":41,"turns":3},{"damage":5,"enemies":"Reptomancer","floor":43,"turns":7},{"damage":0,"enemies":"Transient","floor":47,"turns":5},{"damage":3,"enemies":"Giant Head","floor":48,"turns":5},{"damage":33,"enemies":"infinitespire:MassOfShapes","floor":52,"turns":7}],"seed_played":"-1163415107723741273","potions_obtained":[{"floor":2.0,"key":"BlessingOfTheForge"},{"floor":11.0,"key":"SneckoOil"},{"floor":16.0,"key":"SpeedPotion"},{"floor":18.0,"key":"Cursed Concoction"},{"floor":29.0,"key":"Ancient Potion"},{"floor":32,"key":"Languid Potion"},{"floor":41,"key":"SpeedPotion"},{"floor":48,"key":"SpeedPotion"}],"is_trial":false,"path_per_floor":["M","M","?","?","?","R","E","M","T","$","E","R","M","E","R","B",null,"M","?","M","M","AVR","R","M","PTL","PTL","?","T","NM","M","M","E","M","R","B",null,"M","?","?","$","M","R","E","R","T","R","M","E","$","R","R","B",null],"character_chosen":"THE_TRICKSTER","items_purchased":["Grinning Jar","conspire:Banana","MerchantsRug","theTrickster:Feint","Transmutation","infinitespire:PuzzleCube","infinitespire:Satchel","halation:Komachan","theTrickster:Practice"],"campfire_rested":1,"item_purchase_floors":[10,10,40,40,40,49,49,49,49],"current_hp_per_floor":[75,75,75,75,75,75,61,61,61,61,64,64,66,55,55,54,83,81,81,83,82,82,82,91,91,91,91,91,93,83,86,91,83,83,42,101,53,53,53,53,33,63,69,69,69,69,78,84,84,84,84,53],"gold":13,"neow_bonus":"REMOVE_CARD","is_daily":false,"chose_seed":false,"campfire_upgraded":9,"win_rate":0.0,"timestamp":1611253840,"path_taken":["M","?","?","?","?","R","E","M","T","$","E","R","?","E","R","BOSS","M","?","M","M","AVR","R","M","PTL","PTL","?","T","NM","M","M","E","M","R","BOSS","M","?","?","$","M","R","E","R","T","R","M","E","?","R","R","BOSS"],"items_purchased_type":["Relic","Card","Relic","Card","Card","Relic","Relic","Relic","Card"],"build_version":"2020-12-22","purchased_purges":5,"victory":true,"max_hp_per_floor":[75,75,75,75,75,75,75,75,75,75,77,77,79,81,81,83,83,85,85,87,89,89,89,91,91,91,91,91,93,95,97,99,99,99,101,101,101,101,101,101,103,103,105,105,105,105,107,109,109,109,109,111],"relic_stats":{"counters":[24,140],"Cursed Key":1,"obtain_stats":[{"CeramicFish":43,"halation:Komachan":49,"EVO:Axolotl":0,"hubris:MysteriousPyramids":48,"Cursed Key":36,"conspire:TopHat":11,"relicPack:OneForAll":3,"trackpad:Coffee":22,"hubris:FunFungus":9,"halation:PromiseList":29,"trackpad:AdjectivePendant":43,"relicPack:NeonSign":28,"StuffTheSpire:NeowsTribute":32,"trackpad:GuardianSpirit":22,"MerchantsRug":40,"aspiration:FetidBarrel":45,"hubris:SphereOfDissonance":7,"SlaversCollar":17,"theTrickster:OpticalIllusionRelic":0,"conspire:GiftBox":14,"infinitespire:Satchel":49,"Ring of Fury":27,"Grinning Jar":10,"ReplayTheSpireMod:Ring of Challenge":27,"infinitespire:PuzzleCube":49},{"CeramicFish":21,"halation:Komachan":23,"EVO:Axolotl":0,"hubris:MysteriousPyramids":23,"Cursed Key":18,"conspire:TopHat":5,"relicPack:OneForAll":2,"trackpad:Coffee":11,"hubris:FunFungus":4,"halation:PromiseList":13,"trackpad:AdjectivePendant":21,"relicPack:NeonSign":12,"StuffTheSpire:NeowsTribute":16,"trackpad:GuardianSpirit":11,"MerchantsRug":19,"aspiration:FetidBarrel":21,"hubris:SphereOfDissonance":3,"SlaversCollar":8,"theTrickster:OpticalIllusionRelic":0,"conspire:GiftBox":7,"infinitespire:Satchel":23,"Ring of Fury":12,"Grinning Jar":4,"ReplayTheSpireMod:Ring of Challenge":12,"infinitespire:PuzzleCube":23},{"CeramicFish":123,"halation:Komachan":133,"EVO:Axolotl":0,"hubris:MysteriousPyramids":133,"Cursed Key":110,"conspire:TopHat":24,"relicPack:OneForAll":8,"trackpad:Coffee":59,"hubris:FunFungus":19,"halation:PromiseList":73,"trackpad:AdjectivePendant":123,"relicPack:NeonSign":67,"StuffTheSpire:NeowsTribute":91,"trackpad:GuardianSpirit":59,"MerchantsRug":113,"aspiration:FetidBarrel":123,"hubris:SphereOfDissonance":15,"SlaversCollar":41,"theTrickster:OpticalIllusionRelic":0,"conspire:GiftBox":33,"infinitespire:Satchel":133,"Ring of Fury":67,"Grinning Jar":19,"ReplayTheSpireMod:Ring of Challenge":67,"infinitespire:PuzzleCube":133}]},"card_choices":[{"not_picked":["theTrickster:SmokeAndMirrors","theTrickster:EyeForEye"],"picked":"theTrickster:ImpulsiveDefend","floor":1.0},{"not_picked":["theTrickster:NickAndSkid","theTrickster:OminousSmile"],"picked":"theTrickster:BattlePlan","floor":2.0},{"not_picked":["theTrickster:SmokeOfConfusion","theTrickster:DebilitatingShot"],"picked":"theTrickster:SwiftSlash","floor":5.0},{"not_picked":["Assess","ReplayTheSpireMod:Trickstab"],"picked":"StuffTheSpire:FreeRealEstate","floor":5.0},{"not_picked":["theTrickster:FirstAidKit","theTrickster:SmokeAndMirrors"],"picked":"theTrickster:Repetition","floor":5.0},{"not_picked":["theTrickster:CautiousManeuver","theTrickster:Volley"],"picked":"theTrickster:BlurTheLines","floor":7.0},{"not_picked":["theTrickster:NickAndSkid","theTrickster:DebilitatingShot"],"picked":"theTrickster:Parry","floor":8.0},{"not_picked":["theTrickster:BladeSurge","theTrickster:Frenzy","theTrickster:TrickyStrike"],"picked":"SKIP","floor":11.0},{"not_picked":["theTrickster:SmokeAndMirrors","theTrickster:Reposition"],"picked":"theTrickster:PlayingWithFire","floor":13.0},{"not_picked":["theTrickster:FancyCape","theTrickster:Gunblade"],"picked":"theTrickster:TriedTechniques","floor":14.0},{"not_picked":["theTrickster:Repetition","theTrickster:SwiftSlash"],"picked":"theTrickster:NickAndSkid","floor":14.0},{"not_picked":["theTrickster:BulletRain","theTrickster:KeepCool"],"picked":"theTrickster:HiddenPistol","floor":16.0},{"not_picked":["theTrickster:KillThemAll","theTrickster:TacticalDefend"],"picked":"theTrickster:StudiedSnipe+1","floor":18.0},{"not_picked":["theTrickster:BattlePlan","theTrickster:DebilitatingShot"],"picked":"theTrickster:BetterSafe+1","floor":20.0},{"not_picked":["theTrickster:ImpulsiveStrike","theTrickster:RampingUpDefend"],"picked":"theTrickster:Handicraft","floor":21.0},{"not_picked":["theTrickster:CautiousManeuver","theTrickster:FirstAidKit"],"picked":"theTrickster:Feint","floor":24.0},{"not_picked":["theTrickster:ImpulsiveDefend","theTrickster:CreateAnOpening"],"picked":"theTrickster:PistolWhip","floor":29.0},{"not_picked":["theTrickster:DejaVu","theTrickster:ThickVest"],"picked":"theTrickster:Salvage","floor":30.0},{"not_picked":["theTrickster:RecklessShot","theTrickster:TacticalDefend","theTrickster:CreateAnOpening"],"picked":"SKIP","floor":31},{"not_picked":["theTrickster:RecklessShot","theTrickster:TacticalDefend","theTrickster:CreateAnOpening"],"picked":"SKIP","floor":31},{"not_picked":["theTrickster:Audacity","theTrickster:TrickyDefend"],"picked":"theTrickster:NickAndSkid","floor":32},{"not_picked":["theTrickster:CreateAnOpening","theTrickster:RampingUpDefend"],"picked":"theTrickster:BattlePlan","floor":33},{"not_picked":["theTrickster:MistForm","theTrickster:Impale"],"picked":"theTrickster:HiddenPistol","floor":35},{"not_picked":["theTrickster:TickingPackage+1","theTrickster:NickAndSkid+1"],"picked":"theTrickster:DivingSlice","floor":37},{"not_picked":["theTrickster:TacticalDefend+1","theTrickster:RecklessShot+1"],"picked":"theTrickster:UpThePace+1","floor":38},{"not_picked":["theTrickster:KillThemAll+1","theTrickster:SmokeOfConfusion"],"picked":"theTrickster:Efficiency","floor":41},{"not_picked":["theTrickster:TrickyDefend","theTrickster:Audacity+1"],"picked":"theTrickster:Repetition+1","floor":43},{"not_picked":["theTrickster:NickAndSkid+1","theTrickster:Audacity"],"picked":"theTrickster:Repetition","floor":47},{"not_picked":["theTrickster:Safeguard","theTrickster:CapriciousThrust+1"],"picked":"theTrickster:BladeSurge+1","floor":48}],"player_experience":398892,"relics_obtained":[{"floor":7.0,"key":"hubris:SphereOfDissonance"},{"floor":9.0,"key":"hubris:FunFungus"},{"floor":11.0,"key":"conspire:TopHat"},{"floor":14.0,"key":"conspire:GiftBox"},{"floor":27.0,"key":"ReplayTheSpireMod:Ring of Challenge"},{"floor":27.0,"key":"Ring of Fury"},{"floor":28.0,"key":"relicPack:NeonSign"},{"floor":29.0,"key":"halation:PromiseList"},{"floor":32,"key":"StuffTheSpire:NeowsTribute"},{"floor":43,"key":"CeramicFish"},{"floor":43,"key":"trackpad:AdjectivePendant"},{"floor":45,"key":"aspiration:FetidBarrel"},{"floor":48,"key":"hubris:MysteriousPyramids"}],"event_choices":[{"damage_healed":0.0,"max_hp_gain":0.0,"max_hp_loss":0.0,"gold_gain":225.0,"event_name":"Menagerie:SpiderNest","player_choice":"Raid","floor":4.0,"gold_loss":0.0,"damage_taken":0.0,"cards_obtained":["Shame"]},{"damage_healed":0.0,"max_hp_gain":0.0,"max_hp_loss":0.0,"gold_gain":0.0,"event_name":"betterMatch:BetterMatch","player_choice":"1","floor":5.0,"gold_loss":0.0,"damage_taken":0.0,"cards_obtained":["betterMatch:UncommonCard","betterMatch:ColorlessUncommonCard","betterMatch:CommonCard"]},{"damage_healed":0.0,"max_hp_gain":0.0,"max_hp_loss":0.0,"gold_gain":0.0,"event_name":"The Library","player_choice":"Read","floor":19.0,"gold_loss":0.0,"damage_taken":0.0,"cards_obtained":["theTrickster:Salvage"]},{"damage_healed":0,"gold_gain":0,"player_choice":"2","damage_taken":0,"max_hp_gain":0,"max_hp_loss":0,"event_name":"betterMatch:BetterMatch","floor":38,"gold_loss":0,"cards_obtained":["betterMatch:CommonCard","betterMatch:UncommonCard"]}],"is_beta":false,"boss_relics":[{"not_picked":["Astrolabe","halation:Prosthetics"],"picked":"SlaversCollar"},{"not_picked":["vexMod:ImprovementManual","StuffTheSpire:Kangaroo"],"picked":"Cursed Key"}],"items_purged_floors":[10,22,40,40,49],"is_endless":false,"potions_floor_spawned":[2,11,16,18,20,29,32,41,48],"ascension_level":1}}