{"host":"znvnxllcillb3rtw","time":1611197306,"event":{"mods":["Arknights The Spire","BaseMod","DeckTracker","Minty Spire (QoL Compilation)","Relic Stats","StSLib","SuperFastMode","everything is the same but u backflip on backflip"],"gold_per_floor":[118,133,133,149,164,164,176,188,188,188,222,239,263,276,276,381,381,395,175,186,204,204,238,238,250,250,250,175,175,275,298,298,400,400,418,429,442,163,177,206,81,81,81,93,93,103,103,131,131,131,131,131,79,110,110,110],"floor_reached":55,"language":"KOR","playtime":4098,"items_purged":["ats:Assault Order","ats:Dogmatic Field+1","ats:Sword Rain"],"score":726,"play_id":"13765b48-8126-4e03-b6aa-0a14ac8a75b5","local_time":"20210121114826","is_ascension_mode":false,"campfire_choices":[{"data":"ats:Revitalization","floor":6.0,"key":"SMITH"},{"data":"ats:Healing Drone","floor":10.0,"key":"SMITH"},{"data":"ats:Composite Medical Shells","floor":15.0,"key":"SMITH"},{"data":"ats:Dogmatic Field","floor":24.0,"key":"SMITH"},{"data":"ats:Assault Order","floor":27.0,"key":"SMITH"},{"data":"ats:Emotion Absorption","floor":29.0,"key":"SMITH"},{"data":"ats:Rat Pack","floor":32,"key":"SMITH"},{"floor":45,"key":"RECALL"},{"data":"ats:Revitalization","floor":49,"key":"SMITH"},{"data":"ats:Healing Drone","floor":52,"key":"SMITH"}],"circlet_count":0,"master_deck":["ats:Emotion Absorption+1","ats:Rat Pack+1","ats:Revitalization+1","ats:Composite Medical Shells+1","ats:Automatic Cover","ats:Healing Drone+1","ats:Powerful Strike","ats:Revitalization+1","ats:Curse Doll","ats:Healing Drone+1","ats:Phantom","ats:Collapsing Strike","ats:Rat Pack","ats:Assault Order+1","ats:Composite Medical Shells","ats:Nebulous Foxfire","ats:Shell Defense","ats:Directed Diagnosis","ats:Chain Hook","ats:Hook Shot","ats:Counter Healing Mode","ats:Beaten Up"],"relics":["ats:Sanity","Pantograph","ats:Originium","ats:Ability Aura","Potion Belt","Pandora\u0027s Box","Singing Bowl","White Beast Statue","Prayer Wheel","Sundial","ats:Tactical Delivery","ats:Cure","Molten Egg 2","Darkstone Periapt","Toy Ornithopter"],"acts_visited":["Exordium","TheCity","TheBeyond","TheEnding"],"potions_floor_usage":[55,55,55,55,55],"damage_taken":[{"damage":13.0,"enemies":"Cultist","floor":1.0,"turns":6.0},{"damage":14.0,"enemies":"Jaw Worm","floor":2.0,"turns":8.0},{"damage":7.0,"enemies":"2 Louse","floor":4.0,"turns":7.0},{"damage":8.0,"enemies":"Looter","floor":5.0,"turns":5.0},{"damage":6.0,"enemies":"Gremlin Gang","floor":7.0,"turns":5.0},{"damage":18.0,"enemies":"Blue Slaver","floor":8.0,"turns":6.0},{"damage":67.0,"enemies":"Gremlin Nob","floor":11.0,"turns":6.0},{"damage":36.0,"enemies":"Exordium Wildlife","floor":12.0,"turns":10.0},{"damage":33.0,"enemies":"Exordium Thugs","floor":14.0,"turns":7.0},{"damage":88.0,"enemies":"Hexaghost","floor":16.0,"turns":10.0},{"damage":35.0,"enemies":"Shell Parasite","floor":18.0,"turns":4.0},{"damage":21.0,"enemies":"3 Byrds","floor":20.0,"turns":3.0},{"damage":58.0,"enemies":"Sentry and Sphere","floor":21.0,"turns":8.0},{"damage":32.0,"enemies":"Book of Stabbing","floor":23.0,"turns":5.0},{"damage":8.0,"enemies":"Cultist and Chosen","floor":25.0,"turns":4.0},{"damage":32.0,"enemies":"Colosseum Slavers","floor":30.0,"turns":3.0},{"damage":81.0,"enemies":"Colosseum Nobs","floor":30.0,"turns":5.0},{"damage":166,"enemies":"Automaton","floor":33,"turns":14},{"damage":13,"enemies":"Orb Walker","floor":35,"turns":5},{"damage":25,"enemies":"3 Darklings","floor":36,"turns":6},{"damage":40,"enemies":"Jaw Worm Horde","floor":37,"turns":6},{"damage":10,"enemies":"Maw","floor":39,"turns":9},{"damage":225,"enemies":"Giant Head","floor":40,"turns":13},{"damage":51,"enemies":"Writhing Mass","floor":44,"turns":10},{"damage":43,"enemies":"4 Shapes","floor":46,"turns":7},{"damage":117,"enemies":"Nemesis","floor":48,"turns":13},{"damage":249,"enemies":"Time Eater","floor":50,"turns":20},{"damage":164,"enemies":"Shield and Spear","floor":54,"turns":11},{"damage":376,"enemies":"The Heart","floor":55,"turns":14}],"seed_played":"-8242600617006961801","potions_obtained":[{"floor":2.0,"key":"DistilledChaos"},{"floor":5.0,"key":"LiquidBronze"},{"floor":8.0,"key":"Energy Potion"},{"floor":14.0,"key":"Block Potion"},{"floor":16.0,"key":"ColorlessPotion"},{"floor":18.0,"key":"DistilledChaos"},{"floor":20.0,"key":"PowerPotion"},{"floor":23.0,"key":"FearPotion"},{"floor":30.0,"key":"EssenceOfSteel"},{"floor":33,"key":"EssenceOfSteel"},{"floor":36,"key":"DistilledChaos"},{"floor":40,"key":"Regen Potion"},{"floor":48,"key":"PowerPotion"}],"is_trial":false,"path_per_floor":["M","M","?","M","M","R","M","M","T","R","E","M","T","M","R","B",null,"M","$","M","M","?","E","R","M","T","R","?","R","?","T","R","B",null,"M","M","M","$","M","E","$","?","T","M","R","M","T","E","R","B",null,"R","$","E","B"],"character_chosen":"DOCTOR_CLASS","items_purchased":["ats:Nebulous Foxfire","ats:Hook Shot","ats:Cure","PowerPotion"],"campfire_rested":0,"item_purchase_floors":[19,38,38,53],"current_hp_per_floor":[59,69,69,71,63,63,72,72,72,72,28,40,40,63,63,53,72,72,72,72,51,51,74,74,76,76,76,76,76,78,78,78,80,80,82,86,87,87,92,94,94,89,89,91,91,95,95,97,97,97,97,97,97,99,0,0],"gold":110,"neow_bonus":"ONE_RANDOM_RARE_CARD","is_daily":false,"chose_seed":false,"campfire_upgraded":9,"win_rate":0.0,"timestamp":1611197306,"path_taken":["M","M","?","M","M","R","M","M","T","R","E","M","?","M","R","BOSS","M","$","M","M","?","E","R","M","T","R","?","R","?","?","R","BOSS","M","M","?","$","M","E","$","?","T","M","R","M","?","E","R","BOSS","R","$","E","BOSS"],"items_purchased_type":["Card","Card","Relic","Potion"],"build_version":"2020-12-22","purchased_purges":3,"victory":false,"max_hp_per_floor":[72,72,72,72,72,72,72,72,72,72,72,72,72,72,72,72,72,72,72,72,72,72,74,74,76,76,76,76,76,78,78,78,80,80,82,86,90,90,92,94,94,89,89,91,91,95,95,97,97,97,97,97,97,99,99,99],"relic_stats":{"Darkstone Periapt":0,"Singing Bowl":32,"counters":[29,230],"Sundial":[26],"Pantograph":9,"Pandora\u0027s Box":["ats:Healing Drone","ats:Phantom","ats:Collapsing Strike","ats:Assault Order","ats:Sword Rain","ats:Rat Pack","ats:Assault Order","ats:Assault Order"],"Prayer Wheel":6,"obtain_stats":[{"Potion Belt":13,"Darkstone Periapt":43,"ats:Ability Aura":11,"Singing Bowl":23,"ats:Cure":38,"White Beast Statue":26,"ats:Originium":11,"Sundial":30,"Pantograph":9,"Pandora\u0027s Box":17,"Prayer Wheel":30,"Molten Egg 2":40,"ats:Tactical Delivery":34,"ats:Sanity":0,"Toy Ornithopter":54},{"Potion Belt":8,"Darkstone Periapt":23,"ats:Ability Aura":7,"Singing Bowl":14,"ats:Cure":21,"White Beast Statue":15,"ats:Originium":7,"Sundial":17,"Pantograph":6,"Pandora\u0027s Box":10,"Prayer Wheel":17,"Molten Egg 2":23,"ats:Tactical Delivery":18,"ats:Sanity":0,"Toy Ornithopter":28},{"Potion Belt":53,"Darkstone Periapt":155,"ats:Ability Aura":43,"Singing Bowl":90,"ats:Cure":133,"White Beast Statue":94,"ats:Originium":43,"Sundial":102,"Pantograph":37,"Pandora\u0027s Box":70,"Prayer Wheel":102,"Molten Egg 2":155,"ats:Tactical Delivery":116,"ats:Sanity":0,"Toy Ornithopter":216}],"Toy Ornithopter":1},"card_choices":[{"not_picked":["ats:Explosion Area Strengthen","ats:Leaping Hammer"],"picked":"ats:Revitalization","floor":1.0},{"not_picked":["ats:Guardian Obelisk","ats:Powerful Strike"],"picked":"ats:Composite Medical Shells","floor":2.0},{"not_picked":["ats:Cat Scratch","ats:Assault Order"],"picked":"ats:Automatic Cover","floor":4.0},{"not_picked":["ats:Cat Scratch","ats:Encircling Forest","ats:Durian"],"picked":"SKIP","floor":5.0},{"not_picked":["ats:Cat Scratch","ats:Encircling Forest","ats:Durian"],"picked":"SKIP","floor":5.0},{"not_picked":["ats:Magnetic Hammer","ats:Rapid Magazine","ats:Leaping Hammer"],"picked":"SKIP","floor":7.0},{"not_picked":["ats:Magnetic Hammer","ats:Rapid Magazine","ats:Leaping Hammer"],"picked":"SKIP","floor":7.0},{"not_picked":["ats:Counter Healing Mode","ats:Consecutive Shot Auto"],"picked":"ats:Healing Drone","floor":8.0},{"not_picked":["ats:Magnetic Hammer","ats:Ignite"],"picked":"ats:Powerful Strike","floor":11.0},{"not_picked":["ats:Assault Order","ats:Explosion Area Strengthen"],"picked":"ats:Revitalization","floor":12.0},{"not_picked":["ats:Hammer On","ats:Very Hot Blade"],"picked":"ats:Curse Doll","floor":14.0},{"not_picked":["ats:Wolf Pack","ats:Volcano"],"picked":"ats:Dogmatic Field","floor":16.0},{"not_picked":["ats:Soul Absorption","ats:Poison Spread"],"picked":"ats:Composite Medical Shells","floor":18.0},{"not_picked":["ats:Revitalization","ats:Neurotoxin"],"picked":"ats:Shell Defense","floor":20.0},{"not_picked":["ats:Counter Healing Mode","ats:Assault Order"],"picked":"ats:Directed Diagnosis","floor":21.0},{"not_picked":["ats:LN2 Cannon","ats:Automatic Cover","ats:Closed Bolt Burst Fire+1"],"picked":"Singing Bowl","floor":23.0},{"not_picked":["ats:Childhood Dance","ats:Closed Bolt Burst Fire+1","ats:Very Hot Blade"],"picked":"Singing Bowl","floor":25.0},{"not_picked":["ats:Apocalypse","ats:Curse Doll","ats:Childhood Dance"],"picked":"Singing Bowl","floor":30.0},{"not_picked":["ats:Soul Rend","ats:Nebulous Foxfire","ats:Roar Of Ursus"],"picked":"Singing Bowl","floor":33},{"not_picked":["ats:Powerful Strike+1","ats:Song Of Battle+1"],"picked":"ats:Chain Hook","floor":35},{"not_picked":["ats:Rapid Magazine+1","ats:Directed Diagnosis","ats:Shell Defense"],"picked":"Singing Bowl","floor":35},{"not_picked":["ats:Hammer On","ats:Assault Order+1","ats:Childhood Dance"],"picked":"Singing Bowl","floor":36},{"not_picked":["ats:Flexible Camouflage+1","ats:Very Hot Blade","ats:Curse Doll+1"],"picked":"Singing Bowl","floor":36},{"not_picked":["ats:Poison Spread","ats:Automatic Cover","ats:Spore Proliferation+1"],"picked":"Singing Bowl","floor":37},{"not_picked":["ats:Curse Doll+1","ats:Blood Oath+1","ats:Flexible Camouflage+1"],"picked":"Singing Bowl","floor":37},{"not_picked":["ats:Curse Doll+1","ats:Support Order","ats:Childhood Dance"],"picked":"Singing Bowl","floor":39},{"not_picked":["ats:Consecutive Shot Auto","ats:Ambush"],"picked":"ats:Counter Healing Mode","floor":39},{"not_picked":["ats:Consecutive Shot Auto+1","ats:LN2 Cannon+1","ats:Sashimi Platter+1"],"picked":"Singing Bowl","floor":40},{"not_picked":["ats:Thermite Blade+1","ats:Shell Defense+1"],"picked":"ats:Beaten Up","floor":44},{"not_picked":["ats:Red Shift+1","ats:Very Hot Blade+1","ats:Phantom+1"],"picked":"Singing Bowl","floor":44},{"not_picked":["ats:Support Order","ats:Defend Order+1","ats:Red Shift+1"],"picked":"Singing Bowl","floor":46},{"not_picked":["ats:Flexible Camouflage+1","ats:Steam Pump","ats:Childhood Dance"],"picked":"Singing Bowl","floor":46},{"not_picked":["ats:Shadow Assault+1","ats:Sashimi Platter+1","ats:Mental Burst+1"],"picked":"Singing Bowl","floor":48},{"not_picked":["ats:Magnetic Hammer+1","ats:Collapsing Strike+1","ats:Beaten Up+1"],"picked":"Singing Bowl","floor":54}],"player_experience":2890710,"relics_obtained":[{"floor":9.0,"key":"Pantograph"},{"floor":11.0,"key":"ats:Originium"},{"floor":11.0,"key":"ats:Ability Aura"},{"floor":13.0,"key":"Potion Belt"},{"floor":23.0,"key":"ats:Originium"},{"floor":23.0,"key":"Singing Bowl"},{"floor":26.0,"key":"White Beast Statue"},{"floor":30.0,"key":"Prayer Wheel"},{"floor":30.0,"key":"Sundial"},{"floor":40,"key":"Molten Egg 2"},{"floor":43,"key":"Darkstone Periapt"},{"floor":54,"key":"Toy Ornithopter"}],"event_choices":[{"damage_healed":0.0,"max_hp_gain":0.0,"max_hp_loss":0.0,"gold_gain":0.0,"event_name":"Liars Game","player_choice":"Ignored","floor":3.0,"gold_loss":0.0,"damage_taken":0.0},{"cards_removed":["ats:Armor Crushing Shot"],"damage_healed":0.0,"max_hp_gain":0.0,"max_hp_loss":0.0,"gold_gain":0.0,"event_name":"Back to Basics","player_choice":"Elegance","floor":22.0,"gold_loss":0.0,"damage_taken":0.0},{"cards_removed":["ats:Assault Order"],"damage_healed":0.0,"max_hp_gain":0.0,"max_hp_loss":0.0,"gold_gain":0.0,"event_name":"Beggar","player_choice":"Gave Gold","floor":28.0,"gold_loss":75.0,"damage_taken":0.0},{"damage_healed":0.0,"max_hp_gain":0.0,"max_hp_loss":0.0,"gold_gain":0.0,"event_name":"Colosseum","player_choice":"Fight","floor":30.0,"gold_loss":0.0,"damage_taken":0.0},{"damage_healed":0.0,"max_hp_gain":0.0,"max_hp_loss":0.0,"gold_gain":0.0,"event_name":"Colosseum","player_choice":"Fought Nobs","floor":30.0,"gold_loss":0.0,"damage_taken":0.0},{"damage_healed":0,"gold_gain":0,"player_choice":"Max HP","damage_taken":0,"max_hp_gain":0,"max_hp_loss":5,"event_name":"Winding Halls","floor":42,"gold_loss":0}],"is_beta":false,"boss_relics":[{"not_picked":["ats:Sanity Plus","Black Star"],"picked":"Pandora\u0027s Box"},{"not_picked":["SacredBark","Runic Pyramid"],"picked":"ats:Tactical Delivery"}],"items_purged_floors":[19,38,41],"is_endless":false,"potions_floor_spawned":[2,5,8,14,16,18,20,23,30,30,33,35,36,37,39,40,44,46,48,54],"killed_by":"The Heart","ascension_level":0}}