{"host":"3jjxuhjpio8e4zkv","time":1611273137,"event":{"mods":["BaseMod","Colored Map","Highlight Path","Minty Spire (QoL Compilation)","Permanent Neow","Relic Stats","StSLib"],"gold_per_floor":[119,137,151,162,175,175,204,204,204,250,276,313,31,105,105,185,185,214,214,129,129,148,148,190,190,264,291,314,340,22,41,41,127,127,137,156,183,204,232,232,260,303,329,329,329,96,96,96,96,96,96,96,96,29,65,65,65],"floor_reached":56,"language":"ENG","playtime":3614,"items_purged":["Strike_G","Strike_G"],"score":2029,"play_id":"e7b70fd9-dbee-4573-ae82-37038aadcf5d","local_time":"20210121185217","is_ascension_mode":true,"campfire_choices":[{"data":"Dagger Spray","floor":6.0,"key":"SMITH"},{"data":"Deadly Poison","floor":15.0,"key":"SMITH"},{"data":"Die Die Die","floor":23.0,"key":"SMITH"},{"floor":25.0,"key":"REST"},{"floor":32.0,"key":"REST"},{"data":"Envenom","floor":40.0,"key":"SMITH"},{"data":"Wraith Form v2","floor":44.0,"key":"SMITH"},{"floor":47.0,"key":"RECALL"},{"data":"Footwork","floor":49.0,"key":"SMITH"},{"data":"Noxious Fumes","floor":53.0,"key":"SMITH"}],"circlet_count":0,"master_deck":["AscendersBane","Strike_G","Defend_G","Defend_G","Defend_G","Defend_G","Defend_G","Survivor","Neutralize","Backstab","Dash","Blur","Dagger Spray+1","Deadly Poison+1","Terror","Blade Dance","Acrobatics","Die Die Die+1","Footwork+1","Calculated Gamble","Acrobatics+1","Cloak And Dagger+1","Backflip+1","Burst+1","Noxious Fumes+1","Crippling Poison+1","Envenom+1","Deadly Poison+1","Sadistic Nature","Apotheosis+1","Bandage Up+1","Tactician+1","Well Laid Plans","Blur+1","Wraith Form v2+1","Catalyst+1","Blur+1","Dodge and Roll+1"],"relics":["Ring of the Snake","Mango","Nunchaku","CeramicFish","PreservedInsect","Paper Crane","Blue Candle","Black Star","Shuriken","Tiny Chest","Toxic Egg 2","Mummified Hand","StrikeDummy","Lantern","Coffee Dripper","Strawberry","Eternal Feather","FossilizedHelix","TungstenRod","Bird Faced Urn"],"acts_visited":["Exordium","TheCity","TheBeyond","TheEnding"],"potions_floor_usage":[],"damage_taken":[{"damage":4.0,"enemies":"Jaw Worm","floor":1.0,"turns":8.0},{"damage":0.0,"enemies":"2 Louse","floor":2.0,"turns":3.0},{"damage":0.0,"enemies":"Small Slimes","floor":3.0,"turns":3.0},{"damage":0.0,"enemies":"Exordium Wildlife","floor":4.0,"turns":3.0},{"damage":0.0,"enemies":"2 Fungi Beasts","floor":5.0,"turns":2.0},{"damage":5.0,"enemies":"3 Sentries","floor":7.0,"turns":8.0},{"damage":8.0,"enemies":"Large Slime","floor":11.0,"turns":5.0},{"damage":8.0,"enemies":"Gremlin Nob","floor":12.0,"turns":3.0},{"damage":5.0,"enemies":"3 Sentries","floor":14.0,"turns":5.0},{"damage":10.0,"enemies":"Hexaghost","floor":16.0,"turns":9.0},{"damage":1.0,"enemies":"3 Byrds","floor":18.0,"turns":5.0},{"damage":9.0,"enemies":"Spheric Guardian","floor":22.0,"turns":4.0},{"damage":39.0,"enemies":"Book of Stabbing","floor":24.0,"turns":5.0},{"damage":0.0,"enemies":"Gremlin Leader","floor":27.0,"turns":6.0},{"damage":16.0,"enemies":"Snecko","floor":28.0,"turns":7.0},{"damage":15.0,"enemies":"Snake Plant","floor":29.0,"turns":4.0},{"damage":0.0,"enemies":"3 Cultists","floor":31.0,"turns":3.0},{"damage":25.0,"enemies":"Automaton","floor":33.0,"turns":12.0},{"damage":0.0,"enemies":"3 Darklings","floor":35.0,"turns":4.0},{"damage":4.0,"enemies":"Orb Walker","floor":36.0,"turns":4.0},{"damage":2.0,"enemies":"4 Shapes","floor":38.0,"turns":5.0},{"damage":18.0,"enemies":"Sphere and 2 Shapes","floor":39.0,"turns":6.0},{"damage":20.0,"enemies":"3 Darklings","floor":41.0,"turns":3.0},{"damage":18.0,"enemies":"Reptomancer","floor":42.0,"turns":4.0},{"damage":67.0,"enemies":"Awakened One","floor":50.0,"turns":12.0},{"damage":0.0,"enemies":"Donu and Deca","floor":51.0,"turns":7.0},{"damage":65.0,"enemies":"Shield and Spear","floor":55.0,"turns":6.0},{"damage":35,"enemies":"The Heart","floor":56,"turns":6}],"seed_played":"6615790486577140020","potions_obtained":[{"floor":1.0,"key":"Dexterity Potion"},{"floor":5.0,"key":"DistilledChaos"},{"floor":7.0,"key":"Strength Potion"},{"floor":12.0,"key":"SkillPotion"},{"floor":16.0,"key":"Dexterity Potion"},{"floor":21.0,"key":"EntropicBrew"},{"floor":21.0,"key":"GhostInAJar"},{"floor":22.0,"key":"ColorlessPotion"},{"floor":28.0,"key":"SpeedPotion"},{"floor":29.0,"key":"PowerPotion"},{"floor":38.0,"key":"DuplicationPotion"},{"floor":42.0,"key":"DistilledChaos"}],"is_trial":false,"path_per_floor":["M","M","M","M","M","R","E","?","T","T","M","E","$","?","R","B",null,"M","?","?","?","M","R","E","R","T","E","M","M","$","M","R","B",null,"M","M","?","M","M","R","M","E","T","R","?","$","R","T","R","B","B",null,"R","$","E","B"],"character_chosen":"THE_SILENT","items_purchased":["Paper Crane","Burst+1","Noxious Fumes","ColorlessPotion","Catalyst+1","PowerPotion","Blur+1"],"campfire_rested":2,"item_purchase_floors":[13,30,30,30,46,46,54],"current_hp_per_floor":[69,69,69,69,69,69,64,57,57,57,49,41,41,36,36,26,62,61,61,61,61,52,52,13,35,35,35,19,4,4,4,26,1,56,56,52,42,46,34,34,20,15,15,36,36,36,57,57,78,14,20,66,81,81,16,0,0],"gold":65,"neow_bonus":"ONE_RARE_RELIC","is_daily":false,"chose_seed":false,"campfire_upgraded":7,"win_rate":0.0,"timestamp":1611273137,"path_taken":["M","M","M","M","M","R","E","?","T","?","M","E","$","?","R","BOSS","M","?","?","?","M","R","E","R","T","E","M","?","$","M","R","BOSS","M","M","?","M","M","R","M","E","T","R","?","$","R","?","R","BOSS","BOSS","R","$","E","BOSS"],"items_purchased_type":["Relic","Card","Card","Potion","Card","Potion","Card"],"build_version":"2020-12-22","purchased_purges":2,"victory":false,"max_hp_per_floor":[74,74,74,74,74,74,74,74,74,74,74,74,74,74,74,74,74,74,74,74,74,74,74,74,74,74,74,74,74,74,74,74,74,74,74,74,74,74,74,74,74,81,81,81,81,81,81,81,81,81,81,81,81,81,81,81,81],"relic_stats":{"counters":[28,152],"CeramicFish":216,"Blue Candle":[0],"Eternal Feather":78,"PreservedInsect":262,"Nunchaku":[27],"Shuriken":[42],"Mummified Hand":[54],"Bird Faced Urn":[12],"Tiny Chest":1,"Black Star":4,"obtain_stats":[{"Lantern":27,"CeramicFish":10,"Blue Candle":14,"Mango":0,"Eternal Feather":42,"PreservedInsect":12,"Paper Crane":13,"Nunchaku":9,"Shuriken":20,"Mummified Hand":26,"Strawberry":42,"Bird Faced Urn":55,"Tiny Chest":24,"Black Star":17,"Coffee Dripper":34,"Toxic Egg 2":24,"StrikeDummy":27,"FossilizedHelix":48,"TungstenRod":55,"Ring of the Snake":0},{"Lantern":14,"CeramicFish":6,"Blue Candle":8,"Mango":0,"Eternal Feather":24,"PreservedInsect":8,"Paper Crane":8,"Nunchaku":6,"Shuriken":11,"Mummified Hand":13,"Strawberry":24,"Bird Faced Urn":27,"Tiny Chest":13,"Black Star":10,"Coffee Dripper":18,"Toxic Egg 2":13,"StrikeDummy":14,"FossilizedHelix":24,"TungstenRod":27,"Ring of the Snake":0},{"Lantern":69,"CeramicFish":27,"Blue Candle":35,"Mango":0,"Eternal Feather":121,"PreservedInsect":35,"Paper Crane":35,"Nunchaku":27,"Shuriken":54,"Mummified Hand":63,"Strawberry":121,"Bird Faced Urn":146,"Tiny Chest":63,"Black Star":49,"Coffee Dripper":95,"Toxic Egg 2":63,"StrikeDummy":69,"FossilizedHelix":121,"TungstenRod":146,"Ring of the Snake":0}],"TungstenRod":25,"Ring of the Snake":[56]},"card_choices":[{"not_picked":["Setup","Cloak And Dagger"],"picked":"Backstab","floor":1.0},{"not_picked":["Calculated Gamble","Poisoned Stab"],"picked":"Dash","floor":2.0},{"not_picked":["Escape Plan","Outmaneuver"],"picked":"Blur","floor":3.0},{"not_picked":["Finisher","Expertise"],"picked":"Dagger Spray","floor":4.0},{"not_picked":["Dagger Throw","Acrobatics"],"picked":"Deadly Poison","floor":5.0},{"not_picked":["Cloak And Dagger","Heel Hook","Choke"],"picked":"SKIP","floor":7.0},{"not_picked":["Cloak And Dagger","Heel Hook","Choke"],"picked":"SKIP","floor":7.0},{"not_picked":["Backstab","Heel Hook"],"picked":"Terror","floor":11.0},{"not_picked":["All Out Attack","PiercingWail"],"picked":"Blade Dance","floor":12.0},{"not_picked":["Dodge and Roll","Doppelganger"],"picked":"Acrobatics","floor":14.0},{"not_picked":["Unload","Phantasmal Killer"],"picked":"Die Die Die","floor":16.0},{"not_picked":["Poisoned Stab","Dagger Spray"],"picked":"Footwork","floor":18.0},{"not_picked":["Backstab","Deadly Poison"],"picked":"Calculated Gamble","floor":22.0},{"not_picked":["Die Die Die","Distraction+1"],"picked":"Acrobatics+1","floor":24.0},{"not_picked":["Underhanded Strike","Endless Agony+1","Quick Slash"],"picked":"SKIP","floor":27.0},{"not_picked":["Underhanded Strike","Endless Agony+1","Quick Slash"],"picked":"SKIP","floor":27.0},{"not_picked":["Underhanded Strike","Dagger Throw"],"picked":"Cloak And Dagger+1","floor":28.0},{"not_picked":["Concentrate+1","Cloak And Dagger+1"],"picked":"Backflip+1","floor":29.0},{"not_picked":["Quick Slash","Dash"],"picked":"Crippling Poison+1","floor":31.0},{"not_picked":["Grand Finale","Storm of Steel+1"],"picked":"Envenom","floor":33.0},{"not_picked":["Flying Knee","Slice","Sucker Punch"],"picked":"SKIP","floor":35.0},{"not_picked":["Dagger Spray","Dash+1"],"picked":"Deadly Poison+1","floor":36.0},{"not_picked":["Mind Blast","Dramatic Entrance"],"picked":"Sadistic Nature","floor":37.0},{"not_picked":["HandOfGreed","Forethought+1"],"picked":"Apotheosis+1","floor":37.0},{"not_picked":["Discovery+1","Impatience+1"],"picked":"Bandage Up+1","floor":37.0},{"not_picked":["Dodge and Roll+1","Flying Knee"],"picked":"Tactician+1","floor":38.0},{"not_picked":["Dagger Spray","Bane"],"picked":"Well Laid Plans","floor":39.0},{"not_picked":["Backflip+1","Flying Knee"],"picked":"Blur+1","floor":41.0},{"not_picked":["Acrobatics+1","Accuracy+1"],"picked":"Wraith Form v2","floor":42.0},{"not_picked":["Escape Plan+1","Skewer"],"picked":"Dodge and Roll+1","floor":55.0}],"player_experience":1216528,"relics_obtained":[{"floor":9.0,"key":"Nunchaku"},{"floor":10.0,"key":"CeramicFish"},{"floor":12.0,"key":"PreservedInsect"},{"floor":24.0,"key":"Tiny Chest"},{"floor":24.0,"key":"Toxic Egg 2"},{"floor":26.0,"key":"Mummified Hand"},{"floor":27.0,"key":"StrikeDummy"},{"floor":27.0,"key":"Lantern"},{"floor":42.0,"key":"Strawberry"},{"floor":42.0,"key":"Eternal Feather"},{"floor":48.0,"key":"FossilizedHelix"},{"floor":55.0,"key":"TungstenRod"},{"floor":55.0,"key":"Bird Faced Urn"}],"event_choices":[{"cards_removed":["Strike_G"],"damage_healed":0.0,"max_hp_gain":0.0,"max_hp_loss":0.0,"gold_gain":0.0,"event_name":"Golden Wing","player_choice":"Card Removal","floor":8.0,"gold_loss":0.0,"damage_taken":7.0},{"damage_healed":0.0,"max_hp_gain":0.0,"max_hp_loss":0.0,"gold_gain":30.0,"event_name":"Dead Adventurer","player_choice":"Searched \u00273\u0027 times","floor":14.0,"gold_loss":0.0,"damage_taken":0.0,"relics_obtained":["Blue Candle"]},{"damage_healed":0.0,"max_hp_gain":0.0,"max_hp_loss":0.0,"gold_gain":0.0,"event_name":"Cursed Tome","player_choice":"Ignored","floor":19.0,"gold_loss":0.0,"damage_taken":0.0},{"damage_healed":0.0,"max_hp_gain":0.0,"max_hp_loss":0.0,"gold_gain":0.0,"event_name":"Addict","player_choice":"Obtained Relic","floor":20.0,"gold_loss":85.0,"damage_taken":0.0,"relics_obtained":["Shuriken"]},{"damage_healed":0.0,"max_hp_gain":0.0,"max_hp_loss":0.0,"gold_gain":0.0,"event_name":"Lab","player_choice":"Got Potions","floor":21.0,"gold_loss":0.0,"damage_taken":0.0},{"damage_healed":0.0,"max_hp_gain":0.0,"max_hp_loss":0.0,"gold_gain":0.0,"event_name":"SensoryStone","player_choice":"Memory 3","floor":37.0,"gold_loss":0.0,"damage_taken":10.0},{"cards_removed":["Strike_G"],"damage_healed":0.0,"max_hp_gain":0.0,"max_hp_loss":0.0,"gold_gain":0.0,"event_name":"Falling","player_choice":"Removed Attack","floor":45.0,"gold_loss":0.0,"damage_taken":0.0}],"is_beta":false,"boss_relics":[{"not_picked":["Philosopher\u0027s Stone","Empty Cage"],"picked":"Black Star"},{"not_picked":["Snecko Eye","SlaversCollar"],"picked":"Coffee Dripper"}],"items_purged_floors":[30,46],"is_endless":false,"potions_floor_spawned":[1,5,7,12,16,22,28,29,38,42],"killed_by":"The Heart","ascension_level":20}}