{"host":"w05x4i13f2m9joq1","time":1611188728,"event":{"mods":["Act Like it!","Bard","BaseMod","Better Altar","Better Match","Better Note","Better Sensory Stone","Better Skull","Better Third Choice","BetterRewards","Colored Map","Colored Powertips","Duelist Mod","GifTheSpireLib","Googly Eyes","Ironclad Rager","Lobotomy","LobotomyExtend","Marisa????????","Minty Spire (QoL Compilation)","Replay The Spire","Spire Birthday Party","StSLib","The Bug Knight","The Construct","The Hierophant","The IronCluck","The Mystic","TheBandit","everything is the same but u backflip on backflip","slay the spire mod where everything is the same but ironclad has a cowboy hat"],"gold_per_floor":[137,137,167,195,224,236,280,306,345,357,369,426,482,508,520,645,657,686,724,835,873,1,20,60,80,106,106,106,134,134,138,138],"floor_reached":31,"language":"ENG","playtime":2174,"items_purged":["theDuelist:Sparks"],"score":419,"play_id":"e1e0daef-b6ef-42ef-bc2f-74bc5b4b38b1","local_time":"20210120192528","is_ascension_mode":true,"campfire_choices":[{"floor":6,"key":"REST"},{"floor":15,"key":"REST"},{"data":"theDuelist:PowerKaishin","floor":28,"key":"SMITH"}],"circlet_count":0,"master_deck":["theDuelist:CastleWalls","theDuelist:CastleWalls","theDuelist:DarkMagician+1","theDuelist:MysticalElf","theDuelist:MysticalElf","theDuelist:NeoMagic+1","theDuelist:NeoMagic","theDuelist:Sparks","theDuelist:DoomShaman","Sadistic Nature","theDuelist:DarkMagicianGirl","theDuelist:GeminiElf","theDuelist:Illusionist","theDuelist:RainbowMagician+1","theDuelist:PowerKaishin+1","theDuelist:InvitationDarkSleep","theDuelist:MagiciansRod","theDuelist:ShadowOrbCard","theDuelist:PowerKaishin+1","theDuelist:PowerKaishin+1","theDuelist:DarkPaladin+1","theDuelist:MysticalElf+1","theDuelist:VoidVanishment+1","theDuelist:MysticalElf","theDuelist:GrandSpellbookTower+1","theDuelist:GrandSpellbookTower+1","theDuelist:NeoMagic+1","Necronomicurse"],"relics":["theDuelist:MillenniumPuzzle","theDuelist:CardPoolRelic","theDuelist:CardPoolBasicRelic","theDuelist:BoosterPackPoolRelic","theDuelist:CardPoolAddRelic","theDuelist:CardPoolMinusRelic","theDuelist:CardPoolSaveRelic","theDuelist:CardPoolOptionsRelic","LetterFromLob","theDuelist:AeroRelic","MawBank","Happy Flower","Golden Egg","Nunchaku","Replay:Bandana","ReplayTheSpireMod:Lightbulb","Ooze Armor","Meat on the Bone","theDuelist:OrbCardRelic","theDuelist:MerchantNecklace","Pen Nib","Ancient Tea Set","Whetstone","Replay:Bottled Snecko","theDuelist:MillenniumRod","Necronomicon"],"acts_visited":["Exordium","TheCity"],"potions_floor_usage":[16,21,21,24,24,31],"damage_taken":[{"damage":0,"enemies":"Jaw Worm","floor":1,"turns":5},{"damage":0,"enemies":"Cultist","floor":3,"turns":3},{"damage":1,"enemies":"Small Slimes","floor":4,"turns":4},{"damage":0,"enemies":"3 Louse","floor":5,"turns":5},{"damage":13,"enemies":"Lagavulin","floor":7,"turns":8},{"damage":0,"enemies":"Blue Slaver","floor":8,"turns":4},{"damage":12,"enemies":"Gremlin Nob","floor":13,"turns":5},{"damage":3,"enemies":"Red Slaver","floor":14,"turns":4},{"damage":21,"enemies":"The Guardian","floor":16,"turns":11},{"damage":11,"enemies":"3 Byrds","floor":18,"turns":7},{"damage":20,"enemies":"Chosen","floor":19,"turns":5},{"damage":14,"enemies":"Snecko","floor":21,"turns":6},{"damage":9,"enemies":"3 Cultists","floor":23,"turns":6},{"damage":25,"enemies":"Slavers","floor":24,"turns":5},{"damage":17,"enemies":"Centurion and Healer","floor":25,"turns":9},{"damage":33,"enemies":"Book of Stabbing","floor":29,"turns":7},{"damage":7,"enemies":"Shelled Parasite and Fungi","floor":31,"turns":1}],"seed_played":"6775549530667097366","potions_obtained":[{"floor":3,"key":"Reflective Coating"},{"floor":7,"key":"theDuelist:WaterBottle"},{"floor":8,"key":"AttackPotion"},{"floor":16,"key":"theDuelist:GiftPotion"},{"floor":19,"key":"AttackPotion"},{"floor":21,"key":"Adrenaline Potion"},{"floor":29,"key":"ColorlessPotion"}],"is_trial":false,"path_per_floor":["M","?","M","M","M","R","E","M","T","?","?","T","E","M","R","B",null,"M","M","?","M","$","M","E","M","T","T","R","E","?","M"],"character_chosen":"THE_DUELIST","items_purchased":["Meat on the Bone","theDuelist:OrbCardRelic","theDuelist:PowerKaishin","theDuelist:MerchantNecklace","Pen Nib","theDuelist:DarkPaladin","theDuelist:MysticalElf","theDuelist:VoidVanishment"],"campfire_rested":2,"item_purchase_floors":[22,22,22,22,22,22,22,22],"current_hp_per_floor":[80,28,28,27,27,51,38,38,38,38,38,38,26,23,47,26,80,69,49,49,48,48,51,46,41,41,41,41,20,4,0,0],"gold":138,"neow_bonus":"TRANSFORM_CARD","is_daily":false,"chose_seed":false,"campfire_upgraded":1,"win_rate":0.0,"timestamp":1611188728,"path_taken":["M","?","?","M","M","R","E","M","T","?","?","?","E","?","R","BOSS","M","M","?","M","$","M","E","M","T","?","R","E","?","M"],"items_purchased_type":["Relic","Relic","Card","Relic","Relic","Card","Card","Card"],"build_version":"2020-12-22","purchased_purges":1,"victory":false,"max_hp_per_floor":[80,80,80,80,80,80,80,80,80,80,80,80,80,80,80,80,80,80,80,80,80,80,80,80,80,80,80,80,80,80,80,80],"card_choices":[{"not_picked":["Magnetism","Panacea","Secret Technique"],"picked":"Sadistic Nature","floor":1},{"not_picked":["theDuelist:SangaThunder","theDuelist:ExodiaRL","theDuelist:SpiritHarp","theDuelist:OnslaughtFireKings"],"picked":"theDuelist:DarkMagicianGirl","floor":3},{"not_picked":["theDuelist:BlizzardWarrior","theDuelist:InjectionFairy","theDuelist:DarkMagicianGirl","theDuelist:BlizzardPrincess"],"picked":"theDuelist:GeminiElf","floor":4},{"not_picked":["theDuelist:IrisEarthMother","theDuelist:RainbowMagician","theDuelist:GateGuardian"],"picked":"SKIP","floor":5},{"not_picked":["theDuelist:EvilswarmHeliotrope","theDuelist:LabyrinthWall","theDuelist:DarklordSuperbia","theDuelist:ElectromagneticShield","theDuelist:GemElephant"],"picked":"SKIP","floor":7},{"not_picked":["theDuelist:ClearKuriboh","theDuelist:MillenniumGolem","theDuelist:MudragonSwamp","theDuelist:Sangan","theDuelist:GauntletWarrior"],"picked":"SKIP","floor":8},{"not_picked":["theDuelist:NeoMagic","theDuelist:FairyBox","theDuelist:WhiteMagicalHat","theDuelist:InariFire"],"picked":"theDuelist:Illusionist","floor":13},{"not_picked":["theDuelist:Fissure","theDuelist:GauntletWarrior","theDuelist:FeatherPho","theDuelist:GoldenApples","theDuelist:Reload"],"picked":"SKIP","floor":14},{"not_picked":["theDuelist:RainbowDarkDragon","theDuelist:IrisEarthMother","theDuelist:RainbowKuriboh","theDuelist:RainbowOverdragon"],"picked":"theDuelist:RainbowMagician","floor":16},{"not_picked":["theDuelist:NeoMagic","theDuelist:DarkMagician","theDuelist:ExodiaRL","theDuelist:DoomShaman"],"picked":"theDuelist:PowerKaishin","floor":18},{"not_picked":["theDuelist:ApprenticeIllusionMagician","theDuelist:AltarTribute","theDuelist:CrystalWingDragon","theDuelist:LegendaryFlameLord+1"],"picked":"theDuelist:InvitationDarkSleep","floor":19},{"not_picked":["theDuelist:GoblinSecret","theDuelist:TimeWizard","theDuelist:WonderWand"],"picked":"theDuelist:MagiciansRod","floor":21},{"not_picked":["theDuelist:SpellShatteringArrow+1","theDuelist:BlizzardWarrior+1","theDuelist:ExodiaLL+1","theDuelist:InariFire"],"picked":"theDuelist:MysticalElf","floor":23},{"not_picked":["theDuelist:ExodiaHead","theDuelist:ThousandEyesRestrict","theDuelist:IceQueen","theDuelist:SangaWater"],"picked":"theDuelist:GrandSpellbookTower","floor":24},{"not_picked":["theDuelist:MagiciansRod","theDuelist:VoidVanishment+1","theDuelist:SpellbookLife+1","theDuelist:RockSunrise"],"picked":"theDuelist:GrandSpellbookTower+1","floor":25},{"not_picked":["theDuelist:LordD+1","theDuelist:MysticalElf+1","theDuelist:SpellShatteringArrow","theDuelist:BlizzardWarrior"],"picked":"theDuelist:NeoMagic+1","floor":29}],"player_experience":103315,"relics_obtained":[{"floor":1,"key":"LetterFromLob"},{"floor":7,"key":"Golden Egg"},{"floor":9,"key":"Nunchaku"},{"floor":12,"key":"Replay:Bandana"},{"floor":13,"key":"ReplayTheSpireMod:Lightbulb"},{"floor":24,"key":"Ancient Tea Set"},{"floor":26,"key":"Whetstone"},{"floor":27,"key":"Replay:Bottled Snecko"},{"floor":29,"key":"theDuelist:MillenniumRod"},{"floor":30,"key":"Necronomicon"}],"event_choices":[{"damage_healed":0,"gold_gain":0,"player_choice":"RE RE RE ","damage_taken":58,"relics_obtained":["theDuelist:AeroRelic","MawBank","Happy Flower"],"max_hp_gain":0,"max_hp_loss":0,"event_name":"betterSkull:BetterSkull","floor":2,"gold_loss":0,"cards_upgraded":[]},{"damage_healed":0,"gold_gain":0,"player_choice":"Leave","duelist":true,"damage_taken":0,"max_hp_gain":0,"max_hp_loss":0,"event_name":"Battle City","floor":10,"gold_loss":0},{"damage_healed":0,"gold_gain":0,"player_choice":"Ignored","damage_taken":369,"max_hp_gain":0,"max_hp_loss":0,"event_name":"betterThird:BetterSerpent","floor":11,"gold_loss":0},{"damage_healed":0,"gold_gain":99,"player_choice":"Steal","damage_taken":0,"max_hp_gain":0,"max_hp_loss":0,"event_name":"betterThird:BetterNest","floor":20,"gold_loss":0},{"damage_healed":0,"gold_gain":0,"player_choice":"Obtained Book","damage_taken":16,"max_hp_gain":0,"max_hp_loss":0,"event_name":"Cursed Tome","floor":30,"gold_loss":0}],"is_beta":false,"boss_relics":[{"not_picked":["Replay:Wanted Poster","Sozu"],"picked":"Ooze Armor"}],"items_purged_floors":[22],"is_endless":false,"potions_floor_spawned":[3,7,8,16,19,21,29],"killed_by":"Shelled Parasite and Fungi","ascension_level":4}}