{"host":"8f5cu9y0fpol72qs","time":1611191540,"event":{"mods":["AlwaysNeverKeys","BaseMod","Colored Map","Colored Powertips","Curses Come First","Highlight Path","Key Reminder","Minty Spire (QoL Compilation)","StSLib"],"gold_per_floor":[114,130,149,74,74,100,100,120,120,137,154,187,202,219,219,297,297,310,310,54,65,80,115,129,129,129],"floor_reached":25,"language":"ENG","playtime":9430,"items_purged":["Strike_B","Strike_B"],"score":491,"play_id":"a1ff4504-70bb-48ff-875b-afb829437ed0","local_time":"20210120171220","is_ascension_mode":true,"campfire_choices":[{"floor":7.0,"key":"REST"},{"floor":15.0,"key":"REST"}],"circlet_count":0,"master_deck":["AscendersBane","Strike_B","Strike_B+1","Defend_B","Defend_B","Defend_B","Defend_B+1","Zap","Dualcast","Doom and Gloom","Ball Lightning","Beam Cell","Leap","Echo Form","Compile Driver","Sunder","Cold Snap","Loop","Biased Cognition","Conserve Battery","Defragment","Glacier","Hologram","Barrage"],"relics":["Cracked Core","Omamori","Pen Nib","Bottled Tornado","FossilizedHelix","Inserter","Tiny Chest"],"acts_visited":["Exordium","TheCity"],"potions_floor_usage":[25],"damage_taken":[{"damage":1.0,"enemies":"Cultist","floor":1.0,"turns":3.0},{"damage":0.0,"enemies":"2 Louse","floor":2.0,"turns":1.0},{"damage":3.0,"enemies":"Jaw Worm","floor":3.0,"turns":4.0},{"damage":30.0,"enemies":"3 Sentries","floor":6.0,"turns":6.0},{"damage":4.0,"enemies":"Exordium Thugs","floor":8.0,"turns":4.0},{"damage":6.0,"enemies":"Gremlin Gang","floor":10.0,"turns":3.0},{"damage":6.0,"enemies":"Large Slime","floor":11.0,"turns":3.0},{"damage":3.0,"enemies":"Lagavulin","floor":12.0,"turns":4.0},{"damage":13.0,"enemies":"Blue Slaver","floor":13.0,"turns":3.0},{"damage":3.0,"enemies":"Gremlin Gang","floor":14.0,"turns":4.0},{"damage":0.0,"enemies":"Slime Boss","floor":16.0,"turns":6.0},{"damage":12.0,"enemies":"Shell Parasite","floor":18.0,"turns":4.0},{"damage":0.0,"enemies":"Spheric Guardian","floor":21.0,"turns":3.0},{"damage":11.0,"enemies":"Shelled Parasite and Fungi","floor":22.0,"turns":9.0},{"damage":45,"enemies":"Slavers","floor":23,"turns":6},{"damage":8,"enemies":"Centurion and Healer","floor":24,"turns":8},{"damage":24,"enemies":"Book of Stabbing","floor":25,"turns":2}],"seed_played":"6805170842165985863","potions_obtained":[{"floor":2.0,"key":"Weak Potion"},{"floor":3.0,"key":"Regen Potion"},{"floor":10.0,"key":"AttackPotion"},{"floor":11.0,"key":"AttackPotion"},{"floor":12.0,"key":"BlessingOfTheForge"},{"floor":23,"key":"ColorlessPotion"},{"floor":24,"key":"Energy Potion"}],"is_trial":false,"path_per_floor":["M","M","M","$","?","E","R","M","T","M","M","E","M","M","R","B",null,"M","?","$","M","M","E","M","E"],"character_chosen":"DEFECT","items_purchased":["Defragment","Glacier"],"campfire_rested":2,"item_purchase_floors":[20,20],"current_hp_per_floor":[63,63,60,60,46,31,52,48,48,42,36,33,20,17,38,38,63,51,71,71,71,60,15,7,0,0],"gold":129,"neow_bonus":"RANDOM_COMMON_RELIC","is_daily":false,"chose_seed":false,"campfire_upgraded":0,"win_rate":0.0,"timestamp":1611191540,"path_taken":["M","M","?","$","?","E","R","M","T","M","M","E","M","M","R","BOSS","M","?","?","?","M","E","?","E"],"items_purchased_type":["Card","Card"],"build_version":"2020-12-22","purchased_purges":2,"victory":false,"max_hp_per_floor":[71,71,71,71,71,71,71,71,71,71,71,71,71,71,71,71,71,71,71,71,71,71,71,71,71,71],"card_choices":[{"not_picked":["Cold Snap","Beam Cell"],"picked":"Doom and Gloom","floor":1.0},{"not_picked":["Rebound","Compile Driver"],"picked":"Ball Lightning","floor":2.0},{"not_picked":["Go for the Eyes","Hello World"],"picked":"Beam Cell","floor":3.0},{"not_picked":["Creative AI","Stack"],"picked":"Leap","floor":6.0},{"not_picked":["Conserve Battery","Barrage"],"picked":"Echo Form","floor":8.0},{"not_picked":["Fusion","Tempest"],"picked":"Compile Driver","floor":10.0},{"not_picked":["Consume","Skim","Hello World"],"picked":"SKIP","floor":11.0},{"not_picked":["Stack","Aggregate"],"picked":"Sunder","floor":12.0},{"not_picked":["Beam Cell","Redo"],"picked":"Cold Snap","floor":13.0},{"not_picked":["White Noise","Beam Cell"],"picked":"Loop","floor":14.0},{"not_picked":["Echo Form","Multi-Cast"],"picked":"Biased Cognition","floor":16.0},{"not_picked":["Sweeping Beam","Scrape"],"picked":"Conserve Battery","floor":18.0},{"not_picked":["Compile Driver","Rebound"],"picked":"Hologram","floor":21.0},{"not_picked":["Double Energy","Sunder","Compile Driver"],"picked":"SKIP","floor":22.0},{"not_picked":["Cold Snap+1","Melter"],"picked":"Barrage","floor":23},{"not_picked":["Hologram","Redo","Ball Lightning+1"],"picked":"SKIP","floor":24}],"player_experience":851468,"relics_obtained":[{"floor":6.0,"key":"Pen Nib"},{"floor":9.0,"key":"Bottled Tornado"},{"floor":12.0,"key":"FossilizedHelix"},{"floor":23,"key":"Tiny Chest"}],"event_choices":[{"damage_healed":0.0,"max_hp_gain":0.0,"max_hp_loss":0.0,"gold_gain":0.0,"event_name":"Shining Light","player_choice":"Entered Light","floor":5.0,"gold_loss":0.0,"damage_taken":14.0,"cards_upgraded":["Defend_B","Strike_B"]},{"damage_healed":20.0,"max_hp_gain":0.0,"max_hp_loss":0.0,"gold_gain":0.0,"event_name":"Wheel of Change","player_choice":"Full Heal","floor":19.0,"gold_loss":0.0,"damage_taken":0.0}],"is_beta":false,"boss_relics":[{"not_picked":["SlaversCollar","Astrolabe"],"picked":"Inserter"}],"items_purged_floors":[4,20],"is_endless":false,"potions_floor_spawned":[2,3,10,11,12,23,24],"killed_by":"Book of Stabbing","ascension_level":14}}