{"host":"KYO","time":1611231511,"event":{"mods":["ATMod(阿瑾Mod)","BaseMod","Minty Spire (QoL Compilation)","Permanent Neow","Shop Mod","StSLib","SuperFastMode","TestMod","[IsaacMod]以撒尖塔","【遗物卡牌】REMEMod"],"gold_per_floor":[119,194,29,29,29,29,64,86,113,149,149,172,172,182,182,320,320,354,28,28,38,38,116,116,165,165,172,172],"floor_reached":27,"language":"ZHS","playtime":1477,"items_purged":[],"score":560,"play_id":"ade1baf6-f5c2-43ec-aa7d-d1347674f953","local_time":"20210121201831","is_ascension_mode":true,"campfire_choices":[{"data":"REME_HeartOfCthun","floor":6.0,"key":"SMITH"},{"data":"Uppercut","floor":13.0,"key":"SMITH"},{"data":"Cleave","floor":15.0,"key":"SMITH"},{"data":"Battle Trance","floor":24,"key":"SMITH"}],"circlet_count":0,"master_deck":["AscendersBane","Strike_R","Strike_R","Strike_R","Strike_R","Strike_R","Defend_R","Defend_R","Defend_R","Defend_R","Bash","REME_HeartOfCthun+1","Uppercut+1","Battle Trance+1","Cleave+1","Fiend Fire"],"relics":["Burning Blood","HushsDoor","REME_ComplimentaryCards","testmod-TestBox","PillsDrop","testmod-IndustrialRevolution","NeowsBlessing","SalivaCoin","AT_ArchangelStaff","HowToJump","Odd Mushroom","Happy Flower","AT_ATBox","testmod-BatchProcessingSystem","GuppysCollar","GuppysTail","MerchantsRug","Bag of Preparation","AT_BellDemon","ForgetMeNow","Smiling Mask","TuHaoJin"],"acts_visited":["Exordium","TheCity"],"potions_floor_usage":[23,25],"damage_taken":[{"damage":0.0,"enemies":"Small Slimes","floor":1.0,"turns":1.0},{"damage":0.0,"enemies":"Gremlin Nob","floor":7.0,"turns":1.0},{"damage":0.0,"enemies":"The Mushroom Lair","floor":8.0,"turns":2.0},{"damage":5.0,"enemies":"3 Sentries","floor":10.0,"turns":2.0},{"damage":12.0,"enemies":"Jaw Worm","floor":12.0,"turns":2.0},{"damage":0.0,"enemies":"Cultist","floor":14.0,"turns":3.0},{"damage":43.0,"enemies":"Hexaghost","floor":16.0,"turns":7.0},{"damage":19.0,"enemies":"Shell Parasite","floor":18.0,"turns":3.0},{"damage":0.0,"enemies":"Spheric Guardian","floor":21.0,"turns":1.0},{"damage":37,"enemies":"Book of Stabbing","floor":23,"turns":5},{"damage":28,"enemies":"Slavers","floor":25,"turns":6},{"damage":9,"enemies":"Shelled Parasite and Fungi","floor":27,"turns":1}],"seed_played":"-6600575477041488858","potions_obtained":[{"floor":8.0,"key":"ElixirPotion"},{"floor":10.0,"key":"Block Potion"},{"floor":16.0,"key":"BlessingOfTheForge"},{"floor":23,"key":"Dexterity Potion"},{"floor":25,"key":"Ancient Potion"}],"is_trial":false,"path_per_floor":["M","?","$","?","$","R","E","?","T","E","?","M","R","M","R","B",null,"M","$","?","M","?","E","R","E","T","M"],"character_chosen":"IRONCLAD","items_purchased":["SalivaCoin","GuppysCollar","GuppysTail","MerchantsRug","Bag of Preparation"],"campfire_rested":0,"item_purchase_floors":[3,17,17,19,19],"current_hp_per_floor":[74,63,63,63,63,63,69,75,75,75,75,69,69,75,75,41,52,39,39,39,45,45,14,14,7,7,0,0],"gold":172,"neow_bonus":"THREE_ENEMY_KILL","is_daily":false,"chose_seed":false,"campfire_upgraded":4,"win_rate":0.0,"timestamp":1611231511,"path_taken":["M","?","$","?","$","R","E","?","T","E","?","M","R","M","R","BOSS","M","$","?","M","?","E","R","E","T","M"],"items_purchased_type":["Relic","Relic","Relic","Relic","Relic"],"build_version":"2020-12-18","purchased_purges":0,"victory":false,"max_hp_per_floor":[75,75,75,75,75,75,75,75,75,75,75,75,75,75,75,78,55,55,55,55,50,50,50,50,50,50,50,50],"card_choices":[{"not_picked":[],"picked":"Bomb","floor":0.0},{"not_picked":["Combust","Bloodletting"],"picked":"Uppercut","floor":1.0},{"not_picked":["Dark Embrace","Spot Weakness"],"picked":"Battle Trance","floor":7.0},{"not_picked":["Spot Weakness","Warcry"],"picked":"Cleave","floor":8.0},{"not_picked":["Sentinel","Fire Breathing","Sword Boomerang"],"picked":"SKIP","floor":10.0},{"not_picked":["Warcry","Berserk","True Grit"],"picked":"SKIP","floor":12.0},{"not_picked":["Feel No Pain","Thunderclap","Hemokinesis"],"picked":"SKIP","floor":14.0},{"not_picked":["Impervious","Brutality"],"picked":"Fiend Fire","floor":16.0},{"not_picked":["Body Slam","AT_GerminateFire","Ghostly Armor"],"picked":"SKIP","floor":18.0},{"not_picked":["Wild Strike","Cleave","Thunderclap+1"],"picked":"SKIP","floor":21.0},{"not_picked":["Body Slam","Bloodletting","Blood for Blood"],"picked":"SKIP","floor":23},{"not_picked":["Bloodletting","Whirlwind","AT_BodySlamDance+1"],"picked":"SKIP","floor":25}],"player_experience":648243,"relics_obtained":[{"floor":7.0,"key":"HowToJump"},{"floor":8.0,"key":"Odd Mushroom"},{"floor":10.0,"key":"Happy Flower"},{"floor":23,"key":"ForgetMeNow"},{"floor":25,"key":"Smiling Mask"},{"floor":26,"key":"TuHaoJin"}],"event_choices":[{"damage_healed":0.0,"max_hp_gain":0.0,"max_hp_loss":0.0,"gold_gain":75.0,"event_name":"World of Goop","player_choice":"Gather Gold","floor":2.0,"gold_loss":0.0,"damage_taken":11.0},{"cards_removed":["AT_FamilyPortrait"],"damage_healed":0.0,"max_hp_gain":0.0,"max_hp_loss":0.0,"gold_gain":0.0,"event_name":"WeMeetAgain","player_choice":"Gave Card","floor":4.0,"gold_loss":0.0,"damage_taken":0.0,"relics_obtained":["AT_ArchangelStaff"]},{"damage_healed":0.0,"max_hp_gain":0.0,"max_hp_loss":0.0,"gold_gain":0.0,"event_name":"Mushrooms","player_choice":"Fought Mushrooms","floor":8.0,"gold_loss":0.0,"damage_taken":0.0},{"damage_healed":0.0,"max_hp_gain":0.0,"max_hp_loss":0.0,"gold_gain":0.0,"event_name":"给自己的盒子","player_choice":"Swap Relic","floor":11.0,"relics_lost":["AT_ATBox"],"gold_loss":0.0,"damage_taken":0.0,"relics_obtained":["AT_ATBox"]},{"damage_healed":0.0,"max_hp_gain":0.0,"max_hp_loss":0.0,"gold_gain":0.0,"event_name":"The Mausoleum","player_choice":"Opened","floor":20.0,"gold_loss":0.0,"damage_taken":0.0,"relics_obtained":["AT_BellDemon"],"cards_obtained":["Writhe"]},{"cards_removed":["Writhe"],"damage_healed":0.0,"max_hp_gain":0.0,"max_hp_loss":0.0,"gold_gain":0.0,"event_name":"Back to Basics","player_choice":"Elegance","floor":22.0,"gold_loss":0.0,"damage_taken":0.0}],"is_beta":true,"boss_relics":[{"not_picked":["testmod-TimeTraveler","testmod-Recursion"],"picked":"testmod-BatchProcessingSystem"},{"not_picked":[]}],"items_purged_floors":[],"is_endless":false,"potions_floor_spawned":[8,10,16,23,25],"killed_by":"Shelled Parasite and Fungi","ascension_level":20}}