{"host":"2fgwwnzqc97k7iys","time":1611200156,"event":{"mods":["BaseMod","Colored Map","Minty Spire (QoL Compilation)","Quick Restart","Relic Stats"],"gold_per_floor":[116,134,148,168,181,181,12,30,30,30,30,45,57,82,82,186,186,186,186],"floor_reached":18,"language":"ENG","playtime":2462,"items_purged":[],"score":241,"play_id":"652b6008-df41-4663-8a49-2ae7333988d9","local_time":"20210120213556","is_ascension_mode":true,"campfire_choices":[{"data":"True Grit","floor":6.0,"key":"SMITH"},{"data":"Bash","floor":11.0,"key":"SMITH"},{"data":"Pommel Strike","floor":15.0,"key":"SMITH"}],"circlet_count":0,"master_deck":["Strike_R","Strike_R","Strike_R","Defend_R","Defend_R","Defend_R","Bash+1","True Grit+1","Clothesline","Pommel Strike+1","Seeing Red","Cleave","Hemokinesis+1","Wild Strike+1","Iron Wave+1","Fiend Fire+1"],"relics":["Burning Blood","Vajra","Molten Egg 2","Shuriken","Boot","Empty Cage"],"acts_visited":["Exordium","TheCity"],"potions_floor_usage":[],"damage_taken":[{"damage":1.0,"enemies":"Cultist","floor":1.0,"turns":3.0},{"damage":7.0,"enemies":"Jaw Worm","floor":2.0,"turns":5.0},{"damage":6.0,"enemies":"2 Louse","floor":3.0,"turns":3.0},{"damage":4.0,"enemies":"Looter","floor":4.0,"turns":4.0},{"damage":10.0,"enemies":"Blue Slaver","floor":5.0,"turns":5.0},{"damage":7.0,"enemies":"Large Slime","floor":8.0,"turns":7.0},{"damage":4.0,"enemies":"Red Slaver","floor":12.0,"turns":4.0},{"damage":14.0,"enemies":"Exordium Wildlife","floor":13.0,"turns":3.0},{"damage":22.0,"enemies":"Lagavulin","floor":14.0,"turns":5.0},{"damage":46.0,"enemies":"Hexaghost","floor":16.0,"turns":9.0},{"damage":20,"enemies":"Shell Parasite","floor":18,"turns":3}],"seed_played":"-4535704125504748253","potions_obtained":[{"floor":1.0,"key":"PowerPotion"},{"floor":3.0,"key":"GamblersBrew"},{"floor":8.0,"key":"Fruit Juice"},{"floor":13.0,"key":"ColorlessPotion"},{"floor":14.0,"key":"BloodPotion"}],"is_trial":false,"path_per_floor":["M","M","M","M","M","R","$","M","T","?","R","M","M","E","R","B",null,"M"],"character_chosen":"IRONCLAD","items_purchased":["Vajra","Cleave"],"campfire_rested":0,"item_purchase_floors":[7,7],"current_hp_per_floor":[77,76,76,78,74,74,74,73,73,73,73,75,67,56,56,16,68,48,48],"gold":186,"neow_bonus":"REMOVE_CARD","is_daily":false,"chose_seed":false,"campfire_upgraded":3,"win_rate":0.0,"timestamp":1611200156,"path_taken":["M","M","?","M","M","R","$","M","T","?","R","?","M","E","R","BOSS","M"],"items_purchased_type":["Relic","Card"],"build_version":"2020-12-22","purchased_purges":0,"victory":false,"max_hp_per_floor":[80,80,80,80,80,80,80,80,80,80,80,80,80,85,85,85,85,85,85],"relic_stats":{"counters":[11,50],"Shuriken":[4],"Boot":[4],"obtain_stats":[{"Shuriken":10,"Vajra":7,"Molten Egg 2":9,"Boot":14,"Empty Cage":17,"Burning Blood":0},{"Shuriken":6,"Vajra":5,"Molten Egg 2":6,"Boot":9,"Empty Cage":10,"Burning Blood":0},{"Shuriken":27,"Vajra":20,"Molten Egg 2":27,"Boot":39,"Empty Cage":48,"Burning Blood":0}],"Burning Blood":60},"card_choices":[{"not_picked":["Disarm","Clash"],"picked":"True Grit","floor":1.0},{"not_picked":["Headbutt","Rupture"],"picked":"Clothesline","floor":2.0},{"not_picked":["Clash","Rupture","Shockwave"],"picked":"SKIP","floor":3.0},{"not_picked":["Headbutt","Uppercut"],"picked":"Pommel Strike","floor":4.0},{"not_picked":["Clash","Rage"],"picked":"Seeing Red","floor":5.0},{"not_picked":["Perfected Strike","Metallicize","Flex"],"picked":"SKIP","floor":8.0},{"not_picked":["Bloodletting","True Grit"],"picked":"Hemokinesis+1","floor":12.0},{"not_picked":["Shrug It Off","Flex"],"picked":"Wild Strike+1","floor":13.0},{"not_picked":["Shrug It Off","Juggernaut"],"picked":"Iron Wave+1","floor":14.0},{"not_picked":["Berserk","Brutality"],"picked":"Fiend Fire+1","floor":16.0}],"player_experience":480420,"relics_obtained":[{"floor":9.0,"key":"Molten Egg 2"},{"floor":14.0,"key":"Boot"}],"event_choices":[{"damage_healed":0.0,"max_hp_gain":0.0,"max_hp_loss":0.0,"gold_gain":0.0,"event_name":"WeMeetAgain","player_choice":"Gave Potion","floor":10.0,"gold_loss":0.0,"damage_taken":0.0,"relics_obtained":["Shuriken"]}],"is_beta":false,"boss_relics":[{"not_picked":["Tiny House","Fusion Hammer"],"picked":"Empty Cage"}],"items_purged_floors":[],"is_endless":false,"potions_floor_spawned":[1,3,8,13,14],"killed_by":"Shell Parasite","ascension_level":9}}