{"host":"d61fcf2p3sjwe6yo","time":1611222711,"event":{"mods":["AchievementEnabler","BaseMod","Colored Map","Downfall","Minty Spire (QoL Compilation)","StSLib","SuperFastMode"],"gold_per_floor":[0,18,31,45,145,165,165,184,184,204,239,339,339,339,339],"floor_reached":13,"language":"ENG","playtime":749,"items_purged":[],"score":135,"play_id":"39f4bd1b-a065-4162-9945-5679a4ea492e","local_time":"20210121125151","is_ascension_mode":true,"campfire_choices":[{"data":"hexamod:Float","floor":1,"key":"SMITH"},{"data":"hexamod:Hexaguard","floor":9,"key":"SMITH"}],"circlet_count":0,"master_deck":["AscendersBane","hexamod:Strike","hexamod:Strike","hexamod:Defend","hexamod:Defend","hexamod:Defend","hexamod:Defend","hexamod:Sear","hexamod:Float+1","hexamod:Hexaguard+1","hexamod:StepThrough","hexamod:FirstSeal","hexamod:TimeWarp+1","hexamod:SecondSeal"],"relics":["hexamod:SpiritBrand","StoneCalendar","The Courier","Calipers"],"acts_visited":[],"potions_floor_usage":[11,12],"damage_taken":[{"damage":2,"enemies":"Jaw Worm","floor":2,"turns":3},{"damage":0,"enemies":"Cultist","floor":3,"turns":3},{"damage":0,"enemies":"2 Louse","floor":4,"turns":3},{"damage":2,"enemies":"2 Fungi Beasts","floor":6,"turns":3},{"damage":0,"enemies":"Blue Slaver","floor":8,"turns":3},{"damage":2,"enemies":"2 Fungi Beasts","floor":10,"turns":4},{"damage":13,"enemies":"Gremlin Nob","floor":11,"turns":5},{"damage":29,"enemies":"downfall:Heads","floor":12,"turns":7},{"damage":25,"enemies":"3 Sentries","floor":13,"turns":4}],"seed_played":"-3049551746793178074","potions_obtained":[{"floor":6,"key":"Weak Potion"},{"floor":8,"key":"PowerPotion"},{"floor":11,"key":"Energy Potion"}],"is_trial":false,"path_per_floor":["R","M","M","M","?","M","T","M","R","M","E","?","E"],"character_chosen":"THE_SPIRIT","items_purchased":[],"campfire_rested":0,"item_purchase_floors":[],"current_hp_per_floor":[63,61,61,61,61,59,59,59,59,57,51,22,0,0,0],"gold":339,"neow_bonus":"ONE_RARE_RELIC","is_daily":false,"chose_seed":false,"campfire_upgraded":2,"win_rate":0.0,"timestamp":1611222711,"path_taken":["R","M","M","M","?","M","T","?","R","M","E","?","E"],"items_purchased_type":[],"build_version":"2020-12-22","purchased_purges":0,"victory":false,"max_hp_per_floor":[70,70,70,70,70,70,70,70,70,70,70,70,70,70,70],"card_choices":[{"not_picked":["hexamod:HeatMetal","hexamod:GhostShield","hexamod:GhostOfSpireFuture"],"picked":"SKIP","floor":2},{"not_picked":["hexamod:Rewind","hexamod:InspiringFlames","hexamod:HauntingEcho"],"picked":"SKIP","floor":3},{"not_picked":["hexamod:HeatMetal","hexamod:HeatShield"],"picked":"hexamod:Hexaguard","floor":4},{"not_picked":["hexamod:NightmareGuise","hexamod:FlamesFromBeyond","hexamod:Rewind"],"picked":"SKIP","floor":6},{"not_picked":["hexamod:HeatMetal","hexamod:Hexaguard"],"picked":"hexamod:StepThrough","floor":8},{"not_picked":["hexamod:GhostflameInferno","hexamod:GhostOfSpirePast"],"picked":"hexamod:FirstSeal","floor":10},{"not_picked":["hexamod:HauntingEcho","hexamod:NightmareGuise","hexamod:ExtraCrispy"],"picked":"SKIP","floor":11},{"not_picked":["hexamod:NightmareStrike","hexamod:HauntingEcho"],"picked":"hexamod:TimeWarp","floor":12}],"player_experience":637372,"relics_obtained":[{"floor":7,"key":"The Courier"},{"floor":11,"key":"Calipers"}],"event_choices":[],"is_beta":false,"boss_relics":[],"items_purged_floors":[],"is_endless":false,"potions_floor_spawned":[6,8,11],"killed_by":"3 Sentries","ascension_level":11}}