{"host":"i391n33tccqevi90","time":1611269458,"event":{"mods":["2.2 Compatiblity","AchievementEnabler","AlwaysNeverKeys","BaseMod","Better Third Choice","Conspire","Emptier Cage","Filter the Spire","Good Game Mod","Grow up Mod","Hero for Fun","Minty Spire (QoL Compilation)","Remove Card Discount Mod","Spicy Shops","StSLib"],"gold_per_floor":[109,119,134,146,1,1,18,43,43,68,68,119,119,119,119,215,215,226,87,97,109,109,109,123,153,153,169,202,202,217,232,232,331,331,345,355,17,363,363,405,405,420,420,436,447,125,125,159,159,159,159,159,9,37,37],"floor_reached":56,"language":"ENG","playtime":3723,"items_purged":["conspire:GhostlyStrike","conspire:GhostlyStrike","conspire:GhostlyStrike+1","conspire:GhostlyStrike","conspire:GhostlyDefend+1","conspire:GhostlyDefend+1","conspire:GhostlyDefend+1","Eruption+1","Panache","Parasite","TalkToTheHand","SandsOfTime","LessonLearned+1"],"score":1304,"play_id":"5e726c35-6adb-40da-a9de-0f2aec53821e","local_time":"20210121165058","is_ascension_mode":false,"campfire_choices":[{"data":"Devotion","floor":6,"key":"SMITH"},{"data":"Ragnarok","floor":11,"key":"SMITH"},{"data":"ClearTheMind","floor":15,"key":"SMITH"},{"data":"Alpha","floor":23,"key":"SMITH"},{"data":"Study","floor":29,"key":"SMITH"},{"floor":32,"key":"REST"},{"data":"Scrawl","floor":41,"key":"SMITH"},{"floor":49,"key":"REST"},{"data":"Nirvana","floor":52,"key":"SMITH"}],"circlet_count":0,"master_deck":["Vigilance","Brilliance+1","Devotion+1","ReachHeaven","Nirvana+1","ClearTheMind+1","SandsOfTime","Ragnarok+1","Alpha+1","Devotion","ClearTheMind+1","Study+1","Perseverance+1","MentalFortress","ThirdEye","DevaForm+1","CutThroughFate","Scrawl+1","Wireheading+1","JustLucky","LikeWater","conspire:Banana","DevaForm+1","WheelKick+1"],"relics":["PureWater","REME:ComplimentaryCards","conspire:TreasureMap","FossilizedHelix","Meat on the Bone","Gremlin Horn","War Paint","VioletLotus","Shuriken","Happy Flower","Torii","conspire:SpecialSausage","TeardropLocket","Old Coin","conspire:Dentures","Dream Catcher","HandDrill","Omamori","Melange","Boot"],"acts_visited":["Exordium","TheCity","TheBeyond","TheEnding"],"potions_floor_usage":[16,27,33,36,48,50,55,55],"damage_taken":[{"damage":0,"enemies":"Cultist","floor":1,"turns":3},{"damage":0,"enemies":"Small Slimes","floor":2,"turns":2},{"damage":0,"enemies":"2 Louse","floor":3,"turns":2},{"damage":16,"enemies":"Blue Slaver","floor":4,"turns":4},{"damage":31,"enemies":"Exordium Wildlife","floor":7,"turns":5},{"damage":26,"enemies":"Lagavulin","floor":8,"turns":6},{"damage":13,"enemies":"3 Sentries","floor":10,"turns":4},{"damage":0,"enemies":"Slime Boss","floor":16,"turns":3},{"damage":5,"enemies":"2 Thieves","floor":18,"turns":3},{"damage":16,"enemies":"3 Byrds","floor":20,"turns":4},{"damage":17,"enemies":"Shelled Parasite and Fungi","floor":21,"turns":4},{"damage":41,"enemies":"Snake Plant","floor":24,"turns":5},{"damage":42,"enemies":"Slavers","floor":25,"turns":3},{"damage":0,"enemies":"3 Cultists","floor":27,"turns":2},{"damage":18,"enemies":"Gremlin Leader","floor":28,"turns":6},{"damage":27,"enemies":"Sentry and Sphere","floor":30,"turns":5},{"damage":22,"enemies":"Snecko","floor":31,"turns":5},{"damage":17,"enemies":"conspire:MysteriousRune","floor":33,"turns":5},{"damage":51,"enemies":"3 Darklings","floor":35,"turns":6},{"damage":7,"enemies":"3 Shapes","floor":36,"turns":3},{"damage":81,"enemies":"2 Orb Walkers","floor":38,"turns":5},{"damage":31,"enemies":"conspire:MimicChest","floor":40,"turns":6},{"damage":35,"enemies":"Spire Growth","floor":42,"turns":5},{"damage":78,"enemies":"4 Shapes","floor":44,"turns":4},{"damage":43,"enemies":"Writhing Mass","floor":45,"turns":5},{"damage":7,"enemies":"Nemesis","floor":48,"turns":5},{"damage":63,"enemies":"Donu and Deca","floor":50,"turns":6},{"damage":98,"enemies":"Shield and Spear","floor":54,"turns":8},{"damage":105,"enemies":"The Heart","floor":55,"turns":8}],"seed_played":"1925840737037338500","potions_obtained":[{"floor":1,"key":"Strength Potion"},{"floor":3,"key":"Ambrosia"},{"floor":4,"key":"Energy Potion"},{"floor":16,"key":"SneckoOil"},{"floor":21,"key":"Explosive Potion"},{"floor":27,"key":"Dexterity Potion"},{"floor":30,"key":"Fire Potion"},{"floor":33,"key":"ColorlessPotion"},{"floor":38,"key":"SteroidPotion"},{"floor":42,"key":"LiquidBronze"},{"floor":54,"key":"Strength Potion"}],"is_trial":false,"path_per_floor":["M","M","M","M","$","R","M","E","T","E","R","T","?","?","R","B",null,"M","$","M","M","?","R","M","E","T","M","E","R","M","M","R","B",null,"M","M","$","?","?","?","R","M","T","M","M","$","?","E","R","B",null,"R","$","E","B",null],"character_chosen":"WATCHER","items_purchased":["conspire:TreasureMap","Devotion","TeardropLocket","JustLucky","LikeWater","conspire:Banana","HandDrill","Melange"],"campfire_rested":2,"item_purchase_floors":[5,19,37,37,46,46,46,53],"current_hp_per_floor":[92,102,112,106,116,126,105,89,99,108,118,128,138,148,158,168,252,257,267,261,254,264,274,243,211,221,231,223,233,216,204,331,324,422,381,384,394,323,333,312,322,297,307,251,230,240,250,266,444,392,591,601,611,524,430],"gold":37,"neow_bonus":"ONE_RANDOM_RARE_CARD","is_daily":false,"chose_seed":false,"campfire_upgraded":7,"win_rate":0.0,"timestamp":1611269458,"path_taken":["M","M","M","M","$","R","M","E","T","E","R","?","?","?","R","BOSS","M","$","M","?","?","R","M","E","T","M","E","R","?","M","R","BOSS","M","M","$","?","?","?","R","M","T","?","M","$","?","E","R","BOSS","R","$","E","BOSS"],"items_purchased_type":["Relic","Card","Relic","Card","Card","Card","Relic","Relic"],"build_version":"2020-12-22","purchased_purges":13,"victory":true,"max_hp_per_floor":[92,102,112,122,132,142,152,162,172,182,192,202,212,222,232,242,252,262,272,282,292,302,312,322,332,342,352,362,372,382,392,402,412,422,432,442,452,462,472,482,492,502,512,522,532,539,549,560,570,581,591,601,611,622,633],"card_choices":[{"not_picked":["Consecrate","Crescendo"],"picked":"ReachHeaven","floor":1},{"not_picked":["ThirdEye","BowlingBash"],"picked":"Nirvana","floor":2},{"not_picked":["FollowUp","Tantrum"],"picked":"LessonLearned","floor":3},{"not_picked":["Swivel","ReachHeaven"],"picked":"ClearTheMind","floor":4},{"not_picked":["ClearTheMind","CutThroughFate"],"picked":"SandsOfTime","floor":7},{"not_picked":["Wallop","EmptyMind"],"picked":"Ragnarok","floor":8},{"not_picked":["ClearTheMind","Crescendo"],"picked":"SandsOfTime","floor":10},{"not_picked":["Scrawl","Wish"],"picked":"Alpha","floor":16},{"not_picked":["ForeignInfluence","CrushJoints","Wallop"],"picked":"SKIP","floor":18},{"not_picked":["SashWhip+1","Tantrum+1"],"picked":"ClearTheMind+1","floor":20},{"not_picked":["Meditate","ForeignInfluence"],"picked":"Study","floor":21},{"not_picked":["Weave","CarveReality+1"],"picked":"Perseverance+1","floor":24},{"not_picked":["ForeignInfluence","Protect"],"picked":"MentalFortress","floor":25},{"not_picked":["Nirvana","EmptyMind"],"picked":"ThirdEye","floor":27},{"not_picked":["Vengeance","Halt","EmptyBody"],"picked":"SKIP","floor":28},{"not_picked":["Prostrate+1","JustLucky"],"picked":"DevaForm","floor":30},{"not_picked":["Consecrate","Evaluate+1"],"picked":"CutThroughFate","floor":31},{"not_picked":["Judgement","Omniscience"],"picked":"Scrawl","floor":33},{"not_picked":["WaveOfTheHand+1","WreathOfFlame"],"picked":"Wireheading+1","floor":35},{"not_picked":["EmptyBody+1","ReachHeaven+1"],"picked":"TalkToTheHand","floor":36},{"not_picked":["ClearTheMind+1","CutThroughFate+1","JustLucky"],"picked":"SKIP","floor":42},{"not_picked":["InnerPeace+1","Prostrate+1","JustLucky+1"],"picked":"SKIP","floor":44},{"not_picked":["SashWhip","EmptyFist","MasterReality"],"picked":"SKIP","floor":45},{"not_picked":["CutThroughFate","Crescendo+1","Consecrate"],"picked":"SKIP","floor":48},{"not_picked":["Evaluate+1","CutThroughFate"],"picked":"WheelKick+1","floor":49},{"not_picked":["FollowUp+1","Protect","MasterReality"],"picked":"SKIP","floor":54}],"player_experience":557111,"relics_obtained":[{"floor":8,"key":"FossilizedHelix"},{"floor":9,"key":"Meat on the Bone"},{"floor":10,"key":"Gremlin Horn"},{"floor":12,"key":"War Paint"},{"floor":25,"key":"Shuriken"},{"floor":26,"key":"Happy Flower"},{"floor":28,"key":"Torii"},{"floor":38,"key":"Old Coin"},{"floor":40,"key":"conspire:Dentures"},{"floor":43,"key":"Dream Catcher"},{"floor":48,"key":"Omamori"},{"floor":54,"key":"Boot"}],"event_choices":[{"damage_healed":0,"gold_gain":0,"player_choice":"Agree","damage_taken":0,"max_hp_gain":0,"max_hp_loss":0,"event_name":"conspire:LoneGhost","floor":13,"gold_loss":0},{"damage_healed":0,"gold_gain":0,"cards_transformed":["conspire:GhostlyDefend"],"player_choice":"Transformed","damage_taken":0,"max_hp_gain":0,"max_hp_loss":0,"event_name":"Transmorgrifier","floor":14,"gold_loss":0,"cards_obtained":["Panache"]},{"damage_healed":0,"gold_gain":0,"player_choice":"Bought 0 Potions","damage_taken":0,"max_hp_gain":0,"max_hp_loss":0,"event_name":"The Woman in Blue","floor":22,"gold_loss":0},{"damage_healed":0,"gold_gain":0,"player_choice":"Fight","damage_taken":0,"max_hp_gain":0,"max_hp_loss":0,"event_name":"Mysterious Sphere","floor":38,"gold_loss":0},{"damage_healed":0,"gold_gain":0,"player_choice":"Ignored","damage_taken":0,"max_hp_gain":0,"max_hp_loss":0,"event_name":"Tomb of Lord Red Mask","floor":39,"gold_loss":0},{"damage_healed":0,"gold_gain":0,"player_choice":"Copied","damage_taken":0,"max_hp_gain":0,"max_hp_loss":0,"event_name":"Duplicator","floor":47,"gold_loss":0,"cards_obtained":["DevaForm"]}],"is_beta":false,"boss_relics":[{"not_picked":["Busted Crown","conspire:RoyalGoblet"],"picked":"VioletLotus"},{"not_picked":["conspire:SeveredTorchhead","Runic Pyramid"],"picked":"conspire:SpecialSausage"}],"items_purged_floors":[19,37,37,37,37,37,37,37,37,46,46,46,46],"is_endless":false,"potions_floor_spawned":[1,3,4,16,21,27,30,33,38,42,45,54],"ascension_level":0}}