{"host":"8i58hvcssdezoe94","time":1611217336,"event":{"mods":["Act Like it!","BaseMod","Colored Map","Conspire","Gensokyo","KinomotoSakuraMod(木之本樱)","Marisa（F雨　魔理沙）","Minty Spire (QoL Compilation)","Quick Restart","Remilia（蕾米莉亚）","Replay The Spire","StSLib","The Animator","The Bug Knight","The Construct","The Cursed","The Hierophant","The Jungle","The Servant 0.9.4"],"gold_per_floor":[110,130,5,5,19,19,19,19,19,45,55,87,87,104,104,200,200,211,27,27,47,47,72,72,91,91,91,108,108,131,145,145,145,145],"floor_reached":33,"language":"ZHS","playtime":1322,"items_purged":[],"score":265,"play_id":"c8da1593-a359-4874-94fd-0842a8934fb3","local_time":"20210121162216","is_ascension_mode":false,"campfire_choices":[{"floor":6,"key":"RECALL"},{"data":"Dualcast","floor":8,"key":"SMITH"},{"data":"Redo","floor":15,"key":"SMITH"},{"floor":27,"key":"REST"},{"data":"Chrysalis","floor":29,"key":"SMITH"}],"circlet_count":0,"master_deck":["Strike_B","Strike_B","Strike_B","Strike_B","Defend_B","Defend_B","Defend_B","Defend_B","Zap+1","Dualcast+1","Steam","Leap","Loop+1","Redo+1","Cold Snap","Streamline","Melter","Biased Cognition+1","Chrysalis+1","Ball Lightning","Stack","Hyperbeam","Steam","Sweeping Beam","Leap","Melter"],"relics":["Cracked Core","NeowsBlessing","Frozen Egg 2","Dream Catcher","Calipers","Replay:Baseball","conspire:Boomerang","Velvet Choker","Eternal Feather","Pantograph"],"acts_visited":["Gensokyo:Gensokyo","TheCity"],"potions_floor_usage":[],"damage_taken":[{"damage":0,"enemies":"Gensokyo:Gryphon","floor":1,"turns":1},{"damage":0,"enemies":"Gensokyo:2_Kodama","floor":2,"turns":1},{"damage":0,"enemies":"Gensokyo:3_Fairies","floor":5,"turns":1},{"damage":11,"enemies":"Gensokyo:Aya","floor":10,"turns":7},{"damage":5,"enemies":"Gensokyo:CorruptedTreant","floor":11,"turns":5},{"damage":11,"enemies":"conspire:MimicChest","floor":12,"turns":7},{"damage":0,"enemies":"Gensokyo:2_Rabbits","floor":14,"turns":4},{"damage":19,"enemies":"Gensokyo:Kokoro","floor":16,"turns":9},{"damage":2,"enemies":"3 Byrds","floor":18,"turns":3},{"damage":3,"enemies":"Chosen","floor":21,"turns":4},{"damage":52,"enemies":"Book of Stabbing","floor":23,"turns":5},{"damage":14,"enemies":"3 Cultists","floor":25,"turns":4},{"damage":23,"enemies":"Shelled Parasite and Fungi","floor":28,"turns":4},{"damage":7,"enemies":"Centurion and Healer","floor":31,"turns":6},{"damage":73,"enemies":"Collector","floor":33,"turns":6}],"seed_played":"3759620801002725144","potions_obtained":[{"floor":10,"key":"Elixir"},{"floor":11,"key":"Elixir"},{"floor":12,"key":"Explosive Potion"}],"is_trial":false,"path_per_floor":["M","M","COS","?","M","R","?","R","T","E","M","?","?","M","R","B",null,"M","$","?","M","?","E","?","M","T","R","M","R","T","M","R_BF","B"],"character_chosen":"DEFECT","items_purchased":["Chrysalis"],"campfire_rested":1,"item_purchase_floors":[19],"current_hp_per_floor":[75,75,75,75,75,75,75,75,75,64,59,48,48,48,48,29,75,73,73,73,70,70,18,18,4,4,38,15,30,30,23,38,0,0],"gold":145,"neow_bonus":"THREE_ENEMY_KILL","is_daily":false,"chose_seed":false,"campfire_upgraded":3,"win_rate":0.0,"timestamp":1611217336,"path_taken":["M","M","COS","?","M","R","?","R","T","E","?","?","?","M","R","BOSS","M","$","?","M","?","E","?","?","T","R","M","R","?","M","R_BF","BOSS"],"items_purchased_type":["Card"],"build_version":"2020-12-22","purchased_purges":0,"victory":false,"max_hp_per_floor":[75,75,75,75,75,75,75,75,75,75,75,75,75,75,75,75,75,75,75,75,75,75,75,75,75,75,75,75,75,75,75,75,75,75],"card_choices":[{"not_picked":["Barrage","Panic Button"],"picked":"Steam","floor":1},{"not_picked":["Cold Snap","Hologram"],"picked":"Leap","floor":2},{"not_picked":["ReplayTheSpireMod:Repulse","Turbo"],"picked":"Coolheaded","floor":5},{"not_picked":["ReplayTheSpireMod:GoodbyeWorld+1","Hologram"],"picked":"Redo","floor":10},{"not_picked":["ReplayTheSpireMod:Reroute Power","Stack"],"picked":"Cold Snap","floor":11},{"not_picked":["Redo","ReplayTheSpireMod:Fabricate Wheel"],"picked":"Streamline","floor":12},{"not_picked":["Crystallizer+1","Fusion"],"picked":"Melter","floor":14},{"not_picked":["Buffer+1","Reboot"],"picked":"Biased Cognition+1","floor":16},{"not_picked":["Streamline+1","Beam Cell"],"picked":"Static Discharge+1","floor":18},{"not_picked":["Redo+1","Panic Button+1"],"picked":"Ball Lightning","floor":21},{"not_picked":["Turbo","Multi-Cast"],"picked":"Leap","floor":23},{"not_picked":["ReplaySort","Hologram"],"picked":"Steam","floor":25},{"not_picked":["Hologram","Darkness"],"picked":"Sweeping Beam","floor":27},{"not_picked":["Darkness+1","Turbo"],"picked":"Leap","floor":28},{"not_picked":["ReplayTheSpireMod:Dual Polarity","Ball Lightning","Static Discharge+1"],"picked":"SKIP","floor":31}],"player_experience":67285,"relics_obtained":[{"floor":9,"key":"Frozen Egg 2"},{"floor":10,"key":"Dream Catcher"},{"floor":12,"key":"Replay:Baseball"},{"floor":23,"key":"Eternal Feather"},{"floor":26,"key":"Pantograph"}],"event_choices":[{"damage_healed":0,"gold_gain":0,"player_choice":"Leave","damage_taken":0,"max_hp_gain":0,"max_hp_loss":0,"event_name":"conspire:Investor","floor":13,"gold_loss":0},{"damage_healed":0,"gold_gain":0,"cards_transformed":["Static Discharge","Coolheaded"],"player_choice":"Became Test Subject","damage_taken":0,"max_hp_gain":0,"max_hp_loss":0,"event_name":"Drug Dealer","floor":22,"gold_loss":0,"cards_obtained":["Stack","Hyperbeam"]},{"damage_healed":0,"gold_gain":0,"player_choice":"Ignored","damage_taken":0,"max_hp_gain":0,"max_hp_loss":0,"event_name":"Purifier","floor":24,"gold_loss":0}],"is_beta":false,"boss_relics":[{"not_picked":["FrozenCore","Fusion Hammer"],"picked":"Velvet Choker"}],"items_purged_floors":[],"is_endless":false,"potions_floor_spawned":[10,11,12,14,23,25,28],"killed_by":"Collector","ascension_level":0}}