{"host":"0ricjaa7rfq9v76t","time":1611223968,"event":{"mods":["AchievementEnabler","Aspiration","BaseMod","Better Vampires","BetterRewards","Colored Powertips","Highlight Path","Hubris","Infinite Spire","Minty Spire (QoL Compilation)","Quick Restart","Rare Cards Sparkle","Relic Sorter","Replay The Spire","StSLib","SuperFastMode","Synergy Search","The Cursed","The Disciple","The Jungle","The Marked","The Runesmith","Uncapped"],"gold_per_floor":[109,124,124,124,49,82,102,132,432,446,511,511,511,526,526,624,624,639,739,754,769,694,729,747,747,747,788,788,792,792],"floor_reached":29,"language":"ENG","playtime":2155,"items_purged":["Injury"],"score":273,"play_id":"75a6a155-5b9a-46d3-b622-140a2d4d778c","local_time":"20210121181248","is_ascension_mode":false,"campfire_choices":[{"floor":12,"key":"REST"},{"floor":15,"key":"REST"},{"floor":25,"key":"REST"}],"circlet_count":0,"master_deck":["Strike_B","Strike_B","Strike_B","Defend_B","Defend_B","Defend_B","Defend_B","Zap","Dualcast","Reinforced Body","Scrape","Turbo+1","White Noise+1","ReplayTheSpireMod:Black Plague+1","Echo Form","Conserve Battery+1","Time Bomb+1","Ball Lightning","Gash","Capacitor+1","Turbo+1","Gash+1","hubris:InfiniteBlow"],"relics":["Cracked Core","aspiration:Nostalgia","Sizzling Blood","Toxic Egg 2","Replay:Bottled Snecko","Bottled Lightning","Old Coin","aspiration:HummingbirdHeart","SacredBark","Prayer Wheel","Pet Ghost","Replay:Bandana","Omamori","hubris:AstralHammer"],"acts_visited":["Exordium","TheCity"],"potions_floor_usage":[8,11,16,23],"damage_taken":[{"damage":8,"enemies":"2 Louse","floor":1,"turns":2},{"damage":3,"enemies":"Jaw Worm","floor":2,"turns":4},{"damage":22,"enemies":"Lagavulin","floor":6,"turns":8},{"damage":1,"enemies":"Cultist","floor":7,"turns":4},{"damage":19,"enemies":"3 Sentries","floor":8,"turns":8},{"damage":5,"enemies":"2 Fungi Beasts","floor":10,"turns":4},{"damage":27,"enemies":"3 Sentries","floor":11,"turns":11},{"damage":7,"enemies":"3 Louse","floor":14,"turns":4},{"damage":66,"enemies":"Fading Forest","floor":16,"turns":11},{"damage":0,"enemies":"Chosen","floor":18,"turns":3},{"damage":11,"enemies":"Spheric Guardian","floor":20,"turns":6},{"damage":13,"enemies":"Centurion and Healer","floor":21,"turns":5},{"damage":27,"enemies":"Nightmare","floor":23,"turns":7},{"damage":0,"enemies":"Snecko","floor":24,"turns":3},{"damage":35,"enemies":"Book of Stabbing","floor":27,"turns":6},{"damage":0,"enemies":"Chosen and Byrds","floor":29,"turns":1}],"seed_played":"-9026522749112417916","potions_obtained":[{"floor":6,"key":"Regen Potion"},{"floor":7,"key":"Fire Potion"},{"floor":14,"key":"Adrenaline Potion"},{"floor":21,"key":"Weak Potion"},{"floor":23,"key":"DuplicationPotion"}],"is_trial":false,"path_per_floor":["M","M","?","?","$","E","M","E","T","M","?","R","?","M","R","B",null,"M","?","M","M","?","NM","M","R","T","E","AVR","M"],"character_chosen":"DEFECT","items_purchased":[],"campfire_rested":3,"item_purchase_floors":[],"current_hp_per_floor":[75,76,81,81,81,63,66,51,51,50,42,67,46,43,68,30,84,84,84,77,68,68,45,49,74,74,43,43,43,43],"gold":792,"neow_bonus":"NOSTALGIA","is_daily":false,"chose_seed":false,"campfire_upgraded":0,"win_rate":0.0,"timestamp":1611223968,"path_taken":["M","M","?","?","$","E","M","E","T","M","?","R","?","M","R","BOSS","M","?","M","?","?","NM","M","R","T","E","AVR","M"],"items_purchased_type":[],"build_version":"2020-12-22","purchased_purges":1,"victory":false,"max_hp_per_floor":[79,79,84,84,84,84,84,84,84,84,84,84,84,84,84,84,84,84,84,84,84,84,84,84,84,84,84,84,84,84],"card_choices":[{"not_picked":["ReplayTheSpireMod:Repulse","Rebound"],"picked":"Reinforced Body","floor":1},{"not_picked":["Coolheaded","Ball Lightning"],"picked":"Scrape","floor":2},{"not_picked":["Skim+1","Panic Button+1","Redo+1"],"picked":"SKIP","floor":6},{"not_picked":["Conserve Battery+1","Steam+1"],"picked":"Turbo+1","floor":7},{"not_picked":["Scrape","ReplaySolidLightProjector+1","Melter"],"picked":"SKIP","floor":8},{"not_picked":["Conserve Battery+1","Go for the Eyes"],"picked":"White Noise+1","floor":10},{"not_picked":["infinitespire:Fortify","infinitespire:FutureSight"],"picked":"ReplayTheSpireMod:Black Plague","floor":13},{"not_picked":["Redo+1","Glacier+1","Go for the Eyes"],"picked":"SKIP","floor":14},{"not_picked":["hubris:DoWhile+1","Seek+1"],"picked":"ReplayTheSpireMod:Fabricate Wheel+1","floor":16},{"not_picked":["Recycle+1","Ball Lightning"],"picked":"Conserve Battery+1","floor":18},{"not_picked":["Go for the Eyes","Rebound"],"picked":"Time Bomb+1","floor":18},{"not_picked":["Aggregate+1","Compile Driver","FTL"],"picked":"SKIP","floor":20},{"not_picked":["Streamline","Redo+1","Fusion+1"],"picked":"SKIP","floor":20},{"not_picked":["Glacier+1","Auto Shields+1"],"picked":"Ball Lightning","floor":21},{"not_picked":["Redo+1","Leap+1"],"picked":"Gash","floor":21},{"not_picked":["Crystallizer+1","Steam+1"],"picked":"Capacitor+1","floor":23},{"not_picked":["Compile Driver","FTL"],"picked":"Turbo+1","floor":24},{"not_picked":["Reboot+1","BasicCrystalCard+1","Beam Cell"],"picked":"SKIP","floor":24},{"not_picked":["Panic Button+1","Capacitor+1"],"picked":"Gash+1","floor":27}],"player_experience":176343,"relics_obtained":[{"floor":6,"key":"Replay:Bottled Snecko"},{"floor":8,"key":"Bottled Lightning"},{"floor":9,"key":"Old Coin"},{"floor":23,"key":"Pet Ghost"},{"floor":26,"key":"Replay:Bandana"},{"floor":27,"key":"Omamori"}],"event_choices":[{"damage_healed":0,"gold_gain":0,"player_choice":"Donut","damage_taken":0,"max_hp_gain":5,"max_hp_loss":0,"event_name":"Big Fish","floor":3,"gold_loss":0},{"damage_healed":0,"gold_gain":0,"player_choice":"Searched \u00272\u0027 times","damage_taken":0,"relics_obtained":["aspiration:HummingbirdHeart"],"max_hp_gain":0,"max_hp_loss":0,"event_name":"Dead Adventurer","floor":11,"gold_loss":0},{"damage_healed":0,"gold_gain":100,"player_choice":"Pray","damage_taken":0,"max_hp_gain":0,"max_hp_loss":0,"event_name":"Golden Shrine","floor":19,"gold_loss":0},{"cards_removed":["Strike_B"],"damage_healed":0,"gold_gain":0,"player_choice":"Gave Gold","damage_taken":0,"max_hp_gain":0,"max_hp_loss":0,"event_name":"Beggar","floor":22,"gold_loss":75}],"is_beta":false,"boss_relics":[{"not_picked":["Kintsugi","Replay:Ancient Bell"],"picked":"SacredBark"}],"items_purged_floors":[5],"is_endless":true,"potions_floor_spawned":[6,7,14,21,23],"killed_by":"Chosen and Byrds","ascension_level":0}}