{"host":"anox4050deqdcqoh","time":1611263476,"event":{"mods":["BaseMod","Colored Map","Highlight Path","Minty Spire (QoL Compilation)","Quick Restart","Rare Cards Sparkle","everything is the same but u backflip on backflip"],"gold_per_floor":[109,109,109,109,84,84,101,118,186,214,214,64,77,94,94,197,197,210,210,225,49,49,49,80,80,80,109,109,126,126,146,146,241,241,255,73,93,111,111,111,111,111,111,111,111],"floor_reached":44,"language":"ENG","playtime":2923,"items_purged":["Clash","Bash"],"score":513,"play_id":"3eafc204-fd40-4085-9bd8-32770e425917","local_time":"20210121161116","is_ascension_mode":true,"campfire_choices":[{"data":"Iron Wave","floor":6,"key":"SMITH"},{"data":"Barricade","floor":11,"key":"SMITH"},{"data":"Uppercut","floor":15,"key":"SMITH"},{"data":"Fire Breathing","floor":23,"key":"SMITH"},{"floor":25,"key":"REST"},{"floor":28,"key":"REST"},{"floor":32,"key":"REST"},{"floor":40,"key":"RECALL"},{"floor":42,"key":"REST"}],"circlet_count":0,"master_deck":["Strike_R","Strike_R","Defend_R","Defend_R","Defend_R","Defend_R","Iron Wave+1","Cleave","Cleave","Barricade+1","Uppercut+1","Feel No Pain","Demon Form","Ghostly Armor+1","Bloodletting","Battle Trance+1","Disarm","Fire Breathing+1","RitualDagger","Body Slam","Shrug It Off","Heavy Blade","Heavy Blade+1","Dark Embrace","Second Wind","Shrug It Off+1"],"relics":["Black Blood","Lantern","Self Forming Clay","StoneCalendar","SlaversCollar","War Paint","White Beast Statue","Akabeko","Medical Kit"],"acts_visited":["Exordium","TheCity","TheBeyond"],"potions_floor_usage":[24,27,38,41,44],"damage_taken":[{"damage":11,"enemies":"Cultist","floor":1,"turns":4},{"damage":2,"enemies":"2 Louse","floor":7,"turns":3},{"damage":0,"enemies":"Small Slimes","floor":8,"turns":2},{"damage":20,"enemies":"Gremlin Nob","floor":10,"turns":4},{"damage":1,"enemies":"2 Fungi Beasts","floor":13,"turns":3},{"damage":7,"enemies":"3 Louse","floor":14,"turns":3},{"damage":31,"enemies":"The Guardian","floor":16,"turns":13},{"damage":19,"enemies":"3 Byrds","floor":18,"turns":7},{"damage":6,"enemies":"Chosen","floor":20,"turns":7},{"damage":52,"enemies":"Slavers","floor":24,"turns":6},{"damage":32,"enemies":"Gremlin Leader","floor":27,"turns":9},{"damage":39,"enemies":"Centurion and Healer","floor":29,"turns":7},{"damage":10,"enemies":"Snecko","floor":31,"turns":7},{"damage":23,"enemies":"Automaton","floor":33,"turns":9},{"damage":56,"enemies":"Orb Walker","floor":35,"turns":7},{"damage":10,"enemies":"3 Shapes","floor":37,"turns":7},{"damage":21,"enemies":"3 Darklings","floor":38,"turns":4},{"damage":8,"enemies":"Jaw Worm Horde","floor":41,"turns":4},{"damage":77,"enemies":"Reptomancer","floor":44,"turns":7}],"seed_played":"5234386461830639335","potions_obtained":[{"floor":8,"key":"LiquidMemories"},{"floor":13,"key":"Weak Potion"},{"floor":14,"key":"EssenceOfSteel"},{"floor":27,"key":"Strength Potion"},{"floor":29,"key":"FearPotion"},{"floor":30,"key":"GamblersBrew"},{"floor":30,"key":"SmokeBomb"},{"floor":38,"key":"LiquidBronze"}],"is_trial":false,"path_per_floor":["M","T","?","?","$","R","M","M","T","E","R","$","M","M","R","B",null,"M","?","M","$","?","R","E","R","T","E","R","M","?","M","R","B",null,"M","$","M","M","?","R","M","R","T","E"],"character_chosen":"IRONCLAD","items_purchased":["Cleave","Uppercut","Fire Breathing","Dark Embrace","Medical Kit"],"campfire_rested":4,"item_purchase_floors":[5,12,21,36,36],"current_hp_per_floor":[91,91,91,91,91,91,93,93,93,79,79,79,84,83,83,58,93,80,80,80,80,74,74,28,55,55,29,56,23,23,19,46,29,93,49,49,51,42,42,42,46,73,73,0,0],"gold":111,"neow_bonus":"TWENTY_PERCENT_HP_BONUS","is_daily":false,"chose_seed":false,"campfire_upgraded":4,"win_rate":0.0,"timestamp":1611263476,"path_taken":["M","?","?","?","$","R","M","?","T","E","R","$","M","M","R","BOSS","M","?","M","$","?","R","E","R","T","E","R","M","?","?","R","BOSS","M","$","M","M","?","R","M","R","T","E"],"items_purchased_type":["Card","Card","Card","Card","Relic"],"build_version":"2020-12-22","purchased_purges":2,"victory":false,"max_hp_per_floor":[96,96,96,93,93,93,93,93,93,93,93,93,93,93,93,93,93,93,93,93,93,93,93,93,93,93,93,93,93,93,93,93,93,93,93,93,93,93,93,93,93,93,93,93,93],"card_choices":[{"not_picked":["Searing Blow","Armaments"],"picked":"Iron Wave","floor":1},{"not_picked":["Combust","Heavy Blade"],"picked":"Cleave","floor":7},{"not_picked":["Cleave","Warcry"],"picked":"Clash","floor":8},{"not_picked":["Armaments","Reaper"],"picked":"Barricade","floor":10},{"not_picked":["Clash","Carnage","Hemokinesis"],"picked":"SKIP","floor":13},{"not_picked":["Wild Strike","Anger"],"picked":"Feel No Pain","floor":14},{"not_picked":["Limit Break","Immolate"],"picked":"Demon Form","floor":16},{"not_picked":["Power Through","Shrug It Off"],"picked":"Ghostly Armor","floor":18},{"not_picked":["Sword Boomerang","Heavy Blade"],"picked":"Disarm","floor":20},{"not_picked":["Metallicize","Rupture"],"picked":"Body Slam","floor":24},{"not_picked":["Corruption","Wild Strike"],"picked":"Shrug It Off","floor":27},{"not_picked":["Infernal Blade","Anger","Hemokinesis"],"picked":"SKIP","floor":29},{"not_picked":["Clash","Havoc"],"picked":"Heavy Blade","floor":31},{"not_picked":["Thunderclap","Havoc"],"picked":"Heavy Blade+1","floor":35},{"not_picked":["Ghostly Armor+1","Pummel"],"picked":"Second Wind","floor":37},{"not_picked":["True Grit","Thunderclap"],"picked":"Shrug It Off+1","floor":38}],"player_experience":374252,"relics_obtained":[{"floor":2,"key":"Lantern"},{"floor":9,"key":"Self Forming Clay"},{"floor":10,"key":"StoneCalendar"},{"floor":24,"key":"War Paint"},{"floor":26,"key":"White Beast Statue"},{"floor":27,"key":"Akabeko"}],"event_choices":[{"damage_healed":0,"gold_gain":0,"player_choice":"Ignored","damage_taken":0,"max_hp_gain":0,"max_hp_loss":0,"event_name":"Liars Game","floor":3,"gold_loss":0},{"cards_removed":["Parasite"],"damage_healed":0,"gold_gain":0,"player_choice":"Removed Curses","damage_taken":0,"max_hp_gain":0,"max_hp_loss":0,"event_name":"Fountain of Cleansing","floor":4,"gold_loss":0},{"damage_healed":0,"gold_gain":0,"cards_transformed":["Strike_R","Strike_R"],"player_choice":"Became Test Subject","damage_taken":0,"max_hp_gain":0,"max_hp_loss":0,"event_name":"Drug Dealer","floor":19,"gold_loss":0,"cards_obtained":["Bloodletting","Battle Trance"]},{"damage_healed":0,"gold_gain":0,"player_choice":"Joined the Cult","damage_taken":6,"max_hp_gain":0,"max_hp_loss":0,"event_name":"Nest","floor":22,"gold_loss":0,"cards_obtained":["RitualDagger"]},{"damage_healed":0,"gold_gain":0,"player_choice":"Got Potions","damage_taken":0,"max_hp_gain":0,"max_hp_loss":0,"event_name":"Lab","floor":30,"gold_loss":0},{"cards_removed":["Strike_R"],"damage_healed":0,"gold_gain":0,"player_choice":"Removed Attack","damage_taken":0,"max_hp_gain":0,"max_hp_loss":0,"event_name":"Falling","floor":39,"gold_loss":0}],"is_beta":false,"boss_relics":[{"not_picked":["Fusion Hammer","Coffee Dripper"],"picked":"SlaversCollar"},{"not_picked":["Busted Crown","Cursed Key"],"picked":"Black Blood"}],"items_purged_floors":[12,21],"is_endless":false,"potions_floor_spawned":[8,13,14,18,20,27,29,31,33,35,37,38,41],"killed_by":"Reptomancer","ascension_level":3}}