{"host":"4amcrcg6ktw8dbzk","time":1611204081,"event":{"mods":["ATMod(°¢èªMod)","BaseMod","Dota2Spire","Minty Spire (QoL Compilation)","MostiFishMod","Spicy Shops","StSLib","Waifu the Spire"],"gold_per_floor":[112,112,187,112,129,129,54,84,84,129,129,146,208,256,256,363,363,408,457,79,79,79,79,140,56,56,104,163,163,228,278,278,384,384,427,440,50,50,50,50,83,99,99,154,154,16,57,142,142,172,202,202,202,36,70,70],"floor_reached":57,"language":"ZHS","playtime":2570,"items_purged":["Strike_P","Strike_P","Strike_P","Defend_P"],"score":3587,"play_id":"5107c8e1-5121-4a34-aafd-0a2075da4870","local_time":"20210121124121","is_ascension_mode":true,"campfire_choices":[{"data":"AT_FamilyPortrait","floor":6.0,"key":"SMITH"},{"data":"Wish","floor":11.0,"key":"SMITH"},{"floor":15,"key":"REST"},{"data":"Fasting2","floor":23,"key":"SMITH"},{"data":"MostiFishMod:Adaptation","floor":29,"key":"SMITH"},{"data":"InnerPeace","floor":32,"key":"SMITH"},{"data":"AT_EmpoweredMortalDraw","floor":40,"key":"SMITH"},{"floor":49,"key":"RECALL"},{"data":"Fasting2","floor":53,"key":"SMITH"}],"circlet_count":0,"master_deck":["AscendersBane","Strike_P","Defend_P","Eruption","Vigilance","AT_FamilyPortrait+1","FlurryOfBlows","Perseverance","Wish+1","MostiFishMod:Adaptation+1","Fasting2+1","AT_MachinaRedman","Adaptation+1","InnerPeace+1","Worship","Tantrum","Pray","MostiFishMod:Speedup+1","Crescendo","InnerPeace","Devotion","AT_EmpoweredMortalDraw+1","Tantrum","Madness","Madness","Fasting2+1","Panacea","MostiFishMod:PathToVictory+1","EmptyMind+1","Prostrate","Sanctity","Adaptation"],"relics":["DaveBox","AT_ATBox","HereWithMe","ChiXiaoBlade","SynthV:TestCard","Dota2Spire:EchoSabre","AT_ImmortalShieldbow","Dota2Spire:OrchidMalevolence","OneHitWonderSystem","BionicSphere","Dota2Spire:PhaseBoots","PreservedInsect","Matryoshka","AT_MortalBlade","Membership Card","AT_GoldPhoenixTree","Vajra","Dota2Spire:ArmletOfMordiggian","Darkstone Periapt","AT_SunfireAegis","Dota2Spire:CrimsonGuard","Orrery","Technique","Ornamental Fan"],"acts_visited":["Exordium","TheCity","TheBeyond","TheEnding"],"potions_floor_usage":[56,56],"damage_taken":[{"damage":6.0,"enemies":"Small Slimes","floor":1.0,"turns":4.0},{"damage":1.0,"enemies":"2 Louse","floor":5.0,"turns":4.0},{"damage":13.0,"enemies":"3 Sentries","floor":8.0,"turns":12.0},{"damage":2.0,"enemies":"Jaw Worm","floor":10.0,"turns":2.0},{"damage":1.0,"enemies":"Exordium Thugs","floor":12.0,"turns":2.0},{"damage":14,"enemies":"Gremlin Nob","floor":13,"turns":3},{"damage":12,"enemies":"Large Slime","floor":14,"turns":3},{"damage":15,"enemies":"Slime Boss","floor":16,"turns":6},{"damage":0,"enemies":"2 Thieves","floor":18,"turns":3},{"damage":0,"enemies":"3 Byrds","floor":19,"turns":3},{"damage":0,"enemies":"Gremlin Leader","floor":24,"turns":5},{"damage":0,"enemies":"Sentry and Sphere","floor":27,"turns":3},{"damage":0,"enemies":"Slavers","floor":28,"turns":5},{"damage":0,"enemies":"Book of Stabbing","floor":30,"turns":2},{"damage":0,"enemies":"Centurion and Healer","floor":31,"turns":4},{"damage":0,"enemies":"Collector","floor":33,"turns":4},{"damage":0,"enemies":"3 Shapes","floor":35,"turns":3},{"damage":0,"enemies":"3 Darklings","floor":36,"turns":1},{"damage":0,"enemies":"Reptomancer","floor":41,"turns":2},{"damage":0,"enemies":"4 Shapes","floor":42,"turns":1},{"damage":0,"enemies":"Nemesis","floor":44,"turns":3},{"damage":0,"enemies":"Jaw Worm Horde","floor":47,"turns":2},{"damage":0,"enemies":"Giant Head","floor":48,"turns":4},{"damage":0,"enemies":"Time Eater","floor":50,"turns":4},{"damage":0,"enemies":"Donu and Deca","floor":51,"turns":5},{"damage":0,"enemies":"Shield and Spear","floor":55,"turns":5},{"damage":0,"enemies":"The Heart","floor":56,"turns":4}],"seed_played":"-2294134129067223518","potions_obtained":[{"floor":1.0,"key":"Dexterity Potion"},{"floor":5.0,"key":"AttackPotion"},{"floor":19,"key":"Block Potion"},{"floor":47,"key":"Swift Potion"}],"is_trial":false,"path_per_floor":["M","?","?","$","M","R","?","E","T","M","R","M","E","M","R","B",null,"M","M","$","?","?","R","E","$","T","M","E","R","E","M","R","B",null,"M","M","$","?","?","R","E","M","T","E","?","$","M","E","R","B","B",null,"R","$","E","B",null],"character_chosen":"WATCHER","items_purchased":["BionicSphere","InnerPeace","Tantrum","Membership Card","AT_GoldPhoenixTree","Orrery","Technique"],"campfire_rested":1,"item_purchase_floors":[20,20,25,37,37,54,54],"current_hp_per_floor":[55,60,49,49,48,48,48,35,35,33,33,32,39,27,48,33,1,1,1,1,6,1,1,1,1,1,1,1,1,1,1,1,1,1,1,1,1,1,1,1,1,1,1,1,1,1,1,1,1,1,1,1,1,1,1,1],"gold":70,"neow_bonus":"BOSS_RELIC","is_daily":false,"chose_seed":false,"campfire_upgraded":7,"win_rate":0.0,"timestamp":1611204081,"path_taken":["M","?","?","?","?","R","?","E","T","M","R","M","E","M","R","BOSS","M","M","$","?","?","R","E","?","T","M","E","R","E","?","R","BOSS","M","M","$","?","?","R","E","M","T","E","?","$","M","E","R","BOSS","BOSS","R","$","E","BOSS"],"items_purchased_type":["Relic","Card","Card","Relic","Relic","Relic","Relic"],"build_version":"2020-12-22","purchased_purges":4,"victory":true,"max_hp_per_floor":[68,73,73,73,73,73,73,73,73,73,73,73,73,73,73,73,1,1,1,1,6,1,1,1,1,1,1,1,1,1,1,1,1,1,1,1,1,1,1,1,1,1,1,1,1,1,1,1,1,1,1,1,1,1,1,1],"card_choices":[{"not_picked":["Consecrate","Study"],"picked":"FlurryOfBlows","floor":1.0},{"not_picked":["FlurryOfBlows","Crescendo","Protect","AT_DivineConfetti"],"picked":"Perseverance","floor":5.0},{"not_picked":["FlyingSleeves","Meditate","FlurryOfBlows","Weave"],"picked":"Wish","floor":8.0},{"not_picked":["SashWhip","AT_OneInchPunch","PathToVictory","EmptyBody","BowlingBash"],"picked":"SKIP","floor":10.0},{"not_picked":["MostiFishMod:FlowState","CutThroughFate","Perseverance","EmptyBody","BowlingBash"],"picked":"SKIP","floor":12.0},{"not_picked":["JustLucky","Conclude","Consecrate","TalkToTheHand"],"picked":"MostiFishMod:Adaptation","floor":13},{"not_picked":["Prostrate","Collect","EmptyMind","ClearTheMind"],"picked":"Fasting2","floor":14},{"not_picked":["AT_RealColorLess","AT_ChampionKick","MostiFishMod:ScryFuture","SpiritShield"],"picked":"AT_MachinaRedman","floor":16},{"not_picked":["EmptyFist","Evaluate","WaveOfTheHand","JustLucky+1","FlyingSleeves"],"picked":"SKIP","floor":18},{"not_picked":["Nirvana","Consecrate","ReachHeaven","WindmillStrike"],"picked":"Adaptation","floor":19},{"not_picked":["MostiFishMod:Clarity","SashWhip+1","BowlingBash","FlyingSleeves+1","Swivel"],"picked":"SKIP","floor":24},{"not_picked":["Prostrate","BowlingBash","CutThroughFate","MostiFishMod:Nomercy"],"picked":"Pray","floor":27},{"not_picked":["MostiFishMod:Moonprays","EmptyBody","MostiFishMod:Nomercy","Protect"],"picked":"MostiFishMod:Speedup","floor":28},{"not_picked":["Protect","FollowUp+1","WaveOfTheHand","CrushJoints"],"picked":"Crescendo","floor":30},{"not_picked":["FollowUp","EmptyMind","AT_SoftenMuscles","EmptyBody"],"picked":"InnerPeace","floor":31},{"not_picked":["AT_IrregularMenstruation","Establishment","MostiFishMod:StarHerder","MostiFishMod:Minus"],"picked":"Devotion","floor":33},{"not_picked":["PathToVictory+1","FollowUp","JustLucky","AT_SoftenMuscles","SandsOfTime"],"picked":"SKIP","floor":35},{"not_picked":["CarveReality+1","SashWhip","Consecrate","Worship"],"picked":"Tantrum","floor":36},{"not_picked":["AT_RealFormLess+1","FollowUp","Halt+1","FlurryOfBlows"],"picked":"Fasting2","floor":41},{"not_picked":["Perseverance","Halt","SashWhip","JustLucky","AT_RealColorLess"],"picked":"SKIP","floor":42},{"not_picked":["Vengeance","WreathOfFlame","Crescendo+1","AT_OneInchPunch+1","Nirvana"],"picked":"SKIP","floor":44},{"not_picked":["Jack Of All Trades","Impatience","MostiFishMod:MusicBox","Swift Strike"],"picked":"Panacea","floor":45},{"not_picked":["CutThroughFate+1","ClearTheMind","FlurryOfBlows","SashWhip"],"picked":"MostiFishMod:PathToVictory","floor":47},{"not_picked":["CarveReality","EmptyMind","Halt","AT_ChampionStep","BowlingBash"],"picked":"SKIP","floor":48},{"not_picked":["SashWhip+1","PathToVictory+1","FlurryOfBlows+1","Evaluate"],"picked":"EmptyMind+1","floor":54},{"not_picked":["FlurryOfBlows","Consecrate","Evaluate","EmptyBody+1"],"picked":"Prostrate","floor":54},{"not_picked":["Vengeance","JustLucky","Blasphemy","EmptyBody"],"picked":"Sanctity","floor":54},{"not_picked":["AT_DivineConfetti","WheelKick","FearNoEvil+1","BowlingBash"],"picked":"Adaptation","floor":54},{"not_picked":["MostiFishMod:PathToVictory","Weave","FollowUp","SashWhip","Indignation+1"],"picked":"SKIP","floor":55}],"player_experience":354055,"relics_obtained":[{"floor":1.0,"key":"SynthV:TestCard"},{"floor":8.0,"key":"Dota2Spire:EchoSabre"},{"floor":9.0,"key":"AT_ImmortalShieldbow"},{"floor":13,"key":"Dota2Spire:OrchidMalevolence"},{"floor":24,"key":"Dota2Spire:PhaseBoots"},{"floor":28,"key":"PreservedInsect"},{"floor":30,"key":"Matryoshka"},{"floor":41,"key":"Vajra"},{"floor":43,"key":"Dota2Spire:ArmletOfMordiggian"},{"floor":43,"key":"Darkstone Periapt"},{"floor":44,"key":"AT_SunfireAegis"},{"floor":48,"key":"Dota2Spire:CrimsonGuard"},{"floor":55,"key":"Ornamental Fan"}],"event_choices":[{"damage_healed":0.0,"max_hp_gain":5.0,"max_hp_loss":0.0,"gold_gain":0.0,"event_name":"Big Fish","player_choice":"Donut","floor":2.0,"gold_loss":0.0,"damage_taken":0.0},{"damage_healed":0.0,"max_hp_gain":0.0,"max_hp_loss":0.0,"gold_gain":75.0,"event_name":"World of Goop","player_choice":"Gather Gold","floor":3.0,"gold_loss":0.0,"damage_taken":11.0},{"cards_removed":["Defend_P"],"damage_healed":0.0,"max_hp_gain":0.0,"max_hp_loss":0.0,"gold_gain":0.0,"event_name":"The Cleric","player_choice":"Card Removal","floor":7.0,"gold_loss":75.0,"damage_taken":0.0},{"damage_healed":0,"gold_gain":0,"player_choice":"Shed Blood","damage_taken":0,"max_hp_gain":5,"max_hp_loss":0,"event_name":"Forgotten Altar","floor":21,"gold_loss":0},{"damage_healed":0,"gold_gain":0,"player_choice":"Read","damage_taken":0,"max_hp_gain":0,"max_hp_loss":0,"event_name":"The Library","floor":22,"gold_loss":0,"cards_obtained":["Worship"]},{"damage_healed":0,"gold_gain":0,"player_choice":"Embrace Madness","damage_taken":0,"max_hp_gain":0,"max_hp_loss":0,"event_name":"Winding Halls","floor":38,"gold_loss":0,"cards_obtained":["Madness","Madness"]},{"cards_removed":["Defend_P"],"damage_healed":0,"gold_gain":0,"player_choice":"Removed Skill","damage_taken":0,"max_hp_gain":0,"max_hp_loss":0,"event_name":"Falling","floor":39,"gold_loss":0},{"damage_healed":0,"gold_gain":0,"player_choice":"Memory 1","damage_taken":0,"max_hp_gain":0,"max_hp_loss":0,"event_name":"SensoryStone","floor":45,"gold_loss":0}],"is_beta":false,"boss_relics":[{"not_picked":["VioletLotus","TimeKeys"],"picked":"OneHitWonderSystem"},{"not_picked":["SlaversCollar","xbg"],"picked":"AT_MortalBlade"}],"items_purged_floors":[4,37,46,46],"is_endless":false,"potions_floor_spawned":[1,5,19,24,30,36,42,47],"ascension_level":20}}