{"host":"agbyy69nq62afhwx","time":1611263452,"event":{"mods":["BaseMod","Colored Map","DeckTracker","Highlight Path","Keyboard Shortcuts","Minty Spire (QoL Compilation)","Quick Restart","StSLib","SuperFastMode","everything is the same but u backflip on backflip"],"gold_per_floor":[114,124,69,94,113,113,38,66,89,109,109,109,146,158,170,286,298,339,376,16,37,136,136,171,100,169,186,186,186],"floor_reached":28,"language":"KOR","playtime":572,"items_purged":["Writhe","Strike_B"],"score":371,"play_id":"fe462da1-0f59-42ae-aeed-cf9d6bc109c3","local_time":"20210122061052","is_ascension_mode":true,"campfire_choices":[{"data":"Defragment","floor":6.0,"key":"SMITH"},{"floor":11.0,"key":"REST"},{"floor":15.0,"key":"REST"},{"floor":23.0,"key":"REST"}],"circlet_count":0,"master_deck":["AscendersBane","Strike_B","Strike_B","Strike_B","Defend_B","Defend_B","Defend_B+1","Defend_B","Zap","Dualcast","Defragment","Streamline","Defragment+1","Stack+1","Ball Lightning","FTL","Force Field","Electrodynamics","Sweeping Beam+1","Auto Shields","Panacea","Ball Lightning","Undo","Aggregate","Self Repair"],"relics":["Cracked Core","StoneCalendar","CeramicFish","Lantern","MawBank","Black Star","DataDisk","Shuriken","War Paint","Mummified Hand"],"acts_visited":["Exordium","TheCity"],"potions_floor_usage":[28],"damage_taken":[{"damage":4.0,"enemies":"Small Slimes","floor":1.0,"turns":3.0},{"damage":6.0,"enemies":"Cultist","floor":2.0,"turns":3.0},{"damage":9.0,"enemies":"Jaw Worm","floor":4.0,"turns":3.0},{"damage":16.0,"enemies":"Blue Slaver","floor":5.0,"turns":4.0},{"damage":13.0,"enemies":"Red Slaver","floor":8.0,"turns":3.0},{"damage":18.0,"enemies":"3 Louse","floor":10.0,"turns":3.0},{"damage":6.0,"enemies":"Looter","floor":13.0,"turns":3.0},{"damage":25.0,"enemies":"The Guardian","floor":16.0,"turns":8.0},{"damage":14.0,"enemies":"Chosen","floor":18.0,"turns":5.0},{"damage":10.0,"enemies":"3 Byrds","floor":19.0,"turns":2.0},{"damage":23.0,"enemies":"Centurion and Healer","floor":21.0,"turns":5.0},{"damage":13.0,"enemies":"Gremlin Leader","floor":24.0,"turns":4.0},{"damage":14.0,"enemies":"Chosen and Byrds","floor":27.0,"turns":6.0},{"damage":13,"enemies":"Slavers","floor":28,"turns":1}],"seed_played":"-6323732204483425349","potions_obtained":[{"floor":5.0,"key":"DistilledChaos"},{"floor":10.0,"key":"BlessingOfTheForge"},{"floor":19.0,"key":"FearPotion"}],"is_trial":false,"path_per_floor":["M","M","?","M","M","R","$","M","T","M","R","?","M","?","R","B",null,"M","M","$","M","?","R","E","$","T","M","E"],"character_chosen":"DEFECT","items_purchased":["DataDisk","Panacea","Ball Lightning","Self Repair"],"campfire_rested":3,"item_purchase_floors":[20,20,20,25],"current_hp_per_floor":[64,58,58,49,33,33,33,20,20,2,24,12,6,6,28,3,57,43,33,33,10,10,32,19,19,19,12,0,0],"gold":186,"neow_bonus":"ONE_RARE_RELIC","is_daily":false,"chose_seed":false,"campfire_upgraded":1,"win_rate":0.0,"timestamp":1611263452,"path_taken":["M","M","?","M","?","R","$","M","T","M","R","?","M","?","R","BOSS","M","M","$","M","?","R","E","$","T","M","E"],"items_purchased_type":["Relic","Card","Card","Card"],"build_version":"2020-12-22","purchased_purges":2,"victory":false,"max_hp_per_floor":[75,75,75,75,75,75,75,75,75,75,75,75,75,75,75,75,75,75,75,75,75,75,75,75,75,75,75,75,75],"card_choices":[{"not_picked":["Compile Driver","Chaos"],"picked":"Defragment","floor":1.0},{"not_picked":["Stack","Redo"],"picked":"Streamline","floor":2.0},{"not_picked":["Cold Snap","Blizzard"],"picked":"Defragment","floor":4.0},{"not_picked":["Rip and Tear","Gash"],"picked":"Stack","floor":5.0},{"not_picked":["Melter","Sweeping Beam"],"picked":"Ball Lightning","floor":8.0},{"not_picked":["Aggregate","Melter"],"picked":"FTL","floor":10.0},{"not_picked":["Go for the Eyes","Rebound"],"picked":"Force Field","floor":13.0},{"not_picked":["Echo Form","Thunder Strike"],"picked":"Electrodynamics","floor":16.0},{"not_picked":["Leap","Go for the Eyes"],"picked":"Sweeping Beam+1","floor":18.0},{"not_picked":["FTL","Conserve Battery"],"picked":"Auto Shields","floor":19.0},{"not_picked":["Chaos","Rebound"],"picked":"Undo","floor":21.0},{"not_picked":["Blizzard","Hologram+1"],"picked":"Aggregate","floor":24.0},{"not_picked":["Tempest+1","Redo","Barrage"],"picked":"SKIP","floor":27.0}],"player_experience":424265,"relics_obtained":[{"floor":9.0,"key":"Lantern"},{"floor":24.0,"key":"Shuriken"},{"floor":24.0,"key":"War Paint"},{"floor":26.0,"key":"Mummified Hand"}],"event_choices":[{"damage_healed":0.0,"max_hp_gain":0.0,"max_hp_loss":0.0,"gold_gain":0.0,"event_name":"WeMeetAgain","player_choice":"Paid Gold","floor":3.0,"gold_loss":55.0,"damage_taken":0.0,"relics_obtained":["CeramicFish"]},{"damage_healed":0.0,"max_hp_gain":0.0,"max_hp_loss":0.0,"gold_gain":0.0,"event_name":"Scrap Ooze","player_choice":"Success","floor":12.0,"gold_loss":0.0,"damage_taken":12.0,"relics_obtained":["MawBank"]},{"damage_healed":0.0,"max_hp_gain":0.0,"max_hp_loss":0.0,"gold_gain":0.0,"event_name":"The Woman in Blue","player_choice":"Bought 0 Potions","floor":14.0,"gold_loss":0.0,"damage_taken":0.0},{"damage_healed":0.0,"max_hp_gain":0.0,"max_hp_loss":0.0,"gold_gain":99.0,"event_name":"Nest","player_choice":"Stole From Cult","floor":22.0,"gold_loss":0.0,"damage_taken":0.0}],"is_beta":false,"boss_relics":[{"not_picked":["SlaversCollar","Snecko Eye"],"picked":"Black Star"}],"items_purged_floors":[7,20],"is_endless":false,"potions_floor_spawned":[5,10,19],"killed_by":"Slavers","ascension_level":12}}