{"host":"936ed21qgtu8wx79","time":1611248250,"event":{"mods":["AchievementEnabler","Ascension Reborn","Bard","BaseMod","BetterRewards","Colored Powertips","Friendly Minions","Infinite Spire","Kiyohime（清?）","Marisa（霧雨　魔理沙）","Minty Spire (QoL Compilation)","Prisma Mod","Quick Restart","Remilia（蕾米莉?）","Replay The Spire","Shop Mod","StSLib","SuperFastMode","The Animator","The Jungle","The Necromancer","The Senshi","The Servant 0.9.4"],"gold_per_floor":[112,112,131,146,166,166,177,177,177,19,35,35,35,62,62,166,166,186,200,214,225,225,225],"floor_reached":22,"language":"ENG","playtime":2111,"items_purged":[],"score":190,"play_id":"6f37f795-963c-4f12-ad6a-45d38851c3de","local_time":"20210121105730","is_ascension_mode":true,"campfire_choices":[{"floor":6,"key":"RECALL"},{"floor":13,"key":"REST"},{"floor":15,"key":"REST"}],"circlet_count":0,"master_deck":["PrismaMod:IllyaCommonAttack","PrismaMod:IllyaCommonDefend","PrismaMod:IllyaCommonAttack","PrismaMod:IllyaCommonDefend","PrismaMod:IllyaCommonAttack","PrismaMod:IllyaCommonDefend","PrismaMod:IllyaCommonAttack","PrismaMod:IllyaCommonDefend","PrismaMod:IllyaCommonAttack","PrismaMod:IllyaCommonDefend","PrismaMod:IllyaUncommonAttack","PrismaMod:IllyaUncommonDefend","PrismaMod:IllyaAssassinRevenge","Regret","PrismaMod:IllyaBoysLove","PrismaMod:IllyaBride","PrismaMod:IllyaHassanGift","PrismaMod:IllyaBoysLove","PrismaMod:IllyaBoysLove","PrismaMod:IllyaPoisonTippedWeapons","ReplayTheSpireMod:Private Reserves","PrismaMod:IllyaFriendMaker","PrismaMod:IllyaInstallSaber","PrismaMod:IllyaSaphire","PrismaMod:IllyaCommonAttack","PrismaMod:IllyaReinForce","PrismaMod:IllyaCarnivalDefend","PrismaMod:IllyaZwei","PrismaMod:IllyaPoisonTippedWeapons","PrismaMod:IllyaTestament","PrismaMod:IllyaBlindPoisonToss","PrismaMod:IllyaAlice"],"relics":["PrismaMod:PrismaRuby","NeowsBlessing","infinitespire:PuzzleCube","infinitespire:CheckeredPen","Mango","ChewingGum"],"acts_visited":["Exordium","TheCity"],"potions_floor_usage":[18,20],"damage_taken":[{"damage":0,"enemies":"Small Slimes","floor":1,"turns":1},{"damage":0,"enemies":"infinitespire:Voidling","floor":3,"turns":1},{"damage":0,"enemies":"Jaw Worm","floor":4,"turns":1},{"damage":15,"enemies":"3 Louse","floor":5,"turns":4},{"damage":10,"enemies":"Exordium Thugs","floor":7,"turns":6},{"damage":8,"enemies":"Looter","floor":11,"turns":4},{"damage":31,"enemies":"Lagavulin","floor":14,"turns":7},{"damage":55,"enemies":"Fading Forest","floor":16,"turns":11},{"damage":12,"enemies":"Spheric Guardian","floor":18,"turns":3},{"damage":9,"enemies":"Shell Parasite","floor":19,"turns":6},{"damage":29,"enemies":"3 Cultists","floor":20,"turns":5},{"damage":29,"enemies":"Snake Plant","floor":21,"turns":3},{"damage":28,"enemies":"Sentry and Sphere","floor":22,"turns":2}],"seed_played":"-4899480414438051575","potions_obtained":[{"floor":1,"key":"Death Potion"},{"floor":3,"key":"SteroidPotion"},{"floor":18,"key":"Explosive Potion"},{"floor":21,"key":"GamblersBrew"}],"is_trial":false,"path_per_floor":["M","?","M","M","M","R","M","?","T","$","M","?","R","E","R","B",null,"M","M","M","M","M"],"character_chosen":"ILLYA","items_purchased":["PrismaMod:IllyaBoysLove","PrismaMod:IllyaPoisonTippedWeapons","ReplayTheSpireMod:Private Reserves"],"campfire_rested":2,"item_purchase_floors":[10,10,10],"current_hp_per_floor":[75,75,75,75,60,60,50,32,32,32,24,24,46,32,58,28,89,77,71,42,16,0,0],"gold":225,"neow_bonus":"THREE_ENEMY_KILL","is_daily":false,"chose_seed":false,"campfire_upgraded":0,"win_rate":0.0,"timestamp":1611248250,"path_taken":["M","?","M","M","M","R","M","?","T","$","M","?","R","E","R","BOSS","M","M","M","M","M"],"items_purchased_type":["Card","Card","Card"],"build_version":"2020-12-22","purchased_purges":0,"victory":false,"max_hp_per_floor":[75,75,75,75,75,75,75,75,75,75,75,75,75,89,89,89,89,89,89,89,89,89,89],"card_choices":[{"not_picked":["PrismaMod:IllyaCheapDefend","PrismaMod:IllyaFriendMaker"],"picked":"PrismaMod:IllyaAssassinRevenge","floor":1},{"not_picked":["PrismaMod:IllyaUpgradeOrbs","PrismaMod:IllyaGrailKun"],"picked":"PrismaMod:IllyaBoysLove","floor":3},{"not_picked":["PrismaMod:IllyaEvokeAll","PrismaMod:IllyaUncommonEvoke"],"picked":"PrismaMod:IllyaBride","floor":4},{"not_picked":["PrismaMod:IllyaUncommonAttack","PrismaMod:IllyaCheapAttack"],"picked":"PrismaMod:IllyaHassanGift","floor":5},{"not_picked":["PrismaMod:IllyaPartialInstallAssassin","PrismaMod:IllyaAOECommonAttack"],"picked":"PrismaMod:IllyaBoysLove","floor":7},{"not_picked":["PrismaMod:IllyaRussianRoulette","PrismaMod:IllyaGrailKun"],"picked":"PrismaMod:IllyaFriendMaker","floor":11},{"not_picked":["PrismaMod:IllyaRubysPotion","PrismaMod:IllyaUncommonEvoke"],"picked":"PrismaMod:IllyaCarnivalDefend","floor":14},{"not_picked":["PrismaMod:IllyaCarnivalAttack","PrismaMod:IllyaInstallSaber"],"picked":"PrismaMod:IllyaZwei","floor":16},{"not_picked":["PrismaMod:IllyaCheapChannelAttack","PrismaMod:IllyaBride"],"picked":"PrismaMod:IllyaPoisonTippedWeapons","floor":18},{"not_picked":["PrismaMod:IllyaRubysPotion","PrismaMod:IllyaCheapChannelDefend"],"picked":"PrismaMod:IllyaTestament","floor":19},{"not_picked":["PrismaMod:IllyaMinorReinForce","PrismaMod:IllyaUncommonEvoke"],"picked":"PrismaMod:IllyaBlindPoisonToss","floor":20},{"not_picked":["PrismaMod:IllyaBride","PrismaMod:IllyaPoisonTippedWeapons"],"picked":"PrismaMod:IllyaAlice","floor":21}],"player_experience":271631,"relics_obtained":[{"floor":14,"key":"Mango"}],"event_choices":[{"damage_healed":0,"gold_gain":0,"player_choice":"Box","damage_taken":0,"relics_obtained":["infinitespire:PuzzleCube"],"max_hp_gain":0,"max_hp_loss":0,"event_name":"Big Fish","floor":2,"gold_loss":0,"cards_obtained":["Regret"]},{"damage_healed":0,"gold_gain":0,"player_choice":"Success","damage_taken":18,"relics_obtained":["infinitespire:CheckeredPen"],"max_hp_gain":0,"max_hp_loss":0,"event_name":"Scrap Ooze","floor":8,"gold_loss":0},{"damage_healed":0,"gold_gain":0,"player_choice":"4 cards matched","damage_taken":0,"max_hp_gain":0,"max_hp_loss":0,"event_name":"Match and Keep!","floor":12,"gold_loss":0,"cards_obtained":["PrismaMod:IllyaInstallSaber","PrismaMod:IllyaSaphire","PrismaMod:IllyaCommonAttack","PrismaMod:IllyaReinForce"]}],"is_beta":false,"boss_relics":[{"not_picked":["Calling Bell","Runic Pyramid"],"picked":"ChewingGum"}],"items_purged_floors":[],"is_endless":false,"potions_floor_spawned":[1,3,4,7,18,21],"killed_by":"Sentry and Sphere","ascension_level":0}}