{"host":"17uzppmr1r5fe5jj","time":1611248776,"event":{"mods":["BaseMod","Minty Spire (QoL Compilation)","Quick Restart","StSLib","[IsaacMod]ÒÔÈö¼âËþ"],"gold_per_floor":[114,132,152,169,199,199,237,237,237,284,284,311,344,386,386,551,551,624,539,568,346,102,166,166,166,166,201,201,201,232,310,310,436,436,454,454,521,534,568,568,568,595,595,595,20,20,20,33,33,33],"floor_reached":51,"language":"ZHS","playtime":2609,"items_purged":["Strike_B","Strike_B","Strike_B"],"score":1162,"play_id":"02460345-8a0d-4ba7-96f3-2a98d411aae5","local_time":"20210122010616","daily_mods":["Vintage","Heirloom","Flight","DeadlyEvents","Elite Swarm"],"is_ascension_mode":false,"campfire_choices":[{"data":"DoctorFetus","floor":6.0,"key":"SMITH"},{"data":"Dualcast","floor":8.0,"key":"SMITH"},{"data":"Zap","floor":11.0,"key":"SMITH"},{"floor":15.0,"key":"REST"},{"data":"ElectricPowerLearning","floor":24.0,"key":"SMITH"},{"data":"Reboot","floor":25.0,"key":"SMITH"},{"floor":28.0,"key":"REST"},{"data":"Coolheaded","floor":29.0,"key":"SMITH"},{"data":"Biased Cognition","floor":32.0,"key":"SMITH"},{"data":"Rainbow","floor":40,"key":"SMITH"},{"data":"Turbo","floor":41,"key":"SMITH"},{"data":"Gash","floor":44,"key":"SMITH"},{"data":"Defragment","floor":47,"key":"SMITH"},{"floor":49,"key":"DIG"}],"circlet_count":0,"master_deck":["Strike_B","Defend_B+1","Defend_B","Defend_B+1","Defend_B","Zap+1","Dualcast+1","DoctorFetus+1","All For One","ElectricPowerLearning+1","Reboot+1","Biased Cognition+1","Rainbow+1","CurseOfTheBell","Coolheaded+1","Turbo+1","Gash+1","Creative AI","Buffer","Seek","Fan","Machine Learning","Echo Form","Static Discharge","Defragment+1","Loop"],"relics":["Cracked Core","HushsDoor","PokeGo","CaptainsWheel","Pear","Gambling Chip","SalivaCoin","Lantern","Ancient Tea Set","DeathBook","The Courier","BookOfRevelations","Letter Opener","Pantograph","Shuriken","Calling Bell","Oddly Smooth Stone","SharpPlug","Shovel","Bottled Lightning","DoctorsRemote","Bottled Tornado","OrangePellets","Orrery","TungstenRod","InkBottle","EdensBlessing","SatanicBible","SteamSale","Blood Vial","Nuclear Battery","Blue Candle","Ginger","GnawedLeaf","War Paint","Kunai","DeadEye","Bird Faced Urn","Sling","Symbiotic Virus","Vajra","Bag of Marbles"],"acts_visited":["Exordium","TheCity","TheBeyond"],"potions_floor_usage":[37,37,48,50],"damage_taken":[{"damage":6.0,"enemies":"Cultist","floor":1.0,"turns":4.0},{"damage":6.0,"enemies":"Jaw Worm","floor":2.0,"turns":3.0},{"damage":9.0,"enemies":"Small Slimes","floor":3.0,"turns":3.0},{"damage":6.0,"enemies":"Exordium Wildlife","floor":4.0,"turns":4.0},{"damage":8.0,"enemies":"Exordium Thugs","floor":5.0,"turns":4.0},{"damage":8.0,"enemies":"Lagavulin","floor":7.0,"turns":5.0},{"damage":12.0,"enemies":"3 Sentries","floor":10.0,"turns":4.0},{"damage":11.0,"enemies":"3 Louse","floor":12.0,"turns":3.0},{"damage":0.0,"enemies":"Lagavulin","floor":13.0,"turns":3.0},{"damage":0.0,"enemies":"Gremlin Nob","floor":14.0,"turns":4.0},{"damage":44.0,"enemies":"The Guardian","floor":16.0,"turns":11.0},{"damage":8.0,"enemies":"3 Byrds","floor":18.0,"turns":2.0},{"damage":11.0,"enemies":"Shell Parasite","floor":20.0,"turns":6.0},{"damage":37.0,"enemies":"Slavers","floor":23.0,"turns":4.0},{"damage":0.0,"enemies":"Book of Stabbing","floor":27.0,"turns":2.0},{"damage":0.0,"enemies":"Gremlin Leader","floor":30.0,"turns":6.0},{"damage":18.0,"enemies":"Hiden Room Battle","floor":31.0,"turns":2.0},{"damage":57.0,"enemies":"Automaton","floor":33.0,"turns":7.0},{"damage":6.0,"enemies":"3 Shapes","floor":35.0,"turns":4.0},{"damage":25,"enemies":"2 Orb Walkers","floor":37,"turns":4},{"damage":0,"enemies":"Orb Walker","floor":38,"turns":3},{"damage":0,"enemies":"Nemesis","floor":39,"turns":3},{"damage":0,"enemies":"Giant Head","floor":42,"turns":9},{"damage":0,"enemies":"Maw","floor":48,"turns":4},{"damage":0,"enemies":"Time Eater","floor":50,"turns":7}],"seed_played":"-100361077200766906","potions_obtained":[{"floor":2.0,"key":"Explosive Potion"},{"floor":3.0,"key":"FairyPotion"},{"floor":5.0,"key":"BlessingOfTheForge"},{"floor":14.0,"key":"PowerPotion"},{"floor":16.0,"key":"LiquidBronze"},{"floor":18.0,"key":"Regen Potion"},{"floor":33.0,"key":"PowerPotion"},{"floor":35.0,"key":"Ancient Potion"},{"floor":39,"key":"PowerPotion"},{"floor":42,"key":"EssenceOfSteel"}],"is_trial":true,"path_per_floor":["M","M","M","M","M","R","E","R","T","E","R","M","E","E","R","B",null,"M","?","M","$","$","E","R","R","T","E","R","R","E","?","R","B",null,"M","?","?","M","E","R","R","E","T","R","$","$","R","M","R","B",null],"character_chosen":"DEFECT","items_purchased":["OrangePellets","Coolheaded","Turbo","Orrery","Bird Faced Urn","Sling","Symbiotic Virus","Static Discharge","Defragment","Loop"],"campfire_rested":2,"item_purchase_floors":[21,21,22,22,45,45,45,45,45,45],"current_hp_per_floor":[79,73,64,58,50,50,42,42,42,30,30,19,19,19,44,25,85,77,77,66,66,66,29,29,29,29,29,54,54,68,50,50,20,85,79,79,56,58,30,30,30,32,32,32,32,32,32,54,54,59],"gold":33,"neow_bonus":"","is_daily":false,"chose_seed":false,"campfire_upgraded":11,"win_rate":0.0,"timestamp":1611248776,"path_taken":["M","M","M","?","M","R","E","R","T","E","R","?","E","?","R","BOSS","M","?","M","$","$","E","R","R","T","E","R","R","E","?","R","BOSS","BOSS","M","?","?","M","?","R","R","E","T","R","?","$","R","M","R","BOSS"],"items_purchased_type":["Relic","Card","Card","Relic","Relic","Relic","Relic","Card","Card","Card"],"build_version":"2020-12-22","purchased_purges":3,"victory":true,"max_hp_per_floor":[85,85,85,85,85,85,85,85,85,85,85,85,85,85,85,85,85,85,85,85,85,85,85,85,85,85,85,85,85,85,85,85,85,85,85,85,85,85,85,85,85,85,85,85,85,85,85,85,85,85],"card_choices":[{"not_picked":[],"picked":"DoctorFetus","floor":0.0},{"not_picked":["Fission","ElectricPowerLearning"],"picked":"All For One","floor":7.0},{"not_picked":["Creative AI","Thunder Strike"],"picked":"ElectricPowerLearning","floor":10.0},{"not_picked":["Echo Form","Hyperbeam"],"picked":"Reboot","floor":13.0},{"not_picked":["Fission","Machine Learning"],"picked":"Biased Cognition","floor":14.0},{"not_picked":["Amplify","Machine Learning"],"picked":"Rainbow","floor":16.0},{"not_picked":["Stack","Beam Cell"],"picked":"Gash","floor":22.0},{"not_picked":["ElectricPowerLearning","Hyperbeam"],"picked":"Creative AI","floor":23.0},{"not_picked":["Machine Learning","Fission"],"picked":"Buffer","floor":27.0},{"not_picked":["ElectricPowerLearning","Creative AI"],"picked":"Seek","floor":30.0},{"not_picked":["Conserve Battery","Leap+1"],"picked":"Fan","floor":31.0},{"not_picked":["All For One","Biased Cognition"],"picked":"Machine Learning","floor":33.0},{"not_picked":["Meteor Strike","All For One"],"picked":"Echo Form","floor":39},{"not_picked":["Creative AI","Seek","Hyperbeam"],"picked":"SKIP","floor":42}],"player_experience":102604,"relics_obtained":[{"floor":1.0,"key":"Pear"},{"floor":2.0,"key":"Gambling Chip"},{"floor":3.0,"key":"SalivaCoin"},{"floor":4.0,"key":"Lantern"},{"floor":5.0,"key":"Ancient Tea Set"},{"floor":7.0,"key":"DeathBook"},{"floor":9.0,"key":"The Courier"},{"floor":10.0,"key":"BookOfRevelations"},{"floor":12.0,"key":"Letter Opener"},{"floor":13.0,"key":"Pantograph"},{"floor":14.0,"key":"Shuriken"},{"floor":17.0,"key":"Oddly Smooth Stone"},{"floor":17.0,"key":"SharpPlug"},{"floor":17.0,"key":"Shovel"},{"floor":18.0,"key":"Bottled Lightning"},{"floor":20.0,"key":"Bottled Tornado"},{"floor":23.0,"key":"TungstenRod"},{"floor":26.0,"key":"InkBottle"},{"floor":27.0,"key":"EdensBlessing"},{"floor":30.0,"key":"SatanicBible"},{"floor":31.0,"key":"SteamSale"},{"floor":31.0,"key":"Blood Vial"},{"floor":35.0,"key":"Blue Candle"},{"floor":37,"key":"Ginger"},{"floor":38,"key":"GnawedLeaf"},{"floor":39,"key":"War Paint"},{"floor":42,"key":"Kunai"},{"floor":43,"key":"DeadEye"},{"floor":48,"key":"Vajra"},{"floor":49,"key":"Bag of Marbles"}],"event_choices":[{"damage_healed":0.0,"max_hp_gain":0.0,"max_hp_loss":0.0,"gold_gain":0.0,"event_name":"Addict","player_choice":"Obtained Relic","floor":19.0,"gold_loss":85.0,"damage_taken":0.0,"relics_obtained":["DoctorsRemote"]},{"damage_healed":0.0,"max_hp_gain":0.0,"max_hp_loss":0.0,"gold_gain":0.0,"event_name":"HidenRoomEvent","player_choice":"Fight","floor":31.0,"gold_loss":0.0,"damage_taken":0.0},{"damage_healed":0,"gold_gain":0,"player_choice":"Memory 1","damage_taken":0,"max_hp_gain":0,"max_hp_loss":0,"event_name":"SensoryStone","floor":36,"gold_loss":0},{"damage_healed":0,"gold_gain":0,"player_choice":"Fight","damage_taken":0,"max_hp_gain":0,"max_hp_loss":0,"event_name":"Mysterious Sphere","floor":37,"gold_loss":0}],"is_beta":false,"boss_relics":[{"not_picked":["Tiny House","Sozu"],"picked":"Calling Bell"},{"not_picked":[]},{"not_picked":["Velvet Choker","Busted Crown"],"picked":"Nuclear Battery"},{"not_picked":[]}],"items_purged_floors":[21,22,45],"is_endless":false,"potions_floor_spawned":[2,3,5,14,16,18,20,27,33,35,39,42],"ascension_level":0}}