{"host":"uv5ws9rdk87e8i5k","time":1611247293,"event":{"mods":["AchievementEnabler","BaseMod","Colored Map","Minty Spire (QoL Compilation)","StSLib","SuperFastMode"],"gold_per_floor":[20,37,52,67,83,109,126,158,158,174,174,174,185,199,199,199,199],"floor_reached":16,"language":"ENG","playtime":337,"items_purged":[],"score":142,"play_id":"3efd8322-de53-4c99-9e33-e944ee753c56","local_time":"20210121104133","is_ascension_mode":true,"campfire_choices":[{"floor":15,"key":"REST"}],"circlet_count":0,"master_deck":["Strike_G","Strike_G","Strike_G","Strike_G","Strike_G","Defend_G","Defend_G","Defend_G","Defend_G","Defend_G","Survivor","Neutralize","Backstab","Dagger Throw","All Out Attack","Escape Plan","Bouncing Flask","Backstab","Poisoned Stab","Decay","Deflect+1","Malaise+1"],"relics":["Ring of the Snake","Tingsha","Frozen Egg 2","Art of War","Toxic Egg 2"],"acts_visited":["Exordium"],"potions_floor_usage":[5,6,14],"damage_taken":[{"damage":0,"enemies":"Cultist","floor":1,"turns":4},{"damage":0,"enemies":"Small Slimes","floor":2,"turns":3},{"damage":0,"enemies":"2 Louse","floor":3,"turns":2},{"damage":0,"enemies":"Exordium Thugs","floor":4,"turns":4},{"damage":4,"enemies":"Large Slime","floor":5,"turns":4},{"damage":14,"enemies":"3 Sentries","floor":6,"turns":7},{"damage":1,"enemies":"Blue Slaver","floor":7,"turns":2},{"damage":36,"enemies":"Gremlin Nob","floor":8,"turns":4},{"damage":1,"enemies":"Red Slaver","floor":10,"turns":2},{"damage":1,"enemies":"Looter","floor":13,"turns":2},{"damage":0,"enemies":"Blue Slaver","floor":14,"turns":1},{"damage":0,"enemies":"Hexaghost","floor":16,"turns":1}],"seed_played":"3778205733054954004","potions_obtained":[{"floor":4,"key":"Fire Potion"},{"floor":5,"key":"ColorlessPotion"},{"floor":8,"key":"AttackPotion"},{"floor":10,"key":"Block Potion"},{"floor":14,"key":"Dexterity Potion"}],"is_trial":false,"path_per_floor":["M","M","M","M","M","E","M","E","T","M","?","?","M","M","R","B"],"character_chosen":"THE_SILENT","items_purchased":[],"campfire_rested":1,"item_purchase_floors":[],"current_hp_per_floor":[70,70,70,70,66,52,51,15,15,14,14,14,13,13,34,34,34],"gold":199,"neow_bonus":"ONE_RARE_RELIC","is_daily":false,"chose_seed":false,"campfire_upgraded":0,"win_rate":0.0,"timestamp":1611247293,"path_taken":["M","M","?","?","M","E","M","E","T","M","?","?","?","M","R","BOSS"],"items_purchased_type":[],"build_version":"2020-12-22","purchased_purges":0,"victory":false,"max_hp_per_floor":[70,70,70,70,70,70,70,70,70,70,70,70,70,70,70,70,70],"card_choices":[{"not_picked":["Dagger Spray","Sucker Punch"],"picked":"Backstab","floor":1},{"not_picked":["Outmaneuver","Deadly Poison"],"picked":"Dagger Throw","floor":2},{"not_picked":["Underhanded Strike","Infinite Blades","Flechettes"],"picked":"SKIP","floor":3},{"not_picked":["Bane","Predator","Riddle With Holes"],"picked":"SKIP","floor":4},{"not_picked":["Deflect","A Thousand Cuts"],"picked":"All Out Attack","floor":5},{"not_picked":["Endless Agony","Cloak And Dagger"],"picked":"Escape Plan","floor":6},{"not_picked":["Sucker Punch","Deflect"],"picked":"Bouncing Flask","floor":7},{"not_picked":["Dagger Spray","Poisoned Stab"],"picked":"Backstab","floor":8},{"not_picked":["Outmaneuver+1","Escape Plan+1"],"picked":"Poisoned Stab","floor":10},{"not_picked":["Dash","Dagger Spray"],"picked":"Deflect+1","floor":13},{"not_picked":["Dodge and Roll+1","Poisoned Stab"],"picked":"Malaise+1","floor":14}],"player_experience":133137,"relics_obtained":[{"floor":6,"key":"Frozen Egg 2"},{"floor":8,"key":"Art of War"},{"floor":9,"key":"Toxic Egg 2"}],"event_choices":[{"damage_healed":0,"gold_gain":0,"player_choice":"Ignored","damage_taken":0,"max_hp_gain":0,"max_hp_loss":0,"event_name":"Liars Game","floor":11,"gold_loss":0},{"damage_healed":0,"gold_gain":0,"player_choice":"Cursed","damage_taken":0,"max_hp_gain":0,"max_hp_loss":0,"event_name":"Wheel of Change","floor":12,"gold_loss":0,"cards_obtained":["Decay"]}],"is_beta":false,"boss_relics":[],"items_purged_floors":[],"is_endless":false,"potions_floor_spawned":[4,5,8,10,14],"killed_by":"Hexaghost","ascension_level":4}}