{"host":"cxvb37eaaiijvrl4","time":1611232038,"event":{"mods":["ATMod(阿瑾Mod)","BaseMod","Better Third Choice","Minty Spire (QoL Compilation)","MostiFishMod","Quick Restart","Rare Cards Sparkle","Shop Mod","Spicy Shops","StSLib","TestMod","Uncapped","残留之物"],"gold_per_floor":[111,36,48,48,58,84,113,141,168,194,194,269,169,187,187,272,272,287,1,14,30,30,55,99,140,175,290,390,401,515,89,89,192,192,274,673,714,614,653,708,761,850,874,1006,1057,1256,448,604,604,727,973,973,973,64,339,462],"floor_reached":57,"language":"ZHS","playtime":1634,"items_purged":["Spot Weakness","Sword Boomerang","Inflame","Corruption","Doubt","Dark Embrace+1","Feel No Pain","Regret","Shrug It Off"],"score":4477,"play_id":"586ebd72-4a3b-4db4-848f-05dfaa2df9a5","local_time":"20210121042718","daily_mods":["SealedDeck","Heirloom","Flight"],"is_ascension_mode":true,"campfire_choices":[{"data":"AT_BodySlamDance","floor":11.0,"key":"SMITH"},{"data":"Dark Embrace","floor":15.0,"key":"SMITH"},{"data":"MostiFishMod:RacingGame","floor":29.0,"key":"SMITH"},{"data":"Body Slam","floor":32.0,"key":"SMITH"},{"floor":49.0,"key":"RECALL"},{"data":"MostiFishMod:UltimateDefense+2","floor":53.0,"key":"SMITH"}],"circlet_count":0,"master_deck":["AscendersBane","Flex+1","Body Slam+1","Shrug It Off+1","AT_BodySlamDance+1","MostiFishMod:RacingGame+1","MostiFishMod:UltimateDefense+5"],"relics":["Burning Blood","DaveBox","AT_ATBox","GreenFoldingFan","testmod-EqualTreatment","testmod-Maize","SynthV:TestCard","SynthV:C4","Pen Nib","AT_EbonyIvory","AT_BellDemon","Bag of Preparation","CeramicFish","testmod-RainbowHikingShoes","Akabeko","ChiXiaoBlade","Lantern","testmod-Charity","testmod-Hope","testmod-IntensifyImprint","MutagenicStrength","MawBank","Vajra","AT_BladeRuinedKing","Regal Pillow","AT_MibuBalloonWealth","Orichalcum","Mango","Juzu Bracelet","Nunchaku","testmod-IndustrialRevolution","AT_ChloranthyRing","Membership Card","Kunai","Anchor","AT_SilvercatRing","Black Star","Bag of Marbles","PlaceholderMod:DaolothFragment","Potion Belt","testmod-TurbochargingSystem","testmod-Acrobat","Meat on the Bone","AT_RedTearstoneRing","Mercury Hourglass","AT_ForceNature","War Paint","Dream Catcher","MealTicket","Blood Vial","AT_TheCollector","testmod-LifeArmor","AT_BellowingDragoncrestRing","Molten Egg 2","AT_GuinsooRageblade","BionicSphere","MetatronsCube","Ying","AT_SunfireAegis","AT_ArchangelStaff","PreservedInsect","Medical Kit","Oddly Smooth Stone","Ginger","Paper Frog","Happy Flower","Lee\u0027s Waffle","MerchantsRug","Ornamental Fan","testmod-ConstraintPeriapt","PlaceholderMod:SoulofChaos"],"acts_visited":["Exordium","TheCity","TheBeyond","TheEnding"],"potions_floor_usage":[56,56,56],"damage_taken":[{"damage":6.0,"enemies":"Small Slimes","floor":1.0,"turns":2.0},{"damage":4.0,"enemies":"Cultist","floor":3.0,"turns":2.0},{"damage":4.0,"enemies":"2 Louse","floor":5.0,"turns":2.0},{"damage":9.0,"enemies":"Gremlin Nob","floor":6.0,"turns":3.0},{"damage":8.0,"enemies":"Lagavulin","floor":7.0,"turns":4.0},{"damage":6.0,"enemies":"Gremlin Nob","floor":8.0,"turns":3.0},{"damage":6.0,"enemies":"Lagavulin","floor":10.0,"turns":3.0},{"damage":2.0,"enemies":"Looter","floor":14.0,"turns":1.0},{"damage":8.0,"enemies":"Slime Boss","floor":16.0,"turns":4.0},{"damage":2.0,"enemies":"2 Thieves","floor":18.0,"turns":1.0},{"damage":2.0,"enemies":"3 Byrds","floor":20.0,"turns":1.0},{"damage":2.0,"enemies":"Snecko","floor":21.0,"turns":1.0},{"damage":2.0,"enemies":"Book of Stabbing","floor":23.0,"turns":1.0},{"damage":2.0,"enemies":"Slavers","floor":24.0,"turns":1.0},{"damage":2.0,"enemies":"Gremlin Leader","floor":25.0,"turns":1.0},{"damage":2.0,"enemies":"Slavers","floor":27.0,"turns":1.0},{"damage":2.0,"enemies":"3 Cultists","floor":28.0,"turns":1.0},{"damage":2.0,"enemies":"Gremlin Leader","floor":30.0,"turns":1.0},{"damage":2.0,"enemies":"Automaton","floor":33.0,"turns":1.0},{"damage":2.0,"enemies":"3 Shapes","floor":35.0,"turns":1.0},{"damage":2.0,"enemies":"Orb Walker","floor":37.0,"turns":1.0},{"damage":2.0,"enemies":"Transient","floor":39.0,"turns":1.0},{"damage":2.0,"enemies":"Giant Head","floor":40.0,"turns":1.0},{"damage":2.0,"enemies":"Nemesis","floor":41.0,"turns":1.0},{"damage":1.0,"enemies":"Jaw Worm Horde","floor":42.0,"turns":1.0},{"damage":1.0,"enemies":"3 Darklings","floor":44.0,"turns":1.0},{"damage":1.0,"enemies":"Giant Head","floor":45.0,"turns":1.0},{"damage":1.0,"enemies":"Reptomancer","floor":46.0,"turns":1.0},{"damage":1.0,"enemies":"Giant Head","floor":48.0,"turns":1.0},{"damage":1.0,"enemies":"Time Eater","floor":50.0,"turns":1.0},{"damage":1.0,"enemies":"Donu and Deca","floor":51.0,"turns":1.0},{"damage":1,"enemies":"Shield and Spear","floor":55,"turns":1},{"damage":1,"enemies":"The Heart","floor":56,"turns":4}],"seed_played":"-7144673064346653410","potions_obtained":[{"floor":5.0,"key":"Strength Potion"},{"floor":6.0,"key":"Weak Potion"},{"floor":7.0,"key":"Fire Potion"},{"floor":16.0,"key":"PowerPotion"},{"floor":18.0,"key":"BloodPotion"},{"floor":41.0,"key":"BloodPotion"},{"floor":45.0,"key":"Weak Potion"}],"is_trial":true,"path_per_floor":["M","$","M","?","M","E","E","E","T","E","R","?","$","M","R","B",null,"M","$","M","M","?","E","E","E","T","E","M","R","E","$","R","B",null,"M","?","M","$","M","E","E","M","T","M","E","E","$","E","R","B","B",null,"R","$","E","B",null],"character_chosen":"IRONCLAD","items_purchased":["testmod-Charity","Membership Card","Kunai","Anchor","BionicSphere","MetatronsCube","Ying","Medical Kit","Oddly Smooth Stone","Ginger","Paper Frog","Happy Flower","Lee\u0027s Waffle","PowerPotion","MerchantsRug"],"campfire_rested":0,"item_purchase_floors":[19,31,31,31,47,47,47,54,54,54,54,54,54,54,54],"current_hp_per_floor":[75,75,75,75,75,75,75,75,75,75,75,64,64,75,75,75,75,75,75,76,77,77,78,80,82,84,103,108,109,114,116,116,119,119,123,124,126,126,128,130,134,141,142,150,153,160,160,163,163,166,172,172,172,180,186,233],"gold":462,"neow_bonus":"","is_daily":false,"chose_seed":false,"campfire_upgraded":5,"win_rate":0.0,"timestamp":1611232038,"path_taken":["M","$","M","?","?","E","E","E","T","E","R","?","$","M","R","BOSS","M","$","M","M","?","E","E","E","T","E","M","R","E","$","R","BOSS","M","?","M","$","M","E","E","M","T","M","E","E","$","E","R","BOSS","BOSS","R","$","E","BOSS"],"items_purchased_type":["Relic","Relic","Relic","Relic","Relic","Relic","Relic","Relic","Relic","Relic","Relic","Relic","Relic","Potion","Relic"],"build_version":"2020-12-22","purchased_purges":9,"victory":true,"max_hp_per_floor":[75,75,75,75,75,75,75,75,75,75,75,75,75,75,75,75,75,75,75,76,77,77,78,80,82,84,103,108,109,114,116,116,119,119,123,124,126,126,128,130,134,141,142,150,153,160,160,163,163,166,172,172,172,180,186,233],"card_choices":[{"not_picked":["Infernal Blade","Hemokinesis","Headbutt"],"picked":"SKIP","floor":1.0},{"not_picked":["Heavy Blade","Thunderclap","Burning Pact","Cleave","Shrug It Off"],"picked":"SKIP","floor":3.0},{"not_picked":["Metallicize","MostiFishMod:KnuckleDown","Burning Pact","Dropkick","Clothesline"],"picked":"SKIP","floor":5.0},{"not_picked":["Shockwave","Flex","Body Slam","Clothesline","MostiFishMod:CullingBlade"],"picked":"SKIP","floor":6.0},{"not_picked":["Inflame","Clothesline","Heavy Blade","Dark Embrace","True Grit"],"picked":"SKIP","floor":7.0},{"not_picked":["Body Slam","Warcry","Cleave","Perfected Strike","MostiFishMod:WingOfPhoenix"],"picked":"SKIP","floor":8.0},{"not_picked":["Rupture","MostiFishMod:ChineseTea","Uppercut","Flex","AT_BodySlamDance"],"picked":"SKIP","floor":10.0},{"not_picked":["AT_GerminateFire","Dual Wield","AT_ManFootWork","MostiFishMod:BrandingRite","Flex"],"picked":"SKIP","floor":14.0},{"not_picked":["Juggernaut","MostiFishMod:WingOfPhoenix","MostiFishMod:CullingBlade","AT_Dispersion"],"picked":"MostiFishMod:RacingGame","floor":16.0},{"not_picked":["MostiFishMod:BrandingRite","AT_BodySlamDance+1","Body Slam","Infernal Blade+1","True Grit"],"picked":"SKIP","floor":18.0},{"not_picked":["Anger","Armaments","Headbutt","Havoc","Wild Strike"],"picked":"SKIP","floor":20.0},{"not_picked":["Pommel Strike","Hemokinesis","MostiFishMod:#F4004","True Grit","Shrug It Off"],"picked":"SKIP","floor":21.0},{"not_picked":["AT_CaressingTears","Sentinel","Sword Boomerang","Anger","Rupture"],"picked":"SKIP","floor":23.0},{"not_picked":["AT_CaressingTears","Sentinel","Sword Boomerang","Anger","Rupture"],"picked":"SKIP","floor":23.0},{"not_picked":["Impervious","Spot Weakness","MostiFishMod:BrandingRite","Power Through","Entrench"],"picked":"SKIP","floor":24.0},{"not_picked":["Wild Strike+1","AT_DrawKnifeCut","Havoc","Perfected Strike","Twin Strike"],"picked":"SKIP","floor":25.0},{"not_picked":["Shrug It Off","Clothesline+1","Havoc","Thunderclap","AT_DrawKnifeCut"],"picked":"SKIP","floor":27.0},{"not_picked":["Entrench","Wild Strike","Power Through","Iron Wave","AT_BodySlamDance"],"picked":"SKIP","floor":28.0},{"not_picked":["Dual Wield+1","Flame Barrier","Flex","Sword Boomerang","Clash"],"picked":"SKIP","floor":30.0},{"not_picked":["MostiFishMod:RacingGame","Exhume","MostiFishMod:CullingBlade","MostiFishMod:Mania"],"picked":"MostiFishMod:UltimateDefense","floor":33.0},{"not_picked":["Perfected Strike","Bloodletting","Clash","Hemokinesis+1","Heavy Blade+1"],"picked":"SKIP","floor":35.0},{"not_picked":["Rupture","Armaments","Dark Embrace","Iron Wave","Flex"],"picked":"SKIP","floor":37.0},{"not_picked":["Shrug It Off","AT_IchimonjiDouble+1","Body Slam","Blood for Blood","AT_BodySlamDance"],"picked":"SKIP","floor":39.0},{"not_picked":["Pommel Strike","AT_IchimonjiDouble","MostiFishMod:BrandingRite","Flex","Battle Trance"],"picked":"SKIP","floor":40.0},{"not_picked":["Sword Boomerang","Wild Strike","Double Tap","Iron Wave","Flex+1"],"picked":"SKIP","floor":41.0},{"not_picked":["Sword Boomerang","Wild Strike","Double Tap","Iron Wave","Flex+1"],"picked":"SKIP","floor":41.0},{"not_picked":["Shrug It Off","Perfected Strike","AT_ShrugMaster+1","Shockwave","Warcry"],"picked":"SKIP","floor":42.0},{"not_picked":["Clash","Sever Soul","Havoc","MostiFishMod:FlyOverUtopia","Thunderclap"],"picked":"SKIP","floor":44.0},{"not_picked":["Sentinel","True Grit","Sever Soul","Battle Trance+1","AT_IchimonjiDouble"],"picked":"SKIP","floor":45.0},{"not_picked":["Spot Weakness","AT_GerminateFire+1","Inflame","AT_DrawKnifeCut+1","Pummel+1"],"picked":"SKIP","floor":46.0},{"not_picked":["Anger+1","Clothesline+1","Inflame+1","Havoc","MostiFishMod:DarkDeal"],"picked":"SKIP","floor":48.0},{"not_picked":["Wild Strike+1","Pommel Strike+1","Blood for Blood+1","Clash+1","AT_ShrugMaster+1"],"picked":"SKIP","floor":55}],"player_experience":711881,"relics_obtained":[{"floor":1.0,"key":"SynthV:TestCard"},{"floor":6.0,"key":"SynthV:C4"},{"floor":7.0,"key":"Pen Nib"},{"floor":8.0,"key":"AT_EbonyIvory"},{"floor":9.0,"key":"AT_BellDemon"},{"floor":10.0,"key":"Bag of Preparation"},{"floor":10.0,"key":"CeramicFish"},{"floor":14.0,"key":"testmod-RainbowHikingShoes"},{"floor":16.0,"key":"Akabeko"},{"floor":18.0,"key":"Lantern"},{"floor":20.0,"key":"testmod-Hope"},{"floor":21.0,"key":"testmod-IntensifyImprint"},{"floor":23.0,"key":"MawBank"},{"floor":23.0,"key":"Vajra"},{"floor":24.0,"key":"AT_BladeRuinedKing"},{"floor":24.0,"key":"Regal Pillow"},{"floor":25.0,"key":"AT_MibuBalloonWealth"},{"floor":25.0,"key":"Orichalcum"},{"floor":27.0,"key":"Mango"},{"floor":27.0,"key":"Juzu Bracelet"},{"floor":28.0,"key":"Nunchaku"},{"floor":30.0,"key":"testmod-IndustrialRevolution"},{"floor":30.0,"key":"AT_ChloranthyRing"},{"floor":33.0,"key":"AT_SilvercatRing"},{"floor":35.0,"key":"Bag of Marbles"},{"floor":37.0,"key":"PlaceholderMod:DaolothFragment"},{"floor":39.0,"key":"Potion Belt"},{"floor":40.0,"key":"testmod-TurbochargingSystem"},{"floor":40.0,"key":"testmod-Acrobat"},{"floor":40.0,"key":"Meat on the Bone"},{"floor":41.0,"key":"AT_RedTearstoneRing"},{"floor":41.0,"key":"Mercury Hourglass"},{"floor":41.0,"key":"AT_ForceNature"},{"floor":42.0,"key":"War Paint"},{"floor":43.0,"key":"Dream Catcher"},{"floor":44.0,"key":"MealTicket"},{"floor":45.0,"key":"Blood Vial"},{"floor":45.0,"key":"AT_TheCollector"},{"floor":45.0,"key":"testmod-LifeArmor"},{"floor":46.0,"key":"AT_BellowingDragoncrestRing"},{"floor":46.0,"key":"Molten Egg 2"},{"floor":46.0,"key":"AT_GuinsooRageblade"},{"floor":48.0,"key":"AT_SunfireAegis"},{"floor":48.0,"key":"AT_ArchangelStaff"},{"floor":48.0,"key":"PreservedInsect"},{"floor":55,"key":"Ornamental Fan"},{"floor":55,"key":"testmod-ConstraintPeriapt"},{"floor":55,"key":"PlaceholderMod:SoulofChaos"}],"event_choices":[{"damage_healed":0.0,"max_hp_gain":0.0,"max_hp_loss":0.0,"gold_gain":0.0,"event_name":"Match and Keep!","player_choice":"1 cards matched","floor":4.0,"gold_loss":0.0,"damage_taken":0.0,"cards_obtained":["Corruption"]},{"damage_healed":0.0,"max_hp_gain":1.0,"max_hp_loss":0.0,"gold_gain":75.0,"event_name":"betterThird:BetterGoop","player_choice":"Gold","floor":12.0,"gold_loss":0.0,"damage_taken":11.0},{"damage_healed":0.0,"max_hp_gain":0.0,"max_hp_loss":0.0,"gold_gain":0.0,"event_name":"Drug Dealer","player_choice":"Inject Mutagens","floor":22.0,"gold_loss":0.0,"damage_taken":0.0,"relics_obtained":["MutagenicStrength"]},{"damage_healed":0.0,"max_hp_gain":0.0,"max_hp_loss":0.0,"gold_gain":400.0,"event_name":"恩洛斯的盘子","player_choice":"Sell","floor":36.0,"relics_lost":["testmod-TestBox"],"gold_loss":0.0,"damage_taken":0.0}],"is_beta":false,"boss_relics":[{"not_picked":["MoonlightInvasionPlan","TimeKeys"],"picked":"ChiXiaoBlade"},{"not_picked":["PatriotShield","FixedStarFall"],"picked":"Black Star"}],"items_purged_floors":[2,13,19,31,31,38,47,54,54],"is_endless":false,"potions_floor_spawned":[5,6,7,14,16,18,24,28,33,37,40,41,45,46,55],"ascension_level":20}}