{"host":"ymw71f7rc9ndansy","time":1611222456,"event":{"mods":["ATMod(阿瑾Mod)","Act Like it!","Aspiration","BaseMod","DeckTracker","Hubris","Library of Ruina","Library of Ruina Extra","Minty Spire (QoL Compilation)","MostiFishMod","Remove Card Discount Mod","Replay The Spire","RumiaBox-露米娅的神秘盒子","StSLib","TestMod","【功能Mod】精心准备","【遗物卡牌】REMEMod"],"gold_per_floor":[413,433,451,463,475,509,509,544,567,595,595,608,0,0,0,0,0],"floor_reached":16,"language":"ZHS","playtime":244,"items_purged":["Strike_R","Injury","Strike_R","REME_SingleHolding"],"score":294,"play_id":"45eec756-05c3-4d14-9db9-c0b86dce26b0","local_time":"20210121174736","is_ascension_mode":true,"campfire_choices":[{"data":"Armaments","floor":15,"key":"SMITH"}],"circlet_count":0,"master_deck":["AscendersBane","Strike_R","Strike_R+1","Defend_R","Defend_R","Defend_R","Defend_R","Bash","MostiFishMod:OrdinaryWorld","ReplayUltimateDefense","Bloodletting","Second Wind","Feel No Pain","Armaments+1","Burning Pact","Burning Pact","AT_BodySlamDance","Disarm"],"relics":["testmod-TestBox","REME_ComplimentaryCards","AT_ATBox","Old Coin","testmod-Brilliant","Dead Branch","Baka","SynthV:TestCard","Magic Flower","hubris:FunFungus","Golden Idol","Darkstone Periapt","Tiny Chest","HornCleat","DaveBox","FeatherPendant","aspiration:HummingbirdHeart","hubris:CuriousFeather"],"acts_visited":["Exordium"],"potions_floor_usage":[6],"damage_taken":[{"damage":0.0,"enemies":"2 Louse","floor":1.0,"turns":1.0},{"damage":0.0,"enemies":"Small Slimes","floor":2.0,"turns":1.0},{"damage":2.0,"enemies":"Jaw Worm","floor":3.0,"turns":2.0},{"damage":0.0,"enemies":"Blue Slaver","floor":4.0,"turns":1.0},{"damage":0.0,"enemies":"Exordium Thugs","floor":5.0,"turns":1.0},{"damage":32,"enemies":"Gremlin Nob","floor":6,"turns":4},{"damage":0,"enemies":"3 Sentries","floor":8,"turns":1},{"damage":11,"enemies":"Gremlin Nob","floor":10,"turns":3},{"damage":0,"enemies":"2 Fungi Beasts","floor":12,"turns":1},{"damage":8,"enemies":"Hexaghost","floor":16,"turns":1}],"seed_played":"-2787394986498879031","potions_obtained":[{"floor":3.0,"key":"PowerPotion"},{"floor":4.0,"key":"Fire Potion"},{"floor":6,"key":"Energy Potion"}],"is_trial":false,"path_per_floor":["M","M","M","M","M","E","?","E","T","E","?","M","$","?","R","B"],"character_chosen":"IRONCLAD","items_purchased":["aspiration:HummingbirdHeart","hubris:CuriousFeather"],"campfire_rested":0,"item_purchase_floors":[13,13],"current_hp_per_floor":[50,50,48,48,48,16,16,16,16,7,7,7,7,7,7,0,0],"gold":0,"neow_bonus":"TRANSFORM_TWO_CARDS","is_daily":false,"chose_seed":false,"campfire_upgraded":1,"win_rate":0.0,"timestamp":1611222456,"path_taken":["M","M","M","M","M","E","?","E","T","E","?","M","$","?","R","BOSS"],"items_purchased_type":["Relic","Relic"],"build_version":"2020-12-22","purchased_purges":4,"victory":false,"max_hp_per_floor":[75,75,75,75,75,75,75,75,75,75,75,75,75,75,75,75,75],"card_choices":[{"not_picked":["REME_Scribble","Run Through"],"picked":"Bloodletting","floor":1.0},{"not_picked":["Flex","True Grit","Flame Barrier","AT_DrawKnifeCut"],"picked":"Second Wind","floor":2.0},{"not_picked":["Replay:Undeath\u0027s Touch","AT_ManFootWork","AT_CaressingTears","AT_ShrugMaster"],"picked":"Feel No Pain","floor":3.0},{"not_picked":["Sword Boomerang","Flame Barrier","AT_IchimonjiDouble","Abandon"],"picked":"Armaments","floor":4.0},{"not_picked":["Uppercut","Disarm","Juggernaut","True Grit"],"picked":"Burning Pact","floor":5.0},{"not_picked":["hubris:SharpeningStone","Fire Breathing","Body Slam","True Grit"],"picked":"Burning Pact","floor":6},{"not_picked":["hubris:ReadiedAction","Wild Strike","Headbutt","Clothesline"],"picked":"AT_BodySlamDance","floor":8},{"not_picked":["Infernal Blade","Spot Weakness","MostiFishMod:UltimateDefense","Combust"],"picked":"Disarm","floor":10}],"player_experience":1061577,"relics_obtained":[{"floor":1.0,"key":"Baka"},{"floor":1.0,"key":"SynthV:TestCard"},{"floor":2.0,"key":"Magic Flower"},{"floor":6,"key":"hubris:FunFungus"},{"floor":8,"key":"Darkstone Periapt"},{"floor":9,"key":"Tiny Chest"},{"floor":10,"key":"HornCleat"}],"event_choices":[{"damage_healed":0,"gold_gain":0,"player_choice":"Take Wound","damage_taken":0,"relics_obtained":["Golden Idol"],"max_hp_gain":0,"max_hp_loss":0,"event_name":"Golden Idol","floor":7,"gold_loss":0,"cards_obtained":["Injury"]},{"damage_healed":0,"gold_gain":0,"player_choice":"Swap Relic","damage_taken":0,"relics_obtained":["DaveBox"],"max_hp_gain":0,"max_hp_loss":0,"event_name":"给自己的盒子","floor":11,"relics_lost":["DaveBox"],"gold_loss":0}],"is_beta":false,"boss_relics":[],"items_purged_floors":[13,13,13,13],"is_endless":false,"potions_floor_spawned":[3,4,6,12],"killed_by":"Hexaghost","ascension_level":20}}