{"host":"cvi30shpqg1ukvbr","time":1611236805,"event":{"mods":["Act Like it!","BaseMod","Better Altar","Better Match","Better Note","Better Sensory Stone","Better Skull","Better Third Choice","Conspire","GifTheSpireLib","Hubris","Infinite Spire","Minty Spire (QoL Compilation)","Relic Stats","Replay The Spire","Shop Mod","Spicy Shops","StSLib","Stuff the Spire"],"gold_per_floor":[118,393,411,428,445,476,476,501,571,598,616,633,651,11,11,109,109,122,134,104,118,128,156,170,170,193,193,32,45,45,77,77,180,180,190,190,245,245,155,184,184,199,281,281,298,298,316,328,328,328,328,328,20,53,53],"floor_reached":56,"language":"ENG","playtime":3580,"items_purged":["Regret"],"score":1441,"play_id":"5a83c351-34b9-4472-bb03-486d694ef4b4","local_time":"20210121224645","is_ascension_mode":true,"campfire_choices":[{"data":"Armaments","floor":7.0,"key":"SMITH"},{"floor":15,"key":"REST"},{"data":"conspire:Banana","floor":25,"key":"SMITH"},{"data":"Berserk","floor":27,"key":"SMITH"},{"data":"Body Slam","floor":30,"key":"SMITH"},{"data":"Bash","floor":32,"key":"SMITH"},{"floor":41,"key":"RECALL"},{"data":"infinitespire:UltimateForm","floor":44,"key":"SMITH"},{"data":"Feel No Pain","floor":46,"key":"SMITH"},{"data":"StuffTheSpire:Resist","floor":49,"key":"SMITH"},{"data":"Battle Trance","floor":52,"key":"SMITH"}],"circlet_count":0,"master_deck":["Defend_R","Defend_R","Defend_R+1","Defend_R","Bash+1","Headbutt","Battle Trance+1","Armaments+1","Body Slam+1","StuffTheSpire:Slingshot","Blood for Blood","Feed","True Grit","Burning Pact","Iron Wave","conspire:Banana+1","StuffTheSpire:Resist+1","StuffTheSpire:Incineration","StuffTheSpire:Incineration","Shrug It Off","Berserk+1","Doubt","Rage+1","StuffTheSpire:Incineration","Feel No Pain+1","Fire Breathing+1","StuffTheSpire:Incineration","Ghostly Armor","Immolate","Flex+1","Berserk","Exhume","StuffTheSpire:Resist+1","Rage+1","infinitespire:UltimateForm+1","infinitespire:Collect","Armaments+1","Feed","StuffTheSpire:Incineration+1","StuffTheSpire:Incineration+1","Whirlwind","Evolve"],"relics":["Burning Blood","Self Forming Clay","infinitespire:Beetle Shell","Red Skull","MealTicket","OrangePellets","Kintsugi","Eternal Feather","Omamori","hubris:MysteriousPyramids","hubris:ScarierMask","Incense Burner","StuffTheSpire:SapphireSignet","Question Card","Gremlin Horn","hubris:ChampionShield","Replay:Bottled Flurry"],"acts_visited":["Exordium","TheCity","TheBeyond","TheEnding"],"potions_floor_usage":[10,12,13,31,33,40,40,55,55],"damage_taken":[{"damage":0.0,"enemies":"Small Slimes","floor":1.0,"turns":3.0},{"damage":3.0,"enemies":"Cultist","floor":3.0,"turns":3.0},{"damage":10.0,"enemies":"2 Louse","floor":4.0,"turns":3.0},{"damage":13.0,"enemies":"Looter","floor":5.0,"turns":3.0},{"damage":37.0,"enemies":"Gremlin Nob","floor":6.0,"turns":5.0},{"damage":24.0,"enemies":"3 Sentries","floor":8.0,"turns":9.0},{"damage":12,"enemies":"Gremlin Nob","floor":10,"turns":2},{"damage":16,"enemies":"Red Slaver","floor":11,"turns":3},{"damage":1,"enemies":"Gremlin Gang","floor":12,"turns":4},{"damage":2,"enemies":"Exordium Wildlife","floor":13,"turns":3},{"damage":25,"enemies":"Hexaghost","floor":16,"turns":15},{"damage":29,"enemies":"2 Thieves","floor":18,"turns":5},{"damage":13,"enemies":"Shell Parasite","floor":19,"turns":6},{"damage":20,"enemies":"Snake Plant","floor":21,"turns":5},{"damage":15,"enemies":"Cultist and Chosen","floor":22,"turns":9},{"damage":0,"enemies":"conspire:Head Lice","floor":23,"turns":10},{"damage":29,"enemies":"Snecko","floor":24,"turns":9},{"damage":11,"enemies":"3 Cultists","floor":29,"turns":5},{"damage":9,"enemies":"Gremlin Leader","floor":31,"turns":7},{"damage":34,"enemies":"Collector","floor":33,"turns":12},{"damage":20,"enemies":"3 Darklings","floor":35,"turns":6},{"damage":21,"enemies":"2 Orb Walkers","floor":37,"turns":5},{"damage":57,"enemies":"Reptomancer","floor":40,"turns":10},{"damage":3,"enemies":"3 Shapes","floor":42,"turns":5},{"damage":6,"enemies":"Sphere and 2 Shapes","floor":45,"turns":2},{"damage":3,"enemies":"Jaw Worm Horde","floor":47,"turns":3},{"damage":70,"enemies":"Maw","floor":48,"turns":13},{"damage":19,"enemies":"Time Eater","floor":50,"turns":19},{"damage":6,"enemies":"Shield and Spear","floor":54,"turns":6},{"damage":32,"enemies":"The Heart","floor":55,"turns":13}],"seed_played":"-4852248916990704915","potions_obtained":[{"floor":3.0,"key":"Reflective Coating"},{"floor":6.0,"key":"DistilledChaos"},{"floor":8.0,"key":"Death Potion"},{"floor":12,"key":"Block Potion"},{"floor":16,"key":"Dexterity Potion"},{"floor":20,"key":"conspire:TimeTravelPotion"},{"floor":23,"key":"PowerPotion"},{"floor":31,"key":"Swift Potion"},{"floor":33,"key":"Ancient Potion"},{"floor":40,"key":"SkillPotion"},{"floor":48,"key":"Strength Potion"}],"is_trial":false,"path_per_floor":["M","?","M","M","M","E","R","E","T","E","M","M","M","$","R","B",null,"M","M","?","M","M","E","M","R","T","R","$","M","R","E","R","B",null,"M","?","?","AVR","?","E","R","M","T","R","M","R","M","M","R","B",null,"R","$","E","B",null],"character_chosen":"IRONCLAD","items_purchased":["MealTicket","conspire:Banana","OrangePellets","StuffTheSpire:Resist","StuffTheSpire:Incineration","Shrug It Off","Immolate","hubris:ChampionShield","Whirlwind","Replay:Bottled Flurry"],"campfire_rested":1,"item_purchase_floors":[14,14,14,14,14,14,28,53,53,53],"current_hp_per_floor":[88,88,88,84,77,46,46,28,28,22,12,21,25,25,52,34,93,71,65,65,52,48,55,36,51,51,66,81,81,99,101,116,90,118,106,106,93,93,93,85,106,111,111,128,130,130,132,72,96,87,140,140,140,144,122],"gold":53,"neow_bonus":"TEN_PERCENT_HP_BONUS","is_daily":false,"chose_seed":false,"campfire_upgraded":9,"win_rate":0.0,"timestamp":1611236805,"path_taken":["M","?","M","M","?","E","R","E","T","E","M","M","M","$","R","BOSS","M","M","?","?","M","E","M","R","T","R","$","M","R","E","R","BOSS","M","?","?","AVR","?","E","R","M","T","R","M","R","?","?","R","BOSS","R","$","E","BOSS"],"items_purchased_type":["Relic","Card","Relic","Card","Card","Card","Card","Relic","Card","Relic"],"build_version":"2020-12-22","purchased_purges":1,"victory":true,"max_hp_per_floor":[88,88,88,88,88,88,88,88,88,88,88,92,92,92,92,93,93,94,95,95,96,101,102,106,106,106,106,106,111,111,116,116,118,118,120,120,122,122,122,126,126,128,128,128,130,130,132,136,136,140,140,140,140,144,146],"relic_stats":{"OrangePellets":[35],"Gremlin Horn":[2,2],"counters":[30,203],"Self Forming Clay":[228],"MealTicket":15,"Eternal Feather":125,"Question Card":8,"obtain_stats":[{"Gremlin Horn":43,"Self Forming Clay":6,"Eternal Feather":23,"infinitespire:Beetle Shell":8,"Omamori":26,"Incense Burner":37,"hubris:MysteriousPyramids":31,"Question Card":40,"Burning Blood":0,"StuffTheSpire:SapphireSignet":38,"OrangePellets":14,"hubris:ScarierMask":34,"MealTicket":14,"Replay:Bottled Flurry":53,"Kintsugi":17,"hubris:ChampionShield":53,"Red Skull":10},{"Gremlin Horn":24,"Self Forming Clay":5,"Eternal Feather":16,"infinitespire:Beetle Shell":6,"Omamori":17,"Incense Burner":22,"hubris:MysteriousPyramids":19,"Question Card":23,"Burning Blood":0,"StuffTheSpire:SapphireSignet":22,"OrangePellets":10,"hubris:ScarierMask":20,"MealTicket":10,"Replay:Bottled Flurry":28,"Kintsugi":11,"hubris:ChampionShield":28,"Red Skull":7},{"Gremlin Horn":147,"Self Forming Clay":17,"Eternal Feather":88,"infinitespire:Beetle Shell":26,"Omamori":97,"Incense Burner":132,"hubris:MysteriousPyramids":109,"Question Card":142,"Burning Blood":0,"StuffTheSpire:SapphireSignet":132,"OrangePellets":38,"hubris:ScarierMask":121,"MealTicket":38,"Replay:Bottled Flurry":184,"Kintsugi":53,"hubris:ChampionShield":184,"Red Skull":28}],"Burning Blood":168},"card_choices":[{"not_picked":["Flex","StuffTheSpire:Slingshot"],"picked":"Headbutt","floor":1.0},{"not_picked":["Pummel","Body Slam"],"picked":"Battle Trance","floor":3.0},{"not_picked":["Bludgeon","conspire:ExplosiveBarrier"],"picked":"Armaments","floor":4.0},{"not_picked":["Anger","True Grit"],"picked":"Body Slam","floor":5.0},{"not_picked":["Defy Death","ReplayTheSpireMod:Strike From Hell"],"picked":"StuffTheSpire:Slingshot","floor":6.0},{"not_picked":["Clothesline","Rampage"],"picked":"Blood for Blood","floor":8.0},{"not_picked":["ReplayTheSpireMod:Muscle Training","Uppercut"],"picked":"Feed","floor":10},{"not_picked":["Pommel Strike","Anger"],"picked":"True Grit","floor":11},{"not_picked":["True Grit","Havoc"],"picked":"Burning Pact","floor":12},{"not_picked":["Run Through","Anger"],"picked":"Iron Wave","floor":13},{"not_picked":["Bludgeon","Limit Break"],"picked":"Berserk","floor":16},{"not_picked":["Searing Blow+1","Clash"],"picked":"Rage+1","floor":18},{"not_picked":["Armaments","Replay:Undeath\u0027s Touch+1"],"picked":"StuffTheSpire:Incineration","floor":19},{"not_picked":["Iron Wave","Body Slam+1"],"picked":"Feel No Pain","floor":21},{"not_picked":["Sever Soul","Clash+1"],"picked":"Fire Breathing+1","floor":22},{"not_picked":["Warcry+1","StuffTheSpire:Slingshot+1"],"picked":"StuffTheSpire:Incineration","floor":23},{"not_picked":["ReplayTheSpireMod:Strike From Hell","Clash+1"],"picked":"Ghostly Armor","floor":24},{"not_picked":["Cleave+1","Armaments"],"picked":"Flex+1","floor":29},{"not_picked":["Clothesline+1","Anger"],"picked":"Berserk","floor":31},{"not_picked":["Offering","Berserk"],"picked":"Exhume","floor":33},{"not_picked":["Rupture","Pommel Strike+1"],"picked":"StuffTheSpire:Resist+1","floor":35},{"not_picked":["Twin Strike+1","StuffTheSpire:Incineration+1"],"picked":"Rage+1","floor":37},{"not_picked":["Rampage","Anger","Sentinel"],"picked":"SKIP","floor":40},{"not_picked":["Entrench","StuffTheSpire:Slingshot+1","Intimidate+1"],"picked":"Armaments+1","floor":42},{"not_picked":["Battle Trance+1","Sentinel","Perfected Strike"],"picked":"Feed","floor":45},{"not_picked":["Massacre+1","Flame Barrier+1","Anger"],"picked":"StuffTheSpire:Incineration+1","floor":47},{"not_picked":["Run Through","Havoc+1","Sentinel+1"],"picked":"StuffTheSpire:Incineration+1","floor":48},{"not_picked":["Run Through","hubris:ReadiedAction","Replay:Undeath\u0027s Touch+1"],"picked":"Evolve","floor":54}],"player_experience":1812080,"relics_obtained":[{"floor":6.0,"key":"Self Forming Clay"},{"floor":8.0,"key":"infinitespire:Beetle Shell"},{"floor":10,"key":"Red Skull"},{"floor":23,"key":"Eternal Feather"},{"floor":26,"key":"Omamori"},{"floor":31,"key":"hubris:MysteriousPyramids"},{"floor":37,"key":"Incense Burner"},{"floor":40,"key":"Question Card"},{"floor":43,"key":"Gremlin Horn"}],"event_choices":[{"damage_healed":0.0,"max_hp_gain":0.0,"max_hp_loss":0.0,"gold_gain":275.0,"event_name":"Golden Shrine","player_choice":"Desecrate","floor":2.0,"gold_loss":0.0,"damage_taken":0.0,"cards_obtained":["Regret"]},{"damage_healed":0,"gold_gain":0,"player_choice":"Bought 2 Potions","damage_taken":0,"max_hp_gain":0,"max_hp_loss":0,"event_name":"The Woman in Blue","floor":20,"gold_loss":0},{"damage_healed":0,"gold_gain":0,"player_choice":"Leave","damage_taken":0,"max_hp_gain":0,"max_hp_loss":0,"event_name":"conspire:Investor","floor":36,"gold_loss":0},{"damage_healed":0,"gold_gain":0,"player_choice":"Fight","damage_taken":0,"max_hp_gain":0,"max_hp_loss":0,"event_name":"Mysterious Sphere","floor":37,"gold_loss":0},{"cards_removed":["hubris:Envy"],"damage_healed":0,"gold_gain":0,"player_choice":"Upgrade and Remove","damage_taken":0,"max_hp_gain":0,"max_hp_loss":0,"event_name":"Designer","floor":39,"gold_loss":90,"cards_upgraded":["Defend_R"]}],"is_beta":false,"boss_relics":[{"not_picked":["Replay:Wanted Poster","hubris:BlackHole"],"picked":"Kintsugi"},{"not_picked":["ChewingGum","Tiny House"],"picked":"hubris:ScarierMask"}],"items_purged_floors":[14],"is_endless":false,"potions_floor_spawned":[3,6,8,12,16,23,24,31,33,35,40,48,54],"ascension_level":1}}