{"host":"rwzz6mk6bpmb57ql","time":1611194217,"event":{"mods":["AchievementEnabler","BaseMod","Better Third Choice","BetterRewards","Colored Map","Highlight Path","Hubris","Infinite Spire","Minty Spire (QoL Compilation)","Replay The Spire","StSLib","Wandering Minibosses"],"gold_per_floor":[5616,5616,5633,5643,5012,5042,5042,5075,5075,5106,5106,5106,5106,5125,5125,5202,5202,5221,5234,4318,3796,3813,3813,3813,3813,3837,3837,3853,3881,3898,3914,3914,3992,3992,4265,4552,4270,4559,4559,4870,4870,5199,5199,5557,5944,6343,6343,6786,6786,6786,6786,6786,5800,6205,6215],"floor_reached":56,"language":"ENG","playtime":3813,"items_purged":["Defend_G","Defend_G","Strike_G","Defend_G"],"score":2156,"play_id":"10236533-ca23-4b8b-b63d-99491b984d50","local_time":"20210120195657","is_ascension_mode":true,"campfire_choices":[{"floor":7,"key":"RECALL"},{"data":"Night Terror","floor":11,"key":"SMITH"},{"data":"Concentrate","floor":13,"key":"SMITH"},{"data":"Burst","floor":15,"key":"SMITH"},{"data":"Metamorphosis","floor":23,"key":"SMITH"},{"floor":27,"key":"REST"},{"data":"Calculated Gamble","floor":32,"key":"SMITH"},{"data":"infinitespire:Menacing","floor":41,"key":"SMITH"},{"data":"hubris:InfiniteBlow","floor":47,"key":"SMITH"},{"data":"infinitespire:FutureSight","floor":49,"key":"SMITH"},{"data":"hubris:InfiniteBlow+1","floor":52,"key":"SMITH"}],"circlet_count":0,"master_deck":["AscendersBane","Strike_G+1","Survivor","Neutralize","Underhanded Strike","Crippling Poison+1","Concentrate+1","Well Laid Plans+1","Night Terror+1","Burst+1","Flying Knee+1","Slice","Dramatic Entrance","Metamorphosis+1","infinitespire:FutureSight+1","Calculated Gamble+1","Replay:Bag of Tricks","Envenom","infinitespire:Menacing+1","Prepared","hubris:InfiniteBlow+2","Slice","hubris:EnhanceAbility"],"relics":["Ring of the Snake","Quantum Egg","HandDrill","Bag of Preparation","Lizard Tail","Replay:Mystery Machine","Replay:Drink Me","wanderingMiniBosses:CarrionFlame","Sundial","Whetstone","Guide Book","Ancient Tea Set","Strawberry","hubris:SphereOfDissonance","SlaversCollar","infinitespire:EvilPickle","Toy Ornithopter","ReplayTheSpireMod:ShopPack","Meat on the Bone","Replay:Ringing Soul","Lantern","hubris:TinFlute","hubris:BundleOfHerbs","TwistedFunnel","Replay:Bandana"],"acts_visited":["Exordium","TheCity","TheBeyond","TheEnding"],"potions_floor_usage":[6,16,18,29,33,50,50,54,54],"damage_taken":[{"damage":0,"enemies":"Small Slimes","floor":1,"turns":3},{"damage":0,"enemies":"2 Louse","floor":3,"turns":2},{"damage":0,"enemies":"Jaw Worm","floor":4,"turns":4},{"damage":56,"enemies":"Gremlin Nob","floor":6,"turns":6},{"damage":48,"enemies":"3 Sentries","floor":8,"turns":11},{"damage":31,"enemies":"Gremlin Nob","floor":10,"turns":4},{"damage":10,"enemies":"Exordium Thugs","floor":14,"turns":4},{"damage":14,"enemies":"Slime Boss","floor":16,"turns":7},{"damage":3,"enemies":"Chosen","floor":18,"turns":4},{"damage":10,"enemies":"Shell Parasite","floor":19,"turns":5},{"damage":16,"enemies":"Centurion and Healer","floor":22,"turns":2},{"damage":0,"enemies":"3 Cultists","floor":28,"turns":2},{"damage":53,"enemies":"Nightmare","floor":29,"turns":6},{"damage":0,"enemies":"Snake Plant","floor":30,"turns":2},{"damage":0,"enemies":"Chosen and Byrds","floor":31,"turns":1},{"damage":59,"enemies":"Pondfish","floor":33,"turns":5},{"damage":0,"enemies":"Orb Walker","floor":35,"turns":2},{"damage":30,"enemies":"3 Shapes","floor":36,"turns":3},{"damage":35,"enemies":"Spire Growth","floor":38,"turns":3},{"damage":15,"enemies":"3 Darklings","floor":40,"turns":2},{"damage":0,"enemies":"Jaw Worm Horde","floor":42,"turns":2},{"damage":49,"enemies":"4 Shapes","floor":44,"turns":5},{"damage":0,"enemies":"Nightmare","floor":45,"turns":1},{"damage":0,"enemies":"3 Darklings","floor":46,"turns":3},{"damage":0,"enemies":"Giant Head","floor":48,"turns":4},{"damage":99,"enemies":"Replay:Hell Engine","floor":50,"turns":6},{"damage":0,"enemies":"Shield and Spear","floor":54,"turns":3},{"damage":270,"enemies":"The Heart","floor":55,"turns":10}],"seed_played":"7226729119337032446","potions_obtained":[{"floor":4,"key":"LiquidMemories"},{"floor":10,"key":"Swift Potion"},{"floor":14,"key":"Languid Potion"},{"floor":16,"key":"SneckoOil"},{"floor":18,"key":"Energy Potion"},{"floor":19,"key":"AttackPotion"},{"floor":31,"key":"Venom Potion"},{"floor":35,"key":"PowerPotion"},{"floor":42,"key":"Adrenaline Potion"}],"is_trial":false,"path_per_floor":["M","?","M","M","$","E","R","E","T","E","R","?","R","M","R_BF","B",null,"M","M","$","?","M","R","?","AVR","T","R","M","NM","M","M","R","B",null,"M","M","$","M","AVR","M","R","M","T","M","NM","M","R","E","R","B",null,"R","$","E","B",null],"character_chosen":"THE_SILENT","items_purchased":["Concentrate","Well Laid Plans","Quantum Egg","HandDrill","Sundial","Whetstone","Guide Book","Dramatic Entrance","Metamorphosis","Toy Ornithopter","hubris:TinFlute","hubris:BundleOfHerbs","TwistedFunnel","hubris:EnhanceAbility","Swift Potion","Fire Potion"],"campfire_rested":1,"item_purchase_floors":[5,5,5,5,20,20,20,20,20,37,53,53,53,53,53,53],"current_hp_per_floor":[133,133,133,133,133,77,77,29,29,98,98,98,98,88,88,74,97,94,84,84,84,68,68,47,47,54,89,89,36,36,36,36,58,102,102,72,72,37,37,117,117,117,117,68,71,71,71,71,71,82,111,111,114,123,56],"gold":6215,"neow_bonus":"REMOVE_CARD","is_daily":false,"chose_seed":false,"campfire_upgraded":9,"win_rate":0.0,"timestamp":1611194217,"path_taken":["M","?","M","M","$","E","R","E","T","E","R","?","R","M","R_BF","BOSS","M","M","$","?","M","R","?","AVR","T","R","?","NM","M","M","R","BOSS","M","M","$","M","AVR","M","R","M","T","M","NM","M","R","E","R","BOSS","R","$","E","BOSS"],"items_purchased_type":["Card","Card","Relic","Relic","Relic","Relic","Relic","Card","Card","Relic","Relic","Relic","Relic","Card","Potion","Potion"],"build_version":"2020-12-22","purchased_purges":4,"victory":true,"max_hp_per_floor":[140,140,140,140,140,140,140,140,140,140,140,140,140,140,140,140,105,105,105,105,105,105,105,110,110,117,117,117,117,117,117,117,117,117,117,117,117,117,117,117,117,117,117,117,120,120,120,120,120,120,120,120,123,123,123],"card_choices":[{"not_picked":["Sneak Up","Outmaneuver"],"picked":"Underhanded Strike","floor":1},{"not_picked":["hubris:Sniper","Dagger Throw","Atom Bomb"],"picked":"SKIP","floor":3},{"not_picked":["hubris:Counter","Quick Slash"],"picked":"Crippling Poison","floor":4},{"not_picked":["PiercingWail","Dodge and Roll"],"picked":"Night Terror","floor":6},{"not_picked":["Sucker Punch","Quick Slash"],"picked":"Burst","floor":8},{"not_picked":["Underhanded Strike","hubris:Counter"],"picked":"Flying Knee","floor":10},{"not_picked":["Quick Slash","Underhanded Strike","ReplayTheSpireMod:Exploit Weakness"],"picked":"SKIP","floor":14},{"not_picked":["Flying Knee","Replay:Poison Smokescreen","Dodge and Roll"],"picked":"SKIP","floor":18},{"not_picked":["Footwork","Hidden Blade"],"picked":"Slice","floor":19},{"not_picked":["ReplayTheSpireMod:Echoes of Time","infinitespire:DeathsTouch"],"picked":"infinitespire:FutureSight","floor":21},{"not_picked":["Concentrate","Sucker Punch","Dodge and Roll"],"picked":"SKIP","floor":22},{"not_picked":["Dodge and Roll","Flying Knee","Underhanded Strike"],"picked":"SKIP","floor":28},{"not_picked":["Dodge and Roll","Flying Knee","Underhanded Strike"],"picked":"SKIP","floor":28},{"not_picked":["Replay:Poison Smokescreen","Sneak Up","Fluid Movement"],"picked":"SKIP","floor":29},{"not_picked":["Poisoned Stab","All Out Attack"],"picked":"Calculated Gamble","floor":30},{"not_picked":["Doppelganger","Backflip","hubris:SlightOfHand"],"picked":"SKIP","floor":31},{"not_picked":["Tools of the Trade","Doppelganger"],"picked":"Replay:Bag of Tricks","floor":33},{"not_picked":["Dodge and Roll","ReplayTheSpireMod:Scrap Shanks+1","Acrobatics"],"picked":"SKIP","floor":35},{"not_picked":["Accuracy","Blur","Dagger Spray"],"picked":"SKIP","floor":36},{"not_picked":["Predator","Quick Slash"],"picked":"Envenom","floor":38},{"not_picked":["ReplayTheSpireMod:Tripwire","hubris:Counter+1","Blade Dance"],"picked":"SKIP","floor":40},{"not_picked":["Fluid Movement","Dodge and Roll","PiercingWail"],"picked":"SKIP","floor":42},{"not_picked":["Tools of the Trade","hubris:Sniper"],"picked":"Prepared","floor":44},{"not_picked":["infinitespire:Starlight","infinitespire:NeuralNetwork"],"picked":"hubris:InfiniteBlow","floor":45},{"not_picked":["Expertise","Riddle With Holes"],"picked":"Slice","floor":45},{"not_picked":["Hidden Blade","Acrobatics","Noxious Fumes"],"picked":"SKIP","floor":46},{"not_picked":["Storm of Steel","Dagger Throw","Dagger Spray"],"picked":"SKIP","floor":48},{"not_picked":["All Out Attack+1","Underhanded Strike+1","Quick Slash"],"picked":"SKIP","floor":54}],"player_experience":166326,"relics_obtained":[{"floor":6,"key":"Bag of Preparation"},{"floor":8,"key":"Lizard Tail"},{"floor":10,"key":"Replay:Mystery Machine"},{"floor":18,"key":"wanderingMiniBosses:CarrionFlame"},{"floor":26,"key":"Strawberry"},{"floor":29,"key":"hubris:SphereOfDissonance"},{"floor":43,"key":"Meat on the Bone"},{"floor":45,"key":"Replay:Ringing Soul"},{"floor":48,"key":"Lantern"},{"floor":54,"key":"Replay:Bandana"}],"event_choices":[{"damage_healed":0,"gold_gain":0,"player_choice":"Shed Blood","damage_taken":26,"max_hp_gain":5,"max_hp_loss":0,"event_name":"Forgotten Altar","floor":24,"gold_loss":0}],"is_beta":false,"boss_relics":[{"not_picked":["hubris:Backtick","Busted Crown"],"picked":"Replay:Drink Me"},{"not_picked":["Abe\u0027s Treasure","Philosopher\u0027s Stone"],"picked":"SlaversCollar"}],"items_purged_floors":[5,20,25,37],"is_endless":false,"potions_floor_spawned":[4,10,14,16,18,19,28,31,35,42,44,45],"ascension_level":13}}