{"host":"j4g6ia6asvpyu2b0","time":1611251645,"event":{"mods":["BaseMod","Colored Map","Minty Spire (QoL Compilation)","Permanent Neow","Quick Restart","Relic Stats","StSLib","Unceasing Turn Reminder"],"gold_per_floor":[119,138,88,98,115,115,148,148,148,148,182,357,57,76,76,152,152,166,183,183,202,23,23,23,23],"floor_reached":24,"language":"ENG","playtime":413,"items_purged":["Doubt","Shame"],"score":435,"play_id":"57ae5c2e-572c-419b-9297-b45ee14ae4d7","local_time":"20210121105405","is_ascension_mode":true,"campfire_choices":[{"data":"Brutality","floor":6,"key":"SMITH"},{"data":"Bash","floor":8,"key":"SMITH"},{"floor":15,"key":"REST"},{"data":"Limit Break","floor":23,"key":"SMITH"}],"circlet_count":0,"master_deck":["AscendersBane","Strike_R","Strike_R","Strike_R","Strike_R","Defend_R","Defend_R","Defend_R","Defend_R","Bash+1","Carnage","Headbutt","Brutality+1","Rupture","True Grit","Feel No Pain+1","Disarm","Evolve+1","Limit Break+1","Havoc","Clothesline","Feel No Pain+1","Spot Weakness"],"relics":["Cursed Key","Frozen Egg 2","Mercury Hourglass","Ornamental Fan","Pen Nib","Brimstone","Coffee Dripper"],"acts_visited":["Exordium","TheCity"],"potions_floor_usage":[11,14,18,24,24,24,24],"damage_taken":[{"damage":2.0,"enemies":"2 Louse","floor":1.0,"turns":3.0},{"damage":12.0,"enemies":"Small Slimes","floor":2.0,"turns":3.0},{"damage":2,"enemies":"Jaw Worm","floor":4,"turns":3},{"damage":1,"enemies":"2 Fungi Beasts","floor":5,"turns":2},{"damage":18,"enemies":"Gremlin Nob","floor":7,"turns":3},{"damage":19,"enemies":"Lagavulin","floor":11,"turns":4},{"damage":0,"enemies":"3 Louse","floor":14,"turns":1},{"damage":4,"enemies":"Slime Boss","floor":16,"turns":5},{"damage":24,"enemies":"3 Byrds","floor":18,"turns":4},{"damage":10,"enemies":"Shell Parasite","floor":19,"turns":3},{"damage":19,"enemies":"Snake Plant","floor":21,"turns":2},{"damage":13,"enemies":"Slavers","floor":24,"turns":1}],"seed_played":"4418508342047343777","potions_obtained":[{"floor":5,"key":"Dexterity Potion"},{"floor":7,"key":"Strength Potion"},{"floor":11,"key":"Explosive Potion"},{"floor":14,"key":"DistilledChaos"},{"floor":18,"key":"EntropicBrew"}],"is_trial":false,"path_per_floor":["M","M","?","M","M","R","E","R","T","?","E","?","$","M","R","B",null,"M","M","?","M","$","R","E"],"character_chosen":"IRONCLAD","items_purchased":["Brimstone","Disarm","Spot Weakness"],"campfire_rested":1,"item_purchase_floors":[13,13,22],"current_hp_per_floor":[66,54,54,52,51,51,33,33,33,21,2,2,2,2,24,20,61,37,27,27,8,8,8,0,0],"gold":23,"neow_bonus":"BOSS_RELIC","is_daily":false,"chose_seed":false,"campfire_upgraded":3,"win_rate":0.0,"timestamp":1611251645,"path_taken":["M","M","?","M","M","R","E","R","T","?","E","?","$","M","R","BOSS","M","M","?","M","$","R","E"],"items_purchased_type":["Relic","Card","Card"],"build_version":"2020-12-22","purchased_purges":2,"victory":false,"max_hp_per_floor":[75,75,75,75,75,75,75,75,75,75,75,75,75,75,75,75,75,75,75,75,75,75,75,75,75],"relic_stats":{"counters":[12,34],"Ornamental Fan":[28],"Pen Nib":[3],"Cursed Key":1,"obtain_stats":[{"Ornamental Fan":10,"Brimstone":13,"Pen Nib":11,"Coffee Dripper":17,"Frozen Egg 2":7,"Cursed Key":0,"Burning Blood":0,"Mercury Hourglass":9},{"Ornamental Fan":5,"Brimstone":6,"Pen Nib":6,"Coffee Dripper":8,"Frozen Egg 2":5,"Cursed Key":0,"Burning Blood":0,"Mercury Hourglass":5},{"Ornamental Fan":14,"Brimstone":18,"Pen Nib":18,"Coffee Dripper":24,"Frozen Egg 2":14,"Cursed Key":0,"Burning Blood":0,"Mercury Hourglass":14}],"Mercury Hourglass":[82]},"card_choices":[{"not_picked":["Body Slam","Clash"],"picked":"Carnage","floor":1.0},{"not_picked":["Flex","Warcry"],"picked":"Headbutt","floor":2.0},{"not_picked":["Perfected Strike","Clash"],"picked":"Brutality","floor":4},{"not_picked":["Sentinel","Pummel"],"picked":"Rupture","floor":5},{"not_picked":["Hemokinesis","Perfected Strike"],"picked":"True Grit","floor":7},{"not_picked":["Rampage","Entrench"],"picked":"Feel No Pain+1","floor":11},{"not_picked":["Twin Strike","Ghostly Armor"],"picked":"Evolve+1","floor":14},{"not_picked":["Reaper","Bludgeon"],"picked":"Limit Break","floor":16},{"not_picked":["Clash","Flex"],"picked":"Havoc","floor":18},{"not_picked":["Bloodletting","Anger"],"picked":"Clothesline","floor":19},{"not_picked":["Whirlwind","Battle Trance"],"picked":"Feel No Pain+1","floor":21}],"player_experience":908175,"relics_obtained":[{"floor":7,"key":"Frozen Egg 2"},{"floor":9,"key":"Mercury Hourglass"},{"floor":11,"key":"Pen Nib"}],"event_choices":[{"cards_removed":["Strike_R"],"damage_healed":0.0,"max_hp_gain":0.0,"max_hp_loss":0.0,"gold_gain":0.0,"event_name":"The Cleric","player_choice":"Card Removal","floor":3.0,"gold_loss":50.0,"damage_taken":0.0},{"damage_healed":0,"gold_gain":0,"player_choice":"Success","damage_taken":12,"relics_obtained":["Ornamental Fan"],"max_hp_gain":0,"max_hp_loss":0,"event_name":"Scrap Ooze","floor":10,"gold_loss":0},{"damage_healed":0,"gold_gain":175,"player_choice":"AGREE","damage_taken":0,"max_hp_gain":0,"max_hp_loss":0,"event_name":"Liars Game","floor":12,"gold_loss":0,"cards_obtained":["Doubt"]},{"damage_healed":0,"gold_gain":0,"player_choice":"Ignored","damage_taken":0,"max_hp_gain":0,"max_hp_loss":0,"event_name":"Ghosts","floor":20,"gold_loss":0}],"is_beta":false,"boss_relics":[{"not_picked":["Tiny House","Fusion Hammer"],"picked":"Coffee Dripper"}],"items_purged_floors":[13,22],"is_endless":false,"potions_floor_spawned":[5,7,11,14,18],"killed_by":"Slavers","ascension_level":14}}