{"host":"ifd7sfhtlbe34qll","time":1611199217,"event":{"mods":["2.2 Compatiblity","BaseMod","Block Reminder","Colored Map","Curses Come First","Highlight Path","Minty Spire (QoL Compilation)","Potion Indicator Mod","Quick Restart","Relic Stats","StSLib"],"gold_per_floor":[116,86,103,122,140,140,172,195,207,238,269,281,305,352,364,455,467,492,419,448,470,482,494,531,543,609,654,666,703,715,248,248,327,327,339,350,366,366,22,22,39,39,39],"floor_reached":42,"language":"ENG","playtime":1511,"items_purged":["Writhe","Backstab"],"score":940,"play_id":"9e746bc7-3f4c-40af-a178-2082247e3b8e","local_time":"20210120212017","is_ascension_mode":true,"campfire_choices":[{"data":"Leg Sweep","floor":6.0,"key":"SMITH"},{"data":"Crippling Poison","floor":12.0,"key":"SMITH"},{"data":"Corpse Explosion","floor":15.0,"key":"SMITH"},{"data":"Venomology","floor":23.0,"key":"SMITH"},{"floor":25.0,"key":"REST"},{"data":"Choke","floor":30.0,"key":"SMITH"},{"data":"Burst","floor":32.0,"key":"SMITH"},{"floor":40,"key":"REST"}],"circlet_count":0,"master_deck":["AscendersBane","Strike_G","Strike_G","Defend_G","Defend_G","Defend_G","Defend_G","Defend_G","Survivor","Neutralize","Dagger Spray","Infinite Blades","Leg Sweep+1","Flying Knee","Crippling Poison+1","Poisoned Stab","Venomology+1","Choke+1","Corpse Explosion+1","Adrenaline","Blade Dance","Burst+1","Terror","Infinite Blades","Dash+1","Leg Sweep+1","Flechettes+1","Bouncing Flask+1","Well Laid Plans","Noxious Fumes"],"relics":["Cursed Key","MawBank","Pantograph","SacredBark","Anchor","Toy Ornithopter","Oddly Smooth Stone","Nunchaku","Torii","Mummified Hand","Astrolabe","CeramicFish","Snake Skull"],"acts_visited":["Exordium","TheCity","TheBeyond"],"potions_floor_usage":[41,42],"damage_taken":[{"damage":7.0,"enemies":"Small Slimes","floor":1.0,"turns":5.0},{"damage":0.0,"enemies":"Cultist","floor":3.0,"turns":4.0},{"damage":0.0,"enemies":"2 Louse","floor":4.0,"turns":3.0},{"damage":8.0,"enemies":"Exordium Thugs","floor":5.0,"turns":4.0},{"damage":10.0,"enemies":"3 Sentries","floor":7.0,"turns":8.0},{"damage":11.0,"enemies":"Red Slaver","floor":8.0,"turns":6.0},{"damage":7.0,"enemies":"2 Fungi Beasts","floor":10.0,"turns":4.0},{"damage":5.0,"enemies":"Large Slime","floor":11.0,"turns":6.0},{"damage":3.0,"enemies":"3 Louse","floor":13.0,"turns":4.0},{"damage":15.0,"enemies":"Lagavulin","floor":14.0,"turns":4.0},{"damage":25.0,"enemies":"Slime Boss","floor":16.0,"turns":5.0},{"damage":0.0,"enemies":"Spheric Guardian","floor":18.0,"turns":3.0},{"damage":9.0,"enemies":"2 Thieves","floor":20.0,"turns":3.0},{"damage":15.0,"enemies":"Snake Plant","floor":21.0,"turns":4.0},{"damage":19.0,"enemies":"Gremlin Leader","floor":24.0,"turns":5.0},{"damage":6.0,"enemies":"Book of Stabbing","floor":27.0,"turns":4.0},{"damage":11.0,"enemies":"Slavers","floor":29.0,"turns":3.0},{"damage":46.0,"enemies":"Collector","floor":33.0,"turns":5.0},{"damage":17,"enemies":"3 Darklings","floor":35,"turns":3},{"damage":9,"enemies":"Orb Walker","floor":36,"turns":3},{"damage":8,"enemies":"Spire Growth","floor":37,"turns":5},{"damage":45,"enemies":"Transient","floor":41,"turns":6},{"damage":35,"enemies":"Reptomancer","floor":42,"turns":2}],"seed_played":"651338969990035877","potions_obtained":[{"floor":1.0,"key":"BlessingOfTheForge"},{"floor":2.0,"key":"SkillPotion"},{"floor":5.0,"key":"EntropicBrew"},{"floor":8.0,"key":"CunningPotion"},{"floor":16.0,"key":"Poison Potion"},{"floor":18.0,"key":"DistilledChaos"},{"floor":22.0,"key":"Fruit Juice"},{"floor":22.0,"key":"Poison Potion"},{"floor":29.0,"key":"AttackPotion"}],"is_trial":false,"path_per_floor":["M","?","M","M","M","R","E","M","T","M","M","R","M","E","R","B",null,"M","?","M","M","?","R","E","R","T","E","$","E","R","$","R","B",null,"M","M","M","?","$","R","M","E"],"character_chosen":"THE_SILENT","items_purchased":["Mummified Hand","Infinite Blades","Regen Potion","Snake Skull","Noxious Fumes"],"campfire_rested":2,"item_purchase_floors":[31,31,31,39,39],"current_hp_per_floor":[52,52,52,52,44,44,34,38,38,31,26,26,23,8,8,8,52,52,52,43,28,38,38,19,41,41,45,45,39,39,39,39,51,70,53,44,36,36,36,58,18,0,0],"gold":39,"neow_bonus":"BOSS_RELIC","is_daily":false,"chose_seed":false,"campfire_upgraded":6,"win_rate":0.0,"timestamp":1611199217,"path_taken":["M","?","?","M","M","R","E","M","T","M","M","R","M","E","R","BOSS","M","?","M","M","?","R","E","R","T","E","$","E","R","$","R","BOSS","M","M","M","?","$","R","?","E"],"items_purchased_type":["Relic","Card","Potion","Relic","Card"],"build_version":"2020-12-22","purchased_purges":2,"victory":false,"max_hp_per_floor":[66,66,66,66,66,66,66,66,66,66,66,66,66,66,66,66,66,66,66,66,66,76,76,76,76,76,76,76,76,76,76,76,76,76,76,76,76,76,76,76,76,76,76],"relic_stats":{"Nunchaku":[6],"Torii":9,"counters":[23,99],"Mummified Hand":[6],"Pantograph":50,"Astrolabe":["Dash","Leg Sweep","Flechettes"],"CeramicFish":9,"Snake Skull":[12],"Cursed Key":1,"MawBank":288,"obtain_stats":[{"Torii":29,"SacredBark":17,"Astrolabe":34,"CeramicFish":38,"Oddly Smooth Stone":26,"Snake Skull":39,"Cursed Key":0,"MawBank":7,"Anchor":19,"Nunchaku":27,"Mummified Hand":31,"Pantograph":14,"Toy Ornithopter":24,"Ring of the Snake":0},{"Torii":17,"SacredBark":11,"Astrolabe":18,"CeramicFish":21,"Oddly Smooth Stone":15,"Snake Skull":21,"Cursed Key":0,"MawBank":5,"Anchor":12,"Nunchaku":16,"Mummified Hand":17,"Pantograph":10,"Toy Ornithopter":15,"Ring of the Snake":0},{"Torii":75,"SacredBark":53,"Astrolabe":80,"CeramicFish":91,"Oddly Smooth Stone":68,"Snake Skull":91,"Cursed Key":0,"MawBank":24,"Anchor":56,"Nunchaku":72,"Mummified Hand":75,"Pantograph":48,"Toy Ornithopter":68,"Ring of the Snake":0}],"Toy Ornithopter":37},"card_choices":[{"not_picked":["Noxious Fumes","Flying Knee"],"picked":"Backstab","floor":1.0},{"not_picked":["Bane","Prepared"],"picked":"Dagger Spray","floor":3.0},{"not_picked":["Escape Plan","Accuracy"],"picked":"Infinite Blades","floor":4.0},{"not_picked":["Prepared","Bouncing Flask"],"picked":"Leg Sweep","floor":5.0},{"not_picked":["Deflect","Doppelganger"],"picked":"Flying Knee","floor":7.0},{"not_picked":["Leg Sweep","Caltrops"],"picked":"Crippling Poison","floor":8.0},{"not_picked":["Prepared","Backflip"],"picked":"Poisoned Stab","floor":10.0},{"not_picked":["Dodge and Roll","Expertise"],"picked":"Venomology","floor":11.0},{"not_picked":["Flying Knee","Blade Dance"],"picked":"Choke","floor":13.0},{"not_picked":["Escape Plan","Cloak And Dagger"],"picked":"Corpse Explosion","floor":14.0},{"not_picked":["Unload","Storm of Steel"],"picked":"Adrenaline","floor":16.0},{"not_picked":["Caltrops","Finisher","Flechettes"],"picked":"SKIP","floor":18.0},{"not_picked":["Dagger Throw","Choke","Dodge and Roll"],"picked":"SKIP","floor":20.0},{"not_picked":["Slice+1","Backstab","Flechettes"],"picked":"SKIP","floor":21.0},{"not_picked":["Dodge and Roll","Die Die Die"],"picked":"Blade Dance","floor":24.0},{"not_picked":["Cloak And Dagger","Dagger Spray"],"picked":"Burst","floor":27.0},{"not_picked":["Deadly Poison","Flying Knee+1"],"picked":"Terror","floor":29.0},{"not_picked":["Riddle With Holes","Blade Dance+1","Sucker Punch"],"picked":"SKIP","floor":35},{"not_picked":["Deflect","Skewer"],"picked":"Bouncing Flask+1","floor":36},{"not_picked":["Choke+1","Prepared"],"picked":"Well Laid Plans","floor":37},{"not_picked":["Blade Dance+1","Bane","Outmaneuver"],"picked":"SKIP","floor":41}],"player_experience":1440262,"relics_obtained":[{"floor":7.0,"key":"MawBank"},{"floor":14.0,"key":"Pantograph"},{"floor":24.0,"key":"Toy Ornithopter"},{"floor":26.0,"key":"Oddly Smooth Stone"},{"floor":27.0,"key":"Nunchaku"},{"floor":29.0,"key":"Torii"},{"floor":38,"key":"CeramicFish"}],"event_choices":[{"damage_healed":0.0,"max_hp_gain":0.0,"max_hp_loss":0.0,"gold_gain":0.0,"event_name":"The Woman in Blue","player_choice":"Bought 2 Potions","floor":2.0,"gold_loss":0.0,"damage_taken":0.0},{"damage_healed":0.0,"max_hp_gain":0.0,"max_hp_loss":0.0,"gold_gain":0.0,"event_name":"Addict","player_choice":"Obtained Relic","floor":19.0,"gold_loss":85.0,"damage_taken":0.0,"relics_obtained":["Anchor"]},{"damage_healed":0.0,"max_hp_gain":0.0,"max_hp_loss":0.0,"gold_gain":0.0,"event_name":"Lab","player_choice":"Got Potions","floor":22.0,"gold_loss":0.0,"damage_taken":0.0},{"damage_healed":0,"gold_gain":0,"player_choice":"Relic","damage_taken":0,"max_hp_gain":0,"max_hp_loss":0,"event_name":"Wheel of Change","floor":38,"gold_loss":0}],"is_beta":false,"boss_relics":[{"not_picked":["Velvet Choker","WristBlade"],"picked":"SacredBark"},{"not_picked":["Tiny House","Runic Dome"],"picked":"Astrolabe"}],"items_purged_floors":[31,39],"is_endless":false,"potions_floor_spawned":[1,5,8,10,13,16,18,29],"killed_by":"Reptomancer","ascension_level":20}}