{"host":"cy2xqrw0a4jjdcnp","time":1611240428,"event":{"mods":["AchievementEnabler","BaseMod","Colored Map","Minty Spire (QoL Compilation)","Permanent Neow","Relic Filter"],"gold_per_floor":[17,29,29,29,48,48,64,64,89,167,181,181,197,211,211,309,309,320,320,320,330,330,330,350,350,350,367,367,395,415,425,425,520,520,539,553,321,339,95,120,120,132,132,152,168,182,182,194,194,194,194,194,18,53,53],"floor_reached":56,"language":"ENG","playtime":6104,"items_purged":["Strike_P","Strike_P"],"score":1147,"play_id":"4013f3ea-a5ad-4d6c-9292-35b1546d91f7","local_time":"20210121124708","is_ascension_mode":false,"campfire_choices":[{"data":"CrushJoints","floor":6.0,"key":"SMITH"},{"data":"Meditate","floor":8.0,"key":"SMITH"},{"data":"WheelKick","floor":12.0,"key":"SMITH"},{"data":"Protect","floor":15.0,"key":"SMITH"},{"data":"CutThroughFate","floor":23.0,"key":"SMITH"},{"data":"DevaForm","floor":25.0,"key":"SMITH"},{"data":"Evaluate","floor":28.0,"key":"SMITH"},{"data":"FlurryOfBlows","floor":32.0,"key":"SMITH"},{"data":"Omniscience","floor":41.0,"key":"SMITH"},{"data":"Adaptation","floor":47.0,"key":"SMITH"},{"floor":49,"key":"RECALL"},{"data":"WaveOfTheHand","floor":52,"key":"SMITH"}],"circlet_count":0,"master_deck":["Defend_P","Defend_P+1","Defend_P","Eruption+1","Vigilance+1","FearNoEvil","Meditate+1","CrushJoints+1","Evaluate+1","WheelKick+1","CutThroughFate+1","Protect+1","DevaForm+1","FlurryOfBlows+1","BattleHymn+1","JustLucky+1","Sanctity","Crescendo+1","ClearTheMind+1","Omniscience+1","SashWhip+1","Finesse","EmptyMind+1","Adaptation+1","TalkToTheHand","Tantrum+1","DeceiveReality+1","ConjureBlade","Protect+1","WaveOfTheHand+1","EmptyBody+1"],"relics":["PureWater","War Paint","Eternal Feather","Cursed Key","Enchiridion","Bottled Lightning","Omamori","Empty Cage","Vajra","Lizard Tail","Toy Ornithopter"],"acts_visited":["Exordium","TheCity","TheBeyond","TheEnding"],"potions_floor_usage":[48,50,54,55,55],"damage_taken":[{"damage":4.0,"enemies":"Jaw Worm","floor":1.0,"turns":3.0},{"damage":0.0,"enemies":"Cultist","floor":2.0,"turns":2.0},{"damage":0.0,"enemies":"2 Louse","floor":5.0,"turns":2.0},{"damage":20.0,"enemies":"Gremlin Gang","floor":7.0,"turns":3.0},{"damage":0.0,"enemies":"Exordium Wildlife","floor":11.0,"turns":3.0},{"damage":2.0,"enemies":"Large Slime","floor":13.0,"turns":4.0},{"damage":0.0,"enemies":"Exordium Thugs","floor":14.0,"turns":2.0},{"damage":16.0,"enemies":"Hexaghost","floor":16.0,"turns":5.0},{"damage":0.0,"enemies":"Chosen","floor":18.0,"turns":3.0},{"damage":0.0,"enemies":"Spheric Guardian","floor":21.0,"turns":1.0},{"damage":0.0,"enemies":"Chosen and Byrds","floor":24.0,"turns":3.0},{"damage":8.0,"enemies":"Centurion and Healer","floor":27.0,"turns":4.0},{"damage":23.0,"enemies":"Slavers","floor":29.0,"turns":5.0},{"damage":16.0,"enemies":"Sentry and Sphere","floor":30.0,"turns":6.0},{"damage":0.0,"enemies":"Cultist and Chosen","floor":31.0,"turns":4.0},{"damage":2.0,"enemies":"Automaton","floor":33.0,"turns":6.0},{"damage":7.0,"enemies":"Orb Walker","floor":35.0,"turns":3.0},{"damage":0.0,"enemies":"3 Shapes","floor":36.0,"turns":7.0},{"damage":17.0,"enemies":"Maw","floor":38.0,"turns":4.0},{"damage":15.0,"enemies":"Nemesis","floor":40.0,"turns":7.0},{"damage":10.0,"enemies":"Sphere and 2 Shapes","floor":42.0,"turns":7.0},{"damage":0.0,"enemies":"Spire Growth","floor":44.0,"turns":3.0},{"damage":0.0,"enemies":"Jaw Worm Horde","floor":45.0,"turns":3.0},{"damage":0.0,"enemies":"Sphere and 2 Shapes","floor":46.0,"turns":4.0},{"damage":0,"enemies":"Maw","floor":48,"turns":5},{"damage":31,"enemies":"Awakened One","floor":50,"turns":7},{"damage":12,"enemies":"Shield and Spear","floor":54,"turns":5},{"damage":54,"enemies":"The Heart","floor":55,"turns":7}],"seed_played":"9156302665305412368","potions_obtained":[{"floor":1.0,"key":"BottledMiracle"},{"floor":2.0,"key":"BottledMiracle"},{"floor":13.0,"key":"Swift Potion"},{"floor":14.0,"key":"SkillPotion"},{"floor":18.0,"key":"Weak Potion"},{"floor":27.0,"key":"PowerPotion"},{"floor":31.0,"key":"Energy Potion"},{"floor":33.0,"key":"LiquidBronze"},{"floor":36.0,"key":"Strength Potion"},{"floor":40.0,"key":"StancePotion"},{"floor":42.0,"key":"PowerPotion"},{"floor":54,"key":"DuplicationPotion"}],"is_trial":false,"path_per_floor":["M","M","$","?","M","R","M","R","T","T","M","R","M","M","R","B",null,"M","?","?","M","?","R","M","R","T","M","R","E","M","M","R","B",null,"M","M","$","M","$","E","R","M","T","M","M","M","R","M","R","B",null,"R","$","E","B",null],"character_chosen":"WATCHER","items_purchased":["StancePotion","Finesse","Adaptation","Vajra","TalkToTheHand","StancePotion"],"campfire_rested":0,"item_purchase_floors":[37,37,39,39,39,53],"current_hp_per_floor":[68,68,68,68,68,68,48,48,48,48,48,54,52,52,61,45,72,72,56,43,43,43,52,52,61,61,53,65,42,26,26,38,36,74,67,67,67,50,50,35,50,40,40,40,40,40,58,58,74,43,74,74,74,62,18],"gold":53,"neow_bonus":"REMOVE_TWO","is_daily":false,"chose_seed":false,"campfire_upgraded":11,"win_rate":0.0,"timestamp":1611240428,"path_taken":["M","M","$","?","M","R","M","R","T","?","?","R","M","M","R","BOSS","M","?","?","M","?","R","M","R","T","M","R","E","M","M","R","BOSS","M","M","$","M","$","E","R","M","T","M","M","M","R","M","R","BOSS","R","$","E","BOSS"],"items_purchased_type":["Potion","Card","Card","Relic","Card","Potion"],"build_version":"2020-12-22","purchased_purges":2,"victory":true,"max_hp_per_floor":[72,72,72,72,72,72,72,72,72,72,72,72,72,72,72,72,72,72,72,77,77,77,77,77,77,77,77,77,77,77,77,77,77,74,74,74,74,74,74,74,74,74,74,74,74,74,74,74,74,74,74,74,74,74,74],"card_choices":[{"not_picked":["ThirdEye","Nirvana"],"picked":"FearNoEvil","floor":1.0},{"not_picked":["JustLucky","EmptyFist"],"picked":"Meditate","floor":2.0},{"not_picked":["Evaluate","WreathOfFlame"],"picked":"CrushJoints","floor":5.0},{"not_picked":["Consecrate","FlyingSleeves"],"picked":"Evaluate","floor":7.0},{"not_picked":["MasterReality","EmptyFist"],"picked":"WheelKick","floor":11.0},{"not_picked":["EmptyBody","WheelKick"],"picked":"CutThroughFate","floor":13.0},{"not_picked":["CarveReality","SashWhip"],"picked":"Protect","floor":14.0},{"not_picked":["Judgement","ConjureBlade"],"picked":"DevaForm","floor":16.0},{"not_picked":["CrushJoints+1","FlyingSleeves"],"picked":"FlurryOfBlows","floor":18.0},{"not_picked":["DeceiveReality","Evaluate"],"picked":"BattleHymn+1","floor":21.0},{"not_picked":["ThirdEye","Protect+1","Vengeance"],"picked":"SKIP","floor":24.0},{"not_picked":["Meditate+1","ThirdEye"],"picked":"JustLucky+1","floor":27.0},{"not_picked":["Consecrate","ThirdEye"],"picked":"Sanctity","floor":29.0},{"not_picked":["Vault","CrushJoints+1"],"picked":"Crescendo+1","floor":30.0},{"not_picked":["BowlingBash","Vengeance"],"picked":"ClearTheMind+1","floor":31.0},{"not_picked":["DevaForm","Ragnarok"],"picked":"Omniscience","floor":33.0},{"not_picked":["ClearTheMind","Perseverance","JustLucky+1"],"picked":"SKIP","floor":35.0},{"not_picked":["FollowUp","EmptyFist"],"picked":"SashWhip+1","floor":36.0},{"not_picked":["Crescendo+1","Evaluate"],"picked":"EmptyMind+1","floor":38.0},{"not_picked":["PathToVictory","WreathOfFlame","Conclude+1"],"picked":"SKIP","floor":40.0},{"not_picked":["CrushJoints","ClearTheMind+1"],"picked":"Tantrum+1","floor":42.0},{"not_picked":["FlyingSleeves+1","InnerPeace"],"picked":"DeceiveReality+1","floor":44.0},{"not_picked":["Collect+1","Weave"],"picked":"ConjureBlade","floor":45.0},{"not_picked":["Evaluate","WindmillStrike"],"picked":"Protect+1","floor":46.0},{"not_picked":["FlurryOfBlows","LikeWater"],"picked":"WaveOfTheHand","floor":48},{"not_picked":["Study","Judgement"],"picked":"EmptyBody+1","floor":54}],"player_experience":1442616,"relics_obtained":[{"floor":9.0,"key":"War Paint"},{"floor":10.0,"key":"Eternal Feather"},{"floor":19.0,"key":"Enchiridion"},{"floor":26.0,"key":"Bottled Lightning"},{"floor":29.0,"key":"Omamori"},{"floor":40.0,"key":"Lizard Tail"},{"floor":54,"key":"Toy Ornithopter"}],"event_choices":[{"damage_healed":0.0,"max_hp_gain":0.0,"max_hp_loss":0.0,"gold_gain":0.0,"event_name":"Living Wall","player_choice":"Grow","floor":4.0,"gold_loss":0.0,"damage_taken":0.0,"cards_upgraded":["Eruption"]},{"damage_healed":0.0,"max_hp_gain":0.0,"max_hp_loss":0.0,"gold_gain":0.0,"event_name":"Cursed Tome","player_choice":"Obtained Book","floor":19.0,"gold_loss":0.0,"damage_taken":16.0},{"damage_healed":0.0,"max_hp_gain":5.0,"max_hp_loss":0.0,"gold_gain":0.0,"event_name":"Forgotten Altar","player_choice":"Shed Blood","floor":20.0,"gold_loss":0.0,"damage_taken":18.0},{"damage_healed":0.0,"max_hp_gain":0.0,"max_hp_loss":0.0,"gold_gain":0.0,"event_name":"Vampires","player_choice":"Ignored","floor":22.0,"gold_loss":0.0,"damage_taken":0.0}],"is_beta":false,"boss_relics":[{"not_picked":["Philosopher\u0027s Stone","Fusion Hammer"],"picked":"Cursed Key"},{"not_picked":["Sozu","Coffee Dripper"],"picked":"Empty Cage"}],"items_purged_floors":[37,53],"is_endless":false,"potions_floor_spawned":[1,2,13,14,18,27,31,33,36,40,42,45,54],"ascension_level":0}}