{"host":"9ndbo4kgsfoemf7y","time":1611226183,"event":{"mods":["AchievementEnabler","BaseMod","Colored Map","DeckTracker","Keyboard Shortcuts","Minty Spire (QoL Compilation)","Permanent Neow","Quick Restart","Relic Stats","StSLib","SuperFastMode"],"gold_per_floor":[117,128,141,159,172,172,97,97,97,126,141,161,161,178,178,178,178],"floor_reached":16,"language":"KOR","playtime":378,"items_purged":["Strike_R"],"score":106,"play_id":"bcf91728-22c8-4fe8-aeae-e0e61806dc1e","local_time":"20210121194943","is_ascension_mode":false,"campfire_choices":[{"data":"Offering","floor":6,"key":"SMITH"},{"floor":13,"key":"REST"},{"data":"Impervious","floor":15,"key":"SMITH"}],"circlet_count":0,"master_deck":["Strike_R","Strike_R","Strike_R","Strike_R","Defend_R","Defend_R","Defend_R","Defend_R","Bash","Offering+1","Perfected Strike","Impervious+1","Shockwave","Cleave","Perfected Strike"],"relics":["Burning Blood","CultistMask","Shuriken","Juzu Bracelet"],"acts_visited":["Exordium"],"potions_floor_usage":[],"damage_taken":[{"damage":6,"enemies":"Small Slimes","floor":1,"turns":3},{"damage":6,"enemies":"Cultist","floor":2,"turns":2},{"damage":2,"enemies":"2 Louse","floor":3,"turns":3},{"damage":6,"enemies":"Looter","floor":4,"turns":2},{"damage":16,"enemies":"Lots of Slimes","floor":5,"turns":4},{"damage":33,"enemies":"Gremlin Nob","floor":10,"turns":4},{"damage":0,"enemies":"2 Fungi Beasts","floor":11,"turns":3},{"damage":10,"enemies":"Blue Slaver","floor":12,"turns":3},{"damage":15,"enemies":"3 Louse","floor":14,"turns":3},{"damage":41,"enemies":"Hexaghost","floor":16,"turns":9}],"seed_played":"6665248019363888572","potions_obtained":[{"floor":2,"key":"PowerPotion"},{"floor":3,"key":"Regen Potion"},{"floor":12,"key":"EssenceOfSteel"}],"is_trial":false,"path_per_floor":["M","M","M","M","M","R","$","?","T","E","M","M","R","M","R","B"],"character_chosen":"IRONCLAD","items_purchased":[],"campfire_rested":1,"item_purchase_floors":[],"current_hp_per_floor":[56,56,60,60,50,50,50,50,50,23,29,25,49,40,40,0,0],"gold":178,"neow_bonus":"THREE_RARE_CARDS","is_daily":false,"chose_seed":false,"campfire_upgraded":2,"win_rate":0.0,"timestamp":1611226183,"path_taken":["M","M","M","M","M","R","$","?","T","E","M","M","R","M","R","BOSS"],"items_purchased_type":[],"build_version":"2020-12-22","purchased_purges":1,"victory":false,"max_hp_per_floor":[80,80,80,80,80,80,80,80,80,80,80,80,80,80,80,80,80],"relic_stats":{"counters":[10,36],"Shuriken":[3],"Juzu Bracelet":0,"obtain_stats":[{"Shuriken":9,"CultistMask":8,"Juzu Bracelet":10,"Burning Blood":0},{"Shuriken":5,"CultistMask":5,"Juzu Bracelet":6,"Burning Blood":0},{"Shuriken":14,"CultistMask":14,"Juzu Bracelet":18,"Burning Blood":0}],"Burning Blood":54},"card_choices":[{"not_picked":["Double Tap","Barricade"],"picked":"Offering","floor":0},{"not_picked":["Warcry","Anger"],"picked":"Perfected Strike","floor":1},{"not_picked":["Armaments","Whirlwind","Iron Wave"],"picked":"SKIP","floor":2},{"not_picked":["Whirlwind","Warcry","Anger"],"picked":"SKIP","floor":3},{"not_picked":["Power Through","Combust"],"picked":"Impervious","floor":4},{"not_picked":["Clothesline","True Grit","Anger"],"picked":"SKIP","floor":5},{"not_picked":["Warcry","Infernal Blade"],"picked":"Shockwave","floor":10},{"not_picked":["Clothesline","Battle Trance","Clash"],"picked":"SKIP","floor":11},{"not_picked":["Havoc","Sentinel"],"picked":"Cleave","floor":12},{"not_picked":["Heavy Blade","Sword Boomerang"],"picked":"Perfected Strike","floor":14}],"player_experience":836943,"relics_obtained":[{"floor":9,"key":"Shuriken"},{"floor":10,"key":"Juzu Bracelet"}],"event_choices":[{"damage_healed":0,"gold_gain":0,"player_choice":"Trade","damage_taken":0,"relics_obtained":["CultistMask"],"max_hp_gain":0,"max_hp_loss":0,"event_name":"FaceTrader","floor":8,"gold_loss":0}],"is_beta":false,"boss_relics":[],"items_purged_floors":[7],"is_endless":false,"potions_floor_spawned":[2,3,12,14],"killed_by":"Hexaghost","ascension_level":0}}