{"host":"sa4ahr18fk2zb79f","time":1611270165,"event":{"mods":["AchievementEnabler","BaseMod","Colored Map","Colored Powertips","Highlight Path","Minty Spire (QoL Compilation)","Permanent Neow","Quick Restart","Rare Cards Sparkle","Relic Sorter"],"gold_per_floor":[109,125,138,138,155,183,183,183,207,207,207],"floor_reached":10,"language":"ENG","playtime":1032,"items_purged":[],"score":68,"play_id":"48ead743-a60e-4923-8090-62ecaf55ae14","local_time":"20210122000245","is_ascension_mode":false,"campfire_choices":[{"data":"Auto Shields","floor":7,"key":"SMITH"}],"circlet_count":0,"master_deck":["Strike_B","Strike_B","Strike_B","Strike_B","Defend_B","Defend_B","Defend_B","Defend_B","Zap","Dualcast","Redo","Auto Shields+1","Sweeping Beam","Regret","Go for the Eyes","Hologram+1","Clumsy"],"relics":["Cursed Key","Akabeko","Potion Belt","Anchor"],"acts_visited":["Exordium"],"potions_floor_usage":[5,6,6],"damage_taken":[{"damage":0,"enemies":"Small Slimes","floor":1,"turns":3},{"damage":3,"enemies":"Jaw Worm","floor":2,"turns":3},{"damage":6,"enemies":"Cultist","floor":3,"turns":3},{"damage":1,"enemies":"2 Fungi Beasts","floor":5,"turns":3},{"damage":17,"enemies":"Lagavulin","floor":6,"turns":6},{"damage":59,"enemies":"Gremlin Nob","floor":10,"turns":5}],"seed_played":"3063409377643784808","potions_obtained":[{"floor":1,"key":"Block Potion"},{"floor":2,"key":"LiquidMemories"},{"floor":5,"key":"Strength Potion"}],"is_trial":false,"path_per_floor":["M","M","M","?","M","E","R","?","T","E"],"character_chosen":"DEFECT","items_purchased":[],"campfire_rested":0,"item_purchase_floors":[],"current_hp_per_floor":[75,72,66,66,65,48,48,48,48,0,0],"gold":207,"neow_bonus":"BOSS_RELIC","is_daily":false,"chose_seed":false,"campfire_upgraded":1,"win_rate":0.0,"timestamp":1611270165,"path_taken":["M","M","M","?","M","E","R","?","T","E"],"items_purchased_type":[],"build_version":"2020-12-22","purchased_purges":0,"victory":false,"max_hp_per_floor":[75,75,75,75,75,75,75,75,75,75,75],"card_choices":[{"not_picked":["Force Field","Stack"],"picked":"Redo","floor":1},{"not_picked":["Beam Cell","Reprogram"],"picked":"Auto Shields","floor":2},{"not_picked":["Storm","Ball Lightning"],"picked":"Sweeping Beam","floor":3},{"not_picked":["Capacitor","Ball Lightning"],"picked":"Go for the Eyes","floor":5},{"not_picked":["Defragment","Lockon"],"picked":"Hologram","floor":6}],"player_experience":446014,"relics_obtained":[{"floor":6,"key":"Potion Belt"},{"floor":9,"key":"Anchor"}],"event_choices":[{"damage_healed":0,"gold_gain":0,"player_choice":"Box","damage_taken":0,"relics_obtained":["Akabeko"],"max_hp_gain":0,"max_hp_loss":0,"event_name":"Big Fish","floor":4,"gold_loss":0,"cards_obtained":["Regret"]},{"damage_healed":0,"gold_gain":0,"player_choice":"Forge","damage_taken":0,"max_hp_gain":0,"max_hp_loss":0,"event_name":"Accursed Blacksmith","floor":8,"gold_loss":0,"cards_upgraded":["Hologram"]}],"is_beta":false,"boss_relics":[],"items_purged_floors":[],"is_endless":false,"potions_floor_spawned":[1,2,5],"killed_by":"Gremlin Nob","ascension_level":0}}