{"host":"06e3yyzgn8o619wl","time":1611235700,"event":{"mods":["BaseMod","Block Reminder","Colored Map","Colored Powertips","DeckTracker","Minty Spire (QoL Compilation)","Relic Stats","StSLib"],"gold_per_floor":[114,132,149,161,172,172,172,198,198,198,198,198],"floor_reached":11,"language":"JPN","playtime":434,"items_purged":[],"score":86,"play_id":"8974e467-5ed6-4cd3-a1d1-dc73b08eac4b","local_time":"20210121222820","is_ascension_mode":true,"campfire_choices":[{"data":"Vigilance","floor":6,"key":"SMITH"}],"circlet_count":0,"master_deck":["Strike_P","Strike_P","Strike_P","Defend_P","Defend_P","Defend_P","Defend_P","Eruption","Vigilance+1","ClearTheMind","ThirdEye","ClearTheMind","Evaluate"],"relics":["Busted Crown","Damaru","Darkstone Periapt","Meat on the Bone"],"acts_visited":["Exordium"],"potions_floor_usage":[],"damage_taken":[{"damage":0,"enemies":"Small Slimes","floor":1,"turns":4},{"damage":0,"enemies":"Jaw Worm","floor":2,"turns":4},{"damage":3,"enemies":"Cultist","floor":3,"turns":6},{"damage":3,"enemies":"Looter","floor":4,"turns":3},{"damage":9,"enemies":"Red Slaver","floor":5,"turns":6},{"damage":18,"enemies":"3 Sentries","floor":8,"turns":14},{"damage":42,"enemies":"Gremlin Nob","floor":11,"turns":4}],"seed_played":"-381204532522116752","potions_obtained":[{"floor":3,"key":"AttackPotion"},{"floor":4,"key":"BottledMiracle"}],"is_trial":false,"path_per_floor":["M","M","M","M","M","R","?","E","T","T","E"],"character_chosen":"WATCHER","items_purchased":[],"campfire_rested":0,"item_purchase_floors":[],"current_hp_per_floor":[72,72,69,66,57,57,57,39,39,39,0,0],"gold":198,"neow_bonus":"BOSS_RELIC","is_daily":false,"chose_seed":false,"campfire_upgraded":1,"win_rate":0.0,"timestamp":1611235700,"path_taken":["M","M","M","M","M","R","?","E","T","?","E"],"items_purchased_type":[],"build_version":"2020-12-22","purchased_purges":0,"victory":false,"max_hp_per_floor":[72,72,72,72,72,72,72,72,72,72,72,72],"relic_stats":{"Darkstone Periapt":0,"Busted Crown":12,"counters":[7,41],"obtain_stats":[{"Darkstone Periapt":9,"Busted Crown":0,"Damaru":8,"PureWater":0,"Meat on the Bone":10},{"Darkstone Periapt":6,"Busted Crown":0,"Damaru":6,"PureWater":0,"Meat on the Bone":6},{"Darkstone Periapt":37,"Busted Crown":0,"Damaru":37,"PureWater":0,"Meat on the Bone":37}],"Meat on the Bone":0},"card_choices":[{"not_picked":[],"picked":"ClearTheMind","floor":1},{"not_picked":["JustLucky"],"picked":"SKIP","floor":2},{"not_picked":[],"picked":"ThirdEye","floor":3},{"not_picked":[],"picked":"ClearTheMind","floor":4},{"not_picked":["FollowUp"],"picked":"SKIP","floor":5},{"not_picked":["ClearTheMind"],"picked":"SKIP","floor":8}],"player_experience":107533,"relics_obtained":[{"floor":8,"key":"Damaru"},{"floor":9,"key":"Darkstone Periapt"},{"floor":10,"key":"Meat on the Bone"}],"event_choices":[{"damage_healed":0,"gold_gain":0,"cards_transformed":["Strike_P"],"player_choice":"Change","damage_taken":0,"max_hp_gain":0,"max_hp_loss":0,"event_name":"Living Wall","floor":7,"gold_loss":0,"cards_obtained":["Evaluate"]}],"is_beta":false,"boss_relics":[],"items_purged_floors":[],"is_endless":false,"potions_floor_spawned":[3,4],"killed_by":"Gremlin Nob","ascension_level":3}}