{"host":"neshiy0twyn5josp","time":1611246610,"event":{"mods":["AchievementEnabler","Act Like it!","AlwaysNeverKeys","Aspiration","BaseMod","Better Note","Better Silent Start","Better Third Choice","Challenge The Spire","Colored Powertips","Conspire","Emptier Cage","Energized Spire","GifTheSpireLib","Hubris","Minty Spire (QoL Compilation)","Permanent Neow","Quick Restart","Rare Cards Sparkle","Replay The Spire","Reworked Bosses","Spicy Shops","StS++","StSLib","Stuff the Spire"],"gold_per_floor":[112,112,132,132,132,132,157,157,157,182,201,233,233,244,244,339,339,358,377,377,377,377],"floor_reached":21,"language":"ENG","playtime":821,"items_purged":[],"score":236,"play_id":"cc86d901-bcf0-4614-b57c-b548aa58c490","local_time":"20210121083010","is_ascension_mode":true,"campfire_choices":[{"data":"Zap","floor":6,"key":"SMITH"},{"data":"StuffTheSpire:Innocence","floor":8,"key":"SMITH"},{"data":"Dualcast","floor":13,"key":"SMITH"},{"floor":15,"key":"REST"}],"circlet_count":0,"master_deck":["Strike_B","Strike_B","Strike_B","Defend_B","Defend_B","Defend_B","Defend_B","Zap+1","Dualcast+1","Ball Lightning","StuffTheSpire:Innocence+1","Crystallizer","hubris:PowerSurge","StSpp:Igniter","hubris:DoWhile","BasicCrystalCard+1","Reboot"],"relics":["Cracked Core","Art of War","Cables","CaptainsWheel","Symbiotic Virus","Toy Ornithopter","MealTicket","aspiration:RunicSpoon"],"acts_visited":["Exordium","TheCity"],"potions_floor_usage":[],"damage_taken":[{"damage":1,"enemies":"Cultist","floor":1,"turns":3},{"damage":0,"enemies":"Small Slimes","floor":3,"turns":2},{"damage":23,"enemies":"3 Sentries","floor":7,"turns":7},{"damage":16,"enemies":"Gremlin Nob","floor":10,"turns":4},{"damage":0,"enemies":"2 Louse","floor":11,"turns":2},{"damage":2,"enemies":"Lagavulin","floor":12,"turns":6},{"damage":18,"enemies":"Gremlin Gang","floor":14,"turns":3},{"damage":6,"enemies":"The Guardian","floor":16,"turns":7},{"damage":44,"enemies":"conspire:FuzzyDice","floor":18,"turns":7},{"damage":14,"enemies":"Shell Parasite","floor":19,"turns":4},{"damage":18,"enemies":"Centurion and Healer","floor":21,"turns":4}],"seed_played":"131438485913427177","potions_obtained":[{"floor":3,"key":"CultistPotion"},{"floor":11,"key":"StSpp:SecondWindPotion"},{"floor":14,"key":"Weak Potion"}],"is_trial":false,"path_per_floor":["M","T","M","?","?","R","E","R","T","E","M","E","R","M","R","B",null,"M","M","?","M"],"character_chosen":"DEFECT","items_purchased":[],"campfire_rested":1,"item_purchase_floors":[],"current_hp_per_floor":[74,74,74,67,67,67,44,44,44,28,28,26,26,8,30,24,75,31,17,17,0,0],"gold":377,"neow_bonus":"RANDOM_COMMON_RELIC","is_daily":false,"chose_seed":false,"campfire_upgraded":3,"win_rate":0.0,"timestamp":1611246610,"path_taken":["M","?","M","?","?","R","E","R","T","E","M","E","R","M","R","BOSS","M","M","?","?"],"items_purchased_type":[],"build_version":"2020-12-22","purchased_purges":0,"victory":false,"max_hp_per_floor":[75,75,75,75,75,75,75,75,75,75,75,75,75,75,75,75,75,75,75,75,75,75],"card_choices":[{"not_picked":["Beam Cell","StuffTheSpire:LoadUp","Go for the Eyes"],"picked":"SKIP","floor":1},{"not_picked":["Leap","Steam Power"],"picked":"Ball Lightning","floor":3},{"not_picked":["Gash","StuffTheSpire:GlassShard"],"picked":"Crystallizer","floor":7},{"not_picked":["StuffTheSpire:Plugnplay","Leap","Buffer"],"picked":"SKIP","floor":10},{"not_picked":["Beam Cell","StSpp:Mask","StuffTheSpire:Plugnplay"],"picked":"SKIP","floor":11},{"not_picked":["StuffTheSpire:LoadUp","Consume"],"picked":"hubris:PowerSurge","floor":12},{"not_picked":["Turbo","Cold Snap"],"picked":"StSpp:Igniter","floor":14},{"not_picked":["Machine Learning","Thunder Strike"],"picked":"hubris:DoWhile","floor":16},{"not_picked":["Scrape+1","Glacier"],"picked":"BasicCrystalCard+1","floor":18},{"not_picked":["Lockon","StuffTheSpire:GlassShard","StuffTheSpire:ShieldGenerator+1"],"picked":"SKIP","floor":19}],"player_experience":275955,"relics_obtained":[{"floor":2,"key":"Cables"},{"floor":7,"key":"CaptainsWheel"},{"floor":9,"key":"Symbiotic Virus"},{"floor":10,"key":"Toy Ornithopter"},{"floor":12,"key":"MealTicket"}],"event_choices":[{"damage_healed":0,"gold_gain":0,"player_choice":"Leave","damage_taken":0,"max_hp_gain":0,"max_hp_loss":0,"event_name":"conspire:Investor","floor":5,"gold_loss":0},{"damage_healed":0,"gold_gain":0,"cards_transformed":["Strike_B"],"player_choice":"Transformed","damage_taken":0,"max_hp_gain":0,"max_hp_loss":0,"event_name":"Transmorgrifier","floor":20,"gold_loss":0,"cards_obtained":["Reboot"]}],"is_beta":false,"boss_relics":[{"not_picked":["Kintsugi","Replay:Drink Me"],"picked":"aspiration:RunicSpoon"}],"items_purged_floors":[],"is_endless":false,"potions_floor_spawned":[3,11,14],"killed_by":"Centurion and Healer","ascension_level":4}}