{"host":"6jxiafzta1a1kcvk","time":1611241873,"event":{"mods":["Act Like it!","BaseMod","Conspire","Hubris","Jorbs\u0027s Wanderer Trilogy","Minty Spire (QoL Compilation)","Replay The Spire","SIMod","Spicy Shops","StSLib","SuperFastMode","The Hayseed","The Mystic","vexMod"],"gold_per_floor":[117,117,117,60,73,105,119,135,212,230,230,260,185,185,185,185,185],"floor_reached":16,"language":"ZHS","playtime":2043,"items_purged":["Parasite"],"score":177,"play_id":"ad8ae4e8-1aeb-43f9-ac74-5f3dffce7751","local_time":"20210121231113","is_ascension_mode":false,"campfire_choices":[{"data":"stsjorbsmod:FindFamiliar","floor":11,"key":"SMITH"},{"data":"stsjorbsmod:EyeOfTheStorm","floor":15,"key":"SMITH"}],"circlet_count":0,"master_deck":["stsjorbsmod:ForbiddenGrimoire+1","conspire:GhostlyStrike","conspire:GhostlyStrike","conspire:GhostlyStrike","conspire:GhostlyStrike","conspire:GhostlyDefend","conspire:GhostlyDefend","conspire:GhostlyDefend","conspire:GhostlyDefend","stsjorbsmod:FreshAdventure","stsjorbsmod:EyeOfTheStorm+1","stsjorbsmod:WanderingMind+1","stsjorbsmod:Stalwart","stsjorbsmod:UnseenServant","stsjorbsmod:SchoolsOfMagic","stsjorbsmod:FindFamiliar+1","stsjorbsmod:LoseGrip"],"relics":["stsjorbsmod:GrimoireRelic","NeowsBlessing","TheAbacus","Orichalcum","Ornamental Fan"],"acts_visited":["Exordium"],"potions_floor_usage":[],"damage_taken":[{"damage":0,"enemies":"conspire:RoseBush","floor":1,"turns":1},{"damage":0,"enemies":"2 Louse","floor":5,"turns":1},{"damage":0,"enemies":"Gremlin Nob","floor":6,"turns":1},{"damage":2,"enemies":"Cultist","floor":7,"turns":5},{"damage":8,"enemies":"3 Louse","floor":8,"turns":3},{"damage":0,"enemies":"conspire:2 RoseBushes","floor":10,"turns":5},{"damage":8,"enemies":"Red Slaver","floor":12,"turns":6},{"damage":64,"enemies":"Hexaghost","floor":16,"turns":11}],"seed_played":"-3565243255135685558","potions_obtained":[{"floor":6,"key":"PowerPotion"},{"floor":7,"key":"Ancient Potion"},{"floor":8,"key":"Dexterity Potion"}],"is_trial":false,"path_per_floor":["M","?","?","$","M","E","M","M","T","M","R","M","$","?","R","B"],"character_chosen":"WANDERER","items_purchased":["TheAbacus"],"campfire_rested":0,"item_purchase_floors":[4],"current_hp_per_floor":[68,68,68,68,68,68,68,61,61,64,64,64,64,64,64,0,0],"gold":185,"neow_bonus":"THREE_ENEMY_KILL","is_daily":false,"chose_seed":false,"campfire_upgraded":2,"win_rate":0.0,"timestamp":1611241873,"path_taken":["M","?","?","$","M","E","M","M","T","?","R","M","$","?","R","BOSS"],"items_purchased_type":["Relic"],"build_version":"2020-12-22","purchased_purges":1,"victory":false,"max_hp_per_floor":[68,68,68,68,68,68,68,68,68,68,68,70,67,67,67,67,67],"card_choices":[{"not_picked":["stsjorbsmod:Prepare","stsjorbsmod:Message"],"picked":"stsjorbsmod:WanderingMind","floor":1},{"not_picked":["stsjorbsmod:Channel","stsjorbsmod:UnseenServant"],"picked":"stsjorbsmod:Stalwart","floor":5},{"not_picked":["stsjorbsmod:Mania","stsjorbsmod:AnimateObjects"],"picked":"stsjorbsmod:UnseenServant","floor":6},{"not_picked":["stsjorbsmod:FlameWard","stsjorbsmod:Materialize","stsjorbsmod:Prestidigitation"],"picked":"SKIP","floor":7},{"not_picked":["stsjorbsmod:Will","stsjorbsmod:DoubleCheck"],"picked":"stsjorbsmod:SchoolsOfMagic","floor":8},{"not_picked":["stsjorbsmod:IvoryTower","stsjorbsmod:Channel"],"picked":"stsjorbsmod:FindFamiliar","floor":10},{"not_picked":["stsjorbsmod:Stalwart","stsjorbsmod:ArcaneWeapon"],"picked":"stsjorbsmod:LoseGrip","floor":12}],"player_experience":62979,"relics_obtained":[{"floor":6,"key":"Orichalcum"},{"floor":9,"key":"Ornamental Fan"}],"event_choices":[{"damage_healed":0,"gold_gain":0,"player_choice":"Agree","damage_taken":0,"max_hp_gain":0,"max_hp_loss":0,"event_name":"conspire:LoneGhost","floor":2,"gold_loss":0},{"damage_healed":0,"gold_gain":0,"player_choice":"Forge","damage_taken":0,"max_hp_gain":0,"max_hp_loss":0,"event_name":"Accursed Blacksmith","floor":3,"gold_loss":0,"cards_upgraded":["stsjorbsmod:WanderingMind"]},{"damage_healed":0,"gold_gain":0,"player_choice":"Leave","damage_taken":0,"max_hp_gain":0,"max_hp_loss":0,"event_name":"conspire:Investor","floor":14,"gold_loss":0}],"is_beta":false,"boss_relics":[],"items_purged_floors":[13],"is_endless":false,"potions_floor_spawned":[6,7,8],"killed_by":"Hexaghost","ascension_level":0}}