{"host":"k2qahyfnbpqixgl3","time":1611229443,"event":{"mods":["Act Like it!","Ascension Reborn","BaseMod","Card Forge","Colored Powertips","Highlight Path","HololiveMod","KinomotoSakuraMod(木之本?)","Minty Spire (QoL Compilation)","Pale of the Ancients","Remilia（蕾米莉?）","Replay The Spire","RumiaBox-露米?的神秘盒子","Shop Mod","StSLib","The Animator","The Jungle","Unceasing Turn Reminder","Youmu（魂魄妖?）","【角色mod】十八桐人"],"gold_per_floor":[120,171,171,228,228,309,414,522,522,561,651,759,870,981,981,1275,1275,1335,937,979,979,919,1015,1129,1159,1159,1252,957,1041,1041,1143,1143,1452,1452,1497,1660,1660,1660,1759,1876,1995,2082,2082,2187,2220,1866,1941,2043,2052,2367,2367,2424,2472,2238,1937,1937,2116,2128,1986,1986,2377,2377,2442,2451,2515,2422,2231,2333,2382,2497,2521,2635,2699,2771,2879,2937,2937,3272,3372,3433,3433,3529,3225,3234,3346,3091,3133,3251,3251,3368,3073,3147,3257,3557,3892,3892,3972,3483,3543,3655,3315,3315,3437,3164,3264,3365,3365,3497,3639,3745,3745,4094,4094,4150,4211,4487,4144,4144,4215,4476,4149,4149,4490,4640,4640],"floor_reached":124,"language":"ZHS","playtime":9317,"items_purged":["Delirium","ReplayTheSpireMod:Doomed","Hololive_DDD+1"],"score":5039,"play_id":"ae92ae80-d73c-474d-9c75-07a657af771e","local_time":"20210121194403","daily_mods":["SealedDeck","Vintage","Heirloom","Time Dilation","Flight","DeadlyEvents","Elite Swarm","Midas"],"is_ascension_mode":false,"campfire_choices":[{"data":"Hololive_Recruit","floor":15.0,"key":"SMITH"},{"floor":32.0,"key":"DIG"},{"floor":56.0,"key":"DIG"},{"floor":58.0,"key":"DIG"},{"data":"1","floor":77.0,"key":"LIFT"},{"data":"2","floor":89.0,"key":"LIFT"},{"floor":94.0,"key":"DIG"},{"floor":102,"key":"DIG"},{"floor":111,"key":"DIG"},{"data":"3","floor":118,"key":"LIFT"}],"circlet_count":0,"master_deck":["Hololive_FlyingPonyTail+1","Hololive_Psychosis","Hololive_Drill","Hololive_CallAkiRosenthal+1","Hololive_CallUsadaPekora+1","Hololive_Drill","Hololive_CallOzoraSubaru+1","Hololive_StrengthChampion+1","Hololive_CallYozoraMel","Hololive_DurableLive+1","Hololive_MaximGun+1","Hololive_Recruit+1","Hololive_DurableLive+1","Hololive_IdolExercise+1","Hololive_Rebirth+1","Hololive_IdolExercise+1","Hololive_StarCraft+1","Hololive_StrengthChampion+2","Hololive_Nanodesu+1","Hololive_Rebirth+1","Hololive_Recruit+1","Hololive_CallDoris+1","Hololive_Trident+1","Hololive_Recruit+1","Hololive_DiamondStrike+1","Hololive_Sequa+1","Hololive_DurableLive+1","FIFO Queue+1","Hololive_WolfAndLamb+1","Hololive_CallMoonaHoshinova+1","Hololive_Yoholoon+1","Hololive_Teleport+1","Hololive_CocoNews+1","Hololive_IdolExercise+1","Hololive_SoulCatcher+1","Hololive_HuntDinosaur+1","Hololive_Teleport+1","Hololive_BeCareful+1","Hololive_ScarfAndHalo+1","Hololive_CallRoboco+1","Hololive_Rebound+1","Hololive_Yoholoon+1","Hololive_Yoholoon+1","Hololive_StarCraft+1","Hololive_Thief+1","Hololive_BeCareful+1","Hololive_DurableLive+1","Hololive_BeCareful+1","Hololive_BeCareful+1","Hololive_DiamondStrike+1","Hololive_CocoNews+1","Hololive_Yoholoon+1","animator:Shiro+1","Stick_Black+1","animator:Sora+1","Hololive_Yoholoon+1","Hololive_CallRoboco+1","Hololive_BringToTrial+1","Hololive_CallMurasakiShion+1","Hololive_BringToTrial+1","Hololive_BringToTrial+1"],"relics":["Hololive_TheStar","Hammer of Thor","Seething Fire","Anvil of the Gods","Counterbalance","White Beast Statue","War Paint","ReplayTheSpireMod:Ring of Sloth","Replay:Kaleidoscope","ScarletDevilRocket","Happy Flower","CeramicFish","Bag of Marbles","Golden Egg","Replay:Multitool","Eternal Feather","Divine Protection","ReplayFunnel","PreservedInsect","Replay:Bronze Core","Frozen Egg 2","Membership Card","Blood Vial","Replay:Wax Seal","Meat on the Bone","Enchiridion","MealTicket","Dead Branch","Replay:Arrowhead","Letter Opener","GodSword1","Pantograph","Quantum Egg","Regal Pillow","Replay:WaspNest","InkBottle","StrikeDummy","Black Star","Toy Ornithopter","Prayer Wheel","Replay:Bottled Steam","TungstenRod","Thread and Needle","Pocketwatch","Oddly Smooth Stone","GodSword4","Dream Catcher","FossilizedHelix","Bird Faced Urn","Singing Bowl","Mango","Du-Vu Doll","Onion Ring","Ccalipers","HandDrill","Girya","Tiny Chest","Nunchaku","MagicDraw3","SacredBark","paleoftheancients:Timepiece","Anchor","Gremlin Horn","ReplayTheSpireMod:Lightbulb","paleoftheancients:SoulOfTheCollector","Hololive_LightStick","Replay:Bandana","Strange Spoon","SSSystem","Garlic","Lee\u0027s Waffle","Vajra","MawBank","Ice Cream","GodSword6","EasyGame_NEW","Replay:Baseball","Darkstone Periapt","Ornamental Fan","Lantern","ReplayTheSpireMod:CursedCoin","Blue Doll","ReplayTheSpireMod:ShopPack","Replay:Bottled Snecko","Hololive_FriedShrimpLion","ReplayTheSpireMod:Ninjato","Ancient Tea Set","ReplayTheSpireMod:TigerMarble","Replay:Wanted Poster","Replay:Bottled Eggs","MoreBug","Bronze Scales","Medical Kit","Replay:Rubber Ducky","BargainBundle","Potion Belt","Pen Nib","Chemical X","Replay:Ringing Soul","Replay:Mystery Machine","Akabeko","Old Coin","Fusion Hammer","ChaoDraw","MerchantsRug","PrismaticShard","Lizard Tail","Toxic Egg 2","PlanX","Gambling Chip","Gremlin Food","Orrery","Smiling Mask","Matryoshka","Omamori","Frozen Eye","Bag of Preparation","Sundial","Hololive_TopUpMoneyS","Orichalcum","Mercury Hourglass","Boot","Art of War","Blue Candle","Strawberry","Kunai","DollysMirror","MagicDraw4","ReplayTheSpireMod:Shallot","Guide Book","Replay:PocketPolymizer","Whetstone","Tiny House"],"acts_visited":["Exordium","TheCity","TheBeyond","TheBeyond","Exordium","TheCity","TheBeyond","TheBeyond","Exordium"],"potions_floor_usage":[],"damage_taken":[{"damage":0.0,"enemies":"Small Slimes","floor":1.0,"turns":3.0},{"damage":0.0,"enemies":"2 Louse","floor":2.0,"turns":3.0},{"damage":0.0,"enemies":"Jaw Worm","floor":4.0,"turns":2.0},{"damage":0.0,"enemies":"Replay:BlueRogue","floor":6.0,"turns":3.0},{"damage":0.0,"enemies":"3 Sentries","floor":7.0,"turns":5.0},{"damage":0.0,"enemies":"Lagavulin","floor":8.0,"turns":3.0},{"damage":0.0,"enemies":"2 Fungi Beasts","floor":10.0,"turns":2.0},{"damage":0.0,"enemies":"Replay:BlueRogue","floor":11.0,"turns":3.0},{"damage":0.0,"enemies":"Lagavulin","floor":12.0,"turns":4.0},{"damage":0.0,"enemies":"Gremlin Nob","floor":13.0,"turns":3.0},{"damage":0.0,"enemies":"3 Sentries","floor":14.0,"turns":5.0},{"damage":0.0,"enemies":"The Guardian","floor":16.0,"turns":5.0},{"damage":0.0,"enemies":"2 Thieves","floor":18.0,"turns":4.0},{"damage":0.0,"enemies":"Shell Parasite","floor":20.0,"turns":3.0},{"damage":0.0,"enemies":"Slavers","floor":23.0,"turns":5.0},{"damage":0.0,"enemies":"Gremlin Leader","floor":24.0,"turns":4.0},{"damage":0.0,"enemies":"Shelled Parasite and Fungi","floor":25.0,"turns":3.0},{"damage":0.0,"enemies":"Slavers","floor":27.0,"turns":3.0},{"damage":0.0,"enemies":"Replay:Snechameleon","floor":29.0,"turns":2.0},{"damage":0.0,"enemies":"Book of Stabbing","floor":31.0,"turns":3.0},{"damage":0.0,"enemies":"Automaton","floor":33.0,"turns":6.0},{"damage":0.0,"enemies":"3 Darklings","floor":35.0,"turns":3.0},{"damage":0.0,"enemies":"Mind Bloom Boss Battle","floor":36.0,"turns":1.0},{"damage":0.0,"enemies":"Nemesis","floor":39.0,"turns":3.0},{"damage":0.0,"enemies":"Reptomancer","floor":40.0,"turns":3.0},{"damage":0.0,"enemies":"R_Hoarder","floor":41.0,"turns":4.0},{"damage":0.0,"enemies":"Reptomancer","floor":42.0,"turns":3.0},{"damage":0.0,"enemies":"Nemesis","floor":44.0,"turns":3.0},{"damage":0.0,"enemies":"Orb Walker","floor":45.0,"turns":2.0},{"damage":0.0,"enemies":"R_Hoarder","floor":47.0,"turns":3.0},{"damage":0.0,"enemies":"Reptomancer","floor":48.0,"turns":2.0},{"damage":0.0,"enemies":"Time Eater","floor":50.0,"turns":2.0},{"damage":0.0,"enemies":"Time Eater","floor":52.0,"turns":3.0},{"damage":0.0,"enemies":"Time Eater","floor":53.0,"turns":2.0},{"damage":0.0,"enemies":"Time Eater","floor":57.0,"turns":7.0},{"damage":0.0,"enemies":"paleoftheancients:N","floor":61.0,"turns":3.0},{"damage":0.0,"enemies":"2 Louse","floor":63.0,"turns":1.0},{"damage":0.0,"enemies":"Small Slimes","floor":65.0,"turns":1.0},{"damage":0.0,"enemies":"3 Sentries","floor":68.0,"turns":1.0},{"damage":0.0,"enemies":"Jaw Worm","floor":69.0,"turns":1.0},{"damage":0.0,"enemies":"Gremlin Nob","floor":70.0,"turns":1.0},{"damage":0.0,"enemies":"3 Sentries","floor":72.0,"turns":1.0},{"damage":0.0,"enemies":"Large Slime","floor":73.0,"turns":1.0},{"damage":0.0,"enemies":"Exordium Thugs","floor":74.0,"turns":1.0},{"damage":0.0,"enemies":"Gremlin Nob","floor":75.0,"turns":1.0},{"damage":0.0,"enemies":"3 Louse","floor":76.0,"turns":1.0},{"damage":0.0,"enemies":"Fading Forest","floor":78.0,"turns":1.0},{"damage":0.0,"enemies":"Chosen","floor":80.0,"turns":1.0},{"damage":0.0,"enemies":"Gremlin Leader","floor":82.0,"turns":1.0},{"damage":0.0,"enemies":"Book of Stabbing","floor":85.0,"turns":1.0},{"damage":0.0,"enemies":"2 Thieves","floor":87.0,"turns":1.0},{"damage":0.0,"enemies":"Gremlin Leader","floor":88.0,"turns":1.0},{"damage":0.0,"enemies":"Book of Stabbing","floor":90.0,"turns":1.0},{"damage":0.0,"enemies":"Snake Plant","floor":92.0,"turns":1.0},{"damage":0.0,"enemies":"Gremlin Leader","floor":93.0,"turns":1.0},{"damage":0.0,"enemies":"Pondfish","floor":95.0,"turns":1.0},{"damage":0,"enemies":"Orb Walker","floor":97,"turns":1},{"damage":0,"enemies":"3 Darklings","floor":99,"turns":1},{"damage":0,"enemies":"R_Hoarder","floor":100,"turns":2},{"damage":0,"enemies":"Giant Head","floor":103,"turns":1},{"damage":0,"enemies":"R_Hoarder","floor":105,"turns":1},{"damage":0,"enemies":"Nemesis","floor":106,"turns":1},{"damage":0,"enemies":"4 Shapes","floor":108,"turns":1},{"damage":0,"enemies":"Reptomancer","floor":109,"turns":1},{"damage":0,"enemies":"R_Hoarder","floor":110,"turns":2},{"damage":0,"enemies":"Time Eater","floor":112,"turns":2},{"damage":0,"enemies":"Time Eater","floor":114,"turns":1},{"damage":0,"enemies":"Time Eater","floor":115,"turns":1},{"damage":0,"enemies":"Time Eater","floor":119,"turns":1},{"damage":0,"enemies":"paleoftheancients:N","floor":123,"turns":2}],"seed_played":"-4553292824727057918","potions_obtained":[{"floor":2.0,"key":"EntropicBrew"},{"floor":4.0,"key":"Fire Potion"},{"floor":6.0,"key":"SkillPotion"},{"floor":7.0,"key":"PowerPotion"},{"floor":10.0,"key":"DuplicationPotion"},{"floor":14.0,"key":"GamblersBrew"},{"floor":16.0,"key":"Explosive Potion"},{"floor":18.0,"key":"SteroidPotion"},{"floor":23.0,"key":"SpeedPotion"},{"floor":27.0,"key":"SkillPotion"},{"floor":33.0,"key":"FearPotion"},{"floor":35.0,"key":"PowerPotion"},{"floor":48.0,"key":"Fruit Juice"},{"floor":50.0,"key":"Explosive Potion"},{"floor":52.0,"key":"Ancient Potion"},{"floor":53.0,"key":"Swift Potion"},{"floor":61.0,"key":"Swift Potion"},{"floor":63.0,"key":"EntropicBrew"},{"floor":69.0,"key":"DuplicationPotion"},{"floor":75.0,"key":"PowerPotion"},{"floor":87.0,"key":"DuplicationPotion"},{"floor":88.0,"key":"SkillPotion"}],"is_trial":true,"path_per_floor":["M","M","?","M","?","E","E","E","T","M","E","E","E","E","R","B",null,"M","$","M","?","?","E","E","M","T","E","$","E","T","E","R","B",null,"M","?","?","?","E","E","E","E","T","E","M","$","E","E","R","B",null,"M","M","$","$","R","M","R","$","?","B",null,"M","?","M","$","$","E","M","E","T","E","M","M","E","M","R","B",null,"M","?","E","$","?","E","$","M","E","R","E","$","M","E","R","B",null,"M","$","M","E","$","R","E","$","E","E","?","M","E","E","R","B",null,"M","M","?","$","R","M","R","$","?","B",null],"character_chosen":"Hololive_HololiveCharacter","items_purchased":["Membership Card","Blood Vial","Replay:Wax Seal","Hololive_StrengthChampion","Fruit Juice","PowerPotion","Pantograph","Quantum Egg","Hololive_CallDoris+1","Hololive_Trident","Onion Ring","Ccalipers","HandDrill","Hololive_CallMoonaHoshinova+1","Hololive_Yoholoon","Hololive_Teleport","Hololive_LightStick","Replay:Bandana","Strange Spoon","SSSystem","Garlic","Lee\u0027s Waffle","Hololive_SoulCatcher","GodSword6","Hololive_HuntDinosaur","Hololive_Teleport","Ornamental Fan","Lantern","ReplayTheSpireMod:CursedCoin","Blue Doll","ReplayTheSpireMod:ShopPack","Hololive_CallRoboco+1","Hololive_Rebound","Hololive_Yoholoon","MoreBug","Bronze Scales","Medical Kit","Replay:Rubber Ducky","BargainBundle","Potion Belt","Chemical X","Replay:Ringing Soul","Replay:Mystery Machine","Hololive_CocoNews","MerchantsRug","PrismaticShard","Lizard Tail","Toxic Egg 2","Gambling Chip","Gremlin Food","Hololive_Yoholoon","Orrery","Matryoshka","Omamori","Frozen Eye","Kunai","DollysMirror","MagicDraw4","Hololive_CallRoboco+1","Hololive_BringToTrial+1","Guide Book","Replay:PocketPolymizer","Whetstone","Hololive_CallMurasakiShion+1","Hololive_BringToTrial+1"],"campfire_rested":0,"item_purchase_floors":[19,19,19,19,19,19,28,28,28,28,46,46,46,46,46,46,54,54,54,55,55,55,55,59,59,59,66,66,66,67,67,67,67,67,83,83,83,86,86,86,91,91,91,91,98,98,98,98,101,101,101,101,104,104,104,117,117,117,117,117,121,121,121,121,121],"current_hp_per_floor":[35,35,35,35,23,23,23,23,23,23,23,23,23,23,32,32,35,35,40,40,24,24,26,28,30,30,32,40,40,40,40,40,40,40,40,40,40,40,40,40,40,40,40,56,56,56,58,65,65,65,65,65,65,65,72,72,72,72,72,72,72,72,72,72,72,78,84,86,86,86,86,86,86,86,88,88,88,88,88,88,88,88,88,94,94,94,94,94,94,94,97,97,99,99,101,101,101,101,101,103,116,116,118,118,120,122,116,116,119,122,122,125,125,125,125,102,120,135,135,135,138,138,138,143,143],"gold":4640,"neow_bonus":"","is_daily":false,"chose_seed":false,"campfire_upgraded":1,"win_rate":0.0,"timestamp":1611229443,"path_taken":["M","M","?","M","?","E","E","E","T","M","E","E","E","E","R","BOSS","M","$","M","?","?","E","E","?","T","E","$","E","?","E","R","BOSS","M","?","?","?","?","E","E","E","T","E","?","$","E","E","R","BOSS","M","M","?","$","R","M","R","$","?","BOSS","M","?","?","$","$","E","M","E","T","?","M","?","?","M","R","BOSS","M","?","?","$","?","E","$","?","E","R","?","$","M","E","R","BOSS","M","$","M","?","$","R","E","$","E","?","?","?","?","?","R","BOSS","M","M","?","$","R","M","R","$","?","BOSS"],"items_purchased_type":["Relic","Relic","Relic","Card","Potion","Potion","Relic","Relic","Card","Card","Relic","Relic","Relic","Card","Card","Card","Relic","Relic","Relic","Relic","Relic","Relic","Card","Relic","Card","Card","Relic","Relic","Relic","Relic","Relic","Card","Card","Card","Relic","Relic","Relic","Relic","Relic","Relic","Relic","Relic","Relic","Card","Relic","Relic","Relic","Relic","Relic","Relic","Card","Relic","Relic","Relic","Relic","Relic","Relic","Relic","Card","Card","Relic","Relic","Relic","Card","Card"],"build_version":"2020-12-22","purchased_purges":3,"victory":false,"max_hp_per_floor":[35,35,35,35,35,35,35,35,35,35,35,35,35,35,35,35,35,35,40,40,40,40,40,40,40,40,40,40,40,40,40,40,40,40,40,40,40,40,40,40,40,40,40,56,56,56,58,65,65,65,65,65,65,65,72,72,72,72,72,72,72,72,72,72,72,78,84,86,86,86,86,86,86,86,88,88,88,88,88,88,88,88,88,94,94,94,94,94,94,94,97,97,99,99,101,101,101,101,101,103,116,116,118,118,120,122,116,116,119,122,122,125,125,125,125,132,135,135,135,135,138,138,138,143,143],"card_choices":[{"not_picked":["Hololive_HighAtkLowDef","Hololive_WolfAndLamb","Hololive_MaximGun"],"picked":"Hololive_DurableLive","floor":6.0},{"not_picked":["Hololive_BeCareful","Hololive_Thief","Hololive_FlareMind"],"picked":"Hololive_MaximGun","floor":7.0},{"not_picked":["Hololive_Nanodesu","Hololive_FlareMind","Hololive_HighAtkLowDef"],"picked":"Hololive_Recruit","floor":8.0},{"not_picked":["Hololive_Thief","Hololive_FlareMind","Hololive_MaximGun"],"picked":"Hololive_DurableLive","floor":11.0},{"not_picked":["Hololive_MaximGun","Hololive_HighAtkLowDef","Hololive_WolfAndLamb"],"picked":"Hololive_IdolExercise","floor":12.0},{"not_picked":["Hololive_IdolExercise","Hololive_DurableLive","Hololive_HighAtkLowDef"],"picked":"Hololive_Rebirth","floor":13.0},{"not_picked":["Hololive_Rebirth","Hololive_Thief","Hololive_FlareMind"],"picked":"Hololive_IdolExercise","floor":14.0},{"not_picked":["Hololive_Recruit","Hololive_ASMR","Hololive_FlareMind"],"picked":"Hololive_StarCraft","floor":16.0},{"not_picked":["Hololive_HighAtkLowDef","Hololive_BeCareful","Hololive_Thief"],"picked":"Hololive_Nanodesu","floor":23.0},{"not_picked":["Hololive_BeCareful","Hololive_HighAtkLowDef","Hololive_DurableLive"],"picked":"Hololive_Rebirth","floor":24.0},{"not_picked":["Hololive_ScarfAndHalo","Hololive_OpenUp","Hololive_Thief"],"picked":"Hololive_Recruit","floor":27.0},{"not_picked":["Hololive_MaximGun","Hololive_Nanodesu","Hololive_BeCareful"],"picked":"Hololive_Recruit","floor":29.0},{"not_picked":["Hololive_OpenUp","Hololive_BeCareful","Hololive_StarCraft"],"picked":"Hololive_DiamondStrike","floor":31.0},{"not_picked":["Hololive_Nanodesu","Hololive_Rebirth","Hololive_DurableLive"],"picked":"Hololive_StarCraft","floor":33.0},{"not_picked":["Hololive_OvertimeWork","Hololive_HuntDinosaur+1","Hololive_Drill+1"],"picked":"Hololive_Sequa+1","floor":36.0},{"not_picked":["Hololive_HighAtkLowDef","Hololive_DiamondStrike","Hololive_Recruit"],"picked":"Hololive_DurableLive","floor":39.0},{"not_picked":["Hololive_IdolExercise","Hololive_ASMR","Hololive_Recruit"],"picked":"Hololive_DDD","floor":40.0},{"not_picked":["Hololive_BeCareful","Hololive_ScarfAndHalo","Hololive_DurableLive"],"picked":"Hololive_WolfAndLamb","floor":41.0},{"not_picked":["Hololive_Rebirth","Hololive_ScarfAndHalo","Hololive_Recruit","Hololive_FlareMind"],"picked":"SKIP","floor":42.0},{"not_picked":["Hololive_BeCareful","Hololive_ScarfAndHalo","Hololive_DurableLive","Hololive_DiamondStrike"],"picked":"Singing Bowl","floor":44.0},{"not_picked":["Hololive_DiamondStrike","Hololive_StarCraft","Hololive_AWSL","Hololive_OpenUp"],"picked":"Singing Bowl","floor":47.0},{"not_picked":["Hololive_Rebirth","Hololive_WolfAndLamb","Hololive_Thief","Hololive_BeCareful"],"picked":"Singing Bowl","floor":48.0},{"not_picked":["Hololive_CallShiranuiFlare+1","Hololive_RevenueBasedLive","Hololive_Psychosis+1"],"picked":"Hololive_CocoNews","floor":49.0},{"not_picked":["Hololive_ScarfAndHalo","Hololive_MaximGun","Hololive_Recruit"],"picked":"Hololive_IdolExercise","floor":50.0},{"not_picked":["Hololive_WolfAndLamb","Hololive_DurableLive","Hololive_HighAtkLowDef"],"picked":"Hololive_BeCareful","floor":61.0},{"not_picked":["Magnetism","SpeedBlade2_Colorless","Metamorphosis","ReplayUltimateDefense"],"picked":"Singing Bowl","floor":67.0},{"not_picked":["Purity","Midas Touch","Violence","Dark Shackles"],"picked":"Singing Bowl","floor":67.0},{"not_picked":["Mayhem","Deep Breath","Secret Weapon","Replay:Sssssssssstrike"],"picked":"Singing Bowl","floor":67.0},{"not_picked":["Hololive_Thief","Hololive_StarCraft","Hololive_Recruit","Hololive_DurableLive"],"picked":"Singing Bowl","floor":68.0},{"not_picked":["Hololive_FlareMind","Hololive_DurableLive","Hololive_Recruit"],"picked":"Hololive_StarCraft","floor":70.0},{"not_picked":["Hololive_StarCraft","Hololive_DDD","Hololive_OpenUp"],"picked":"Hololive_Thief","floor":72.0},{"not_picked":["Hololive_BeCareful","Hololive_FlareMind","Hololive_Recruit","Hololive_DurableLive"],"picked":"Singing Bowl","floor":75.0},{"not_picked":["Hololive_StarCraft","Hololive_DurableLive","Hololive_ScarfAndHalo"],"picked":"Hololive_BeCareful","floor":78.0},{"not_picked":["Hololive_Recruit","Hololive_WolfAndLamb","Hololive_OpenUp"],"picked":"Hololive_DurableLive","floor":82.0},{"not_picked":["Hololive_DDD","Hololive_MaximGun","Hololive_HighAtkLowDef"],"picked":"Hololive_BeCareful","floor":85.0},{"not_picked":["Hololive_ASMR","Hololive_DDD","Hololive_Thief"],"picked":"Hololive_BeCareful","floor":88.0},{"not_picked":["Hololive_DDD","Hololive_WolfAndLamb","Hololive_Thief"],"picked":"Hololive_DiamondStrike","floor":90.0},{"not_picked":["Hololive_DurableLive","Hololive_DiamondStrike","Hololive_DDD","Hololive_StarCraft"],"picked":"Singing Bowl","floor":93.0},{"not_picked":["Hololive_ASMR","Hololive_Thief","Hololive_StarCraft","Hololive_Recruit"],"picked":"Singing Bowl","floor":95.0},{"not_picked":["Hololive_ScarfAndHalo","Hemogenesis","Brutality+1","animator:TakanashiRikka+1"],"picked":"Singing Bowl","floor":100},{"not_picked":["HorizontalSquareChopping_Black","FlyingSleeves+1","Disarm+1","ScarletGensokyo+1"],"picked":"Singing Bowl","floor":101},{"not_picked":["animator:YuiTsuruno+1","PathToVictory+1","animator:Benimaru+1","ClowCardTheVoice+1"],"picked":"Singing Bowl","floor":101},{"not_picked":["Endless Agony+1","Mirror Shield+1","Redo+1","Replay:Sssssssssstrike+1"],"picked":"Singing Bowl","floor":101},{"not_picked":["SignatureMove","MiserableFate+1","Hololive_CallAiraniIofifteen+1","Genetic Algorithm+1"],"picked":"Singing Bowl","floor":101},{"not_picked":["animator:Shigure+1","Hololive_Rebound+1","Gash","animator:AcuraShin"],"picked":"Singing Bowl","floor":101},{"not_picked":["ReplayTheSpireMod:From All Sides","animator:SwordMaiden+1","SlashOfTheEternalFuture","HeavenGodSword"],"picked":"Singing Bowl","floor":103},{"not_picked":["Hololive_ASMR","ClowCardTheDark+1","animator:PinaCoLada+1","animator:KotoriKanbe+1"],"picked":"Singing Bowl","floor":105},{"not_picked":["Hololive_HighAtkLowDef+1","Establishment+1","animator:FeridBathory+1","Apotheosis+1"],"picked":"Singing Bowl","floor":106},{"not_picked":["HeartBreak","Violence+1","ReplayRNGCard+1"],"picked":"animator:Shiro+1","floor":109},{"not_picked":["animator:Emilia+1","Poisoned Strike","Demonic Infusion+1"],"picked":"Stick_Black+1","floor":110},{"not_picked":["animator:Lelouch+1","Offering+1","Violence+1"],"picked":"animator:Sora+1","floor":112}],"player_experience":596803,"relics_obtained":[{"floor":1.0,"key":"White Beast Statue"},{"floor":2.0,"key":"War Paint"},{"floor":3.0,"key":"ReplayTheSpireMod:Ring of Sloth"},{"floor":4.0,"key":"Replay:Kaleidoscope"},{"floor":6.0,"key":"Happy Flower"},{"floor":7.0,"key":"CeramicFish"},{"floor":8.0,"key":"Bag of Marbles"},{"floor":9.0,"key":"Golden Egg"},{"floor":10.0,"key":"Replay:Multitool"},{"floor":11.0,"key":"Eternal Feather"},{"floor":12.0,"key":"Divine Protection"},{"floor":13.0,"key":"ReplayFunnel"},{"floor":14.0,"key":"PreservedInsect"},{"floor":18.0,"key":"Frozen Egg 2"},{"floor":20.0,"key":"Meat on the Bone"},{"floor":21.0,"key":"Enchiridion"},{"floor":23.0,"key":"MealTicket"},{"floor":24.0,"key":"Dead Branch"},{"floor":25.0,"key":"Replay:Arrowhead"},{"floor":26.0,"key":"Letter Opener"},{"floor":27.0,"key":"GodSword1"},{"floor":29.0,"key":"Regal Pillow"},{"floor":30.0,"key":"Replay:WaspNest"},{"floor":31.0,"key":"InkBottle"},{"floor":32.0,"key":"StrikeDummy"},{"floor":35.0,"key":"Toy Ornithopter"},{"floor":36.0,"key":"Prayer Wheel"},{"floor":39.0,"key":"Replay:Bottled Steam"},{"floor":39.0,"key":"TungstenRod"},{"floor":40.0,"key":"Thread and Needle"},{"floor":40.0,"key":"Pocketwatch"},{"floor":41.0,"key":"Oddly Smooth Stone"},{"floor":41.0,"key":"GodSword4"},{"floor":42.0,"key":"Dream Catcher"},{"floor":42.0,"key":"FossilizedHelix"},{"floor":43.0,"key":"Bird Faced Urn"},{"floor":44.0,"key":"Singing Bowl"},{"floor":44.0,"key":"Mango"},{"floor":45.0,"key":"Du-Vu Doll"},{"floor":47.0,"key":"Girya"},{"floor":47.0,"key":"Tiny Chest"},{"floor":48.0,"key":"Nunchaku"},{"floor":48.0,"key":"MagicDraw3"},{"floor":53.0,"key":"ReplayTheSpireMod:Lightbulb"},{"floor":53.0,"key":"paleoftheancients:SoulOfTheCollector"},{"floor":56.0,"key":"Vajra"},{"floor":57.0,"key":"MawBank"},{"floor":58.0,"key":"Ice Cream"},{"floor":63.0,"key":"Replay:Baseball"},{"floor":65.0,"key":"Darkstone Periapt"},{"floor":69.0,"key":"Replay:Bottled Snecko"},{"floor":71.0,"key":"Hololive_FriedShrimpLion"},{"floor":73.0,"key":"ReplayTheSpireMod:Ninjato"},{"floor":74.0,"key":"Ancient Tea Set"},{"floor":76.0,"key":"ReplayTheSpireMod:TigerMarble"},{"floor":80.0,"key":"Replay:Bottled Eggs"},{"floor":87.0,"key":"Pen Nib"},{"floor":92.0,"key":"Akabeko"},{"floor":94.0,"key":"Old Coin"},{"floor":97,"key":"ChaoDraw"},{"floor":99,"key":"PlanX"},{"floor":102,"key":"Smiling Mask"},{"floor":108,"key":"Bag of Preparation"},{"floor":111,"key":"Sundial"},{"floor":114,"key":"Boot"},{"floor":115,"key":"Art of War"},{"floor":116,"key":"Blue Candle"},{"floor":116,"key":"Strawberry"},{"floor":119,"key":"ReplayTheSpireMod:Shallot"}],"event_choices":[{"damage_healed":0.0,"max_hp_gain":0.0,"max_hp_loss":0.0,"gold_gain":0.0,"event_name":"Scrap Ooze","player_choice":"Success","floor":5.0,"gold_loss":0.0,"damage_taken":12.0,"relics_obtained":["ScarletDevilRocket"]},{"damage_healed":0.0,"max_hp_gain":0.0,"max_hp_loss":0.0,"gold_gain":0.0,"event_name":"Cursed Tome","player_choice":"Obtained Book","floor":21.0,"gold_loss":0.0,"damage_taken":16.0},{"damage_healed":0.0,"max_hp_gain":0.0,"max_hp_loss":0.0,"gold_gain":0.0,"event_name":"MindBloom","player_choice":"Fight","floor":36.0,"gold_loss":0.0,"damage_taken":0.0},{"cards_removed":["Hololive_StarCraft"],"damage_healed":0.0,"max_hp_gain":0.0,"max_hp_loss":0.0,"gold_gain":0.0,"event_name":"Falling","player_choice":"Removed Skill","floor":37.0,"gold_loss":0.0,"damage_taken":0.0},{"damage_healed":0.0,"max_hp_gain":0.0,"max_hp_loss":0.0,"gold_gain":0.0,"event_name":"Tomb of Lord Red Mask","player_choice":"Ignored","floor":38.0,"gold_loss":0.0,"damage_taken":0.0},{"damage_healed":0.0,"max_hp_gain":0.0,"max_hp_loss":0.0,"gold_gain":0.0,"cards_transformed":["Hololive_FlyingPonyTail"],"event_name":"Transmorgrifier","player_choice":"Transformed","floor":64.0,"gold_loss":0.0,"damage_taken":0.0,"cards_obtained":["Hololive_ScarfAndHalo"]},{"damage_healed":0.0,"max_hp_gain":0.0,"max_hp_loss":0.0,"gold_gain":0.0,"event_name":"Vampires","player_choice":"Ignored","floor":81.0,"gold_loss":0.0,"damage_taken":0.0},{"damage_healed":0,"gold_gain":0,"player_choice":"Max HP","damage_taken":0,"max_hp_gain":0,"max_hp_loss":6,"event_name":"Winding Halls","floor":107,"gold_loss":0}],"is_beta":false,"boss_relics":[{"not_picked":["Painkiller Herb","Replay:Drink Me"],"picked":"Replay:Bronze Core"},{"not_picked":["Astrolabe","Runic Dome"],"picked":"Black Star"},{"not_picked":["Empty Cage","Replay:Fungal Core"],"picked":"SacredBark"},{"not_picked":["Philosopher\u0027s Stone","Hololive_Finger"],"picked":"EasyGame_NEW"},{"not_picked":["Replay:Fungal Core","Busted Crown"],"picked":"Replay:Wanted Poster"},{"not_picked":["Snecko Heart","Honey Jar"],"picked":"Fusion Hammer"},{"not_picked":["Ring of Chaos","Runic Pyramid"],"picked":"Hololive_TopUpMoneyS"},{"not_picked":["ChewingGum","Kintsugi"],"picked":"Tiny House"}],"items_purged_floors":[19,66,98],"is_endless":true,"potions_floor_spawned":[2,4,6,7,8,10,11,12,13,14,16,18,20,23,24,25,27,29,31,33,35,36,39,40,41,42,44,45,47,48,50,52,53,57,61,63,65,68,69,70,72,73,74,75,76,78,80,82,85,87,88,90,92,93,95,97,99,100,103,105,106,108,109,110,112,114,115,119,123],"ascension_level":0}}