{"host":"hwrdjx5eod2cxh09","time":1611233252,"event":{"mods":["AchievementEnabler","BaseMod","Bestiary","Minty Spire (QoL Compilation)","Relic Stats"],"gold_per_floor":[115,131,145,145,35,35,67,67,138,157,157,185,196,208,208,307,307,307,307],"floor_reached":18,"language":"ENG","playtime":725,"items_purged":[],"score":181,"play_id":"5a561365-9d3a-4407-822b-0d2e1c805529","local_time":"20210121214732","is_ascension_mode":true,"campfire_choices":[{"data":"Body Slam","floor":6,"key":"SMITH"},{"floor":15,"key":"REST"}],"circlet_count":0,"master_deck":["Bash","Shrug It Off","Body Slam+1","Evolve","Shockwave","Dark Embrace","Twin Strike","Whirlwind","Barricade","Sentinel","Feel No Pain","Searing Blow","Dark Embrace","Armaments","Twin Strike","Reaper","Pummel"],"relics":["Burning Blood","Whetstone","Mercury Hourglass","Dead Branch","Pandora\u0027s Box"],"acts_visited":["Exordium","TheCity"],"potions_floor_usage":[12,14,16],"damage_taken":[{"damage":3,"enemies":"Jaw Worm","floor":1,"turns":6},{"damage":1,"enemies":"2 Louse","floor":2,"turns":3},{"damage":4,"enemies":"Cultist","floor":3,"turns":4},{"damage":30,"enemies":"Lagavulin","floor":7,"turns":7},{"damage":13,"enemies":"Blue Slaver","floor":10,"turns":4},{"damage":12,"enemies":"Gremlin Nob","floor":12,"turns":3},{"damage":7,"enemies":"3 Louse","floor":13,"turns":3},{"damage":7,"enemies":"Exordium Thugs","floor":14,"turns":4},{"damage":39,"enemies":"Slime Boss","floor":16,"turns":11},{"damage":49,"enemies":"Spheric Guardian","floor":18,"turns":7}],"seed_played":"5905910733498794663","potions_obtained":[{"floor":2,"key":"Fire Potion"},{"floor":12,"key":"EssenceOfSteel"},{"floor":14,"key":"SteroidPotion"},{"floor":16,"key":"BloodPotion"}],"is_trial":false,"path_per_floor":["M","M","M","?","$","R","E","$","T","M","?","E","M","M","R","B",null,"M"],"character_chosen":"IRONCLAD","items_purchased":["Evolve","Shockwave"],"campfire_rested":1,"item_purchase_floors":[5,5],"current_hp_per_floor":[80,80,80,64,64,64,40,40,40,33,30,24,23,22,46,13,80,31,31],"gold":307,"neow_bonus":"REMOVE_CARD","is_daily":false,"chose_seed":false,"campfire_upgraded":1,"win_rate":0.0,"timestamp":1611233252,"path_taken":["M","M","M","?","$","R","E","$","T","M","?","E","M","M","R","BOSS","M"],"items_purchased_type":["Card","Card"],"build_version":"2020-12-22","purchased_purges":0,"victory":false,"max_hp_per_floor":[80,80,80,80,80,80,80,80,80,80,80,80,80,80,80,80,80,80,80],"relic_stats":{"counters":[10,52],"Dead Branch":[7],"Pandora\u0027s Box":["Sentinel","Feel No Pain","Searing Blow","Dark Embrace","Armaments","Twin Strike","Reaper","Pummel"],"Whetstone":["Strike_R","Strike_R"],"obtain_stats":[{"Dead Branch":12,"Pandora\u0027s Box":17,"Whetstone":7,"Burning Blood":0,"Mercury Hourglass":11},{"Dead Branch":6,"Pandora\u0027s Box":9,"Whetstone":4,"Burning Blood":0,"Mercury Hourglass":5},{"Dead Branch":27,"Pandora\u0027s Box":45,"Whetstone":20,"Burning Blood":0,"Mercury Hourglass":24}],"Burning Blood":44,"Mercury Hourglass":[99]},"card_choices":[{"not_picked":["Thunderclap","Clothesline"],"picked":"Shrug It Off","floor":1},{"not_picked":["Shrug It Off","Iron Wave"],"picked":"Body Slam","floor":2},{"not_picked":["Sever Soul","Body Slam","True Grit"],"picked":"SKIP","floor":3},{"not_picked":["Double Tap","Dual Wield"],"picked":"Dark Embrace","floor":7},{"not_picked":["Cleave","Anger","Dropkick"],"picked":"SKIP","floor":10},{"not_picked":["Brutality","Anger","Carnage"],"picked":"SKIP","floor":12},{"not_picked":["Sword Boomerang","Havoc"],"picked":"Twin Strike","floor":13},{"not_picked":["Flex","Clash"],"picked":"Whirlwind","floor":14},{"not_picked":["Bludgeon","Impervious"],"picked":"Barricade","floor":16}],"player_experience":209944,"relics_obtained":[{"floor":7,"key":"Whetstone"},{"floor":12,"key":"Dead Branch"}],"event_choices":[{"damage_healed":0,"gold_gain":0,"player_choice":"Entered Light","damage_taken":16,"max_hp_gain":0,"max_hp_loss":0,"event_name":"Shining Light","floor":4,"gold_loss":0,"cards_upgraded":["Strike_R","Strike_R"]},{"damage_healed":0,"gold_gain":0,"player_choice":"Success","damage_taken":3,"relics_obtained":["Mercury Hourglass"],"max_hp_gain":0,"max_hp_loss":0,"event_name":"Scrap Ooze","floor":11,"gold_loss":0}],"is_beta":false,"boss_relics":[{"not_picked":["Empty Cage","Black Blood"],"picked":"Pandora\u0027s Box"}],"items_purged_floors":[],"is_endless":false,"potions_floor_spawned":[2,12,14,16],"killed_by":"Spheric Guardian","ascension_level":1}}