{"host":"sc0o2qwpf9j16a4i","time":1611238463,"event":{"mods":["AchievementEnabler","BaseMod","BetterRewards","Block Reminder","Colored Map","Colored Powertips","Custom Start","Highlight Path","Minty Spire (QoL Compilation)","Relic Stats"],"gold_per_floor":[113,128,145,145,160,160,191,201,274,306,16,35,62,74,86,177,189,215,247,174,186,209,221,259,271,283,325,348,377,400,412,424,513,525,552,53,275,275,288,320,320,350,350,350,7,26,26,44,44,44,44,44,44,44,79,79,79],"floor_reached":56,"language":"ENG","playtime":2697,"items_purged":["Strike_B","Strike_B"],"score":2444,"play_id":"c2aba555-99d6-4fc7-a79e-e0d3ce4bb9f7","local_time":"20210121161423","is_ascension_mode":true,"campfire_choices":[{"floor":6.0,"key":"REST"},{"data":"Multi-Cast","floor":15.0,"key":"SMITH"},{"data":"Genetic Algorithm","floor":23.0,"key":"SMITH"},{"data":"Multi-Cast","floor":25.0,"key":"SMITH"},{"floor":32,"key":"REST"},{"data":"Fission","floor":41,"key":"SMITH"},{"floor":44,"key":"RECALL"},{"data":"Go for the Eyes","floor":49,"key":"SMITH"},{"data":"Hologram","floor":53,"key":"SMITH"}],"circlet_count":0,"master_deck":["AscendersBane","Strike_B","Defend_B","Defend_B","Defend_B","Defend_B","Zap","Dualcast","Static Discharge","Defragment+1","Conserve Battery","Glacier","Ball Lightning","Genetic Algorithm+1","Ball Lightning","Chill","Multi-Cast+1","Heatsinks","Electrodynamics","Heatsinks","Auto Shields","Cold Snap","Multi-Cast+1","Self Repair","Turbo","Compile Driver+1","Fission+1","Capacitor","Hologram+1","Machine Learning","Glacier","Defragment+1","Turbo","Go for the Eyes+1","Defragment+1","Skim","Glacier","Double Energy"],"relics":["Cracked Core","OrangePellets","Centennial Puzzle","MealTicket","Gambling Chip","Letter Opener","Ice Cream","Lee\u0027s Waffle","MawBank","Sozu","Dream Catcher","Red Mask","Mummified Hand","Runic Pyramid","Frozen Egg 2","Runic Capacitor","Strawberry","Singing Bowl","Smiling Mask","Anchor","Gremlin Horn"],"acts_visited":["Exordium","TheCity","TheBeyond","TheEnding"],"potions_floor_usage":[56],"damage_taken":[{"damage":1.0,"enemies":"Cultist","floor":1.0,"turns":3.0},{"damage":7.0,"enemies":"Small Slimes","floor":2.0,"turns":3.0},{"damage":1.0,"enemies":"Jaw Worm","floor":3.0,"turns":4.0},{"damage":7.0,"enemies":"Large Slime","floor":5.0,"turns":7.0},{"damage":32.0,"enemies":"Gremlin Nob","floor":7.0,"turns":4.0},{"damage":4.0,"enemies":"Exordium Wildlife","floor":8.0,"turns":6.0},{"damage":3.0,"enemies":"3 Sentries","floor":10.0,"turns":8.0},{"damage":1.0,"enemies":"2 Fungi Beasts","floor":12.0,"turns":4.0},{"damage":18.0,"enemies":"Gremlin Nob","floor":13.0,"turns":4.0},{"damage":10.0,"enemies":"The Guardian","floor":16.0,"turns":12.0},{"damage":7.0,"enemies":"2 Thieves","floor":18.0,"turns":3.0},{"damage":0.0,"enemies":"3 Byrds","floor":19.0,"turns":2.0},{"damage":22.0,"enemies":"Cultist and Chosen","floor":22.0,"turns":5.0},{"damage":0.0,"enemies":"Masked Bandits","floor":24.0,"turns":3.0},{"damage":26,"enemies":"Book of Stabbing","floor":27,"turns":6},{"damage":0,"enemies":"Centurion and Healer","floor":28,"turns":5},{"damage":0,"enemies":"3 Cultists","floor":29,"turns":3},{"damage":10,"enemies":"Snake Plant","floor":30,"turns":4},{"damage":57,"enemies":"Collector","floor":33,"turns":7},{"damage":0,"enemies":"3 Shapes","floor":35,"turns":2},{"damage":5,"enemies":"3 Darklings","floor":39,"turns":3},{"damage":17,"enemies":"Reptomancer","floor":40,"turns":5},{"damage":0,"enemies":"Nemesis","floor":42,"turns":7},{"damage":0,"enemies":"Spire Growth","floor":46,"turns":4},{"damage":8,"enemies":"4 Shapes","floor":48,"turns":3},{"damage":67,"enemies":"Awakened One","floor":50,"turns":16},{"damage":10,"enemies":"Time Eater","floor":51,"turns":21},{"damage":44,"enemies":"Shield and Spear","floor":55,"turns":6},{"damage":47,"enemies":"The Heart","floor":56,"turns":12}],"seed_played":"1943120229223445026","potions_obtained":[{"floor":5.0,"key":"CultistPotion"},{"floor":10.0,"key":"SkillPotion"},{"floor":12.0,"key":"Energy Potion"}],"is_trial":false,"path_per_floor":["M","M","M","?","M","R","E","M","T","E","$","M","E","?","R","B",null,"M","M","?","$","M","R","?","R","T","E","M","M","M","?","R","B",null,"M","$","?","?","M","E","R","E","T","R","$","M","$","M","R","B","B",null,"R","$","E","B"],"character_chosen":"DEFECT","items_purchased":["OrangePellets","Centennial Puzzle","MealTicket","Static Discharge","Defragment","Lee\u0027s Waffle","FocusPotion","Frozen Egg 2","Defragment+1","Runic Capacitor","Defragment+1","Anchor","Skim"],"campfire_rested":2,"item_purchase_floors":[0,0,0,0,0,11,11,36,36,36,45,45,45],"current_hp_per_floor":[37,30,29,29,22,43,11,7,7,4,78,77,59,59,59,49,71,64,64,64,78,56,56,56,56,56,30,37,44,41,41,64,14,62,69,78,78,74,74,71,71,80,80,80,83,83,83,77,77,17,14,67,67,82,45,0,0],"gold":79,"neow_bonus":"","is_daily":false,"chose_seed":false,"campfire_upgraded":6,"win_rate":0.0,"timestamp":1611238463,"path_taken":["M","M","?","?","M","R","E","M","T","E","$","M","E","?","R","BOSS","M","M","?","$","M","R","?","R","T","E","M","M","M","?","R","BOSS","M","$","?","?","M","E","R","E","T","R","?","M","?","M","R","BOSS","BOSS","R","$","E","BOSS"],"items_purchased_type":["Relic","Relic","Relic","Card","Card","Relic","Potion","Relic","Card","Relic","Card","Relic","Card"],"build_version":"2020-12-22","purchased_purges":2,"victory":false,"max_hp_per_floor":[71,71,71,71,71,71,71,71,71,71,78,78,78,78,78,78,78,78,78,78,78,78,78,78,78,78,78,78,78,78,78,78,78,78,78,78,78,74,74,81,81,83,83,83,83,83,83,85,85,85,85,85,85,85,85,85,85],"relic_stats":{"Lee\u0027s Waffle":59,"Singing Bowl":4,"Gremlin Horn":[0,0],"counters":[46,241],"Letter Opener":[271],"MawBank":276,"Smiling Mask":50,"Sozu":10,"OrangePellets":[12],"Centennial Puzzle":[66],"Dream Catcher":1,"Mummified Hand":[111],"Gambling Chip":[72],"MealTicket":56,"obtain_stats":[{"Darkstone Periapt":21,"Ice Cream":10,"Singing Bowl":42,"Gremlin Horn":55,"Runic Capacitor":36,"Smiling Mask":43,"Sozu":17,"Centennial Puzzle":0,"Dream Catcher":20,"Mummified Hand":27,"Gambling Chip":7,"Strawberry":40,"MealTicket":0,"Red Mask":24,"Cracked Core":0,"Runic Pyramid":34,"Lee\u0027s Waffle":11,"Golden Idol":2,"Astrolabe":34,"Letter Opener":9,"Frozen Egg 2":36,"Question Card":9,"MawBank":13,"OrangePellets":0,"Anchor":45,"Bronze Scales":12,"Art of War":7,"Bag of Marbles":26},{"Darkstone Periapt":9,"Ice Cream":24,"Singing Bowl":40,"Gremlin Horn":45,"Runic Capacitor":37,"Smiling Mask":40,"Sozu":8,"Centennial Puzzle":17,"Dream Catcher":29,"Mummified Hand":32,"Gambling Chip":22,"Strawberry":39,"MealTicket":17,"Red Mask":31,"Cracked Core":0,"Runic Pyramid":36,"Lee\u0027s Waffle":24,"Golden Idol":1,"Astrolabe":15,"Letter Opener":23,"Frozen Egg 2":37,"Question Card":4,"MawBank":26,"OrangePellets":17,"Anchor":40,"Bronze Scales":6,"Art of War":4,"Bag of Marbles":10},{"Darkstone Periapt":32,"Ice Cream":104,"Singing Bowl":179,"Gremlin Horn":229,"Runic Capacitor":164,"Smiling Mask":179,"Sozu":29,"Centennial Puzzle":69,"Dream Catcher":129,"Mummified Hand":143,"Gambling Chip":90,"Strawberry":172,"MealTicket":69,"Red Mask":137,"Cracked Core":0,"Runic Pyramid":162,"Lee\u0027s Waffle":104,"Golden Idol":3,"Astrolabe":62,"Letter Opener":96,"Frozen Egg 2":164,"Question Card":13,"MawBank":112,"OrangePellets":69,"Anchor":179,"Bronze Scales":21,"Art of War":13,"Bag of Marbles":33}]},"card_choices":[{"not_picked":["Recycle","Fusion"],"picked":"Conserve Battery","floor":1.0},{"not_picked":["Beam Cell","Steam"],"picked":"Glacier","floor":2.0},{"not_picked":["Compile Driver","Hologram"],"picked":"Ball Lightning","floor":3.0},{"not_picked":["Skim","Streamline","Heatsinks"],"picked":"SKIP","floor":5.0},{"not_picked":["Tempest","Hologram"],"picked":"Genetic Algorithm","floor":7.0},{"not_picked":["Redo","Barrage"],"picked":"Ball Lightning","floor":8.0},{"not_picked":["Static Discharge","Conserve Battery"],"picked":"Chill","floor":10.0},{"not_picked":["Streamline","Fusion"],"picked":"Multi-Cast","floor":12.0},{"not_picked":["Steam","Coolheaded"],"picked":"Heatsinks","floor":13.0},{"not_picked":["Fission","Reboot"],"picked":"Electrodynamics","floor":16.0},{"not_picked":["Stack","FTL"],"picked":"Heatsinks","floor":18.0},{"not_picked":["Turbo","Storm"],"picked":"Auto Shields","floor":19.0},{"not_picked":["Melter","FTL"],"picked":"Cold Snap","floor":22.0},{"not_picked":["Chill","Streamline"],"picked":"Multi-Cast","floor":24.0},{"not_picked":["Scrape","Conserve Battery+1"],"picked":"Self Repair","floor":27},{"not_picked":["Streamline","Skim"],"picked":"Turbo","floor":28},{"not_picked":["Barrage","Streamline"],"picked":"Compile Driver+1","floor":29},{"not_picked":["Aggregate","Sweeping Beam"],"picked":"Fission","floor":30},{"not_picked":["Go for the Eyes","Consume"],"picked":"Hologram","floor":32},{"not_picked":["Hyperbeam","Fission"],"picked":"Machine Learning","floor":33},{"not_picked":["Ball Lightning","Streamline+1"],"picked":"Glacier","floor":35},{"not_picked":["Leap","Steam+1"],"picked":"Turbo","floor":39},{"not_picked":["Genetic Algorithm","Undo"],"picked":"Go for the Eyes","floor":40},{"not_picked":["Conserve Battery+1","Go for the Eyes","Rebound"],"picked":"Singing Bowl","floor":42},{"not_picked":["Static Discharge+1","Leap"],"picked":"Glacier","floor":46},{"not_picked":["Rebound","Chill","Static Discharge+1"],"picked":"Singing Bowl","floor":48},{"not_picked":["Fission","BootSequence"],"picked":"Double Energy","floor":55}],"player_experience":836398,"relics_obtained":[{"floor":7.0,"key":"Gambling Chip"},{"floor":9.0,"key":"Letter Opener"},{"floor":10.0,"key":"Ice Cream"},{"floor":13.0,"key":"MawBank"},{"floor":24.0,"key":"Red Mask"},{"floor":27,"key":"Mummified Hand"},{"floor":40,"key":"Strawberry"},{"floor":42,"key":"Singing Bowl"},{"floor":43,"key":"Smiling Mask"},{"floor":55,"key":"Gremlin Horn"}],"event_choices":[{"damage_healed":0.0,"max_hp_gain":0.0,"max_hp_loss":0.0,"gold_gain":0.0,"event_name":"Living Wall","player_choice":"Grow","floor":4.0,"gold_loss":0.0,"damage_taken":0.0,"cards_upgraded":["Defragment"]},{"cards_removed":["Strike_B"],"damage_healed":0.0,"max_hp_gain":0.0,"max_hp_loss":0.0,"gold_gain":0.0,"event_name":"Bonfire Elementals","player_choice":"Offered Basic","floor":14.0,"gold_loss":0.0,"damage_taken":0.0},{"damage_healed":0.0,"max_hp_gain":0.0,"max_hp_loss":0.0,"gold_gain":0.0,"event_name":"Addict","player_choice":"Obtained Relic","floor":20.0,"gold_loss":85.0,"damage_taken":0.0,"relics_obtained":["Dream Catcher"]},{"damage_healed":0.0,"max_hp_gain":0.0,"max_hp_loss":0.0,"gold_gain":0.0,"event_name":"Masked Bandits","player_choice":"Fought Bandits","floor":24.0,"gold_loss":0.0,"damage_taken":0.0},{"damage_healed":0,"gold_gain":0,"player_choice":"Read","damage_taken":0,"max_hp_gain":0,"max_hp_loss":0,"event_name":"The Library","floor":31,"gold_loss":0,"cards_obtained":["Capacitor"]},{"damage_healed":0,"gold_gain":222,"player_choice":"Wore Mask","damage_taken":0,"max_hp_gain":0,"max_hp_loss":0,"event_name":"Tomb of Lord Red Mask","floor":37,"gold_loss":0},{"damage_healed":0,"gold_gain":0,"player_choice":"Max HP","damage_taken":0,"max_hp_gain":0,"max_hp_loss":4,"event_name":"Winding Halls","floor":38,"gold_loss":0}],"is_beta":false,"boss_relics":[{"not_picked":["FrozenCore","Calling Bell"],"picked":"Sozu"},{"not_picked":["Runic Dome","Nuclear Battery"],"picked":"Runic Pyramid"}],"items_purged_floors":[11,45],"is_endless":false,"potions_floor_spawned":[5,10,12,18,24,27,35,40,46],"killed_by":"The Heart","ascension_level":20}}