{"host":"qrt7o4dq2qslzw13","time":1611233773,"event":{"mods":["AchievementEnabler","BaseMod","Colored Map","Colored Powertips","Minty Spire (QoL Compilation)","Quick Restart","StSLib","SuperFastMode"],"gold_per_floor":[112,112,130,41,41,41,17,58,83,8,45,68,108,24,24,134,134,157,177,177,177],"floor_reached":20,"language":"ENG","playtime":430,"items_purged":["Clumsy"],"score":230,"play_id":"09017ced-faa1-4c89-9785-75e75b37b0d3","local_time":"20210121075613","is_ascension_mode":false,"campfire_choices":[{"data":"Transmutation","floor":6.0,"key":"SMITH"},{"data":"WreathOfFlame","floor":15.0,"key":"SMITH"}],"circlet_count":0,"master_deck":["Strike_P","Strike_P","Defend_P","Defend_P","Defend_P","Defend_P","Eruption+1","Vigilance","Transmutation+1","SashWhip","Omniscience","Forethought","FollowUp+1","Trip","CrushJoints","CarveReality","Adaptation","Judgement","WreathOfFlame+1","Swift Strike","DeusExMachina","Study","EmptyFist+1"],"relics":["PureWater","CeramicFish","Whetstone","Odd Mushroom","Darkstone Periapt","Empty Cage"],"acts_visited":["Exordium","TheCity"],"potions_floor_usage":[19,20],"damage_taken":[{"damage":0.0,"enemies":"Small Slimes","floor":1.0,"turns":3.0},{"damage":0.0,"enemies":"Cultist","floor":3.0,"turns":3.0},{"damage":2.0,"enemies":"Gremlin Nob","floor":8.0,"turns":4.0},{"damage":2.0,"enemies":"The Mushroom Lair","floor":11.0,"turns":3.0},{"damage":6.0,"enemies":"Jaw Worm","floor":12.0,"turns":4.0},{"damage":8.0,"enemies":"Lagavulin","floor":13.0,"turns":5.0},{"damage":0.0,"enemies":"Slime Boss","floor":16.0,"turns":5.0},{"damage":17.0,"enemies":"2 Thieves","floor":18.0,"turns":4.0},{"damage":18,"enemies":"Shell Parasite","floor":19,"turns":4},{"damage":12,"enemies":"Snecko","floor":20,"turns":4}],"seed_played":"1549831705497314021","potions_obtained":[{"floor":1.0,"key":"Fire Potion"},{"floor":3.0,"key":"Energy Potion"},{"floor":5.0,"key":"Fruit Juice"},{"floor":5.0,"key":"Block Potion"},{"floor":12.0,"key":"Weak Potion"},{"floor":18.0,"key":"AttackPotion"}],"is_trial":false,"path_per_floor":["M","?","M","$","?","R","$","E","T","$","?","M","E","$","R","B",null,"M","M","M"],"character_chosen":"WATCHER","items_purchased":["Trip","CrushJoints","Swift Strike"],"campfire_rested":0,"item_purchase_floors":[4,7,14],"current_hp_per_floor":[72,72,72,72,77,77,77,75,75,75,73,67,59,59,59,59,77,60,42,30,30],"gold":177,"neow_bonus":"RANDOM_COLORLESS_2","is_daily":false,"chose_seed":false,"campfire_upgraded":2,"win_rate":0.0,"timestamp":1611233773,"path_taken":["M","?","?","$","?","R","$","E","T","?","?","M","E","?","R","BOSS","M","M","M"],"items_purchased_type":["Card","Card","Card"],"build_version":"2020-12-22","purchased_purges":1,"victory":false,"max_hp_per_floor":[72,72,72,72,77,77,77,77,77,77,77,77,77,77,77,77,77,77,77,77,77],"card_choices":[{"not_picked":["Violence","Thinking Ahead"],"picked":"Transmutation","floor":0.0},{"not_picked":["Consecrate","CarveReality"],"picked":"SashWhip","floor":1.0},{"not_picked":["Perseverance","Consecrate"],"picked":"FollowUp","floor":3.0},{"not_picked":["Crescendo","PathToVictory"],"picked":"CarveReality","floor":8.0},{"not_picked":["WheelKick","ThirdEye"],"picked":"Adaptation","floor":11.0},{"not_picked":["PathToVictory","Sanctity"],"picked":"Judgement","floor":12.0},{"not_picked":["ReachHeaven","FollowUp"],"picked":"WreathOfFlame","floor":13.0},{"not_picked":["Blasphemy","Brilliance"],"picked":"DeusExMachina","floor":16.0},{"not_picked":["Meditate","FollowUp"],"picked":"Study","floor":18.0},{"not_picked":["Pray","CarveReality"],"picked":"EmptyFist+1","floor":19}],"player_experience":573173,"relics_obtained":[{"floor":8.0,"key":"CeramicFish"},{"floor":9.0,"key":"Whetstone"},{"floor":11.0,"key":"Odd Mushroom"},{"floor":13.0,"key":"Darkstone Periapt"}],"event_choices":[{"damage_healed":0.0,"max_hp_gain":0.0,"max_hp_loss":0.0,"gold_gain":0.0,"event_name":"Match and Keep!","player_choice":"2 cards matched","floor":2.0,"gold_loss":0.0,"damage_taken":0.0,"cards_obtained":["Omniscience","Forethought"]},{"damage_healed":0.0,"max_hp_gain":0.0,"max_hp_loss":0.0,"gold_gain":0.0,"event_name":"Lab","player_choice":"Got Potions","floor":5.0,"gold_loss":0.0,"damage_taken":0.0},{"damage_healed":0.0,"max_hp_gain":0.0,"max_hp_loss":0.0,"gold_gain":0.0,"event_name":"Mushrooms","player_choice":"Fought Mushrooms","floor":11.0,"gold_loss":0.0,"damage_taken":0.0}],"is_beta":false,"boss_relics":[{"not_picked":["Tiny House","Runic Pyramid"],"picked":"Empty Cage"}],"items_purged_floors":[10],"is_endless":false,"potions_floor_spawned":[1,3,12,18],"killed_by":"Snecko","ascension_level":0}}