{"host":"4myl0piycjadqnwl","time":1611271681,"event":{"mods":["BaseMod","Colored Map","Downfall","Minty Spire (QoL Compilation)","StSLib"],"gold_per_floor":[99,99,99,99,99,127,139,177,29,44,71,85,85,85,105,203,203,3,16,29,56,56,56,56,56],"floor_reached":23,"language":"ENG","playtime":2108,"items_purged":[],"score":226,"play_id":"a16d332e-8e38-4c39-a332-6fe556215f2b","local_time":"20210122002801","is_ascension_mode":true,"campfire_choices":[{"floor":1.0,"key":"RECALL"},{"floor":13.0,"key":"REST"},{"data":"bronze:ClassDefault","floor":18,"key":"SMITH"}],"circlet_count":0,"master_deck":["bronze:Strike+1","bronze:Strike+1","bronze:Strike","bronze:Strike","bronze:Defend","bronze:Defend","bronze:Defend","bronze:Defend","bronze:Replicate+1","bronze:Goto+1","bronze:Constructor+1","bronze:ChosenStrike","bronze:ClassDefault+1","bronze:WhirlingStrike","bronze:Terminator","bronze:Shell","bronze:WildBeam","bronze:Fortify","bronze:BuggyMess","bronze:RecursiveStrike","bronze:Repair","bronze:FineTuning","downfall:Bewildered"],"relics":["bronze:BronzeCore","downfall:HeartsMalice","MawBank","Pantograph","Blue Candle","Medical Kit","Whetstone","Cursed Key","downfall:HeartBlessingRed","downfall:HeartBlessingGreen","Red Mask","Matryoshka"],"acts_visited":["Exordium","TheCity"],"potions_floor_usage":[23,23],"damage_taken":[{"damage":0.0,"enemies":"Small Slimes","floor":2.0,"turns":1.0},{"damage":0.0,"enemies":"Cultist","floor":3.0,"turns":1.0},{"damage":0.0,"enemies":"Jaw Worm","floor":5.0,"turns":1.0},{"damage":15.0,"enemies":"Gremlin Nob","floor":6.0,"turns":4.0},{"damage":8.0,"enemies":"3 Sentries","floor":8.0,"turns":7.0},{"damage":3.0,"enemies":"downfall:FleeingMerchant","floor":9.0,"turns":4.0},{"damage":22.0,"enemies":"Exordium Thugs","floor":10.0,"turns":3.0},{"damage":15.0,"enemies":"Gremlin Nob","floor":11.0,"turns":5.0},{"damage":3.0,"enemies":"Large Slime","floor":12.0,"turns":3.0},{"damage":14.0,"enemies":"Red Slaver","floor":15.0,"turns":2.0},{"damage":52.0,"enemies":"WA_ARCHETYPE_RETAIN","floor":16.0,"turns":8.0},{"damage":0,"enemies":"Spheric Guardian","floor":19,"turns":2},{"damage":31,"enemies":"Centurion and Healer","floor":20,"turns":5},{"damage":34,"enemies":"Masked Bandits","floor":21,"turns":5},{"damage":22,"enemies":"Book of Stabbing","floor":23,"turns":6}],"seed_played":"4396768120142402931","potions_obtained":[{"floor":6.0,"key":"Block Potion"},{"floor":10.0,"key":"DistilledChaos"},{"floor":11.0,"key":"AttackPotion"},{"floor":12.0,"key":"Ancient Potion"},{"floor":15.0,"key":"bronze:BurnAndBuffPotion"},{"floor":19,"key":"Weak Potion"}],"is_trial":false,"path_per_floor":["R","M","M","?","M","E","T","E","$","M","E","M","R","?","M","B",null,"R","M","M","?","T","E"],"character_chosen":"THE_AUTOMATON","items_purchased":["Medical Kit"],"campfire_rested":1,"item_purchase_floors":[9],"current_hp_per_floor":[70,70,70,70,70,55,55,47,44,22,7,4,25,48,34,7,70,70,70,39,12,12,0,0,0],"gold":56,"neow_bonus":"THREE_ENEMY_KILL","is_daily":false,"chose_seed":false,"campfire_upgraded":1,"win_rate":0.0,"timestamp":1611271681,"path_taken":["R","M","M","?","?","E","T","E","?","M","E","M","R","?","M","BOSS","BOSS","R","M","M","?","?","E"],"items_purchased_type":["Relic"],"build_version":"2020-12-22","purchased_purges":0,"victory":false,"max_hp_per_floor":[70,70,70,70,70,70,70,70,70,70,70,70,70,70,70,70,70,70,70,70,70,70,70,70,70],"card_choices":[{"not_picked":["bronze:OilSpill","bronze:DarkDash"],"picked":"bronze:Constructor","floor":2.0},{"not_picked":["bronze:Frontload","bronze:BugBarrage"],"picked":"bronze:ChosenStrike","floor":3.0},{"not_picked":["bronze:Overheat","bronze:Branch"],"picked":"bronze:ClassDefault","floor":5.0},{"not_picked":["bronze:Frontload","bronze:ItsAFeature"],"picked":"bronze:WhirlingStrike","floor":6.0},{"not_picked":["bronze:CloningBeam","bronze:Boost"],"picked":"bronze:Terminator","floor":8.0},{"not_picked":["bronze:Turbo","bronze:Assembly"],"picked":"bronze:Shell","floor":9.0},{"not_picked":["bronze:WildBeam","bronze:WhirlingStrike","bronze:DelayedGuard"],"picked":"SKIP","floor":10.0},{"not_picked":["bronze:Backtrace","bronze:WhirlingStrike"],"picked":"bronze:WildBeam","floor":11.0},{"not_picked":["bronze:Refactor","bronze:Separator"],"picked":"bronze:Fortify","floor":12.0},{"not_picked":["bronze:DarkDash","bronze:Overload"],"picked":"bronze:BuggyMess","floor":15.0},{"not_picked":["bronze:FindAndReplace","bronze:ShipIt"],"picked":"bronze:RecursiveStrike","floor":16},{"not_picked":["bronze:CutThrough","bronze:Separator+1","bronze:Optimize"],"picked":"SKIP","floor":19},{"not_picked":["bronze:WildBeam","bronze:Overload"],"picked":"bronze:Repair","floor":20},{"not_picked":["bronze:DarkDash","bronze:Philosophize+1"],"picked":"bronze:FineTuning","floor":21}],"player_experience":1452046,"relics_obtained":[{"floor":6.0,"key":"MawBank"},{"floor":7.0,"key":"Pantograph"},{"floor":8.0,"key":"Blue Candle"},{"floor":11.0,"key":"Whetstone"},{"floor":21,"key":"Red Mask"},{"floor":22,"key":"Matryoshka"}],"event_choices":[{"damage_healed":23.0,"max_hp_gain":0.0,"max_hp_loss":0.0,"gold_gain":0.0,"event_name":"Big Fish","player_choice":"Banana","floor":14.0,"gold_loss":0.0,"damage_taken":0.0},{"damage_healed":0,"gold_gain":0,"player_choice":"Fought Bandits","damage_taken":0,"max_hp_gain":0,"max_hp_loss":0,"event_name":"Masked Bandits","floor":21,"gold_loss":0}],"is_beta":false,"boss_relics":[{"not_picked":["Empty Cage","bronze:PlatinumCore"],"picked":"Cursed Key"}],"items_purged_floors":[],"is_endless":false,"potions_floor_spawned":[6,10,11,12,15,19,21],"killed_by":"Book of Stabbing","ascension_level":2}}