{"host":"r10yh36zs2k9z1sa","time":1611234624,"event":{"mods":["Astrologer","BaseMod","Colored Map","Hermit","Marisa¡]Ãú«B¡@Å]²z¨F¡^","Minty Spire (QoL Compilation)","Permanent Neow","Remilia¡]Á¢¦Ì²ú?¡^","StSLib","The Animator","The Bug Knight","The Cursed","The Gatherer","The Hierophant","The Necromancer","The Runesmith","The Servant 0.9.4"],"gold_per_floor":[155,155,80,80,121,121,121],"floor_reached":6,"language":"ZHS","playtime":290,"items_purged":["astrologer:Strike"],"score":34,"play_id":"b8b83d55-cbba-4478-8a43-bb18a07186f8","local_time":"20210121211024","is_ascension_mode":false,"campfire_choices":[],"circlet_count":0,"master_deck":["astrologer:Strike","astrologer:Strike","astrologer:Defend","astrologer:Defend+1","astrologer:Defend","astrologer:Defend","astrologer:NorthStar","astrologer:TheFool","HandOfGreed+1","astrologer:Still","astrologer:Radiance"],"relics":["astrologer:SkyMirror"],"acts_visited":["Exordium"],"potions_floor_usage":[],"damage_taken":[{"damage":0,"enemies":"Small Slimes","floor":1,"turns":3},{"damage":0,"enemies":"Cultist","floor":5,"turns":2},{"damage":40,"enemies":"Gremlin Nob","floor":6,"turns":5}],"seed_played":"5665117573460167320","potions_obtained":[],"is_trial":false,"path_per_floor":["M","?","$","?","M","E"],"character_chosen":"ASTROLOGER","items_purchased":[],"campfire_rested":0,"item_purchase_floors":[],"current_hp_per_floor":[49,49,49,35,35,0,0],"gold":121,"neow_bonus":"RANDOM_COLORLESS_2","is_daily":false,"chose_seed":false,"campfire_upgraded":0,"win_rate":0.0,"timestamp":1611234624,"path_taken":["M","?","?","?","M","E"],"items_purchased_type":[],"build_version":"2020-12-22","purchased_purges":1,"victory":false,"max_hp_per_floor":[70,70,70,70,70,70,70],"card_choices":[{"not_picked":["Transmutation","Panache"],"picked":"HandOfGreed","floor":0},{"not_picked":["astrologer:ReadTheStars","astrologer:LonelyStar"],"picked":"astrologer:Still","floor":1},{"not_picked":["astrologer:Radiance","astrologer:StarOfMisfortune","astrologer:Stardust"],"picked":"SKIP","floor":5}],"player_experience":280368,"relics_obtained":[],"event_choices":[{"damage_healed":0,"gold_gain":0,"cards_transformed":["astrologer:Strike"],"player_choice":"Transformed","damage_taken":0,"max_hp_gain":0,"max_hp_loss":0,"event_name":"Transmorgrifier","floor":2,"gold_loss":0,"cards_obtained":["astrologer:Radiance"]},{"damage_healed":0,"gold_gain":0,"player_choice":"Entered Light","damage_taken":14,"max_hp_gain":0,"max_hp_loss":0,"event_name":"Shining Light","floor":4,"gold_loss":0,"cards_upgraded":["HandOfGreed","astrologer:Defend"]}],"is_beta":false,"boss_relics":[],"items_purged_floors":[3],"is_endless":false,"potions_floor_spawned":[],"killed_by":"Gremlin Nob","ascension_level":0}}