{"host":"¿à÷økuyou","time":1611241256,"event":{"mods":["ATMod(°¢èªMod)","Act Like it!","BaseMod","BetterRewards","Minty Spire (QoL Compilation)","Quick Restart","RyuuouÁúÍõ","StSLib"],"gold_per_floor":[114,64,64,64,64,64,83,102,127,177,208,258,445,476,488,645,657,688,700,781,793,904,954,985,1035,1072,1084,1096,1108,1120,1151,1163,1300,1312,1343,1455,1486,924,924,962,962,962,987,1006,1025,450,450,469,469,469],"floor_reached":51,"language":"ZHS","playtime":1862,"items_purged":[],"score":1123,"play_id":"f2b961b2-cba4-47fd-9844-1db05a4edfb4","local_time":"20210121230056","daily_mods":["Chimera","Hoarder","Binary"],"is_ascension_mode":false,"campfire_choices":[{"data":"AT_FamilyPortrait","floor":6.0,"key":"SMITH"},{"data":"AT_FamilyPortrait","floor":15,"key":"SMITH"},{"data":"Body Slam","floor":27,"key":"SMITH"},{"data":"AT_FamilyPortrait","floor":29,"key":"SMITH"},{"data":"Metallicize","floor":32,"key":"SMITH"},{"data":"AT_EmpoweredMortalDraw","floor":42,"key":"SMITH"},{"data":"AT_EmpoweredMortalDraw","floor":49,"key":"SMITH"}],"circlet_count":0,"master_deck":["Survivor","Strike_R","Strike_G","Strike_B","Defend_R","Defend_G","Defend_P","AT_FamilyPortrait+1","AT_FamilyPortrait+1","AT_FamilyPortrait+1","AT_DiedThrough","AT_DiedThrough","AT_DiedThrough","Regret","Regret","Regret","Injury","Injury","Injury","Second Wind","Second Wind","Second Wind","Doubt","Doubt","Doubt","Shockwave","Shockwave","Shockwave","Barricade","Perfected Strike","Perfected Strike","Perfected Strike","Ghostly","Ghostly","Ghostly","Ghostly","Ghostly","Ghostly","Ghostly","Ghostly","Ghostly","Ghostly","Ghostly","Ghostly","Ghostly","Ghostly","Ghostly","Body Slam+1","Body Slam","Body Slam","AT_DiedThrough","AT_DiedThrough","AT_DiedThrough","Metallicize+1","Metallicize","Metallicize","Intimidate","Intimidate","Intimidate","AT_BodySlamDance+1","AT_BodySlamDance+1","AT_BodySlamDance+1","Reaper","Reaper","Reaper","AT_EmpoweredMortalDraw+1","AT_EmpoweredMortalDraw","AT_EmpoweredMortalDraw+1","Pommel Strike","Pommel Strike","Pommel Strike","AT_IchimonjiDouble+1","AT_IchimonjiDouble+1","AT_IchimonjiDouble+1","Perfected Strike","Perfected Strike","Perfected Strike","Fiend Fire","Fiend Fire","Fiend Fire","Discovery","Discovery","Discovery","AT_ShrugMaster+1","AT_ShrugMaster+1","AT_ShrugMaster+1","AT_EmpoweredMortalDraw","AT_EmpoweredMortalDraw","AT_EmpoweredMortalDraw","Spot Weakness+1","Spot Weakness+1","Spot Weakness+1"],"relics":["Burning Blood","AT_ATBox","Pen Nib","Golden Idol","MawBank","Juzu Bracelet","Philosopher\u0027s Stone","AT_Manta","Bottled Flame","Strawberry","Toy Ornithopter","Red Mask","AT_MortalBlade","White Beast Statue","AT_SilvercatRing","Nunchaku","Akabeko","Darkstone Periapt","Bronze Scales"],"acts_visited":["Exordium","TheCity","TheBeyond"],"potions_floor_usage":[14,18,24,33,38,50,50,50,50,50,50],"damage_taken":[{"damage":0.0,"enemies":"Jaw Worm","floor":1.0,"turns":4.0},{"damage":0.0,"enemies":"Small Slimes","floor":7.0,"turns":1.0},{"damage":0.0,"enemies":"2 Louse","floor":8.0,"turns":2.0},{"damage":2.0,"enemies":"Gremlin Nob","floor":10.0,"turns":3.0},{"damage":3.0,"enemies":"2 Fungi Beasts","floor":11.0,"turns":3.0},{"damage":10.0,"enemies":"3 Sentries","floor":12.0,"turns":5.0},{"damage":14,"enemies":"Gremlin Gang","floor":14,"turns":6},{"damage":39,"enemies":"Slime Boss","floor":16,"turns":7},{"damage":33,"enemies":"3 Byrds","floor":18,"turns":6},{"damage":10,"enemies":"Shell Parasite","floor":20,"turns":4},{"damage":10,"enemies":"Slavers","floor":23,"turns":8},{"damage":8,"enemies":"Snake Plant","floor":24,"turns":8},{"damage":8,"enemies":"Gremlin Leader","floor":25,"turns":7},{"damage":15,"enemies":"Masked Bandits","floor":28,"turns":6},{"damage":2,"enemies":"Snecko","floor":31,"turns":4},{"damage":0,"enemies":"Collector","floor":33,"turns":5},{"damage":0,"enemies":"3 Shapes","floor":35,"turns":2},{"damage":0,"enemies":"Orb Walker","floor":37,"turns":1},{"damage":1,"enemies":"Nemesis","floor":40,"turns":4},{"damage":2,"enemies":"Maw","floor":44,"turns":5},{"damage":2,"enemies":"Transient","floor":45,"turns":5},{"damage":0,"enemies":"Sphere and 2 Shapes","floor":48,"turns":4},{"damage":15,"enemies":"Awakened One","floor":50,"turns":4}],"seed_played":"811174962971598332","potions_obtained":[{"floor":1.0,"key":"Weak Potion"},{"floor":11.0,"key":"BlessingOfTheForge"},{"floor":18,"key":"DistilledChaos"},{"floor":20,"key":"PowerPotion"},{"floor":23,"key":"EntropicBrew"},{"floor":31,"key":"Regen Potion"},{"floor":37,"key":"DistilledChaos"},{"floor":40,"key":"LiquidMemories"},{"floor":45,"key":"CultistPotion"}],"is_trial":false,"path_per_floor":["M","?","?","$","?","R","M","M","T","E","M","E","?","M","R","B",null,"M","?","M","?","?","E","M","E","T","R","?","R","?","M","R","B",null,"M","?","M","$","?","E","?","R","T","M","M","$","T","M","R","B",null],"character_chosen":"IRONCLAD","items_purchased":["Perfected Strike","White Beast Statue","Fiend Fire","Fruit Juice","Discovery","AT_EmpoweredMortalDraw","Akabeko","Darkstone Periapt"],"campfire_rested":0,"item_purchase_floors":[38,38,38,38,38,46,46,46],"current_hp_per_floor":[80,80,80,80,80,80,83,83,83,83,83,79,79,71,71,38,83,56,56,52,41,41,37,35,40,40,40,31,31,31,35,35,48,48,48,48,48,53,53,53,53,53,53,53,53,53,53,53,53,53],"gold":469,"neow_bonus":"","is_daily":true,"chose_seed":false,"campfire_upgraded":7,"win_rate":0.0,"timestamp":1611241256,"path_taken":["M","?","?","$","?","R","M","M","T","E","M","E","?","M","R","BOSS","M","?","M","?","?","E","M","E","T","R","?","R","?","M","R","BOSS","M","?","M","$","?","E","?","R","T","M","M","$","?","M","R","BOSS"],"items_purchased_type":["Card","Relic","Card","Potion","Card","Card","Relic","Relic"],"build_version":"2020-12-18","purchased_purges":0,"victory":true,"max_hp_per_floor":[80,80,80,80,80,80,83,83,83,83,83,83,83,83,83,83,83,83,83,83,41,41,41,41,48,48,48,48,48,48,48,48,48,48,48,48,48,53,53,53,53,53,53,53,53,53,53,53,53,53],"card_choices":[{"not_picked":["AT_IchimonjiDouble"],"picked":"AT_DiedThrough","floor":1.0},{"not_picked":["Pommel Strike"],"picked":"Second Wind","floor":7.0},{"not_picked":["Clothesline","Sever Soul"],"picked":"SKIP","floor":8.0},{"not_picked":["AT_IchimonjiDouble","Armaments"],"picked":"SKIP","floor":10.0},{"not_picked":["Pommel Strike","Sword Boomerang"],"picked":"SKIP","floor":11.0},{"not_picked":["Sever Soul","Twin Strike"],"picked":"SKIP","floor":12},{"not_picked":["Clash"],"picked":"Shockwave","floor":14},{"not_picked":["Reaper"],"picked":"Barricade","floor":16},{"not_picked":["Warcry"],"picked":"Perfected Strike","floor":18},{"not_picked":["Body Slam","Flex"],"picked":"SKIP","floor":20},{"not_picked":["Armaments","Heavy Blade"],"picked":"SKIP","floor":23},{"not_picked":["Uppercut","AT_IchimonjiDouble"],"picked":"SKIP","floor":24},{"not_picked":["Uppercut"],"picked":"Body Slam","floor":25},{"not_picked":["Shrug It Off"],"picked":"AT_DiedThrough","floor":28},{"not_picked":["Metallicize"],"picked":"AT_BodySlamDance+1","floor":31},{"not_picked":["Limit Break"],"picked":"Reaper","floor":33},{"not_picked":["Flex+1"],"picked":"Pommel Strike","floor":35},{"not_picked":["Wild Strike+1"],"picked":"AT_IchimonjiDouble+1","floor":37},{"not_picked":["AT_BodySlamDance","Blood for Blood+1"],"picked":"SKIP","floor":40},{"not_picked":["Ghostly Armor+1","Wild Strike"],"picked":"SKIP","floor":44},{"not_picked":["Rupture"],"picked":"AT_ShrugMaster+1","floor":45},{"not_picked":["AT_IchimonjiDouble+1"],"picked":"Spot Weakness+1","floor":48}],"player_experience":173870,"relics_obtained":[{"floor":9.0,"key":"MawBank"},{"floor":10.0,"key":"Juzu Bracelet"},{"floor":23,"key":"Bottled Flame"},{"floor":25,"key":"Strawberry"},{"floor":26,"key":"Toy Ornithopter"},{"floor":28,"key":"Red Mask"},{"floor":40,"key":"AT_SilvercatRing"},{"floor":43,"key":"Nunchaku"},{"floor":47,"key":"Bronze Scales"}],"event_choices":[{"cards_removed":["Eruption"],"damage_healed":0.0,"max_hp_gain":0.0,"max_hp_loss":0.0,"gold_gain":0.0,"event_name":"The Cleric","player_choice":"Card Removal","floor":2.0,"gold_loss":50.0,"damage_taken":0.0},{"damage_healed":0.0,"max_hp_gain":0.0,"max_hp_loss":0.0,"gold_gain":0.0,"event_name":"Big Fish","player_choice":"Box","floor":3.0,"gold_loss":0.0,"damage_taken":0.0,"relics_obtained":["Pen Nib"],"cards_obtained":["Regret"]},{"damage_healed":0.0,"max_hp_gain":0.0,"max_hp_loss":0.0,"gold_gain":0.0,"event_name":"Golden Idol","player_choice":"Take Wound","floor":5.0,"gold_loss":0.0,"damage_taken":0.0,"relics_obtained":["Golden Idol"],"cards_obtained":["Injury"]},{"damage_healed":0,"gold_gain":175,"player_choice":"AGREE","damage_taken":0,"max_hp_gain":0,"max_hp_loss":0,"event_name":"Liars Game","floor":13,"gold_loss":0,"cards_obtained":["Doubt"]},{"cards_removed":["Barricade"],"damage_healed":0,"gold_gain":0,"player_choice":"Gave Card","damage_taken":0,"relics_obtained":["AT_Manta"],"max_hp_gain":0,"max_hp_loss":0,"event_name":"WeMeetAgain","floor":19,"gold_loss":0},{"damage_healed":0,"gold_gain":0,"player_choice":"Became a Ghost","damage_taken":0,"max_hp_gain":0,"max_hp_loss":42,"event_name":"Ghosts","floor":21,"gold_loss":0,"cards_obtained":["Ghostly","Ghostly","Ghostly","Ghostly","Ghostly"]},{"damage_healed":0,"gold_gain":99,"player_choice":"Stole From Cult","damage_taken":0,"max_hp_gain":0,"max_hp_loss":0,"event_name":"Nest","floor":22,"gold_loss":0},{"damage_healed":0,"gold_gain":0,"player_choice":"Fought Bandits","damage_taken":0,"max_hp_gain":0,"max_hp_loss":0,"event_name":"Masked Bandits","floor":28,"gold_loss":0},{"damage_healed":0,"gold_gain":0,"cards_transformed":["Zap","Bash"],"player_choice":"Became Test Subject","damage_taken":0,"max_hp_gain":0,"max_hp_loss":0,"event_name":"Drug Dealer","floor":30,"gold_loss":0,"cards_obtained":["Metallicize","Intimidate"]},{"damage_healed":0,"gold_gain":0,"player_choice":"Ignored","damage_taken":0,"max_hp_gain":0,"max_hp_loss":0,"event_name":"Ryuuou:Expiration_R","floor":36,"gold_loss":0},{"cards_removed":["Barricade"],"damage_healed":0,"gold_gain":0,"player_choice":"Removed Power","damage_taken":0,"max_hp_gain":0,"max_hp_loss":0,"event_name":"Falling","floor":39,"gold_loss":0},{"damage_healed":0,"gold_gain":0,"player_choice":"0 cards matched","damage_taken":0,"max_hp_gain":0,"max_hp_loss":0,"event_name":"Match and Keep!","floor":41,"gold_loss":0,"cards_obtained":[]}],"is_beta":true,"boss_relics":[{"not_picked":["SlaversCollar","Sozu"],"picked":"Philosopher\u0027s Stone"},{"not_picked":["Tiny House","Mark of Pain"],"picked":"AT_MortalBlade"}],"items_purged_floors":[],"is_endless":false,"potions_floor_spawned":[1,11,18,20,23,31,37,40,44,45,48],"ascension_level":0}}