{"host":"tubmkv2g6v9d0kjw","time":1611231462,"event":{"mods":["2.2 Compatiblity","BaseMod","Conspire","Downfall","Hubris","Minty Spire (QoL Compilation)","StSLib"],"gold_per_floor":[99,111,111,128,128,158,158,168,193,93,93,103,103,14,26,26,26,26],"floor_reached":16,"language":"ENG","playtime":948,"items_purged":[],"score":100,"play_id":"990f9ebb-2006-4dad-968f-22db78f61d3b","local_time":"20210121061742","is_ascension_mode":false,"campfire_choices":[{"floor":1,"key":"RECALL"},{"data":"champ:StanceDance","floor":10,"key":"SMITH"}],"circlet_count":0,"master_deck":["champ:Strike","champ:Strike","champ:Strike","champ:Strike","champ:Defend","champ:Defend","champ:Defend","champ:Defend","champ:Execute","champ:Taunt","champ:BladeFlurry","champ:StanceDance+1","champ:Haymaker","champ:GladiatorForm+1","champ:PerfectedStrike","champ:AdrenalArmor","champ:FanOfKnives","champ:PreciseThrust"],"relics":["champ:ChampionCrown","Frozen Egg 2","downfall:BrokenWingStatue","Happy Flower","Mummified Hand","Tiny Chest","downfall:HeartBlessingRed","champ:LiftRelic"],"acts_visited":["Exordium"],"potions_floor_usage":[9,15],"damage_taken":[{"damage":10,"enemies":"Jaw Worm","floor":2,"turns":4},{"damage":18,"enemies":"Small Slimes","floor":4,"turns":3},{"damage":15,"enemies":"2 Louse","floor":8,"turns":3},{"damage":44,"enemies":"3 Sentries","floor":9,"turns":9},{"damage":10,"enemies":"Blue Slaver","floor":12,"turns":3},{"damage":10,"enemies":"downfall:FleeingMerchant","floor":14,"turns":4},{"damage":38,"enemies":"Exordium Wildlife","floor":15,"turns":4},{"damage":75,"enemies":"DF_ARCHETYPE_STREAMLINE","floor":16,"turns":6}],"seed_played":"2854664938515636512","potions_obtained":[{"floor":2,"key":"Swift Potion"},{"floor":8,"key":"Fire Potion"},{"floor":12,"key":"Regen Potion"},{"floor":15,"key":"EssenceOfSteel"}],"is_trial":false,"path_per_floor":["R","M","?","M","?","?","T","M","E","R","?","M","?","$","M","B"],"character_chosen":"THE_CHAMP","items_purchased":["champ:AdrenalArmor","champ:FanOfKnives"],"campfire_rested":0,"item_purchase_floors":[14,14],"current_hp_per_floor":[99,99,99,91,91,91,91,86,62,62,62,62,62,52,48,0,0,0],"gold":26,"neow_bonus":"TEN_PERCENT_HP_BONUS","is_daily":false,"chose_seed":false,"campfire_upgraded":1,"win_rate":0.0,"timestamp":1611231462,"path_taken":["R","M","?","M","?","?","T","?","E","R","?","M","?","?","M","BOSS"],"items_purchased_type":["Card","Card"],"build_version":"2020-12-22","purchased_purges":0,"victory":false,"max_hp_per_floor":[99,99,99,99,99,99,99,99,99,99,99,99,99,99,99,99,99,99],"card_choices":[{"not_picked":["champ:DefensiveShout","champ:FlashCut"],"picked":"champ:BladeFlurry","floor":2},{"not_picked":["champ:EnragedBash","champ:PreemptiveStrike"],"picked":"champ:StanceDance","floor":4},{"not_picked":["champ:Lariat","champ:FocusedDefense"],"picked":"champ:Haymaker","floor":8},{"not_picked":["champ:CrownThrow","champ:ShieldWall+1"],"picked":"champ:GladiatorForm+1","floor":9},{"not_picked":["champ:SkillfulDodge","champ:TornadoPunch","champ:Haymaker"],"picked":"SKIP","floor":12},{"not_picked":["champ:RecklessLeap","champ:MurderStrike"],"picked":"champ:PerfectedStrike","floor":14},{"not_picked":["champ:BringItOn","champ:Circumvent"],"picked":"champ:PreciseThrust","floor":15}],"player_experience":525603,"relics_obtained":[{"floor":7,"key":"Mummified Hand"},{"floor":9,"key":"Tiny Chest"}],"event_choices":[{"damage_healed":0,"gold_gain":0,"player_choice":"Box","damage_taken":0,"relics_obtained":["Frozen Egg 2"],"max_hp_gain":0,"max_hp_loss":0,"event_name":"Big Fish","floor":3,"gold_loss":0,"cards_obtained":["Regret"]},{"cards_removed":["Regret"],"damage_healed":0,"gold_gain":0,"player_choice":"Card Removal","damage_taken":0,"max_hp_gain":0,"max_hp_loss":0,"event_name":"The Cleric","floor":13,"gold_loss":0}],"is_beta":false,"boss_relics":[],"items_purged_floors":[],"is_endless":false,"potions_floor_spawned":[2,8,12,15],"killed_by":"DF_ARCHETYPE_STREAMLINE","ascension_level":0}}