{"host":"lh9qfzqeqctr28d2","time":1611221633,"event":{"mods":["BaseMod","Luminous","Minty Spire (QoL Compilation)","Quick Restart","Relic Stats","Remilia£®¿Ÿ√◊¿Ú—«£©","Replay The Spire","StSLib","Yakumo Yukari mod"],"gold_per_floor":[114],"floor_reached":0,"language":"ZHS","playtime":0,"items_purged":[],"score":0,"play_id":"d7f58001-7f67-41b6-bdbb-0694f74e9f85","local_time":"20210121173353","is_ascension_mode":false,"campfire_choices":[],"circlet_count":0,"master_deck":["Survivor","Neutralize+1","Bane","PiercingWail+1","Poisoned Stab","Noxious Fumes","Adrenaline+1","Bouncing Flask+1","Bullet Time","Calculated Gamble","Terror","ReplayTheSpireMod:Speed Training","ReplayTheSpireMod:Exploit Weakness","Accuracy","Endless Agony","Grand Finale","ReplayTheSpireMod:Exploit Weakness","Well Laid Plans","Acrobatics+1","Slice+1","All Out Attack","Pot Of Greed","Pot Of Greed+1","Acrobatics+1","Secret Weapon","Madness","Pot Of Greed","Underhanded Strike"],"relics":[],"acts_visited":["Exordium","TheCity"],"potions_floor_usage":[],"damage_taken":[],"seed_played":"4136617856052780354","potions_obtained":[],"is_trial":false,"path_per_floor":[],"character_chosen":"THE_SILENT","items_purchased":[],"campfire_rested":0,"item_purchase_floors":[],"current_hp_per_floor":[33],"gold":114,"neow_bonus":"","is_daily":false,"chose_seed":false,"campfire_upgraded":0,"win_rate":0.0,"timestamp":1611221633,"path_taken":[],"items_purchased_type":[],"build_version":"2020-12-22","purchased_purges":0,"victory":false,"max_hp_per_floor":[75],"relic_stats":{"counters":[14,63],"obtain_stats":[{"Divine Protection":7,"Replay:Baseball":26,"The Specimen":0,"Quantum Egg":25,"Pantograph":28,"Oddly Smooth Stone":9,"Pandora\u0027s Box":17,"Grinning Jar":23,"ReplayTheSpireMod:Lightbulb":12,"Ring of the Snake":0,"ReplayTheSpireMod:ShopPack":25},{"Divine Protection":3,"Replay:Baseball":11,"The Specimen":0,"Quantum Egg":11,"Pantograph":11,"Oddly Smooth Stone":3,"Pandora\u0027s Box":6,"Grinning Jar":11,"ReplayTheSpireMod:Lightbulb":4,"Ring of the Snake":0,"ReplayTheSpireMod:ShopPack":11},{"Divine Protection":18,"Replay:Baseball":54,"The Specimen":0,"Quantum Egg":54,"Pantograph":54,"Oddly Smooth Stone":18,"Pandora\u0027s Box":33,"Grinning Jar":54,"ReplayTheSpireMod:Lightbulb":22,"Ring of the Snake":0,"ReplayTheSpireMod:ShopPack":54}]},"card_choices":[],"player_experience":445433,"relics_obtained":[],"event_choices":[],"is_beta":false,"boss_relics":[],"items_purged_floors":[],"is_endless":false,"potions_floor_spawned":[],"killed_by":"Snecko","ascension_level":0}}