{"host":"jscggscbx0p7706o","time":1611230713,"event":{"mods":["AchievementEnabler","BaseMod","Block Reminder","Colored Powertips","Filter the Spire","Minty Spire (QoL Compilation)","Permanent Neow","Quick Restart","StSLib"],"gold_per_floor":[16,16,36,54,67,67,67,67,81,105,105,134,134,134,28,28,142,142,131,46,69,69,91,91,91],"floor_reached":24,"language":"ENG","playtime":1109,"items_purged":["Strike_B"],"score":238,"play_id":"74196b78-fc62-4b25-ad10-bad0642caa6c","local_time":"20210121200513","is_ascension_mode":false,"campfire_choices":[{"data":"Zap","floor":6.0,"key":"SMITH"},{"data":"Buffer","floor":11.0,"key":"SMITH"},{"data":"Self Repair","floor":14.0,"key":"SMITH"},{"data":"Dualcast","floor":16.0,"key":"SMITH"}],"circlet_count":0,"master_deck":["Strike_B","Strike_B","Defend_B","Defend_B","Defend_B","Defend_B","Zap+1","Dualcast+1","Echo Form","Conserve Battery","Ball Lightning","Self Repair+1","Buffer+1","Conserve Battery","Static Discharge","Reboot","Hologram","Hologram"],"relics":["Cracked Core","MealTicket","CeramicFish","Nuclear Battery","Akabeko","Necronomicon"],"acts_visited":["Exordium","TheCity"],"potions_floor_usage":[24],"damage_taken":[{"damage":0.0,"enemies":"2 Louse","floor":1.0,"turns":2.0},{"damage":0.0,"enemies":"Cultist","floor":3.0,"turns":4.0},{"damage":0.0,"enemies":"Small Slimes","floor":4.0,"turns":3.0},{"damage":5.0,"enemies":"2 Fungi Beasts","floor":5.0,"turns":3.0},{"damage":2.0,"enemies":"Blue Slaver","floor":9.0,"turns":4.0},{"damage":0.0,"enemies":"Exordium Thugs","floor":12.0,"turns":4.0},{"damage":0.0,"enemies":"Slime Boss","floor":17.0,"turns":10.0},{"damage":1.0,"enemies":"2 Thieves","floor":19.0,"turns":4.0},{"damage":0.0,"enemies":"Shell Parasite","floor":21.0,"turns":9.0},{"damage":7.0,"enemies":"Snake Plant","floor":23.0,"turns":5.0},{"damage":68,"enemies":"Slavers","floor":24,"turns":4}],"seed_played":"2356683228910772283","potions_obtained":[{"floor":1.0,"key":"LiquidMemories"},{"floor":2.0,"key":"FocusPotion"},{"floor":2.0,"key":"FocusPotion"},{"floor":23.0,"key":"DuplicationPotion"}],"is_trial":false,"path_per_floor":["M","?","M","M","M","R","?","?","M","T","R","M","?","R","$","R","B",null,"M","?","M","?","M","E"],"character_chosen":"DEFECT","items_purchased":["Static Discharge"],"campfire_rested":0,"item_purchase_floors":[15],"current_hp_per_floor":[75,75,75,75,75,75,68,52,64,64,64,71,76,76,80,80,80,80,80,80,80,64,67,0,0],"gold":91,"neow_bonus":"THREE_RARE_CARDS","is_daily":false,"chose_seed":false,"campfire_upgraded":4,"win_rate":0.0,"timestamp":1611230713,"path_taken":["M","?","M","?","M","R","?","?","M","T","R","M","?","R","$","R","BOSS","M","?","M","?","M","E"],"items_purchased_type":["Card"],"build_version":"2020-12-22","purchased_purges":1,"victory":false,"max_hp_per_floor":[75,75,75,75,75,75,75,75,75,75,75,75,80,80,80,80,80,80,80,80,80,80,80,80,80],"card_choices":[{"not_picked":["Reboot","Rainbow"],"picked":"Echo Form","floor":0.0},{"not_picked":["Steam","Hello World"],"picked":"Conserve Battery","floor":1.0},{"not_picked":["Compile Driver","Beam Cell"],"picked":"Ball Lightning","floor":3.0},{"not_picked":["Gash","Ball Lightning"],"picked":"Self Repair","floor":4.0},{"not_picked":["Redo","Streamline","Compile Driver"],"picked":"SKIP","floor":5.0},{"not_picked":["Streamline","Gash"],"picked":"Buffer","floor":9.0},{"not_picked":["Self Repair","Lockon"],"picked":"Conserve Battery","floor":12.0},{"not_picked":["All For One","Rainbow"],"picked":"Reboot","floor":17.0},{"not_picked":["Compile Driver","Consume","Aggregate+1"],"picked":"SKIP","floor":19.0},{"not_picked":["Stack","Steam Power+1"],"picked":"Hologram","floor":21.0},{"not_picked":["Stack+1","Double Energy"],"picked":"Hologram","floor":23.0}],"player_experience":327717,"relics_obtained":[{"floor":10.0,"key":"CeramicFish"},{"floor":22.0,"key":"Necronomicon"}],"event_choices":[{"damage_healed":0.0,"max_hp_gain":0.0,"max_hp_loss":0.0,"gold_gain":0.0,"event_name":"Lab","player_choice":"Got Potions","floor":2.0,"gold_loss":0.0,"damage_taken":0.0},{"cards_removed":["Strike_B"],"damage_healed":0.0,"max_hp_gain":0.0,"max_hp_loss":0.0,"gold_gain":0.0,"event_name":"Golden Wing","player_choice":"Card Removal","floor":7.0,"gold_loss":0.0,"damage_taken":7.0},{"damage_healed":0.0,"max_hp_gain":0.0,"max_hp_loss":0.0,"gold_gain":0.0,"event_name":"Dead Adventurer","player_choice":"Searched \u00272\u0027 times","floor":8.0,"gold_loss":0.0,"damage_taken":0.0,"relics_obtained":["MealTicket"]},{"damage_healed":0.0,"max_hp_gain":5.0,"max_hp_loss":0.0,"gold_gain":0.0,"event_name":"Big Fish","player_choice":"Donut","floor":13.0,"gold_loss":0.0,"damage_taken":0.0},{"damage_healed":0.0,"max_hp_gain":0.0,"max_hp_loss":0.0,"gold_gain":0.0,"event_name":"Addict","player_choice":"Obtained Relic","floor":20.0,"gold_loss":85.0,"damage_taken":0.0,"relics_obtained":["Akabeko"]},{"damage_healed":0.0,"max_hp_gain":0.0,"max_hp_loss":0.0,"gold_gain":0.0,"event_name":"Cursed Tome","player_choice":"Obtained Book","floor":22.0,"gold_loss":0.0,"damage_taken":16.0}],"is_beta":false,"boss_relics":[{"not_picked":["Runic Dome","Black Star"],"picked":"Nuclear Battery"}],"items_purged_floors":[15],"is_endless":false,"potions_floor_spawned":[1,3,12,23],"killed_by":"Slavers","ascension_level":0}}