{"host":"oz0i1fpezyhy8r2h","time":1611214706,"event":{"mods":["ATMod(∞¢Ë™Mod)","Act Like it!","Arknights The Spire","BaseMod","CapriCore","GifTheSpireLib","Hallownest","KinomotoSakuraMod(ƒæ÷Æ±æ”£)","Luminous","Minty Spire (QoL Compilation)","Reimu£®≤©¿ˆ¡È√Œ£©","Remilia£®¿Ÿ√◊¿Ú—«£©","StSLib","The Construct","The Cursed","The Gatherer","The Immortal","The Marked","Yakumo Yukari mod","°æ“≈ŒÔø®≈∆°øREMEMod"],"gold_per_floor":[130,54,54,71,83,118,129,129,156,156,156,172,197,214,214,310,310,327,252,272,282,298,298,325,325,349,349,349,367,367,367,367,468,468,480,380,380,109,124,152,152,187,255,267,317,345,14,14,14,14,14,14,14,40,40],"floor_reached":56,"language":"ZHS","playtime":2434,"items_purged":["Defend_purpleEX","AT_purpleEX","AT_purpleEX"],"score":1438,"play_id":"b46d8a69-8865-4338-8887-3ba77351b632","local_time":"20210121153826","is_ascension_mode":false,"campfire_choices":[{"data":"Nest_LightFlightworm_purple","floor":8.0,"key":"SMITH"},{"data":"RuptureOfTimeAndSpace_purple","floor":15.0,"key":"SMITH"},{"data":"LoveAcrossDimensions_purple","floor":23,"key":"SMITH"},{"data":"Bait_HighSpeedFlying_purple","floor":25,"key":"SMITH"},{"data":"Observe_purple_2","floor":27,"key":"SMITH"},{"floor":32,"key":"RECALL"},{"data":"WangLiang_OokamiKakushi_purple","floor":41,"key":"SMITH"},{"data":"WatchEChange_purple","floor":49,"key":"SMITH"},{"data":"Iron Wave","floor":52,"key":"SMITH"}],"circlet_count":0,"master_deck":["AT_purpleEX+1","AT_purpleEX+1","Defend_purpleEX","Defend_purpleEX","Observe_purple_1","Observe_purple_2+1","Bait_HighSpeedFlying_purple+1","RuptureOfTimeAndSpace_purple+1","Nest_LightFlightworm_purple+1","LoveAcrossDimensions_purple+1","Iron Wave+1","WangLiang_OokamiKakushi_purple+1","WatchEChange_purple+1","RuptureOfTimeAndSpace_purple"],"relics":["Memoryfragments_purpleEX","AT_ATBox","REME_ComplimentaryCards","REME_ChargedStone","REME_PuzzleBoxRelic","ScarletDevilRocket","Antimatter_spacedebris","HornCleat","SlaversCollar","Meat on the Bone","AT_BladeRuinedKing","Black Star","Strawberry","Vajra","Frozen Egg 2","Torii","Ginger","StrikeDummy","Calipers","Pen Nib","Potion Belt","AT_BellowingDragoncrestRing","Whetstone","AT_EbonyIvory"],"acts_visited":["Exordium","TheCity","TheBeyond","TheEnding"],"potions_floor_usage":[],"damage_taken":[{"damage":3.0,"enemies":"2 Louse","floor":1.0,"turns":3.0},{"damage":5.0,"enemies":"Small Slimes","floor":4.0,"turns":3.0},{"damage":0.0,"enemies":"Cultist","floor":5.0,"turns":3.0},{"damage":19.0,"enemies":"3 Sentries","floor":6.0,"turns":6.0},{"damage":0.0,"enemies":"3 Louse","floor":7.0,"turns":2.0},{"damage":1.0,"enemies":"Exordium Thugs","floor":12.0,"turns":3.0},{"damage":11.0,"enemies":"Gremlin Nob","floor":13.0,"turns":2.0},{"damage":4.0,"enemies":"Large Slime","floor":14.0,"turns":2.0},{"damage":6.0,"enemies":"The Guardian","floor":16.0,"turns":6.0},{"damage":0.0,"enemies":"Shell Parasite","floor":18.0,"turns":4.0},{"damage":10.0,"enemies":"3 Byrds","floor":20.0,"turns":5.0},{"damage":1.0,"enemies":"3 Cultists","floor":21.0,"turns":4.0},{"damage":0,"enemies":"Sentry and Sphere","floor":22,"turns":4},{"damage":21,"enemies":"Slavers","floor":24,"turns":3},{"damage":10,"enemies":"Chosen and Byrds","floor":29,"turns":2},{"damage":0,"enemies":"Automaton","floor":33,"turns":5},{"damage":3,"enemies":"3 Shapes","floor":35,"turns":3},{"damage":10,"enemies":"Orb Walker","floor":39,"turns":2},{"damage":10,"enemies":"Nemesis","floor":40,"turns":4},{"damage":0,"enemies":"Reptomancer","floor":42,"turns":3},{"damage":1,"enemies":"4 Shapes","floor":44,"turns":3},{"damage":3,"enemies":"Mind Bloom Boss Battle","floor":45,"turns":3},{"damage":0,"enemies":"Nemesis","floor":46,"turns":3},{"damage":11,"enemies":"Donu and Deca","floor":50,"turns":4},{"damage":0,"enemies":"Shield and Spear","floor":54,"turns":2},{"damage":7,"enemies":"The Heart","floor":55,"turns":3}],"seed_played":"8978384830176241159","potions_obtained":[{"floor":1.0,"key":"PowerPotion"},{"floor":4.0,"key":"construct:ShiftPotion"},{"floor":6.0,"key":"Dexterity Potion"},{"floor":13.0,"key":"SteroidPotion"},{"floor":16.0,"key":"REME_GoldPotion"},{"floor":20.0,"key":"Energy Potion"},{"floor":24,"key":"Block Potion"},{"floor":42,"key":"EntropicBrew"},{"floor":54,"key":"DuplicationPotion"}],"is_trial":false,"path_per_floor":["M","$","?","M","M","E","M","R","T","?","?","M","E","M","R","B",null,"M","$","M","M","M","R","E","R","T","R","?","M","?","?","R","B",null,"M","$","?","$","M","E","R","E","T","M","?","E","$","$","R","B",null,"R","$","E","B",null],"character_chosen":"Youkari","items_purchased":["Bait_HighSpeedFlying_purple","Strawberry","AT_BellowingDragoncrestRing","WatchEChange_purple"],"campfire_rested":0,"item_purchase_floors":[2,38,47,47],"current_hp_per_floor":[68,68,56,52,53,35,36,36,36,36,36,36,25,22,22,19,70,70,70,62,63,64,64,46,46,46,46,46,38,27,27,27,40,70,70,70,70,77,69,63,63,63,63,64,61,61,61,61,61,50,77,77,77,77,70],"gold":40,"neow_bonus":"BOSS_RELIC","is_daily":false,"chose_seed":false,"campfire_upgraded":8,"win_rate":0.0,"timestamp":1611214706,"path_taken":["M","$","?","M","M","E","M","R","T","?","?","M","E","M","R","BOSS","M","$","M","M","M","R","E","R","T","R","?","M","?","?","R","BOSS","M","?","?","$","?","E","R","E","T","M","?","E","?","$","R","BOSS","R","$","E","BOSS"],"items_purchased_type":["Card","Relic","Relic","Card"],"build_version":"2020-12-22","purchased_purges":3,"victory":true,"max_hp_per_floor":[70,70,70,70,70,70,70,70,70,70,70,70,70,70,70,70,70,70,70,70,70,70,70,70,70,70,70,70,70,70,70,70,70,70,70,70,70,77,77,77,77,77,77,77,77,77,77,77,77,77,77,77,77,77,77],"card_choices":[{"not_picked":["RealityDreamConfluencek_purple","Umbrella_purple","StateErode_purple"],"picked":"SKIP","floor":1.0},{"not_picked":["Erosivefilter_purple","Mirror_FormAndEmptin_purple"],"picked":"RuptureOfTimeAndSpace_purple","floor":4.0},{"not_picked":["RuleDissolution_purple","Umbrella_purple"],"picked":"Nest_LightFlightworm_purple","floor":5.0},{"not_picked":["Realm_recovery_purpleEX","StretchesForeverDream_purple","Boundary_LightAndDark_purple"],"picked":"SKIP","floor":6.0},{"not_picked":["ExistenceContinue_purple","Umbrella_purple","OmniscientAndOmnipotent_Monster_purple"],"picked":"SKIP","floor":7.0},{"not_picked":["AdvanceAttack_purple","EighthInstrument_OneDividesIntoTwo_purple","Extrememeaning_purpleEX"],"picked":"SKIP","floor":12.0},{"not_picked":["DimensionStaggered_purple","RuleDissolution_purple","ExistenceContinue_purple"],"picked":"SKIP","floor":13.0},{"not_picked":["Computing_the_future_purpleEX","MNeedle_purple","MeetDecomposer_purple"],"picked":"SKIP","floor":14.0},{"not_picked":["WasteWire_Metro_purple","Human_Monster_Realm_purple"],"picked":"LoveAcrossDimensions_purple","floor":16.0},{"not_picked":["DimensionStaggered_purple","Yakumo_Ran_purple","SharpContractionReality_purple+1"],"picked":"SKIP","floor":18.0},{"not_picked":["SharpContractionReality_purple","Bait_Toxicbait_purple","OmniscientAndOmnipotent_Monster_purple"],"picked":"SKIP","floor":20.0},{"not_picked":["Anti_communist_purple","Line_surface_state_purple","Umbrella_purple"],"picked":"SKIP","floor":21.0},{"not_picked":["Bait_HighSpeedFlying_purple","Mirror_FormAndEmptin_purple","ExistenceContinue_purple"],"picked":"SKIP","floor":22},{"not_picked":["MonsterNeedle_purple+1","UniverseChoice_purple","SfantasyHide_purple+1"],"picked":"SKIP","floor":24},{"not_picked":["StateDuplicate_purple","ExistenceContinue_purple","Line_surface_state_purple+1"],"picked":"SKIP","floor":29},{"not_picked":["Computing_the_future_purpleEX","Price_of_realm_purpleEX"],"picked":"WangLiang_OokamiKakushi_purple","floor":33},{"not_picked":["Realm_recovery_purpleEX","SharpContractionReality_purple","Boundary_of_Extermination_purpleEX+1"],"picked":"SKIP","floor":35},{"not_picked":["Realm_recovery_purpleEX+1","RuleDissolution_purple+1","PurpleNeedle_purple+1"],"picked":"SKIP","floor":39},{"not_picked":["MonsterNeedle_purple+1","Know_ledgeAbilityRealm_purple","Nest_LightFlightworm_purple+1"],"picked":"SKIP","floor":40},{"not_picked":["Erosivefilter_purple","MNeedle_purple","DimensionStaggered_purple+1"],"picked":"SKIP","floor":42},{"not_picked":["OmniscientAndOmnipotent_Monster_purple+1","Anti_communist_purple","Mirror_FourBoundary_purple+1"],"picked":"SKIP","floor":44},{"not_picked":["ExternalForce_HighSpeedFlying_purple+1","Mirror_FourBoundary_purple+1","PositiveMatter_Antimatter_Universe_purple+1"],"picked":"SKIP","floor":46},{"not_picked":["Mirror_FormAndEmptin_purple","ExistenceContinue_purple"],"picked":"RuptureOfTimeAndSpace_purple","floor":54}],"player_experience":177136,"relics_obtained":[{"floor":6.0,"key":"ScarletDevilRocket"},{"floor":9.0,"key":"Antimatter_spacedebris"},{"floor":13.0,"key":"HornCleat"},{"floor":24,"key":"Meat on the Bone"},{"floor":40,"key":"Vajra"},{"floor":40,"key":"Frozen Egg 2"},{"floor":42,"key":"Torii"},{"floor":42,"key":"Ginger"},{"floor":43,"key":"StrikeDummy"},{"floor":45,"key":"Calipers"},{"floor":46,"key":"Pen Nib"},{"floor":46,"key":"Potion Belt"},{"floor":54,"key":"Whetstone"},{"floor":54,"key":"AT_EbonyIvory"}],"event_choices":[{"damage_healed":0.0,"max_hp_gain":0.0,"max_hp_loss":0.0,"gold_gain":0.0,"event_name":"Scrap Ooze","player_choice":"Success","floor":3.0,"gold_loss":0.0,"damage_taken":12.0,"relics_obtained":["REME_PuzzleBoxRelic"]},{"damage_healed":0.0,"max_hp_gain":0.0,"max_hp_loss":0.0,"gold_gain":0.0,"event_name":"Liars Game","player_choice":"Ignored","floor":11.0,"gold_loss":0.0,"damage_taken":0.0},{"damage_healed":0,"gold_gain":0,"player_choice":"Opened","damage_taken":0,"relics_obtained":["AT_BladeRuinedKing"],"max_hp_gain":0,"max_hp_loss":0,"event_name":"The Mausoleum","floor":28,"gold_loss":0},{"cards_removed":["Defend_purpleEX"],"damage_healed":0,"gold_gain":0,"player_choice":"Took Card","damage_taken":0,"max_hp_gain":0,"max_hp_loss":0,"event_name":"NoteForYourself","floor":31,"gold_loss":0,"cards_obtained":["Iron Wave"]},{"damage_healed":0,"gold_gain":0,"player_choice":"Ignored","damage_taken":0,"max_hp_gain":0,"max_hp_loss":0,"event_name":"Tomb of Lord Red Mask","floor":37,"gold_loss":0},{"damage_healed":0,"gold_gain":0,"player_choice":"Fight","damage_taken":0,"max_hp_gain":0,"max_hp_loss":0,"event_name":"MindBloom","floor":45,"gold_loss":0}],"is_beta":false,"boss_relics":[{"not_picked":["AT_MortalBlade","Ectoplasm"],"picked":"SlaversCollar"},{"not_picked":["RedLine:ReiMu","Tiny House"],"picked":"Black Star"}],"items_purged_floors":[19,36,38],"is_endless":false,"potions_floor_spawned":[1,4,6,12,13,16,20,24,29,35,42,45,54],"ascension_level":0}}