{"host":"97e98znyvgp3tx0i","time":1611189825,"event":{"mods":["AchievementEnabler","BaseMod","Colored Powertips","Googly Eyes","Highlight Path","Minty Spire (QoL Compilation)","Quick Restart"],"gold_per_floor":[112,5,24,41,51,79,49,49,72,92,119,119,137,169,169,268,268,284,284,284,296,45,73,73,7,7,22,22,48,148,100,100,203,203,213,114,126,136,155,182,182,182,182,182,0,0,12,62,62,62],"floor_reached":51,"language":"ENG","playtime":4934,"items_purged":[],"score":765,"play_id":"9962446c-2d6a-4726-9e71-950777ddaffd","local_time":"20210120184345","is_ascension_mode":false,"campfire_choices":[{"floor":12,"key":"REST"},{"floor":15,"key":"REST"},{"floor":24,"key":"REST"},{"floor":28,"key":"REST"},{"floor":32,"key":"REST"},{"floor":42,"key":"REST"},{"data":"BattleHymn","floor":44,"key":"SMITH"},{"data":"MasterReality","floor":49,"key":"SMITH"}],"circlet_count":0,"master_deck":["Strike_P+1","Strike_P+1","Strike_P+1","Strike_P+1","Defend_P+1","Defend_P+1","Defend_P+1","Defend_P+1","Eruption","Vigilance","Prostrate","Tantrum","Worship","Adaptation","Indignation","ThirdEye","Prostrate","Halt","Consecrate+1","EmptyMind","Scrawl","Tantrum","Prostrate","WindmillStrike","Scrawl","SashWhip","InnerPeace","MentalFortress","Fasting2","BattleHymn+1","Swivel+1","Halt","Panache","Prostrate","EmptyFist+1","Consecrate+1","Prostrate","MasterReality+1","Crescendo+1","Devotion","Halt+1","ClearTheMind","Prostrate+1","CrushJoints+1","Indignation+1","Wallop+1","Halt+1"],"relics":["PureWater","The Courier","Bronze Scales","Dream Catcher","Tiny Chest","Black Star","Enchiridion","Membership Card","Bottled Lightning","Gremlin Horn","Eternal Feather","Whetstone","Ginger","Pantograph","SlaversCollar","Pen Nib","Question Card","TungstenRod","Mercury Hourglass","Pear","Lantern","Potion Belt","Dead Branch"],"acts_visited":["Exordium","TheCity","TheBeyond"],"potions_floor_usage":[3,6,8,10,11,11,11,11,13,14,23,30,38,47,50,50],"damage_taken":[{"damage":0,"enemies":"Cultist","floor":1,"turns":3},{"damage":0,"enemies":"Small Slimes","floor":3,"turns":2},{"damage":1,"enemies":"Jaw Worm","floor":4,"turns":2},{"damage":16,"enemies":"Blue Slaver","floor":5,"turns":5},{"damage":24,"enemies":"Lagavulin","floor":6,"turns":6},{"damage":0,"enemies":"2 Fungi Beasts","floor":8,"turns":1},{"damage":0,"enemies":"Looter","floor":10,"turns":2},{"damage":18,"enemies":"3 Sentries","floor":11,"turns":4},{"damage":0,"enemies":"Lots of Slimes","floor":13,"turns":1},{"damage":10,"enemies":"Lagavulin","floor":14,"turns":5},{"damage":56,"enemies":"Slime Boss","floor":16,"turns":7},{"damage":0,"enemies":"Shell Parasite","floor":18,"turns":6},{"damage":4,"enemies":"2 Thieves","floor":21,"turns":3},{"damage":33,"enemies":"Gremlin Leader","floor":23,"turns":4},{"damage":15,"enemies":"Snake Plant","floor":27,"turns":3},{"damage":27,"enemies":"Colosseum Slavers","floor":30,"turns":3},{"damage":28,"enemies":"Colosseum Nobs","floor":30,"turns":3},{"damage":9,"enemies":"Champ","floor":33,"turns":8},{"damage":3,"enemies":"3 Shapes","floor":35,"turns":2},{"damage":18,"enemies":"3 Darklings","floor":37,"turns":5},{"damage":0,"enemies":"Spire Growth","floor":38,"turns":2},{"damage":9,"enemies":"4 Shapes","floor":39,"turns":4},{"damage":21,"enemies":"Nemesis","floor":40,"turns":5},{"damage":0,"enemies":"Sphere and 2 Shapes","floor":47,"turns":3},{"damage":29,"enemies":"Mind Bloom Boss Battle","floor":48,"turns":3},{"damage":24,"enemies":"Donu and Deca","floor":50,"turns":5}],"seed_played":"8370923539817663333","potions_obtained":[{"floor":1,"key":"Fire Potion"},{"floor":5,"key":"Regen Potion"},{"floor":6,"key":"Strength Potion"},{"floor":7,"key":"SmokeBomb"},{"floor":7,"key":"EntropicBrew"},{"floor":11,"key":"Explosive Potion"},{"floor":13,"key":"ColorlessPotion"},{"floor":18,"key":"Weak Potion"},{"floor":27,"key":"AttackPotion"},{"floor":35,"key":"BlessingOfTheForge"},{"floor":37,"key":"Energy Potion"},{"floor":40,"key":"GamblersBrew"}],"is_trial":false,"path_per_floor":["M","$","M","M","M","E","?","M","T","M","E","R","M","E","R","B",null,"M","?","?","M","$","E","R","$","T","M","R","T","?","$","R","B",null,"M","$","M","M","M","E","T","R","T","R","$","?","M","?","R","B",null],"character_chosen":"WATCHER","items_purchased":["Worship","Adaptation","MentalFortress","Membership Card","Fasting2","BattleHymn","CrushJoints","Panache","Prostrate","MasterReality","Pen Nib","ClearTheMind","DistilledChaos","Lantern","Potion Belt","CultistPotion","ColorlessPotion"],"campfire_rested":6,"item_purchase_floors":[2,2,22,22,22,22,22,25,31,31,36,36,36,45,45,45,45],"current_hp_per_floor":[72,72,72,71,55,46,46,46,46,46,40,61,61,51,72,16,72,72,72,56,52,52,19,40,40,40,25,67,67,12,12,54,63,72,69,69,51,51,42,21,21,69,79,82,82,82,82,53,80,58],"gold":62,"neow_bonus":"THREE_CARDS","is_daily":false,"chose_seed":false,"campfire_upgraded":2,"win_rate":0.0,"timestamp":1611189825,"path_taken":["M","$","?","M","M","E","?","M","T","M","E","R","M","E","R","BOSS","M","?","?","M","$","E","R","?","T","M","R","?","?","?","R","BOSS","M","$","M","M","?","E","?","R","T","R","$","?","?","?","R","BOSS"],"items_purchased_type":["Card","Card","Card","Relic","Card","Card","Card","Card","Card","Card","Relic","Card","Potion","Relic","Relic","Potion","Potion"],"build_version":"2020-12-22","purchased_purges":0,"victory":true,"max_hp_per_floor":[72,72,72,72,72,72,72,72,72,72,72,72,72,72,72,72,72,72,72,72,72,72,72,72,72,72,72,72,72,72,72,72,72,72,72,72,72,72,72,72,72,72,82,82,82,82,82,82,82,82],"card_choices":[{"not_picked":["Crescendo","Worship"],"picked":"Prostrate","floor":0},{"not_picked":["WaveOfTheHand","Weave"],"picked":"Tantrum","floor":1},{"not_picked":["Crescendo","BowlingBash"],"picked":"Indignation","floor":3},{"not_picked":["PathToVictory","CrushJoints"],"picked":"ThirdEye","floor":4},{"not_picked":["Evaluate","WaveOfTheHand"],"picked":"Prostrate","floor":5},{"not_picked":["MasterReality","Scrawl"],"picked":"Halt","floor":6},{"not_picked":["Protect","WindmillStrike"],"picked":"Consecrate","floor":10},{"not_picked":["FollowUp","JustLucky"],"picked":"EmptyMind","floor":11},{"not_picked":["FollowUp","CrushJoints"],"picked":"Scrawl","floor":12},{"not_picked":["EmptyBody","FlurryOfBlows"],"picked":"Tantrum","floor":13},{"not_picked":["TalkToTheHand","Blasphemy"],"picked":"Prostrate","floor":14},{"not_picked":["Crescendo","Vengeance"],"picked":"WindmillStrike","floor":15},{"not_picked":["ConjureBlade","Vault"],"picked":"Scrawl","floor":16},{"not_picked":["PathToVictory","BowlingBash"],"picked":"SashWhip","floor":18},{"not_picked":["FlyingSleeves","JustLucky"],"picked":"InnerPeace","floor":21},{"not_picked":["FollowUp","Protect"],"picked":"Swivel+1","floor":23},{"not_picked":["BowlingBash","FollowUp"],"picked":"Halt","floor":24},{"not_picked":["PathToVictory","CrushJoints"],"picked":"Prostrate","floor":27},{"not_picked":["Nirvana","Evaluate"],"picked":"EmptyFist","floor":28},{"not_picked":["ThirdEye","DeceiveReality"],"picked":"Consecrate+1","floor":30},{"not_picked":["SashWhip","Meditate"],"picked":"Crescendo+1","floor":32},{"not_picked":["LessonLearned","Establishment"],"picked":"Devotion","floor":33},{"not_picked":["BowlingBash","Crescendo+1"],"picked":"Halt+1","floor":35},{"not_picked":["PathToVictory+1","BowlingBash","WaveOfTheHand"],"picked":"SKIP","floor":37},{"not_picked":["Indignation+1","Evaluate"],"picked":"Prostrate+1","floor":38},{"not_picked":["WreathOfFlame+1","Collect"],"picked":"CrushJoints+1","floor":39},{"not_picked":["Consecrate","ReachHeaven"],"picked":"Indignation+1","floor":40},{"not_picked":["ClearTheMind","Weave","Consecrate"],"picked":"Wallop+1","floor":42},{"not_picked":["SashWhip","LessonLearned","CutThroughFate","JustLucky"],"picked":"SKIP","floor":47},{"not_picked":["EmptyFist","JustLucky+1","FlyingSleeves+1"],"picked":"Halt+1","floor":48}],"player_experience":169195,"relics_obtained":[{"floor":6,"key":"The Courier"},{"floor":9,"key":"Bronze Scales"},{"floor":11,"key":"Dream Catcher"},{"floor":14,"key":"Tiny Chest"},{"floor":20,"key":"Enchiridion"},{"floor":23,"key":"Bottled Lightning"},{"floor":23,"key":"Gremlin Horn"},{"floor":26,"key":"Eternal Feather"},{"floor":29,"key":"Whetstone"},{"floor":30,"key":"Ginger"},{"floor":30,"key":"Pantograph"},{"floor":40,"key":"Question Card"},{"floor":40,"key":"TungstenRod"},{"floor":41,"key":"Mercury Hourglass"},{"floor":43,"key":"Pear"},{"floor":48,"key":"Dead Branch"}],"event_choices":[{"damage_healed":0,"gold_gain":0,"player_choice":"Bought 2 Potions","damage_taken":0,"max_hp_gain":0,"max_hp_loss":0,"event_name":"The Woman in Blue","floor":7,"gold_loss":0},{"damage_healed":0,"gold_gain":0,"player_choice":"Simplicity","damage_taken":0,"max_hp_gain":0,"max_hp_loss":0,"event_name":"Back to Basics","floor":19,"gold_loss":0,"cards_upgraded":["Strike_P","Strike_P","Strike_P","Strike_P","Defend_P","Defend_P","Defend_P","Defend_P"]},{"damage_healed":0,"gold_gain":0,"player_choice":"Obtained Book","damage_taken":16,"max_hp_gain":0,"max_hp_loss":0,"event_name":"Cursed Tome","floor":20,"gold_loss":0},{"damage_healed":0,"gold_gain":0,"player_choice":"Fight","damage_taken":0,"max_hp_gain":0,"max_hp_loss":0,"event_name":"Colosseum","floor":30,"gold_loss":0},{"damage_healed":0,"gold_gain":0,"player_choice":"Fought Nobs","damage_taken":0,"max_hp_gain":0,"max_hp_loss":0,"event_name":"Colosseum","floor":30,"gold_loss":0},{"cards_removed":["CrushJoints"],"damage_healed":0,"gold_gain":0,"player_choice":"Purged","damage_taken":0,"max_hp_gain":0,"max_hp_loss":0,"event_name":"Purifier","floor":46,"gold_loss":0},{"damage_healed":0,"gold_gain":0,"player_choice":"Fight","damage_taken":0,"max_hp_gain":0,"max_hp_loss":0,"event_name":"MindBloom","floor":48,"gold_loss":0}],"is_beta":false,"boss_relics":[{"not_picked":["VioletLotus","Empty Cage"],"picked":"Black Star"},{"not_picked":["Philosopher\u0027s Stone","Tiny House"],"picked":"SlaversCollar"}],"items_purged_floors":[],"is_endless":false,"potions_floor_spawned":[1,5,6,11,13,18,27,35,37,40],"ascension_level":0}}