{"host":"sav7uxregyirlf69","time":1611236336,"event":{"mods":["AchievementEnabler","BaseMod","Colored Map","DeckTracker","Keyboard Shortcuts","Minty Spire (QoL Compilation)","READ ME - Guardian Mod","StSLib","SuperFastMode"],"gold_per_floor":[112,34,34,46,60,60,79,79,79,79,105,118,150,167,167,241,241,255,255,13,33,33,33,33,33],"floor_reached":24,"language":"KOR","playtime":331,"items_purged":["Strike_R"],"score":412,"play_id":"40882527-dfe1-420c-b372-aff43f6d47c4","local_time":"20210121223856","is_ascension_mode":true,"campfire_choices":[{"data":"Fire Breathing","floor":6.0,"key":"SMITH"},{"data":"Evolve","floor":10.0,"key":"SMITH"},{"floor":15,"key":"REST"},{"floor":23,"key":"RECALL"}],"circlet_count":0,"master_deck":["AscendersBane","Strike_R","Strike_R","Strike_R","Strike_R","Defend_R","Defend_R","Defend_R","Defend_R","Bash","Uppercut+1","Fire Breathing+1","Cleave","Evolve+1","Wild Strike","CurseOfTheBell"],"relics":["Burning Blood","NeowsBlessing","FaceOfCleric","StrikeDummy","Orichalcum","Matryoshka","Calling Bell","MealTicket","Frozen Egg 2","WingedGreaves","Lee\u0027s Waffle"],"acts_visited":["Exordium","TheCity"],"potions_floor_usage":[14,16],"damage_taken":[{"damage":0.0,"enemies":"2 Louse","floor":1.0,"turns":1.0},{"damage":0.0,"enemies":"Cultist","floor":4.0,"turns":1.0},{"damage":0.0,"enemies":"Jaw Worm","floor":5.0,"turns":1.0},{"damage":22.0,"enemies":"Red Slaver","floor":7.0,"turns":5.0},{"damage":30.0,"enemies":"Lagavulin","floor":11.0,"turns":7.0},{"damage":26.0,"enemies":"3 Louse","floor":12.0,"turns":4.0},{"damage":15.0,"enemies":"3 Sentries","floor":13.0,"turns":3.0},{"damage":7,"enemies":"Blue Slaver","floor":14,"turns":2},{"damage":16,"enemies":"Hexaghost","floor":16,"turns":6},{"damage":47,"enemies":"3 Byrds","floor":18,"turns":5},{"damage":31,"enemies":"Shell Parasite","floor":21,"turns":5},{"damage":90,"enemies":"Slavers","floor":24,"turns":4}],"seed_played":"7109697166625844144","potions_obtained":[{"floor":4.0,"key":"Explosive Potion"},{"floor":12.0,"key":"GamblersBrew"},{"floor":13.0,"key":"ColorlessPotion"},{"floor":14,"key":"ColorlessPotion"}],"is_trial":false,"path_per_floor":["M","$","?","M","M","R","M","?","T","R","E","M","E","M","R","B",null,"M","?","$","M","$","R","E"],"character_chosen":"IRONCLAD","items_purchased":["Fire Breathing","Lee\u0027s Waffle"],"campfire_rested":1,"item_purchase_floors":[2,20],"current_hp_per_floor":[74,74,74,75,75,75,59,59,59,59,36,17,9,9,32,23,66,26,26,88,64,79,79,0,0],"gold":33,"neow_bonus":"THREE_ENEMY_KILL","is_daily":false,"chose_seed":false,"campfire_upgraded":2,"win_rate":0.0,"timestamp":1611236336,"path_taken":["M","$","?","?","M","R","M","?","T","R","E","?","E","M","R","BOSS","M","?","$","?","?","R","E"],"items_purchased_type":["Card","Relic"],"build_version":"2020-12-22","purchased_purges":1,"victory":false,"max_hp_per_floor":[75,75,75,75,75,75,75,75,75,75,76,77,78,79,79,80,80,81,81,88,89,89,89,89,89],"card_choices":[{"not_picked":["Anger","Body Slam"],"picked":"Uppercut","floor":1.0},{"not_picked":["Cleave","True Grit","Rupture"],"picked":"SKIP","floor":4.0},{"not_picked":["True Grit","Rupture"],"picked":"Cleave","floor":4.0},{"not_picked":["Clash","Spot Weakness","Thunderclap"],"picked":"SKIP","floor":5.0},{"not_picked":["Havoc","Headbutt"],"picked":"Evolve","floor":7.0},{"not_picked":["Dark Embrace","Ghostly Armor"],"picked":"Wild Strike","floor":11.0},{"not_picked":["Warcry","Sever Soul","Infernal Blade"],"picked":"SKIP","floor":12.0},{"not_picked":["Bludgeon","Wild Strike","Headbutt"],"picked":"SKIP","floor":13.0},{"not_picked":["Headbutt","Clash","Sword Boomerang"],"picked":"SKIP","floor":14},{"not_picked":["Pommel Strike","Perfected Strike","Warcry"],"picked":"SKIP","floor":18},{"not_picked":["Anger","Brutality+1","Thunderclap"],"picked":"SKIP","floor":21}],"player_experience":1350937,"relics_obtained":[{"floor":9.0,"key":"StrikeDummy"},{"floor":11.0,"key":"Orichalcum"},{"floor":13.0,"key":"Matryoshka"},{"floor":17,"key":"MealTicket"},{"floor":17,"key":"Frozen Egg 2"},{"floor":17,"key":"WingedGreaves"}],"event_choices":[{"damage_healed":0.0,"max_hp_gain":0.0,"max_hp_loss":0.0,"gold_gain":0.0,"event_name":"Upgrade Shrine","player_choice":"Upgraded","floor":3.0,"gold_loss":0.0,"damage_taken":0.0,"cards_upgraded":["Uppercut"]},{"damage_healed":0.0,"max_hp_gain":0.0,"max_hp_loss":0.0,"gold_gain":0.0,"event_name":"FaceTrader","player_choice":"Trade","floor":8.0,"gold_loss":0.0,"damage_taken":0.0,"relics_obtained":["FaceOfCleric"]},{"damage_healed":0,"gold_gain":0,"player_choice":"0 cards matched","damage_taken":0,"max_hp_gain":0,"max_hp_loss":0,"event_name":"Match and Keep!","floor":19,"gold_loss":0,"cards_obtained":[]}],"is_beta":false,"boss_relics":[{"not_picked":["Runic Cube","Runic Dome"],"picked":"Calling Bell"}],"items_purged_floors":[20],"is_endless":false,"potions_floor_spawned":[4,12,13,14],"killed_by":"Slavers","ascension_level":20}}