{"host":"o6rpelx2jpc8yies","time":1611211162,"event":{"mods":["BaseMod","Downfall","Minty Spire (QoL Compilation)","StSLib"],"gold_per_floor":[99,115,125,29,43,43,69,95,122,22,53,53,69,101,115,115,115,115],"floor_reached":16,"language":"ENG","playtime":1019,"items_purged":[],"score":159,"play_id":"c0ac870d-660d-4efd-bd18-e82c594b46ee","local_time":"20210120233922","is_ascension_mode":true,"campfire_choices":[{"floor":1,"key":"RECALL"},{"data":"hexamod:Float","floor":10,"key":"SMITH"},{"floor":12,"key":"REST"}],"circlet_count":0,"master_deck":["hexamod:Strike","hexamod:Strike","hexamod:Strike","hexamod:Strike","hexamod:Defend","hexamod:Defend","hexamod:Defend","hexamod:Defend","hexamod:Sear","hexamod:Float+1","hexamod:ThermalTransfer","hexamod:FastForward","hexamod:InspiringFlames","hexamod:SecondSeal","hexamod:BurningTouch","hexamod:EmpoweredFlame","hexamod:ThirdSeal","hexamod:FirstSeal","hexamod:ApocalypseNow","hexamod:GhostOfSpirePast","hexamod:SwordOfDarkness"],"relics":["hexamod:SpiritBrand","downfall:BrokenWingStatue","Oddly Smooth Stone","downfall:HeartBlessingRed","Girya","hexamod:Sixitude"],"acts_visited":["Exordium"],"potions_floor_usage":[8],"damage_taken":[{"damage":1,"enemies":"Small Slimes","floor":2,"turns":4},{"damage":2,"enemies":"Jaw Worm","floor":3,"turns":3},{"damage":0,"enemies":"downfall:FleeingMerchant","floor":4,"turns":4},{"damage":0,"enemies":"2 Louse","floor":5,"turns":2},{"damage":6,"enemies":"3 Sentries","floor":8,"turns":8},{"damage":13,"enemies":"Large Slime","floor":9,"turns":6},{"damage":43,"enemies":"Gremlin Nob","floor":11,"turns":5},{"damage":0,"enemies":"Red Slaver","floor":13,"turns":3},{"damage":12,"enemies":"Lagavulin","floor":14,"turns":8},{"damage":0,"enemies":"Blue Slaver","floor":15,"turns":3},{"damage":29,"enemies":"DF_ARCHETYPE_STREAMLINE","floor":16,"turns":4}],"seed_played":"7713528840961222961","potions_obtained":[{"floor":3,"key":"Swift Potion"},{"floor":9,"key":"Dexterity Potion"},{"floor":13,"key":"Ancient Potion"},{"floor":14,"key":"BlessingOfTheForge"}],"is_trial":false,"path_per_floor":["R","M","M","$","M","?","T","E","M","R","E","R","M","E","M","B"],"character_chosen":"THE_SPIRIT","items_purchased":["hexamod:SecondSeal"],"campfire_rested":1,"item_purchase_floors":[4],"current_hp_per_floor":[70,69,67,67,67,67,67,61,48,48,5,28,28,23,23,0,0,0],"gold":115,"neow_bonus":"TEN_PERCENT_HP_BONUS","is_daily":false,"chose_seed":false,"campfire_upgraded":1,"win_rate":0.0,"timestamp":1611211162,"path_taken":["R","M","M","$","M","?","T","E","M","R","E","R","M","E","M","BOSS"],"items_purchased_type":["Card"],"build_version":"2020-12-22","purchased_purges":0,"victory":false,"max_hp_per_floor":[77,77,77,77,77,77,77,77,77,77,77,77,77,77,77,77,77,77],"card_choices":[{"not_picked":["hexamod:HeatMetal","hexamod:NightmareStrike"],"picked":"hexamod:ThermalTransfer","floor":2},{"not_picked":["hexamod:GhostShield","hexamod:InspiringFlames"],"picked":"hexamod:FastForward","floor":3},{"not_picked":["hexamod:NightmareGuise","hexamod:FastForward"],"picked":"hexamod:InspiringFlames","floor":4},{"not_picked":["hexamod:InspiringFlames","hexamod:BacktrackSmack"],"picked":"hexamod:BurningTouch","floor":5},{"not_picked":["hexamod:HauntingEcho","hexamod:FourthSeal"],"picked":"hexamod:EmpoweredFlame","floor":8},{"not_picked":["hexamod:EtherealExpedition","hexamod:InspiringFlames"],"picked":"hexamod:ThirdSeal","floor":9},{"not_picked":["hexamod:FastForward","hexamod:BacktrackSmack","hexamod:FourthSeal"],"picked":"SKIP","floor":11},{"not_picked":["hexamod:RadiantFlame","hexamod:GhostOfSpirePast"],"picked":"hexamod:FirstSeal","floor":13},{"not_picked":["hexamod:SwordOfDarkness","hexamod:ShieldOfDarkness"],"picked":"hexamod:ApocalypseNow","floor":14},{"not_picked":["hexamod:HeatCrush","hexamod:Incineration"],"picked":"hexamod:GhostOfSpirePast","floor":14},{"not_picked":["hexamod:ThermalTransfer","hexamod:CatchUp"],"picked":"hexamod:SwordOfDarkness","floor":15}],"player_experience":1800944,"relics_obtained":[{"floor":8,"key":"Oddly Smooth Stone"},{"floor":11,"key":"Girya"},{"floor":14,"key":"hexamod:Sixitude"}],"event_choices":[],"is_beta":false,"boss_relics":[],"items_purged_floors":[],"is_endless":false,"potions_floor_spawned":[3,9,13,14,15],"killed_by":"DF_ARCHETYPE_STREAMLINE","ascension_level":6}}