{"host":"0ricjaa7rfq9v76t","time":1611229517,"event":{"mods":["AchievementEnabler","Aspiration","BaseMod","Better Vampires","BetterRewards","Colored Powertips","Highlight Path","Hubris","Infinite Spire","Minty Spire (QoL Compilation)","Quick Restart","Rare Cards Sparkle","Relic Sorter","Replay The Spire","StSLib","SuperFastMode","Synergy Search","The Cursed","The Disciple","The Jungle","The Marked","The Runesmith","Uncapped"],"gold_per_floor":[111,111,111,130,140,166,166,166,190,190,190,204,204,217,217,341,341,319,319,14,39,39,39],"floor_reached":22,"language":"ENG","playtime":1128,"items_purged":["Strike_B"],"score":184,"play_id":"0e083efb-20bd-4780-a7d2-43b6a921a604","local_time":"20210121194517","is_ascension_mode":false,"campfire_choices":[{"floor":7,"key":"REST"},{"floor":13,"key":"REST"},{"data":"Turbo","floor":15,"key":"SMITH"}],"circlet_count":0,"master_deck":["Strike_B","Strike_B","Strike_B","Defend_B","Defend_B","Defend_B","Defend_B","Zap","Dualcast","Turbo+1","Stack","Gash","Injury","Injury","Reinforced Body","Ball Lightning","ReplayTheSpireMod:Splinters","Loop+1","Turbo"],"relics":["Runesmith:BrokenRuby","Runesmith:Nanobots","White Beast Statue","DataDisk","Frozen Egg 2","Potion Belt","infinitespire:Cubic Diamond","Golden Idol","hubris:VirtuousBlindfold","Prayer Wheel","Ice Cream"],"acts_visited":["Exordium","TheCity"],"potions_floor_usage":[6,18,18,18,22,22],"damage_taken":[{"damage":0,"enemies":"Jaw Worm","floor":1,"turns":3},{"damage":0,"enemies":"2 Louse","floor":4,"turns":3},{"damage":3,"enemies":"Small Slimes","floor":5,"turns":4},{"damage":27,"enemies":"3 Sentries","floor":6,"turns":8},{"damage":6,"enemies":"Looter","floor":12,"turns":4},{"damage":0,"enemies":"2 Fungi Beasts","floor":14,"turns":4},{"damage":0,"enemies":"Hexaghost","floor":16,"turns":1},{"damage":11,"enemies":"2 Thieves","floor":18,"turns":5},{"damage":45,"enemies":"Shell Parasite","floor":21,"turns":11},{"damage":27,"enemies":"Sentry and Sphere","floor":22,"turns":4}],"seed_played":"4604044591250173198","potions_obtained":[{"floor":1,"key":"Venom Potion"},{"floor":4,"key":"Ancient Potion"},{"floor":5,"key":"SteroidPotion"},{"floor":6,"key":"Ancient Potion"},{"floor":12,"key":"Explosive Potion"},{"floor":14,"key":"Fire Potion"},{"floor":16,"key":"ColorlessPotion"},{"floor":18,"key":"SneckoOil"},{"floor":21,"key":"LiquidMemories"}],"is_trial":false,"path_per_floor":["M","?","?","M","M","E","R","?","T","?","?","M","R","M","R","B",null,"M","?","$","M","M"],"character_chosen":"DEFECT","items_purchased":["Turbo","Ice Cream"],"campfire_rested":2,"item_purchase_floors":[0,20],"current_hp_per_floor":[67,50,50,50,47,20,42,42,42,42,42,36,58,58,58,58,75,64,64,64,19,0,0],"gold":39,"neow_bonus":"","is_daily":false,"chose_seed":false,"campfire_upgraded":1,"win_rate":0.0,"timestamp":1611229517,"path_taken":["M","?","?","M","M","E","R","?","T","?","?","M","R","M","R","BOSS","M","?","$","M","M"],"items_purchased_type":["Card","Relic"],"build_version":"2020-12-22","purchased_purges":1,"victory":false,"max_hp_per_floor":[75,75,75,75,75,75,75,75,75,75,75,75,75,75,75,75,75,75,75,75,75,75,75],"card_choices":[{"not_picked":["Hologram","Skim","Redo"],"picked":"SKIP","floor":1},{"not_picked":["ReplayTheSpireMod:??????????????????????","infinitespire:TheBestDefense"],"picked":"infinitespire:SealOfDarkness+","floor":2},{"not_picked":["Redo","Steam"],"picked":"Stack","floor":4},{"not_picked":["Go for the Eyes","ReplayTheSpireMod:GoodbyeWorld","Coolheaded"],"picked":"SKIP","floor":5},{"not_picked":["Coolheaded","Ball Lightning"],"picked":"Gash","floor":6},{"not_picked":["ReplayTheSpireMod:Repulse","Beam Cell"],"picked":"Reinforced Body","floor":12},{"not_picked":["Glacier","Compile Driver","Force Field"],"picked":"SKIP","floor":14},{"not_picked":["Mirror Shield","Multi-Cast"],"picked":"ReplayTheSpireMod:Fabricate Wheel","floor":16},{"not_picked":["Leap","Streamline"],"picked":"Ball Lightning","floor":18},{"not_picked":["Undo+1","Hologram+1","Barrage"],"picked":"SKIP","floor":18},{"not_picked":["Turbo","Steam Power"],"picked":"Loop+1","floor":21},{"not_picked":["Leap","Consume"],"picked":"Turbo","floor":21}],"player_experience":192275,"relics_obtained":[{"floor":3,"key":"White Beast Statue"},{"floor":6,"key":"DataDisk"},{"floor":9,"key":"Potion Belt"}],"event_choices":[{"damage_healed":0,"gold_gain":0,"player_choice":"Take Wound","damage_taken":0,"relics_obtained":["Golden Idol"],"max_hp_gain":0,"max_hp_loss":0,"event_name":"Golden Idol","floor":11,"gold_loss":0,"cards_obtained":["Injury"]}],"is_beta":false,"boss_relics":[{"not_picked":["Snecko Eye","infinitespire:Cupcake"],"picked":"hubris:VirtuousBlindfold"}],"items_purged_floors":[0],"is_endless":false,"potions_floor_spawned":[1,4,5,6,12,14,16,18,21],"killed_by":"Sentry and Sphere","ascension_level":0}}