{"host":"p4zwdb2o9iawjdqa","time":1611210470,"event":{"mods":["BaseMod","BetterRewards","Hubris","Minty Spire (QoL Compilation)","Replay The Spire","Shop Mod","StSLib","The Animator"],"gold_per_floor":[112,387,237,254,266,293,304,321,321,321,321],"floor_reached":10,"language":"ENG","playtime":271,"items_purged":["Regret"],"score":130,"play_id":"0096d902-1086-4b58-ab90-d4792f15d6f8","local_time":"20210120222750","is_ascension_mode":true,"campfire_choices":[],"circlet_count":0,"master_deck":["AscendersBane","Strike_G","Strike_G","Strike_G","Strike_G","Strike_G","Defend_G","Defend_G","Defend_G","Defend_G","Defend_G","Survivor","Neutralize","Cloak And Dagger","Backstab","Poisoned Stab","Dodge and Roll","Dash","Calculated Gamble","ReplayTheSpireMod:Speed Training"],"relics":["Ring of the Snake","NeowsBlessing","hubris:TenFootPole","Potion Belt"],"acts_visited":["Exordium"],"potions_floor_usage":[6,6,6,6],"damage_taken":[{"damage":0,"enemies":"Jaw Worm","floor":1,"turns":1},{"damage":0,"enemies":"Cultist","floor":4,"turns":1},{"damage":0,"enemies":"Small Slimes","floor":5,"turns":1},{"damage":29,"enemies":"Lagavulin","floor":6,"turns":8},{"damage":0,"enemies":"2 Fungi Beasts","floor":7,"turns":2},{"damage":4,"enemies":"Lots of Slimes","floor":8,"turns":6},{"damage":31,"enemies":"Gremlin Nob","floor":10,"turns":4}],"seed_played":"-708588654831786286","potions_obtained":[{"floor":4,"key":"Elixir"},{"floor":5,"key":"EntropicBrew"}],"is_trial":false,"path_per_floor":["M","?","$","M","M","E","M","M","T","E"],"character_chosen":"THE_SILENT","items_purchased":["Backstab"],"campfire_rested":0,"item_purchase_floors":[3],"current_hp_per_floor":[59,59,59,59,59,30,30,26,26,0,0],"gold":321,"neow_bonus":"THREE_ENEMY_KILL","is_daily":false,"chose_seed":false,"campfire_upgraded":0,"win_rate":0.0,"timestamp":1611210470,"path_taken":["M","?","$","M","?","E","M","M","T","E"],"items_purchased_type":["Card"],"build_version":"2020-12-22","purchased_purges":1,"victory":false,"max_hp_per_floor":[66,66,66,66,66,66,66,66,66,66,66],"card_choices":[{"not_picked":["Dagger Throw","Toxin Wave"],"picked":"Cloak And Dagger","floor":1},{"not_picked":["Outmaneuver","ReplayTheSpireMod:Exploit Weakness"],"picked":"Poisoned Stab","floor":4},{"not_picked":["Accuracy","Dagger Throw"],"picked":"Dodge and Roll","floor":5},{"not_picked":["Distraction","Flechettes"],"picked":"Dash","floor":6},{"not_picked":["Acrobatics","Distraction"],"picked":"Calculated Gamble","floor":7},{"not_picked":["Prepared","Underhanded Strike"],"picked":"ReplayTheSpireMod:Speed Training","floor":8}],"player_experience":349824,"relics_obtained":[{"floor":6,"key":"hubris:TenFootPole"},{"floor":9,"key":"Potion Belt"}],"event_choices":[{"damage_healed":0,"gold_gain":275,"player_choice":"Desecrate","damage_taken":0,"max_hp_gain":0,"max_hp_loss":0,"event_name":"Golden Shrine","floor":2,"gold_loss":0,"cards_obtained":["Regret"]}],"is_beta":false,"boss_relics":[],"items_purged_floors":[3],"is_endless":false,"potions_floor_spawned":[4,5],"killed_by":"Gremlin Nob","ascension_level":17}}