{"host":"f5uumzf5hfexzk8l","time":1611206129,"event":{"mods":["AchievementEnabler","BaseMod","Bestiary","Colored Map","Googly Eyes","Minty Spire (QoL Compilation)","Permanent Neow","Relic Sorter","Relic Stats","SuperFastMode","Unceasing Turn Reminder","everything is the same but u backflip on backflip"],"gold_per_floor":[119,133,145,157,175,218,218,249,249,249,289,122,148,169,169,249,249,270,295,311,311,331,367,367,381,381,399,399,418,437,472,472,554,554,578,578,578],"floor_reached":38,"language":"ENG","playtime":1931,"items_purged":["Strike_P"],"score":1269,"play_id":"19b50d23-fb2d-4355-bd3f-a3c11fafc3fe","local_time":"20210120211529","is_ascension_mode":true,"campfire_choices":[{"data":"EmptyFist","floor":7.0,"key":"SMITH"},{"data":"Eruption","floor":15.0,"key":"SMITH"},{"data":"MentalFortress","floor":24.0,"key":"SMITH"},{"data":"ClearTheMind","floor":28.0,"key":"SMITH"},{"data":"Adaptation","floor":32.0,"key":"SMITH"}],"circlet_count":0,"master_deck":["AscendersBane","Strike_P","Strike_P","Defend_P","Defend_P","Defend_P","Eruption+1","Vigilance","ClearTheMind+1","EmptyBody","SpiritShield","FearNoEvil","WheelKick","EmptyFist+1","ThirdEye","TalkToTheHand","SandsOfTime","Meditate","FlurryOfBlows","SpiritShield+1","Indignation+1","Halt","MentalFortress+1","Consecrate+1","Wallop","Adaptation+1","Alpha","Evaluate"],"relics":["PureWater","Gambling Chip","CeramicFish","Letter Opener","Meat on the Bone","FossilizedHelix","Sozu","HornCleat","Happy Flower","Blood Vial","Empty Cage"],"acts_visited":["Exordium","TheCity","TheBeyond"],"potions_floor_usage":[],"damage_taken":[{"damage":1.0,"enemies":"Cultist","floor":1.0,"turns":5.0},{"damage":0.0,"enemies":"2 Louse","floor":2.0,"turns":2.0},{"damage":0.0,"enemies":"Jaw Worm","floor":3.0,"turns":3.0},{"damage":16.0,"enemies":"Lots of Slimes","floor":4.0,"turns":12.0},{"damage":0.0,"enemies":"3 Louse","floor":5.0,"turns":5.0},{"damage":18.0,"enemies":"Lagavulin","floor":6.0,"turns":6.0},{"damage":0.0,"enemies":"Gremlin Nob","floor":8.0,"turns":3.0},{"damage":13.0,"enemies":"Lagavulin","floor":11.0,"turns":5.0},{"damage":0.0,"enemies":"Red Slaver","floor":13.0,"turns":4.0},{"damage":0.0,"enemies":"Looter","floor":14.0,"turns":3.0},{"damage":0.0,"enemies":"Slime Boss","floor":16.0,"turns":5.0},{"damage":3.0,"enemies":"3 Byrds","floor":18.0,"turns":4.0},{"damage":0.0,"enemies":"2 Thieves","floor":19.0,"turns":4.0},{"damage":8.0,"enemies":"Snake Plant","floor":20.0,"turns":3.0},{"damage":26.0,"enemies":"Sentry and Sphere","floor":22.0,"turns":6.0},{"damage":21.0,"enemies":"Book of Stabbing","floor":23.0,"turns":8.0},{"damage":1.0,"enemies":"Centurion and Healer","floor":25.0,"turns":9.0},{"damage":0.0,"enemies":"Snake Plant","floor":27.0,"turns":7.0},{"damage":0.0,"enemies":"Cultist and Chosen","floor":29.0,"turns":6.0},{"damage":0.0,"enemies":"Centurion and Healer","floor":30.0,"turns":6.0},{"damage":0.0,"enemies":"Gremlin Leader","floor":31.0,"turns":7.0},{"damage":55,"enemies":"Automaton","floor":33,"turns":14},{"damage":0,"enemies":"3 Shapes","floor":35,"turns":2},{"damage":93,"enemies":"Donu and Deca","floor":37,"turns":10}],"seed_played":"-1097574887581674697","potions_obtained":[{"floor":4.0,"key":"SpeedPotion"},{"floor":8.0,"key":"DuplicationPotion"},{"floor":10.0,"key":"Fruit Juice"},{"floor":10.0,"key":"SkillPotion"},{"floor":14.0,"key":"PowerPotion"}],"is_trial":false,"path_per_floor":["M","M","M","M","M","E","R","E","T","?","E","$","M","M","R","B",null,"M","M","M","?","M","E","R","M","T","M","R","M","M","E","R","B",null,"M","?","B",null],"character_chosen":"WATCHER","items_purchased":["TalkToTheHand","SandsOfTime"],"campfire_rested":0,"item_purchase_floors":[12,12],"current_hp_per_floor":[60,60,60,44,44,26,26,26,26,31,30,30,42,42,42,42,61,58,58,50,50,36,27,27,38,38,38,38,38,38,38,38,27,57,59,59,20],"gold":578,"neow_bonus":"ONE_RARE_RELIC","is_daily":false,"chose_seed":false,"campfire_upgraded":5,"win_rate":0.0,"timestamp":1611206129,"path_taken":["M","M","?","M","M","E","R","E","T","?","E","$","M","M","R","BOSS","M","?","M","?","?","E","R","M","T","M","R","M","M","E","R","BOSS","M","?","BOSS"],"items_purchased_type":["Card","Card"],"build_version":"2020-12-22","purchased_purges":1,"victory":true,"max_hp_per_floor":[62,62,62,62,62,62,62,62,62,67,67,67,67,67,67,67,67,67,67,67,67,67,67,67,67,67,67,67,67,67,67,67,67,67,67,67,67],"relic_stats":{"Sozu":5,"Blood Vial":6,"Happy Flower":[17],"counters":[24,139],"Gambling Chip":[65],"CeramicFish":135,"Letter Opener":[71],"obtain_stats":[{"Sozu":17,"Blood Vial":31,"HornCleat":23,"Happy Flower":26,"Gambling Chip":0,"CeramicFish":6,"Letter Opener":8,"PureWater":0,"Empty Cage":34,"FossilizedHelix":11,"Meat on the Bone":9},{"Sozu":11,"Blood Vial":21,"HornCleat":16,"Happy Flower":17,"Gambling Chip":0,"CeramicFish":6,"Letter Opener":7,"PureWater":0,"Empty Cage":22,"FossilizedHelix":8,"Meat on the Bone":7},{"Sozu":53,"Blood Vial":113,"HornCleat":78,"Happy Flower":87,"Gambling Chip":0,"CeramicFish":33,"Letter Opener":36,"PureWater":0,"Empty Cage":127,"FossilizedHelix":41,"Meat on the Bone":36}],"Meat on the Bone":84},"card_choices":[{"not_picked":["Crescendo","Protect"],"picked":"ClearTheMind","floor":1.0},{"not_picked":["Crescendo","CrushJoints"],"picked":"EmptyBody","floor":2.0},{"not_picked":["ClearTheMind","EmptyFist"],"picked":"SpiritShield","floor":3.0},{"not_picked":["EmptyFist","Nirvana"],"picked":"FearNoEvil","floor":4.0},{"not_picked":["Halt","ThirdEye"],"picked":"WheelKick","floor":5.0},{"not_picked":["BattleHymn","Nirvana"],"picked":"EmptyFist","floor":6.0},{"not_picked":["Collect","WreathOfFlame","FollowUp"],"picked":"SKIP","floor":8.0},{"not_picked":["Nirvana","FlyingSleeves"],"picked":"ThirdEye","floor":11.0},{"not_picked":["Prostrate","Halt"],"picked":"Meditate","floor":13.0},{"not_picked":["Consecrate","BowlingBash"],"picked":"FlurryOfBlows","floor":14.0},{"not_picked":["DeusExMachina","Blasphemy"],"picked":"SpiritShield","floor":16.0},{"not_picked":["EmptyFist","ClearTheMind"],"picked":"Indignation+1","floor":18.0},{"not_picked":["FlyingSleeves","BowlingBash"],"picked":"Halt","floor":19.0},{"not_picked":["Weave+1","FlyingSleeves","FearNoEvil"],"picked":"SKIP","floor":20.0},{"not_picked":["Weave","FollowUp"],"picked":"MentalFortress","floor":22.0},{"not_picked":["ReachHeaven","CutThroughFate"],"picked":"Consecrate+1","floor":23.0},{"not_picked":["Evaluate","Nirvana","Fasting2"],"picked":"SKIP","floor":25.0},{"not_picked":["Worship","Consecrate","Meditate"],"picked":"SKIP","floor":27.0},{"not_picked":["JustLucky","Judgement"],"picked":"Wallop","floor":29.0},{"not_picked":["Prostrate+1","Weave"],"picked":"Adaptation","floor":30.0},{"not_picked":["Evaluate","Wallop","SignatureMove"],"picked":"SKIP","floor":31.0},{"not_picked":["DevaForm","Devotion"],"picked":"Alpha","floor":33},{"not_picked":["BowlingBash+1","Fasting2"],"picked":"Evaluate","floor":35}],"player_experience":393584,"relics_obtained":[{"floor":6.0,"key":"CeramicFish"},{"floor":8.0,"key":"Letter Opener"},{"floor":9.0,"key":"Meat on the Bone"},{"floor":11.0,"key":"FossilizedHelix"},{"floor":23.0,"key":"HornCleat"},{"floor":26.0,"key":"Happy Flower"},{"floor":31.0,"key":"Blood Vial"}],"event_choices":[{"damage_healed":0.0,"max_hp_gain":0.0,"max_hp_loss":0.0,"gold_gain":0.0,"event_name":"Lab","player_choice":"Got Potions","floor":10.0,"gold_loss":0.0,"damage_taken":0.0},{"damage_healed":0.0,"max_hp_gain":0.0,"max_hp_loss":0.0,"gold_gain":0.0,"event_name":"Upgrade Shrine","player_choice":"Upgraded","floor":21.0,"gold_loss":0.0,"damage_taken":0.0,"cards_upgraded":["SpiritShield"]},{"damage_healed":0,"gold_gain":0,"player_choice":"Took Portal","damage_taken":0,"max_hp_gain":0,"max_hp_loss":0,"event_name":"SecretPortal","floor":36,"gold_loss":0}],"is_beta":false,"boss_relics":[{"not_picked":["Fusion Hammer","Busted Crown"],"picked":"Sozu"},{"not_picked":["Cursed Key","Pandora\u0027s Box"],"picked":"Empty Cage"}],"items_purged_floors":[12],"is_endless":false,"potions_floor_spawned":[4,8,13,14,18,22,27,30,31],"ascension_level":14}}