{"host":"l84l8xigz5v5foa2","time":1611252219,"event":{"mods":["2.2 Compatiblity","AchievementEnabler","BaseMod","Better Note","Better Vampires","Card Filter","Colored Map","DeckTracker","Gremlin Skip","Hermit","Highlight Path","Keyboard Shortcuts","Minty Spire (QoL Compilation)","Permanent Neow","Quick Restart","Relic Filter","Relic Stats","Shop Mod","StSLib","SuperFastMode","Transform Curses","Unknown Chances"],"gold_per_floor":[110,110,127,138,153,153,181,181,181,192,192,192,181,58,58,58,58],"floor_reached":16,"language":"KOR","playtime":548,"items_purged":["hermit:Strike_Hermit"],"score":128,"play_id":"c36db3d9-ab1d-4dab-bd57-bb6434b13b53","local_time":"20210122030339","is_ascension_mode":true,"campfire_choices":[{"data":"hermit:LoneWolf","floor":6.0,"key":"SMITH"},{"floor":8,"key":"REST"},{"data":"hermit:PistolWhip","floor":12,"key":"SMITH"},{"data":"hermit:Manifest","floor":15,"key":"SMITH"}],"circlet_count":0,"master_deck":["hermit:Strike_Hermit","hermit:Defend_Hermit","hermit:Defend_Hermit","hermit:Defend_Hermit","hermit:Defend_Hermit","hermit:Snapshot","hermit:Covet","hermit:Feint","hermit:PistolWhip","hermit:Purgatory","hermit:LoneWolf+1","hermit:Deadeye","hermit:PistolWhip+1","hermit:Manifest+1","hermit:Dive"],"relics":["hermit:Momento","Bottled Flame","Frozen Egg 2"],"acts_visited":[],"potions_floor_usage":[7,16],"damage_taken":[{"damage":0.0,"enemies":"2 Louse","floor":1.0,"turns":3.0},{"damage":7.0,"enemies":"Jaw Worm","floor":3.0,"turns":3.0},{"damage":0.0,"enemies":"Small Slimes","floor":4.0,"turns":3.0},{"damage":14.0,"enemies":"Red Slaver","floor":5.0,"turns":4.0},{"damage":41,"enemies":"Gremlin Nob","floor":7,"turns":3},{"damage":6,"enemies":"Exordium Wildlife","floor":10,"turns":5},{"damage":6,"enemies":"Exordium Thugs","floor":13,"turns":4},{"damage":32,"enemies":"The Guardian","floor":16,"turns":9}],"seed_played":"-2448242826678163524","potions_obtained":[{"floor":3.0,"key":"Strength Potion"},{"floor":10,"key":"DistilledChaos"}],"is_trial":false,"path_per_floor":["M","?","M","M","M","R","E","R","T","M","?","R","M","$","R","B"],"character_chosen":"HERMIT","items_purchased":["hermit:Dive"],"campfire_rested":1,"item_purchase_floors":[14],"current_hp_per_floor":[75,75,68,68,54,54,13,35,35,29,29,29,23,23,23,0,0],"gold":58,"neow_bonus":"TRANSFORM_CARD","is_daily":false,"chose_seed":false,"campfire_upgraded":3,"win_rate":0.0,"timestamp":1611252219,"path_taken":["M","?","M","M","M","R","E","R","T","M","?","R","M","$","R","BOSS"],"items_purchased_type":["Card"],"build_version":"2020-12-22","purchased_purges":1,"victory":false,"max_hp_per_floor":[75,75,75,75,75,75,75,75,75,75,75,75,75,75,75,75,75],"relic_stats":{"counters":[8,34],"obtain_stats":[{"Bottled Flame":7,"Frozen Egg 2":9,"hermit:Momento":0},{"Bottled Flame":5,"Frozen Egg 2":5,"hermit:Momento":0},{"Bottled Flame":16,"Frozen Egg 2":16,"hermit:Momento":0}]},"card_choices":[{"not_picked":["hermit:Desperado","hermit:Snipe"],"picked":"hermit:PistolWhip","floor":1.0},{"not_picked":["hermit:BigShot","hermit:Headshot"],"picked":"hermit:LoneWolf","floor":3.0},{"not_picked":["hermit:Coalescence","hermit:NoHoldsBarred"],"picked":"hermit:Deadeye","floor":4.0},{"not_picked":["hermit:Brawl","hermit:Enervate"],"picked":"hermit:PistolWhip","floor":5.0},{"not_picked":["hermit:GoldenBullet","hermit:LoneWolf","hermit:HoleUp"],"picked":"SKIP","floor":7},{"not_picked":["hermit:Snipe","hermit:LoneWolf"],"picked":"hermit:Manifest","floor":10},{"not_picked":["hermit:Midnight","hermit:Glare","hermit:Ricochet"],"picked":"SKIP","floor":13}],"player_experience":1445634,"relics_obtained":[{"floor":7,"key":"Bottled Flame"},{"floor":9,"key":"Frozen Egg 2"}],"event_choices":[{"damage_healed":0.0,"max_hp_gain":0.0,"max_hp_loss":0.0,"gold_gain":0.0,"cards_transformed":["hermit:Strike_Hermit"],"event_name":"Living Wall","player_choice":"Change","floor":2.0,"gold_loss":0.0,"damage_taken":0.0,"cards_obtained":["hermit:Purgatory"]},{"damage_healed":0,"gold_gain":0,"player_choice":"Searched \u00270\u0027 times","damage_taken":0,"max_hp_gain":0,"max_hp_loss":0,"event_name":"Dead Adventurer","floor":11,"gold_loss":0}],"is_beta":false,"boss_relics":[],"items_purged_floors":[14],"is_endless":false,"potions_floor_spawned":[3,10],"killed_by":"The Guardian","ascension_level":5}}