{"host":"70zhvo5nwrhp1mbg","time":1611260355,"event":{"mods":["BaseMod","Colored Map","Colored Powertips","Highlight Path","Minty Spire (QoL Compilation)","Rare Cards Sparkle","StSLib"],"gold_per_floor":[119,137,137,151,151,177,177,32,83,113,213,239,250,279,279,279,279],"floor_reached":16,"language":"ENG","playtime":845,"items_purged":[],"score":166,"play_id":"3dc80d4e-f791-4676-94d4-8a266cb46e40","local_time":"20210121151915","is_ascension_mode":true,"campfire_choices":[{"floor":7,"key":"REST"},{"floor":15,"key":"REST"}],"circlet_count":0,"master_deck":["Strike_R","Strike_R","Strike_R","Strike_R","Strike_R","Defend_R","Defend_R+1","Defend_R","Defend_R","Bash","Bludgeon","Iron Wave","Heavy Blade","Headbutt","Barricade","Clothesline","Carnage","Body Slam","Feel No Pain","Shrug It Off+1","Fiend Fire","True Grit","Inflame","Ghostly Armor"],"relics":["Burning Blood","Lantern","StoneCalendar","Orrery","Ancient Tea Set","Bag of Marbles","War Paint","Juzu Bracelet"],"acts_visited":["Exordium"],"potions_floor_usage":[10,12,16],"damage_taken":[{"damage":3,"enemies":"Small Slimes","floor":1,"turns":3},{"damage":1,"enemies":"2 Louse","floor":2,"turns":4},{"damage":0,"enemies":"Cultist","floor":4,"turns":3},{"damage":45,"enemies":"Lagavulin","floor":6,"turns":6},{"damage":6,"enemies":"Gremlin Nob","floor":10,"turns":3},{"damage":10,"enemies":"3 Sentries","floor":12,"turns":4},{"damage":9,"enemies":"Red Slaver","floor":13,"turns":3},{"damage":34,"enemies":"Lagavulin","floor":14,"turns":6},{"damage":54,"enemies":"The Guardian","floor":16,"turns":12}],"seed_played":"-2749671123990823771","potions_obtained":[{"floor":2,"key":"Explosive Potion"},{"floor":4,"key":"AttackPotion"},{"floor":14,"key":"Ancient Potion"}],"is_trial":false,"path_per_floor":["M","M","?","M","?","E","R","$","T","E","?","E","M","E","R","B"],"character_chosen":"IRONCLAD","items_purchased":["Orrery"],"campfire_rested":2,"item_purchase_floors":[8],"current_hp_per_floor":[75,80,77,80,80,41,65,65,65,65,65,61,58,30,54,0,0],"gold":279,"neow_bonus":"ONE_RANDOM_RARE_CARD","is_daily":false,"chose_seed":true,"campfire_upgraded":0,"win_rate":0.0,"timestamp":1611260355,"path_taken":["M","M","?","M","?","E","R","$","T","E","?","E","M","E","R","BOSS"],"items_purchased_type":["Relic"],"build_version":"2020-12-22","purchased_purges":0,"victory":false,"max_hp_per_floor":[80,80,80,80,80,80,80,80,80,80,80,80,80,80,80,80,80],"card_choices":[{"not_picked":["Combust","Body Slam"],"picked":"Iron Wave","floor":1},{"not_picked":["Anger","Body Slam"],"picked":"Heavy Blade","floor":2},{"not_picked":["Hemokinesis","Infernal Blade"],"picked":"Headbutt","floor":4},{"not_picked":["Armaments","Twin Strike"],"picked":"Barricade","floor":6},{"not_picked":["Second Wind","Barricade"],"picked":"Clothesline","floor":8},{"not_picked":["Searing Blow","Wild Strike"],"picked":"Carnage","floor":8},{"not_picked":["Clash","Reckless Charge"],"picked":"Body Slam","floor":8},{"not_picked":["Clash","Pommel Strike"],"picked":"Feel No Pain","floor":8},{"not_picked":["Perfected Strike","Clash"],"picked":"Shrug It Off","floor":8},{"not_picked":["Searing Blow","Burning Pact"],"picked":"Fiend Fire","floor":10},{"not_picked":["Armaments","Clothesline"],"picked":"True Grit","floor":12},{"not_picked":["Battle Trance","Perfected Strike"],"picked":"Inflame","floor":13},{"not_picked":["Disarm","Twin Strike"],"picked":"Ghostly Armor","floor":14}],"player_experience":413656,"relics_obtained":[{"floor":6,"key":"StoneCalendar"},{"floor":9,"key":"Ancient Tea Set"},{"floor":10,"key":"Bag of Marbles"},{"floor":12,"key":"War Paint"},{"floor":14,"key":"Juzu Bracelet"}],"event_choices":[{"damage_healed":0,"gold_gain":0,"player_choice":"Success","damage_taken":3,"relics_obtained":["Lantern"],"max_hp_gain":0,"max_hp_loss":0,"event_name":"Scrap Ooze","floor":3,"gold_loss":0},{"damage_healed":0,"gold_gain":0,"player_choice":"Ignored","damage_taken":0,"max_hp_gain":0,"max_hp_loss":0,"event_name":"Liars Game","floor":5,"gold_loss":0},{"damage_healed":0,"gold_gain":100,"player_choice":"Pray","damage_taken":0,"max_hp_gain":0,"max_hp_loss":0,"event_name":"Golden Shrine","floor":11,"gold_loss":0}],"is_beta":false,"boss_relics":[],"items_purged_floors":[],"is_endless":false,"potions_floor_spawned":[2,4,14],"killed_by":"The Guardian","ascension_level":6}}