{"host":"ishme5wb80o83upk","time":1611270353,"event":{"mods":["Arknights The Spire","BaseMod","Minty Spire (QoL Compilation)","StSLib"],"gold_per_floor":[114,133,133,144,156,191,191,223,273,273,290,301,335,359,359,463,463,477,490,415,431,464,464,464,495,575,134,147,167,167,199,199,301,301,320,334,345,209,222,251,251,263,311,325,350,367,393,615,615,615,615,615,339,369,369,369],"floor_reached":55,"language":"KOR","playtime":2867,"items_purged":["Pain","ats:Strike V","ats:Strike S","ats:Strike G"],"score":1070,"play_id":"e63e114a-8171-48ac-9634-cff4e76fa155","local_time":"20210122080553","is_ascension_mode":true,"campfire_choices":[{"data":"ats:Part Time Job","floor":7,"key":"SMITH"},{"data":"ats:Demon Strength","floor":10,"key":"SMITH"},{"data":"ats:Healing Drone","floor":15,"key":"SMITH"},{"floor":23,"key":"REST"},{"data":"ats:Calcification","floor":30,"key":"SMITH"},{"data":"ats:Composite Medical Shells","floor":32,"key":"SMITH"},{"floor":41,"key":"RECALL"},{"data":"ats:Calcification","floor":49,"key":"SMITH"},{"data":"ats:Charging Defense","floor":52,"key":"SMITH"}],"circlet_count":0,"master_deck":["ats:Strike C","ats:Armor Crushing Shot","ats:Defend","ats:Defend","ats:Defend","ats:Defend","ats:Emotion Absorption","ats:Sashimi Platter","ats:Demon Strength+1","ats:Closed Bolt Burst Fire","ats:Shell Defense","ats:Overload","ats:Part Time Job+1","ats:Song Of Battle","ats:Healing Drone+1","ats:Composite Medical Shells+1","ats:Calcification+1","ats:Sashimi Platter+1","ats:Sword Rain","ats:Calcification+1","ats:Dogmatic Field","ats:Charging Defense+1","ats:Shadow Raid+1"],"relics":["ats:Sanity","WarpedTongs","ats:Originium","ats:Emergency Defibrillator","Question Card","Nunchaku","Vajra","Snecko Eye","Red Mask","Matryoshka","ats:Lavender","ats:Military Tradition","Membership Card","HornCleat","Pear","Darkstone Periapt","Busted Crown","Oddly Smooth Stone","Ice Cream","StrikeDummy","Omamori","Regal Pillow","Dead Branch","Bag of Preparation","Akabeko","Mercury Hourglass"],"acts_visited":["Exordium","TheCity","TheBeyond","TheEnding"],"potions_floor_usage":[22,31,55,55,55,55,55,55],"damage_taken":[{"damage":3,"enemies":"2 Louse","floor":1,"turns":4},{"damage":8,"enemies":"Cultist","floor":2,"turns":4},{"damage":4,"enemies":"Small Slimes","floor":4,"turns":3},{"damage":1,"enemies":"Exordium Wildlife","floor":5,"turns":3},{"damage":30,"enemies":"Lagavulin","floor":6,"turns":6},{"damage":17,"enemies":"3 Sentries","floor":8,"turns":5},{"damage":13,"enemies":"Exordium Thugs","floor":11,"turns":4},{"damage":16,"enemies":"Large Slime","floor":12,"turns":6},{"damage":33,"enemies":"Lagavulin","floor":13,"turns":7},{"damage":47,"enemies":"The Guardian","floor":16,"turns":11},{"damage":23,"enemies":"2 Thieves","floor":18,"turns":5},{"damage":38,"enemies":"Chosen","floor":19,"turns":6},{"damage":48,"enemies":"Snecko","floor":21,"turns":6},{"damage":58,"enemies":"Masked Bandits","floor":22,"turns":4},{"damage":69,"enemies":"Book of Stabbing","floor":25,"turns":5},{"damage":9,"enemies":"Centurion and Healer","floor":28,"turns":5},{"damage":28,"enemies":"Cultist and Chosen","floor":29,"turns":6},{"damage":27,"enemies":"Slavers","floor":31,"turns":5},{"damage":92,"enemies":"Champ","floor":33,"turns":14},{"damage":15,"enemies":"3 Shapes","floor":35,"turns":4},{"damage":12,"enemies":"Orb Walker","floor":36,"turns":4},{"damage":66,"enemies":"Transient","floor":37,"turns":5},{"damage":29,"enemies":"3 Darklings","floor":39,"turns":4},{"damage":0,"enemies":"Giant Head","floor":40,"turns":7},{"damage":68,"enemies":"Writhing Mass","floor":42,"turns":5},{"damage":0,"enemies":"Spire Growth","floor":44,"turns":4},{"damage":71,"enemies":"Nemesis","floor":45,"turns":7},{"damage":0,"enemies":"Sphere and 2 Shapes","floor":46,"turns":3},{"damage":47,"enemies":"Reptomancer","floor":47,"turns":6},{"damage":178,"enemies":"Donu and Deca","floor":50,"turns":10},{"damage":134,"enemies":"Shield and Spear","floor":54,"turns":6},{"damage":211,"enemies":"The Heart","floor":55,"turns":6}],"seed_played":"435276705035991890","potions_obtained":[{"floor":5,"key":"Weak Potion"},{"floor":8,"key":"LiquidBronze"},{"floor":11,"key":"CultistPotion"},{"floor":16,"key":"EntropicBrew"},{"floor":18,"key":"Regen Potion"},{"floor":25,"key":"EntropicBrew"},{"floor":31,"key":"SkillPotion"},{"floor":35,"key":"CultistPotion"},{"floor":47,"key":"Energy Potion"}],"is_trial":false,"path_per_floor":["M","M","?","M","M","E","R","E","T","R","M","M","E","T","R","B",null,"M","M","$","M","?","R","?","E","T","$","M","M","R","E","R","B",null,"M","M","M","$","M","E","R","M","T","M","E","M","E","?","R","B",null,"R","$","E","B"],"character_chosen":"DOCTOR_CLASS","items_purchased":["Membership Card","HornCleat","Pear","Oddly Smooth Stone","CultistPotion","Bag of Preparation","Akabeko"],"campfire_rested":1,"item_purchase_floors":[27,27,27,38,53,53,53],"current_hp_per_floor":[72,66,66,72,72,56,56,52,52,52,72,71,47,47,47,69,71,68,64,64,57,34,55,55,24,24,34,82,70,70,77,77,71,79,82,82,40,40,58,82,82,66,66,82,82,82,82,82,82,62,77,77,77,61,0,0],"gold":369,"neow_bonus":"THREE_CARDS","is_daily":false,"chose_seed":false,"campfire_upgraded":7,"win_rate":0.0,"timestamp":1611270353,"path_taken":["M","M","?","?","M","E","R","E","T","R","M","M","E","?","R","BOSS","M","M","$","M","?","R","?","E","T","?","?","M","R","E","R","BOSS","M","M","M","$","M","E","R","M","T","M","E","M","E","?","R","BOSS","R","$","E","BOSS"],"items_purchased_type":["Relic","Relic","Relic","Relic","Potion","Relic","Relic"],"build_version":"2020-12-22","purchased_purges":4,"victory":false,"max_hp_per_floor":[72,72,72,72,72,72,72,72,72,72,72,72,72,72,72,72,72,72,72,72,72,72,72,72,72,72,82,82,82,82,82,82,82,82,82,82,82,82,82,82,82,82,82,82,82,82,82,82,82,82,82,82,82,82,82,82],"card_choices":[{"not_picked":["ats:Apocalypse","ats:Cat Scratch"],"picked":"ats:Sashimi Platter","floor":0},{"not_picked":["ats:Very Hot Blade","ats:Hammer On"],"picked":"ats:Demon Strength","floor":1},{"not_picked":["ats:Cat Scratch","ats:Hammer On"],"picked":"ats:Closed Bolt Burst Fire","floor":2},{"not_picked":["ats:Cat Scratch","ats:Shadow Raid"],"picked":"ats:Shell Defense","floor":4},{"not_picked":["ats:True Silver Slash","ats:Consecutive Shot Auto"],"picked":"ats:Overload","floor":5},{"not_picked":["ats:Closed Bolt Burst Fire","ats:Nebulous Foxfire"],"picked":"ats:Part Time Job","floor":6},{"not_picked":["ats:Cat Scratch","ats:Revitalization"],"picked":"ats:Song Of Battle","floor":8},{"not_picked":["ats:Consecutive Shot Auto","ats:Thermite Blade","ats:Powerful Strike","ats:Flame Of Heaven"],"picked":"SKIP","floor":11},{"not_picked":["ats:Spore Proliferation","ats:Blood Oath","ats:Beaten Up"],"picked":"ats:Healing Drone","floor":12},{"not_picked":["ats:Automatic Cover","ats:Cat Scratch","ats:Poison Spread"],"picked":"ats:Composite Medical Shells","floor":13},{"not_picked":["ats:Ambush","ats:Echo Reverb","ats:Disruption Kick"],"picked":"ats:Calcification","floor":16},{"not_picked":["ats:Chain Hook+1","ats:Curse Doll","ats:Shell Defense+1"],"picked":"ats:Sashimi Platter+1","floor":18},{"not_picked":["ats:Revitalization","ats:Shell Defense","ats:Childhood Dance","ats:Explosion Area Strengthen"],"picked":"SKIP","floor":19},{"not_picked":["ats:Shell Defense+1","ats:Very Hot Blade","ats:Blood Oath+1","ats:Serious Mode"],"picked":"SKIP","floor":21},{"not_picked":["ats:Powerful Strike","ats:Defend Order","ats:Hook Shot"],"picked":"ats:Sword Rain","floor":22},{"not_picked":["ats:Support Order","ats:Cat Scratch","ats:Hammer On"],"picked":"ats:Calcification","floor":25},{"not_picked":["ats:Rapid Magazine+1","ats:Assault Order","ats:Song Of Battle","ats:Cat Scratch"],"picked":"SKIP","floor":28},{"not_picked":["ats:Hammer On","ats:Ignite","ats:Explosion Area Strengthen","ats:Childhood Dance+1"],"picked":"SKIP","floor":29},{"not_picked":["ats:Poison Spread","ats:Leaping Hammer","ats:Ignite","ats:Childhood Dance"],"picked":"SKIP","floor":31},{"not_picked":["ats:Roar Of Ursus","ats:Wolf Pack","ats:Ambush"],"picked":"ats:Dogmatic Field","floor":33},{"not_picked":["ats:Cat Scratch+1"],"picked":"ats:Charging Defense","floor":35},{"not_picked":["ats:Steam Pump","ats:Very Hot Blade+1"],"picked":"SKIP","floor":36},{"not_picked":["ats:Consecutive Shot Auto+1","ats:Overload+1"],"picked":"SKIP","floor":37},{"not_picked":["ats:Cat Scratch","ats:Directed Diagnosis+1"],"picked":"SKIP","floor":39},{"not_picked":["ats:Hammer On","ats:Revitalization"],"picked":"SKIP","floor":40},{"not_picked":["ats:Poison Spread","ats:Consecutive Shot Auto"],"picked":"SKIP","floor":42},{"not_picked":["ats:Poison Spread","ats:Consecutive Shot Auto"],"picked":"SKIP","floor":42},{"not_picked":["ats:Poison Spread","ats:Consecutive Shot Auto"],"picked":"SKIP","floor":42},{"not_picked":["ats:Blood Oath+1"],"picked":"ats:Shadow Raid+1","floor":44},{"not_picked":["ats:LN2 Cannon","ats:Serious Mode"],"picked":"SKIP","floor":45},{"not_picked":["ats:Burning Ground+1","ats:Roar Of Ursus"],"picked":"SKIP","floor":46},{"not_picked":["ats:Assault Order","ats:Blood Oath+1"],"picked":"SKIP","floor":47},{"not_picked":["ats:Closed Bolt Burst Fire","ats:Rapid Magazine+1"],"picked":"SKIP","floor":54}],"player_experience":1083929,"relics_obtained":[{"floor":6,"key":"ats:Originium"},{"floor":6,"key":"ats:Emergency Defibrillator"},{"floor":8,"key":"ats:Originium"},{"floor":8,"key":"Question Card"},{"floor":13,"key":"ats:Originium"},{"floor":13,"key":"Nunchaku"},{"floor":14,"key":"Vajra"},{"floor":22,"key":"Red Mask"},{"floor":25,"key":"ats:Originium"},{"floor":25,"key":"Matryoshka"},{"floor":26,"key":"ats:Lavender"},{"floor":26,"key":"ats:Military Tradition"},{"floor":31,"key":"Darkstone Periapt"},{"floor":40,"key":"Ice Cream"},{"floor":43,"key":"StrikeDummy"},{"floor":43,"key":"Omamori"},{"floor":45,"key":"Regal Pillow"},{"floor":47,"key":"Dead Branch"},{"floor":54,"key":"Mercury Hourglass"}],"event_choices":[{"damage_healed":0,"gold_gain":0,"player_choice":"Rummage","damage_taken":0,"relics_obtained":["WarpedTongs"],"max_hp_gain":0,"max_hp_loss":0,"event_name":"Accursed Blacksmith","floor":3,"gold_loss":0,"cards_obtained":["Pain"]},{"damage_healed":0,"gold_gain":0,"player_choice":"Fought Bandits","damage_taken":0,"max_hp_gain":0,"max_hp_loss":0,"event_name":"Masked Bandits","floor":22,"gold_loss":0},{"damage_healed":0,"gold_gain":0,"player_choice":"Ignored","damage_taken":0,"max_hp_gain":0,"max_hp_loss":0,"event_name":"Ghosts","floor":24,"gold_loss":0},{"damage_healed":0,"gold_gain":222,"player_choice":"Wore Mask","damage_taken":0,"max_hp_gain":0,"max_hp_loss":0,"event_name":"Tomb of Lord Red Mask","floor":48,"gold_loss":0}],"is_beta":false,"boss_relics":[{"not_picked":["Calling Bell","Runic Pyramid"],"picked":"Snecko Eye"},{"not_picked":["Cursed Key","SlaversCollar"],"picked":"Busted Crown"}],"items_purged_floors":[20,27,38,53],"is_endless":false,"potions_floor_spawned":[5,8,11,16,18,21,25,29,31,35,39,45,46,47],"killed_by":"The Heart","ascension_level":5}}