{"host":"p7cjtxxrilhp4dw7","time":1611266998,"event":{"mods":["BaseMod","Block Reminder","Colored Map","Highlight Path","Minty Spire (QoL Compilation)","Replay The Spire","StSLib","The Hierophant"],"gold_per_floor":[111,124,141,157,167,167,200,200,200,235,249,249,282,295,295,400,400,419,334,36,50,50,76,93,93,148,148,165,193,193,206,206,304,304,315,332,332,209,226,226,255,255,309,636,686,712,726,744,744,744,744,805,6,31,31,31],"floor_reached":55,"language":"ENG","playtime":6965,"items_purged":["Strike_R","ReplayTheSpireMod:Splinters"],"score":1212,"play_id":"748fec02-55a1-4be1-8d1a-1c53373b75e2","local_time":"20210121150958","is_ascension_mode":true,"campfire_choices":[{"data":"Bash","floor":6,"key":"SMITH"},{"floor":8,"key":"REST"},{"data":"Shockwave","floor":12,"key":"SMITH"},{"floor":15,"key":"DIG"},{"data":"Infernal Blade","floor":25,"key":"SMITH"},{"floor":27,"key":"REST"},{"floor":32,"key":"RECALL"},{"data":"Juggernaut","floor":40,"key":"SMITH"},{"data":"Armaments","floor":42,"key":"SMITH"},{"floor":49,"key":"DIG"}],"circlet_count":0,"master_deck":["Strike_R","Strike_R","Strike_R","Strike_R","Defend_R+1","Defend_R","Defend_R","Defend_R","Bash+1","Shrug It Off+1","Ghostly Armor","Metallicize","Rage","Shockwave+1","Twin Strike","Body Slam+1","Body Slam","Juggernaut+1","Body Slam+1","Feed+1","Flame Barrier","Infernal Blade+1","Intimidate+1","Armaments+1","Reaper+1","Whirlwind+1","Writhe","Parasite","Twin Strike+1","Pummel","Entrench+1","Seeing Red+1","Flex+1","Infernal Blade","Replay:Many Hands"],"relics":["Burning Blood","Oddly Smooth Stone","Darkstone Periapt","Blood Vial","Pocketwatch","War Paint","SacredBark","Strawberry","Regal Pillow","Gambling Chip","Du-Vu Doll","Replay:Bronze Core","Replay:Multitool","PreservedInsect","Old Coin","Unceasing Top","Replay:Mystery Machine","Vajra","Replay:Baseball","Guide Book","Pondfish Scales","Gremlin Horn"],"acts_visited":["Exordium","TheCity","TheBeyond","TheEnding"],"potions_floor_usage":[7,10,13,16,21,29,33,41,50,50,54,55,55,55],"damage_taken":[{"damage":5,"enemies":"Small Slimes","floor":1,"turns":3},{"damage":3,"enemies":"Jaw Worm","floor":2,"turns":6},{"damage":1,"enemies":"Cultist","floor":3,"turns":3},{"damage":22,"enemies":"Large Slime","floor":4,"turns":6},{"damage":0,"enemies":"Blue Slaver","floor":5,"turns":6},{"damage":23,"enemies":"3 Sentries","floor":7,"turns":15},{"damage":23,"enemies":"Lagavulin","floor":10,"turns":5},{"damage":8,"enemies":"Exordium Thugs","floor":11,"turns":7},{"damage":9,"enemies":"Replay:BlueRogue","floor":13,"turns":8},{"damage":1,"enemies":"2 Fungi Beasts","floor":14,"turns":4},{"damage":19,"enemies":"Fading Forest","floor":16,"turns":11},{"damage":20,"enemies":"Spheric Guardian","floor":18,"turns":6},{"damage":11,"enemies":"3 Byrds","floor":21,"turns":6},{"damage":15,"enemies":"Replay:Snechameleon","floor":23,"turns":7},{"damage":14,"enemies":"Snake Plant","floor":24,"turns":5},{"damage":5,"enemies":"3 Cultists","floor":28,"turns":5},{"damage":9,"enemies":"Book of Stabbing","floor":29,"turns":7},{"damage":2,"enemies":"Snecko","floor":31,"turns":4},{"damage":34,"enemies":"Collector","floor":33,"turns":9},{"damage":36,"enemies":"3 Darklings","floor":35,"turns":10},{"damage":8,"enemies":"Orb Walker","floor":36,"turns":3},{"damage":32,"enemies":"Writhing Mass","floor":39,"turns":7},{"damage":0,"enemies":"R_Hoarder","floor":41,"turns":9},{"damage":26,"enemies":"Reptomancer","floor":44,"turns":7},{"damage":0,"enemies":"Mind Bloom Boss Battle","floor":45,"turns":5},{"damage":8,"enemies":"R_Hoarder","floor":46,"turns":7},{"damage":19,"enemies":"Sphere and 2 Shapes","floor":47,"turns":4},{"damage":13,"enemies":"Spire Growth","floor":48,"turns":4},{"damage":97,"enemies":"Awakened One","floor":50,"turns":18},{"damage":11,"enemies":"Shield and Spear","floor":54,"turns":4},{"damage":137,"enemies":"The Heart","floor":55,"turns":8}],"seed_played":"-1562771608193954756","potions_obtained":[{"floor":3,"key":"FairyPotion"},{"floor":4,"key":"AttackPotion"},{"floor":5,"key":"Death Potion"},{"floor":10,"key":"Elixir"},{"floor":11,"key":"ColorlessPotion"},{"floor":18,"key":"Adrenaline Potion"},{"floor":23,"key":"Ancient Potion"},{"floor":28,"key":"FearPotion"},{"floor":29,"key":"DuplicationPotion"},{"floor":44,"key":"Milkshake"},{"floor":46,"key":"Fire Potion"},{"floor":52,"key":"Milkshake"},{"floor":54,"key":"LifebloodPotion"}],"is_trial":false,"path_per_floor":["M","M","M","M","M","R","E","R","T","E","M","R","E","M","R_BF","B",null,"M","?","$","M","?","E","M","R","T","R","M","E","$","M","R_BF","B",null,"M","M","?","$","M","R","E","R","T","E","?","E","M","M","R_BF","B",null,"R","$","E","B"],"character_chosen":"IRONCLAD","items_purchased":["Regal Pillow","Feed","PowerPotion","Replay:Baseball","Guide Book","Pondfish Scales","Elixir","LiquidMemories"],"campfire_rested":2,"item_purchase_floors":[20,20,38,53,53,53,53,53],"current_hp_per_floor":[81,84,88,72,78,78,61,87,87,70,70,70,69,76,76,73,84,72,79,79,76,76,69,63,63,63,95,98,95,95,98,98,70,91,63,66,97,97,79,79,87,87,87,84,92,98,87,82,82,73,103,109,109,123,0,0],"gold":31,"neow_bonus":"TEN_PERCENT_HP_BONUS","is_daily":false,"chose_seed":false,"campfire_upgraded":5,"win_rate":0.0,"timestamp":1611266998,"path_taken":["M","M","M","M","M","R","E","R","T","E","M","R","E","M","R_BF","BOSS","M","?","$","M","?","E","M","R","T","R","M","E","$","?","R_BF","BOSS","M","M","?","$","M","R","E","R","T","E","?","E","?","M","R_BF","BOSS","R","$","E","BOSS"],"items_purchased_type":["Relic","Card","Potion","Relic","Relic","Relic","Potion","Potion"],"build_version":"2020-12-22","purchased_purges":2,"victory":false,"max_hp_per_floor":[88,88,88,88,88,88,88,88,88,88,88,88,88,88,88,88,88,88,95,95,95,95,95,95,95,95,95,98,98,98,98,98,98,98,98,101,107,107,113,113,113,113,113,113,113,113,113,113,113,113,113,119,119,123,123,123],"card_choices":[{"not_picked":["Twin Strike","Heavy Blade"],"picked":"Shrug It Off","floor":1},{"not_picked":["ReplayTheSpireMod:Limb From Limb","Heavy Blade","Headbutt"],"picked":"SKIP","floor":2},{"not_picked":["Clash","Pommel Strike"],"picked":"Ghostly Armor","floor":3},{"not_picked":["Massacre","Anger"],"picked":"Metallicize","floor":4},{"not_picked":["Headbutt","Searing Blow"],"picked":"Rage","floor":5},{"not_picked":["Sever Soul","Rage","Heavy Blade"],"picked":"SKIP","floor":7},{"not_picked":["Pommel Strike","ReplayTheSpireMod:LeadingStrike"],"picked":"Shockwave","floor":10},{"not_picked":["Perfected Strike","Replay:Many Hands"],"picked":"Twin Strike","floor":11},{"not_picked":["Corruption","Whirlwind"],"picked":"Body Slam","floor":13},{"not_picked":["Thunderclap","ReplayTheSpireMod:Strike From Hell"],"picked":"Body Slam","floor":14},{"not_picked":["Feed","Bludgeon"],"picked":"Juggernaut","floor":16},{"not_picked":["Twin Strike+1","Dark Embrace"],"picked":"Body Slam+1","floor":18},{"not_picked":["Reckless Charge","Rampage+1"],"picked":"Flame Barrier","floor":21},{"not_picked":["Body Slam","Thunderclap"],"picked":"Infernal Blade","floor":23},{"not_picked":["Ghostly Armor+1","Wild Strike"],"picked":"Intimidate+1","floor":24},{"not_picked":["Hemokinesis","Havoc"],"picked":"Armaments","floor":28},{"not_picked":["Body Slam+1","Run Through","Burning Pact"],"picked":"SKIP","floor":29},{"not_picked":["Berserk","Infernal Blade","ReplayTheSpireMod:Limb From Limb"],"picked":"SKIP","floor":31},{"not_picked":["Brutality","Offering"],"picked":"Reaper","floor":33},{"not_picked":["ReplayTheSpireMod:LeadingStrike","Combust","Warcry+1"],"picked":"SKIP","floor":35},{"not_picked":["Replay:Undeath\u0027s Touch","Flex"],"picked":"Whirlwind+1","floor":36},{"not_picked":["Infernal Blade","Metallicize","Flex"],"picked":"SKIP","floor":39},{"not_picked":["ReplayTheSpireMod:Strike From Hell","Thunderclap"],"picked":"Twin Strike+1","floor":41},{"not_picked":["Rampage","Reckless Charge"],"picked":"Pummel","floor":44},{"not_picked":["Barricade","Clash"],"picked":"Entrench+1","floor":45},{"not_picked":["Rampage+1","Clothesline","True Grit+1"],"picked":"SKIP","floor":46},{"not_picked":["Whirlwind","Shockwave+1","Anger"],"picked":"SKIP","floor":47},{"not_picked":["Perfected Strike","Body Slam+1"],"picked":"Seeing Red+1","floor":48},{"not_picked":["Power Through","Thunderclap"],"picked":"Flex+1","floor":52},{"not_picked":["Cleave","True Grit+1"],"picked":"Infernal Blade","floor":52},{"not_picked":["Flex","Perfected Strike+1"],"picked":"Replay:Many Hands","floor":54}],"player_experience":533004,"relics_obtained":[{"floor":7,"key":"Oddly Smooth Stone"},{"floor":9,"key":"Darkstone Periapt"},{"floor":10,"key":"Blood Vial"},{"floor":13,"key":"Pocketwatch"},{"floor":15,"key":"War Paint"},{"floor":23,"key":"Gambling Chip"},{"floor":29,"key":"Du-Vu Doll"},{"floor":41,"key":"Replay:Multitool"},{"floor":43,"key":"PreservedInsect"},{"floor":44,"key":"Old Coin"},{"floor":45,"key":"Unceasing Top"},{"floor":46,"key":"Replay:Mystery Machine"},{"floor":52,"key":"Vajra"},{"floor":54,"key":"Gremlin Horn"}],"event_choices":[{"damage_healed":0,"gold_gain":0,"player_choice":"Obtained Relic","damage_taken":0,"relics_obtained":["Strawberry"],"max_hp_gain":0,"max_hp_loss":0,"event_name":"Addict","floor":19,"gold_loss":85},{"damage_healed":0,"gold_gain":0,"player_choice":"Forge","damage_taken":0,"max_hp_gain":0,"max_hp_loss":0,"event_name":"Accursed Blacksmith","floor":22,"gold_loss":0,"cards_upgraded":["Body Slam"]},{"damage_healed":25,"gold_gain":0,"player_choice":"Writhe","damage_taken":0,"max_hp_gain":0,"max_hp_loss":0,"event_name":"Winding Halls","floor":37,"gold_loss":0,"cards_obtained":["Writhe"]},{"damage_healed":0,"gold_gain":0,"player_choice":"Fight","damage_taken":0,"max_hp_gain":0,"max_hp_loss":0,"event_name":"MindBloom","floor":45,"gold_loss":0}],"is_beta":false,"boss_relics":[{"not_picked":["Fusion Hammer","Coffee Dripper"],"picked":"SacredBark"},{"not_picked":["Replay:Drink Me","Velvet Choker"],"picked":"Replay:Bronze Core"}],"items_purged_floors":[38,53],"is_endless":false,"potions_floor_spawned":[3,4,5,10,11,18,23,28,29,44,46,54],"killed_by":"The Heart","ascension_level":8}}