{"host":"c6u7e77myxvw4d0m","time":1611203650,"event":{"mods":["AchievementEnabler","BaseMod","Bestiary","Colored Map","Colored Powertips","Minty Spire (QoL Compilation)","Rare Cards Sparkle","Relic Stats","everything is the same but u backflip on backflip"],"gold_per_floor":[112,124,124,17,67,67,79,105,105,134,134,164,175,194,194,271,271,288,299,214,234,234,234,263,278,278,308,321,0,18,118,118,197,197,212,1211,1230,1230,656,656,689,689,689,717,733,749,783,483,483,483],"floor_reached":51,"language":"ENG","playtime":4490,"items_purged":["Strike_G","Normality","Normality"],"score":1823,"play_id":"2ca491b0-733a-426b-996f-0e042e772868","local_time":"20210121063410","is_ascension_mode":true,"campfire_choices":[{"data":"Bane","floor":6.0,"key":"SMITH"},{"floor":11.0,"key":"REST"},{"floor":15.0,"key":"REST"},{"data":"Wraith Form v2","floor":23.0,"key":"SMITH"},{"data":"Noxious Fumes","floor":32.0,"key":"SMITH"},{"data":"Noxious Fumes","floor":40.0,"key":"SMITH"},{"data":"PiercingWail","floor":42.0,"key":"SMITH"},{"data":"Neutralize","floor":49,"key":"SMITH"}],"circlet_count":0,"master_deck":["AscendersBane","Strike_G","Strike_G","Strike_G","Strike_G","Defend_G","Defend_G","Defend_G","Defend_G","Defend_G","Survivor","Neutralize+1","Noxious Fumes+1","Backflip","Noxious Fumes+1","Bane+1","PiercingWail+1","Dagger Spray","Poisoned Stab","Backflip+1","Wraith Form v2+1","Noxious Fumes+1","Catalyst+1","Bullet Time+1","Escape Plan+1","Setup+1","Catalyst+1","Dagger Throw+1","Leg Sweep+1","Deadly Poison+1","Cloak And Dagger+1","Bouncing Flask+1","Corpse Explosion+1","Master of Strategy+1","Jack Of All Trades+1","Deep Breath+1","PiercingWail+1","Deadly Poison+1","Prepared+1","PiercingWail+1","Prepared+1"],"relics":["Ring of the Snake","Mercury Hourglass","Toxic Egg 2","Potion Belt","Orichalcum","Snecko Eye","Blue Candle","Strawberry","HornCleat","TungstenRod","Lee\u0027s Waffle","Calipers","Eternal Feather","Coffee Dripper","Anchor","Sling","Smiling Mask","StoneCalendar","Ninja Scroll","Lantern","Membership Card"],"acts_visited":["Exordium","TheCity","TheBeyond"],"potions_floor_usage":[46,46,50,50],"damage_taken":[{"damage":2.0,"enemies":"2 Louse","floor":1.0,"turns":3.0},{"damage":4.0,"enemies":"Jaw Worm","floor":2.0,"turns":6.0},{"damage":0.0,"enemies":"Cultist","floor":7.0,"turns":4.0},{"damage":20.0,"enemies":"Lagavulin","floor":8.0,"turns":8.0},{"damage":15.0,"enemies":"3 Sentries","floor":10.0,"turns":6.0},{"damage":22.0,"enemies":"Gremlin Nob","floor":12.0,"turns":4.0},{"damage":0.0,"enemies":"Looter","floor":13.0,"turns":4.0},{"damage":4.0,"enemies":"Exordium Wildlife","floor":14.0,"turns":4.0},{"damage":24.0,"enemies":"Slime Boss","floor":16.0,"turns":8.0},{"damage":1.0,"enemies":"2 Thieves","floor":18.0,"turns":4.0},{"damage":0.0,"enemies":"Shell Parasite","floor":19.0,"turns":4.0},{"damage":0.0,"enemies":"Centurion and Healer","floor":21.0,"turns":6.0},{"damage":0.0,"enemies":"Slavers","floor":24.0,"turns":4.0},{"damage":22.0,"enemies":"Snecko","floor":25.0,"turns":5.0},{"damage":30.0,"enemies":"Gremlin Leader","floor":27.0,"turns":7.0},{"damage":0.0,"enemies":"Cultist and Chosen","floor":28.0,"turns":6.0},{"damage":0.0,"enemies":"Shelled Parasite and Fungi","floor":30.0,"turns":5.0},{"damage":0.0,"enemies":"Colosseum Slavers","floor":31.0,"turns":3.0},{"damage":0.0,"enemies":"Colosseum Nobs","floor":31.0,"turns":3.0},{"damage":0.0,"enemies":"Automaton","floor":33.0,"turns":5.0},{"damage":0.0,"enemies":"3 Shapes","floor":35.0,"turns":4.0},{"damage":1.0,"enemies":"Orb Walker","floor":37.0,"turns":3.0},{"damage":0.0,"enemies":"Reptomancer","floor":41.0,"turns":4.0},{"damage":0.0,"enemies":"Giant Head","floor":44.0,"turns":4.0},{"damage":18.0,"enemies":"Spire Growth","floor":45.0,"turns":5.0},{"damage":6,"enemies":"4 Shapes","floor":46,"turns":3},{"damage":0,"enemies":"Nemesis","floor":47,"turns":5},{"damage":50,"enemies":"Awakened One","floor":50,"turns":13}],"seed_played":"-3827759901913621144","potions_obtained":[{"floor":1.0,"key":"AttackPotion"},{"floor":7.0,"key":"Energy Potion"},{"floor":13.0,"key":"SpeedPotion"},{"floor":16.0,"key":"Swift Potion"},{"floor":18.0,"key":"Fruit Juice"},{"floor":19.0,"key":"Strength Potion"},{"floor":28.0,"key":"SkillPotion"},{"floor":31.0,"key":"SmokeBomb"},{"floor":33.0,"key":"ColorlessPotion"},{"floor":37.0,"key":"CunningPotion"},{"floor":41.0,"key":"Swift Potion"},{"floor":47,"key":"Fire Potion"}],"is_trial":false,"path_per_floor":["M","M","?","$","?","R","M","E","T","E","R","E","M","M","R","B",null,"M","M","?","M","?","R","E","M","T","E","M","$","M","?","R","B",null,"M","?","M","?","$","R","E","R","T","E","M","M","E","$","R","B",null],"character_chosen":"THE_SILENT","items_purchased":["Bane","PiercingWail","Lee\u0027s Waffle","Cloak And Dagger+1","ColorlessPotion","PiercingWail+1","Anchor","Sling","GhostInAJar","Membership Card","EssenceOfSteel","DistilledChaos"],"campfire_rested":2,"item_purchase_floors":[4,4,29,29,29,39,39,39,39,48,48,48],"current_hp_per_floor":[57,53,53,53,53,53,53,33,33,18,37,15,15,11,30,6,51,50,50,50,50,50,50,57,40,40,10,10,85,85,85,85,85,85,85,85,84,75,75,85,85,85,85,85,67,61,61,61,85,35],"gold":483,"neow_bonus":"THREE_CARDS","is_daily":false,"chose_seed":false,"campfire_upgraded":6,"win_rate":0.0,"timestamp":1611203650,"path_taken":["M","M","?","$","?","R","M","E","T","E","R","E","M","?","R","BOSS","M","M","?","M","?","R","E","?","T","E","M","$","M","?","R","BOSS","M","?","M","?","$","R","E","R","T","E","?","M","E","$","R","BOSS"],"items_purchased_type":["Card","Card","Relic","Card","Potion","Card","Relic","Relic","Potion","Relic","Potion","Potion"],"build_version":"2020-12-22","purchased_purges":3,"victory":true,"max_hp_per_floor":[66,66,66,66,66,66,66,66,66,66,66,66,66,66,66,66,66,66,66,66,66,66,66,73,78,78,78,78,85,85,85,85,85,85,85,85,85,85,85,85,85,85,85,85,85,85,85,85,85,85],"relic_stats":{"Lee\u0027s Waffle":75,"counters":[28,139],"Blue Candle":[0],"Snecko Eye":[185,170,180,195],"Eternal Feather":34,"StoneCalendar":[52],"Orichalcum":[276],"Smiling Mask":13,"obtain_stats":[{"Potion Belt":10,"Lee\u0027s Waffle":29,"Lantern":47,"Calipers":31,"Blue Candle":20,"Eternal Feather":31,"StoneCalendar":43,"Orichalcum":12,"Sling":39,"Smiling Mask":41,"Mercury Hourglass":8,"Anchor":39,"HornCleat":26,"Ninja Scroll":44,"Strawberry":24,"Snecko Eye":17,"Coffee Dripper":34,"Membership Card":48,"Toxic Egg 2":9,"TungstenRod":27,"Ring of the Snake":0},{"Potion Belt":5,"Lee\u0027s Waffle":16,"Lantern":27,"Calipers":19,"Blue Candle":11,"Eternal Feather":19,"StoneCalendar":23,"Orichalcum":6,"Sling":22,"Smiling Mask":23,"Mercury Hourglass":4,"Anchor":22,"HornCleat":14,"Ninja Scroll":24,"Strawberry":13,"Snecko Eye":9,"Coffee Dripper":20,"Membership Card":27,"Toxic Egg 2":4,"TungstenRod":15,"Ring of the Snake":0},{"Potion Belt":27,"Lee\u0027s Waffle":82,"Lantern":126,"Calipers":93,"Blue Candle":54,"Eternal Feather":93,"StoneCalendar":109,"Orichalcum":31,"Sling":105,"Smiling Mask":109,"Mercury Hourglass":21,"Anchor":105,"HornCleat":69,"Ninja Scroll":113,"Strawberry":64,"Snecko Eye":46,"Coffee Dripper":98,"Membership Card":126,"Toxic Egg 2":21,"TungstenRod":76,"Ring of the Snake":0}],"TungstenRod":17,"Ring of the Snake":[48],"Mercury Hourglass":[559]},"card_choices":[{"not_picked":["Well Laid Plans","Deadly Poison"],"picked":"Noxious Fumes","floor":0.0},{"not_picked":["Escape Plan","Calculated Gamble"],"picked":"Backflip","floor":1.0},{"not_picked":["Riddle With Holes","Terror"],"picked":"Noxious Fumes","floor":2.0},{"not_picked":["Dagger Throw","Finisher"],"picked":"Dagger Spray","floor":7.0},{"not_picked":["Dodge and Roll","Calculated Gamble"],"picked":"Poisoned Stab","floor":8.0},{"not_picked":["Finisher","Backstab"],"picked":"Backflip+1","floor":10.0},{"not_picked":["Finisher","Sucker Punch"],"picked":"Wraith Form v2","floor":12.0},{"not_picked":["Cloak And Dagger+1","Sucker Punch"],"picked":"Noxious Fumes","floor":13.0},{"not_picked":["Flying Knee","Dagger Throw"],"picked":"Catalyst+1","floor":14.0},{"not_picked":["Storm of Steel+1","Tools of the Trade"],"picked":"Bullet Time+1","floor":16.0},{"not_picked":["Dagger Spray","Underhanded Strike"],"picked":"Escape Plan+1","floor":18.0},{"not_picked":["Finisher","Outmaneuver+1","Infinite Blades"],"picked":"SKIP","floor":19.0},{"not_picked":["Poisoned Stab","Bane"],"picked":"Setup+1","floor":21.0},{"not_picked":["Sucker Punch","Finisher"],"picked":"Dagger Throw+1","floor":24.0},{"not_picked":["Quick Slash","Poisoned Stab"],"picked":"Leg Sweep+1","floor":25.0},{"not_picked":["Catalyst+1","Outmaneuver+1","Endless Agony"],"picked":"SKIP","floor":27.0},{"not_picked":["Outmaneuver+1","Endless Agony+1"],"picked":"Deadly Poison+1","floor":28.0},{"not_picked":["Wraith Form v2","Underhanded Strike"],"picked":"Bouncing Flask+1","floor":30.0},{"not_picked":["Doppelganger+1","Storm of Steel+1"],"picked":"Corpse Explosion+1","floor":33.0},{"not_picked":["Predator","Choke","Heel Hook+1"],"picked":"SKIP","floor":35.0},{"not_picked":["Cloak And Dagger+1","Underhanded Strike+1","Caltrops"],"picked":"SKIP","floor":37.0},{"not_picked":["Dark Shackles+1","Blind+1"],"picked":"Master of Strategy+1","floor":38.0},{"not_picked":["Panacea+1","Forethought+1"],"picked":"Jack Of All Trades+1","floor":38.0},{"not_picked":["Madness+1","Good Instincts+1"],"picked":"Deep Breath+1","floor":38.0},{"not_picked":["Skewer+1","Outmaneuver+1"],"picked":"Deadly Poison+1","floor":41.0},{"not_picked":["Heel Hook","Glass Knife"],"picked":"Prepared+1","floor":44.0},{"not_picked":["Dash","Dagger Throw+1"],"picked":"PiercingWail+1","floor":45.0},{"not_picked":["Bane","Blur+1"],"picked":"Prepared+1","floor":46},{"not_picked":["Poisoned Stab+1","Heel Hook+1","Quick Slash"],"picked":"SKIP","floor":47}],"player_experience":422423,"relics_obtained":[{"floor":8.0,"key":"Mercury Hourglass"},{"floor":9.0,"key":"Toxic Egg 2"},{"floor":10.0,"key":"Potion Belt"},{"floor":12.0,"key":"Orichalcum"},{"floor":24.0,"key":"Strawberry"},{"floor":26.0,"key":"HornCleat"},{"floor":27.0,"key":"TungstenRod"},{"floor":31.0,"key":"Calipers"},{"floor":31.0,"key":"Eternal Feather"},{"floor":41.0,"key":"Smiling Mask"},{"floor":43.0,"key":"StoneCalendar"},{"floor":44.0,"key":"Ninja Scroll"},{"floor":47,"key":"Lantern"}],"event_choices":[{"damage_healed":0.0,"max_hp_gain":0.0,"max_hp_loss":0.0,"gold_gain":0.0,"event_name":"Living Wall","player_choice":"Grow","floor":3.0,"gold_loss":0.0,"damage_taken":0.0,"cards_upgraded":["Noxious Fumes"]},{"damage_healed":0.0,"max_hp_gain":0.0,"max_hp_loss":0.0,"gold_gain":50.0,"event_name":"Golden Shrine","player_choice":"Pray","floor":5.0,"gold_loss":0.0,"damage_taken":0.0},{"damage_healed":0.0,"max_hp_gain":0.0,"max_hp_loss":0.0,"gold_gain":0.0,"event_name":"Addict","player_choice":"Obtained Relic","floor":20.0,"gold_loss":85.0,"damage_taken":0.0,"relics_obtained":["Blue Candle"]},{"damage_healed":0.0,"max_hp_gain":0.0,"max_hp_loss":0.0,"gold_gain":0.0,"event_name":"Duplicator","player_choice":"Copied","floor":22.0,"gold_loss":0.0,"damage_taken":0.0,"cards_obtained":["Catalyst"]},{"damage_healed":0.0,"max_hp_gain":0.0,"max_hp_loss":0.0,"gold_gain":0.0,"event_name":"Colosseum","player_choice":"Fight","floor":31.0,"gold_loss":0.0,"damage_taken":0.0},{"damage_healed":0.0,"max_hp_gain":0.0,"max_hp_loss":0.0,"gold_gain":0.0,"event_name":"Colosseum","player_choice":"Fought Nobs","floor":31.0,"gold_loss":0.0,"damage_taken":0.0},{"damage_healed":0.0,"max_hp_gain":0.0,"max_hp_loss":0.0,"gold_gain":999.0,"event_name":"MindBloom","player_choice":"Gold","floor":36.0,"gold_loss":0.0,"damage_taken":0.0,"cards_obtained":["Normality","Normality"]},{"damage_healed":0.0,"max_hp_gain":0.0,"max_hp_loss":0.0,"gold_gain":0.0,"event_name":"SensoryStone","player_choice":"Memory 3","floor":38.0,"gold_loss":0.0,"damage_taken":10.0}],"is_beta":false,"boss_relics":[{"not_picked":["Astrolabe","SacredBark"],"picked":"Snecko Eye"},{"not_picked":["Runic Dome","HoveringKite"],"picked":"Coffee Dripper"}],"items_purged_floors":[29,39,48],"is_endless":false,"potions_floor_spawned":[1,7,13,16,18,19,28,31,33,37,41,47],"ascension_level":18}}