{"host":"hf83sijwe64ts2lm","time":1611196694,"event":{"mods":["2.2 Compatiblity","BaseMod","Better Altar","Better Match","Better Note","Better Sensory Stone","Better Skull","Better Third Choice","Colored Map","Colored Powertips","Highlight Path","Hubris","Infinite Spire","Minty Spire (QoL Compilation)","Quick Restart","Rare Cards Sparkle","Relic Stats","Replay The Spire","Shop Mod","Spicy Shops","StSLib","Thieving Mod"],"gold_per_floor":[109,69,44,63,73,73,91,91,91,91,101,101,134,154,154,249,249,268,51,74,74,74,108,108,127,151,169,189,189,189],"floor_reached":29,"language":"ENG","playtime":619,"items_purged":[],"score":344,"play_id":"d2eccfa6-f502-4b0d-8187-0ec5f3bb6a43","local_time":"20210120213814","is_ascension_mode":true,"campfire_choices":[{"floor":6.0,"key":"RECALL"},{"floor":8.0,"key":"REST"},{"data":"Feed","floor":10.0,"key":"SMITH"},{"floor":15.0,"key":"REST"},{"floor":24.0,"key":"REST"}],"circlet_count":0,"master_deck":["Strike_R","Strike_R","Strike_R","Strike_R","Strike_R","Defend_R","Defend_R","Defend_R","Defend_R","Bash","Feed+1","ReplayTheSpireMod:LeadingStrike","Replay:Undeath\u0027s Touch","Twin Strike","Rampage","Metallicize","Anger","Demonic Infusion","Armaments","Bludgeon","Wild Strike","Wild Strike","Anger","Trip","Shame","Writhe","Feed","Anger+1","Fire Breathing","Wild Strike+1"],"relics":["Burning Blood","Bottled Flame","Vajra","MealTicket","ChewingGum","Shuriken","infinitespire:PuzzleCube","Replay:Bottled Flurry","infinitespire:Lucky Rock"],"acts_visited":["Exordium","TheCity"],"potions_floor_usage":[29],"damage_taken":[{"damage":8.0,"enemies":"Jaw Worm","floor":1.0,"turns":4.0},{"damage":0.0,"enemies":"Cultist","floor":4.0,"turns":2.0},{"damage":0.0,"enemies":"2 Louse","floor":5.0,"turns":2.0},{"damage":22.0,"enemies":"Large Slime","floor":7.0,"turns":6.0},{"damage":22.0,"enemies":"Gremlin Gang","floor":11.0,"turns":6.0},{"damage":10.0,"enemies":"Gremlin Nob","floor":13.0,"turns":4.0},{"damage":0.0,"enemies":"3 Louse","floor":14.0,"turns":1.0},{"damage":81.0,"enemies":"Hexaghost","floor":16.0,"turns":12.0},{"damage":35.0,"enemies":"Chosen","floor":18.0,"turns":6.0},{"damage":51.0,"enemies":"Book of Stabbing","floor":23.0,"turns":4.0},{"damage":31.0,"enemies":"3 Byrds","floor":25.0,"turns":6.0},{"damage":15.0,"enemies":"Snecko","floor":27.0,"turns":4.0},{"damage":36,"enemies":"Shelled Parasite and Fungi","floor":28,"turns":4},{"damage":19,"enemies":"Snake Plant","floor":29,"turns":1}],"seed_played":"-2102954092383749198","potions_obtained":[{"floor":2.0,"key":"Explosive Potion"},{"floor":2.0,"key":"EssenceOfSteel"},{"floor":2.0,"key":"ElixirPotion"},{"floor":4.0,"key":"Adrenaline Potion"},{"floor":5.0,"key":"AttackPotion"},{"floor":14.0,"key":"Block Potion"},{"floor":18.0,"key":"SkillPotion"},{"floor":25.0,"key":"DuplicationPotion"},{"floor":28,"key":"AttackPotion"}],"is_trial":false,"path_per_floor":["M","?","$","M","M","R","M","R","T","R","M","T","E","M","R","B",null,"M","$","T","?","?","E","R","M","T","M","M","M"],"character_chosen":"IRONCLAD","items_purchased":["Replay:Undeath\u0027s Touch","Wild Strike","Anger","Trip"],"campfire_rested":3,"item_purchase_floors":[3,19,19,19],"current_hp_per_floor":[57,57,57,66,72,72,56,81,81,81,69,69,65,75,94,19,94,72,87,87,87,87,42,72,50,50,41,17,0,0],"gold":189,"neow_bonus":"THREE_RARE_CARDS","is_daily":false,"chose_seed":false,"campfire_upgraded":1,"win_rate":0.0,"timestamp":1611196694,"path_taken":["M","?","$","?","M","R","M","R","T","R","M","?","E","M","R","BOSS","M","$","?","?","?","E","R","M","T","?","M","M"],"items_purchased_type":["Card","Card","Card","Card"],"build_version":"2020-12-22","purchased_purges":0,"victory":false,"max_hp_per_floor":[83,83,83,86,86,86,86,86,86,86,90,90,90,94,94,94,94,101,101,101,101,101,101,101,104,104,104,110,110,110],"relic_stats":{"counters":[14,62],"Shuriken":[9],"MealTicket":15,"obtain_stats":[{"Bottled Flame":9,"Shuriken":21,"Vajra":12,"MealTicket":13,"ChewingGum":17,"Replay:Bottled Flurry":23,"infinitespire:Lucky Rock":26,"Burning Blood":0,"infinitespire:PuzzleCube":22},{"Bottled Flame":4,"Shuriken":9,"Vajra":5,"MealTicket":6,"ChewingGum":8,"Replay:Bottled Flurry":10,"infinitespire:Lucky Rock":11,"Burning Blood":0,"infinitespire:PuzzleCube":9},{"Bottled Flame":14,"Shuriken":43,"Vajra":20,"MealTicket":24,"ChewingGum":37,"Replay:Bottled Flurry":47,"infinitespire:Lucky Rock":53,"Burning Blood":0,"infinitespire:PuzzleCube":43}],"Burning Blood":78},"card_choices":[{"not_picked":["Hemogenesis","Replay:Many Hands"],"picked":"Feed","floor":0.0},{"not_picked":["hubris:ReadiedAction","Shockwave"],"picked":"ReplayTheSpireMod:LeadingStrike","floor":1.0},{"not_picked":["Dual Wield","Wild Strike"],"picked":"Twin Strike","floor":4.0},{"not_picked":["Twin Strike","Clash"],"picked":"Rampage","floor":5.0},{"not_picked":["Pommel Strike","Thunderclap"],"picked":"Metallicize","floor":7.0},{"not_picked":["Clash","Headbutt"],"picked":"Anger","floor":11.0},{"not_picked":["Havoc","Clash"],"picked":"Demonic Infusion","floor":13.0},{"not_picked":["Body Slam","Pommel Strike"],"picked":"Armaments","floor":14.0},{"not_picked":["Berserk","Eclipse"],"picked":"Bludgeon","floor":16.0},{"not_picked":["Rupture+1","Iron Wave"],"picked":"Wild Strike","floor":18.0},{"not_picked":["Havoc+1","Heavy Blade"],"picked":"Feed","floor":23.0},{"not_picked":["Wild Strike","ReplayTheSpireMod:Muscle Training"],"picked":"Anger+1","floor":25.0},{"not_picked":["Searing Blow","Intimidate"],"picked":"Fire Breathing","floor":27.0},{"not_picked":["Dropkick","ReplayTheSpireMod:Stacked"],"picked":"Wild Strike+1","floor":28}],"player_experience":130279,"relics_obtained":[{"floor":9.0,"key":"Bottled Flame"},{"floor":12.0,"key":"Vajra"},{"floor":13.0,"key":"MealTicket"},{"floor":23.0,"key":"Replay:Bottled Flurry"},{"floor":26.0,"key":"infinitespire:Lucky Rock"}],"event_choices":[{"damage_healed":0.0,"max_hp_gain":0.0,"max_hp_loss":0.0,"gold_gain":0.0,"event_name":"The Woman in Blue","player_choice":"Bought 3 Potions","floor":2.0,"gold_loss":0.0,"damage_taken":0.0},{"damage_healed":0.0,"max_hp_gain":0.0,"max_hp_loss":0.0,"gold_gain":0.0,"event_name":"Addict","player_choice":"Stole Relic","floor":21.0,"gold_loss":0.0,"damage_taken":0.0,"relics_obtained":["Shuriken"],"cards_obtained":["Shame"]},{"damage_healed":0.0,"max_hp_gain":0.0,"max_hp_loss":0.0,"gold_gain":0.0,"event_name":"The Mausoleum","player_choice":"Opened","floor":22.0,"gold_loss":0.0,"damage_taken":0.0,"relics_obtained":["infinitespire:PuzzleCube"],"cards_obtained":["Writhe"]}],"is_beta":false,"boss_relics":[{"not_picked":["hubris:TerracottaHorce","Busted Crown"],"picked":"ChewingGum"}],"items_purged_floors":[],"is_endless":false,"potions_floor_spawned":[4,5,14,18,25,28],"killed_by":"Snake Plant","ascension_level":4}}