{"host":"yuhy0i501zzmn1iz","time":1611248171,"event":{"mods":["AchievementEnabler","AlwaysNeverKeys","BaseMod","Bestiary","Better Match","Better Third Choice","Curses Come First","Downfall","Minty Spire (QoL Compilation)","StSLib","slay the spire mod where everything is the same but ironclad has a cowboy hat"],"gold_per_floor":[116,116,132,207,207,242,242,275,275,275,275,50,50,73,73,192,192,205,56,76,101,101,101,101],"floor_reached":23,"language":"ENG","playtime":555,"items_purged":["Injury"],"score":255,"play_id":"daeb27e0-0f04-4e42-a9e1-53d9d4778e96","local_time":"20210121115611","is_ascension_mode":true,"campfire_choices":[{"data":"Eruption","floor":7,"key":"SMITH"},{"floor":11,"key":"REST"},{"data":"Ragnarok","floor":13,"key":"SMITH"},{"data":"BowlingBash","floor":15,"key":"SMITH"}],"circlet_count":0,"master_deck":["Strike_P","Strike_P","Strike_P+1","Defend_P","Defend_P","Defend_P","Defend_P+1","Eruption+1","Vigilance","Protect","SandsOfTime","FlyingSleeves","Consecrate","Ragnarok+1","BowlingBash+1","Devotion+1","Consecrate","DevaForm+1","MentalFortress+1"],"relics":["PureWater","NeowsBlessing","Frozen Egg 2","Centennial Puzzle","Anchor","Bloody Idol","Fusion Hammer"],"acts_visited":["Exordium","TheCity"],"potions_floor_usage":[],"damage_taken":[{"damage":0,"enemies":"2 Louse","floor":1,"turns":1},{"damage":0,"enemies":"Small Slimes","floor":3,"turns":1},{"damage":0,"enemies":"Gremlin Nob","floor":6,"turns":1},{"damage":11,"enemies":"3 Sentries","floor":8,"turns":8},{"damage":2,"enemies":"Jaw Worm","floor":14,"turns":2},{"damage":22,"enemies":"The Guardian","floor":16,"turns":6},{"damage":0,"enemies":"Chosen","floor":18,"turns":3},{"damage":0,"enemies":"3 Byrds","floor":20,"turns":4},{"damage":7,"enemies":"Cultist and Chosen","floor":21,"turns":3},{"damage":88,"enemies":"Book of Stabbing","floor":23,"turns":6}],"seed_played":"-7166372482211933674","potions_obtained":[{"floor":14,"key":"Guardian:BlockOnCardUsePotion"},{"floor":16,"key":"Energy Potion"},{"floor":20,"key":"Regen Potion"}],"is_trial":false,"path_per_floor":["M","?","M","?","?","E","R","E","T","?","R","$","R","M","R","B",null,"M","$","M","M","?","E"],"character_chosen":"WATCHER","items_purchased":["Ragnarok","DevaForm+1"],"campfire_rested":1,"item_purchase_floors":[12,19],"current_hp_per_floor":[72,65,65,54,40,40,40,29,29,29,50,50,50,48,48,26,72,72,72,72,65,65,0,0],"gold":101,"neow_bonus":"THREE_ENEMY_KILL","is_daily":false,"chose_seed":false,"campfire_upgraded":3,"win_rate":0.0,"timestamp":1611248171,"path_taken":["M","?","M","?","?","E","R","E","T","?","R","$","R","M","R","BOSS","M","$","M","M","?","E"],"items_purchased_type":["Card","Card"],"build_version":"2020-12-22","purchased_purges":1,"victory":false,"max_hp_per_floor":[72,72,72,72,72,72,72,72,72,72,72,72,72,72,72,72,72,72,72,72,72,72,72,72],"card_choices":[{"not_picked":["Evaluate","BattleHymn"],"picked":"Protect","floor":1},{"not_picked":["TalkToTheHand","ThirdEye"],"picked":"SandsOfTime","floor":3},{"not_picked":["ThirdEye","CutThroughFate"],"picked":"FlyingSleeves","floor":6},{"not_picked":["BattleHymn+1","EmptyBody"],"picked":"Consecrate","floor":8},{"not_picked":["CutThroughFate","Ragnarok"],"picked":"BowlingBash","floor":14},{"not_picked":["Alpha","Establishment+1"],"picked":"Devotion+1","floor":16},{"not_picked":["Adaptation+1","BowlingBash"],"picked":"Consecrate","floor":18},{"not_picked":["FollowUp","Study+1","CrushJoints"],"picked":"SKIP","floor":20},{"not_picked":["ClearTheMind","Nirvana+1"],"picked":"MentalFortress+1","floor":21}],"player_experience":323905,"relics_obtained":[{"floor":6,"key":"Frozen Egg 2"},{"floor":8,"key":"Centennial Puzzle"},{"floor":9,"key":"Anchor"}],"event_choices":[{"cards_removed":["Strike_P"],"damage_healed":0,"gold_gain":0,"player_choice":"Card Removal","damage_taken":7,"max_hp_gain":0,"max_hp_loss":0,"event_name":"Golden Wing","floor":2,"gold_loss":0},{"damage_healed":0,"gold_gain":75,"player_choice":"Gold","damage_taken":11,"max_hp_gain":0,"max_hp_loss":0,"event_name":"betterThird:BetterGoop","floor":4,"gold_loss":0},{"damage_healed":54,"gold_gain":0,"player_choice":"Upgrade","damage_taken":14,"max_hp_gain":0,"max_hp_loss":72,"event_name":"betterThird:BetterShining","floor":5,"gold_loss":0,"cards_upgraded":["Defend_P","Strike_P"]},{"damage_healed":0,"gold_gain":0,"player_choice":"Take Wound","damage_taken":0,"relics_obtained":["Golden Idol"],"max_hp_gain":0,"max_hp_loss":0,"event_name":"Golden Idol","floor":10,"gold_loss":0,"cards_obtained":["Injury"]},{"damage_healed":0,"gold_gain":0,"player_choice":"Gave Idol","damage_taken":0,"relics_obtained":["Bloody Idol"],"max_hp_gain":0,"max_hp_loss":0,"event_name":"Forgotten Altar","floor":22,"relics_lost":["Golden Idol"],"gold_loss":0}],"is_beta":false,"boss_relics":[{"not_picked":["Coffee Dripper","VioletLotus"],"picked":"Fusion Hammer"}],"items_purged_floors":[12],"is_endless":false,"potions_floor_spawned":[14,16,20],"killed_by":"Book of Stabbing","ascension_level":3}}