{"host":"och2iitg9ibgz06n","time":1611273109,"event":{"mods":["Abigail Mod","AchievementEnabler","Aspiration","BaseMod","Colored Powertips","Dio Mod","Hubris","Hyrulean Relics","Infinite Spire","Minty Spire (QoL Compilation)","Replay The Spire","Small Relic Pack","StSLib","The Animator","The Bug Knight","The Hierophant","The Jungle","The Saiyan","TheHero","Wandering Minibosses","everything is the same but u backflip on backflip","slay the spire mod where everything is the same but ironclad has a cowboy hat","vexMod"],"gold_per_floor":[217,217,227,238,258,258,285,299,299,318,318,318],"floor_reached":11,"language":"ENG","playtime":304,"items_purged":[],"score":92,"play_id":"82aca574-bb4d-4214-ad35-21d9dc774a34","local_time":"20210121175149","is_ascension_mode":true,"campfire_choices":[{"floor":6,"key":"REST"}],"circlet_count":0,"master_deck":["animeID:Deku","animeID:Bakugo","animeID:Smash","animeID:Smash","animeID:Smash","animeID:Smash","animeID:DefendMH","animeID:DefendMH","animeID:DefendMH","animeID:DefendMH","animeID:Mezo","animeID:Stain","animeID:Ojiro","animeID:Hatsume","animeID:ToruHagakure","animeID:HowitzerImpact"],"relics":["animeID:HeroCostume","Boot","infinitespire:BottledMercury"],"acts_visited":["Exordium"],"potions_floor_usage":[8,10,11,11],"damage_taken":[{"damage":19,"enemies":"Jaw Worm","floor":1,"turns":4},{"damage":6,"enemies":"Cultist","floor":3,"turns":3},{"damage":1,"enemies":"Small Slimes","floor":4,"turns":2},{"damage":14,"enemies":"Blue Slaver","floor":5,"turns":4},{"damage":62,"enemies":"Gremlin Nob","floor":7,"turns":6},{"damage":0,"enemies":"Looter","floor":8,"turns":3},{"damage":1,"enemies":"Exordium Thugs","floor":10,"turns":3},{"damage":15,"enemies":"Lagavulin","floor":11,"turns":4}],"seed_played":"3300616588172275813","potions_obtained":[{"floor":2,"key":"SpeedPotion"},{"floor":2,"key":"EssenceOfSteel"},{"floor":2,"key":"Block Potion"},{"floor":4,"key":"LifebloodPotion"},{"floor":8,"key":"Swift Potion"},{"floor":10,"key":"Strength Potion"}],"is_trial":false,"path_per_floor":["M","?","M","M","M","R","E","M","T","M","E"],"character_chosen":"THE_HERO","items_purchased":[],"campfire_rested":1,"item_purchase_floors":[],"current_hp_per_floor":[58,58,52,53,41,63,3,5,5,6,0,0],"gold":318,"neow_bonus":"HUNDRED_GOLD","is_daily":false,"chose_seed":false,"campfire_upgraded":0,"win_rate":0.0,"timestamp":1611273109,"path_taken":["M","?","M","?","M","R","E","M","T","M","E"],"items_purchased_type":[],"build_version":"2020-12-22","purchased_purges":0,"victory":false,"max_hp_per_floor":[75,75,75,75,75,75,75,75,75,75,75,75],"card_choices":[{"not_picked":["animeID:Momo","animeID:Mina"],"picked":"animeID:Mezo","floor":1},{"not_picked":["animeID:Mina","animeID:DetroitDelaware"],"picked":"animeID:Stain","floor":3},{"not_picked":["animeID:TodorokiShoto","animeID:DetroitSmash"],"picked":"animeID:Ojiro","floor":4},{"not_picked":["animeID:Uraraka","animeID:Tamaki"],"picked":"animeID:Hatsume","floor":5},{"not_picked":["animeID:DetroitSmash","animeID:EraserHead"],"picked":"animeID:ToruHagakure","floor":7},{"not_picked":["animeID:Kaminari","animeID:TodorokiShoto"],"picked":"animeID:HowitzerImpact","floor":8},{"not_picked":["animeID:Mezo","animeID:Tsuyu","animeID:Aoyama"],"picked":"SKIP","floor":10}],"player_experience":449037,"relics_obtained":[{"floor":7,"key":"Boot"},{"floor":9,"key":"infinitespire:BottledMercury"}],"event_choices":[{"damage_healed":0,"gold_gain":0,"player_choice":"Got Potions","damage_taken":0,"max_hp_gain":0,"max_hp_loss":0,"event_name":"Lab","floor":2,"gold_loss":0}],"is_beta":false,"boss_relics":[],"items_purged_floors":[],"is_endless":false,"potions_floor_spawned":[4,8,10],"killed_by":"Lagavulin","ascension_level":4}}