{"host":"y3h3n3f7seyagppx","time":1611264673,"event":{"mods":["AlwaysNeverKeys","BaseMod","Better Vampires","Colored Powertips","DeckTracker","Emptier Cage","Minty Spire (QoL Compilation)","Permanent Neow","Quick Restart","Rare Cards Sparkle","Relic Sorter","Relic Stats","StSLib","Transform Curses"],"gold_per_floor":[109,124,143,143,104,147,147,191,215,215,295,336,336,17,17,17,17],"floor_reached":16,"language":"ENG","playtime":841,"items_purged":[],"score":232,"play_id":"398cddc1-ab7b-44b5-b4b2-4662c9731dfe","local_time":"20210121163113","is_ascension_mode":true,"campfire_choices":[{"data":"Sunder","floor":7.0,"key":"SMITH"},{"data":"Ball Lightning","floor":10.0,"key":"SMITH"},{"data":"Defend_B","floor":13.0,"key":"SMITH"},{"data":"Defend_B","floor":15.0,"key":"SMITH"}],"circlet_count":0,"master_deck":["AscendersBane","Strike_B","Strike_B","Strike_B","Strike_B","Defend_B+1","Defend_B+1","Defend_B","Defend_B","Zap","Dualcast","Sunder+1","Ball Lightning+1","Genetic Algorithm"],"relics":["Coffee Dripper","Golden Idol","Orichalcum","Potion Belt","Pen Nib","Letter Opener","ClockworkSouvenir","Toy Ornithopter"],"acts_visited":["Exordium"],"potions_floor_usage":[],"damage_taken":[{"damage":5.0,"enemies":"2 Louse","floor":1.0,"turns":2.0},{"damage":7.0,"enemies":"Jaw Worm","floor":2.0,"turns":3.0},{"damage":0.0,"enemies":"Cultist","floor":3.0,"turns":2.0},{"damage":20.0,"enemies":"3 Sentries","floor":6.0,"turns":5.0},{"damage":9.0,"enemies":"Lagavulin","floor":8.0,"turns":5.0},{"damage":2.0,"enemies":"Gremlin Nob","floor":12.0,"turns":3.0},{"damage":24,"enemies":"The Guardian","floor":16,"turns":9}],"seed_played":"-6023842830952699668","potions_obtained":[{"floor":1.0,"key":"Swift Potion"},{"floor":3.0,"key":"SkillPotion"},{"floor":6.0,"key":"DistilledChaos"}],"is_trial":false,"path_per_floor":["M","M","M","?","?","E","R","E","T","R","?","E","R","$","R","B"],"character_chosen":"DEFECT","items_purchased":["ClockworkSouvenir","Toy Ornithopter"],"campfire_rested":0,"item_purchase_floors":[14,14],"current_hp_per_floor":[59,52,52,52,52,32,32,23,23,23,23,21,21,21,21,0,0],"gold":17,"neow_bonus":"BOSS_RELIC","is_daily":false,"chose_seed":false,"campfire_upgraded":4,"win_rate":0.0,"timestamp":1611264673,"path_taken":["M","M","M","?","?","E","R","E","T","R","?","E","R","$","R","BOSS"],"items_purchased_type":["Relic","Relic"],"build_version":"2020-12-22","purchased_purges":0,"victory":false,"max_hp_per_floor":[71,71,71,64,64,64,64,64,64,64,64,64,64,64,64,64,64],"relic_stats":{"counters":[7,29],"Golden Idol":26,"Pen Nib":[1],"Letter Opener":[20],"Orichalcum":[54],"obtain_stats":[{"Potion Belt":8,"Golden Idol":4,"Pen Nib":9,"Coffee Dripper":0,"Letter Opener":12,"Orichalcum":6,"Cracked Core":0,"Toy Ornithopter":14,"ClockworkSouvenir":14},{"Potion Belt":5,"Golden Idol":3,"Pen Nib":5,"Coffee Dripper":0,"Letter Opener":6,"Orichalcum":4,"Cracked Core":0,"Toy Ornithopter":6,"ClockworkSouvenir":6},{"Potion Belt":17,"Golden Idol":7,"Pen Nib":17,"Coffee Dripper":0,"Letter Opener":20,"Orichalcum":12,"Cracked Core":0,"Toy Ornithopter":20,"ClockworkSouvenir":20}],"Toy Ornithopter":0},"card_choices":[{"not_picked":["Reprogram","Stack"],"picked":"Sunder","floor":1.0},{"not_picked":["Go for the Eyes","Cold Snap"],"picked":"Ball Lightning","floor":2.0},{"not_picked":["Hello World","Turbo","Capacitor"],"picked":"SKIP","floor":3.0},{"not_picked":["Beam Cell","Consume","Turbo"],"picked":"SKIP","floor":6.0},{"not_picked":["Aggregate","Steam Power","Capacitor"],"picked":"SKIP","floor":8.0},{"not_picked":["Chill","Tempest"],"picked":"Genetic Algorithm","floor":12.0}],"player_experience":21456435,"relics_obtained":[{"floor":6.0,"key":"Orichalcum"},{"floor":8.0,"key":"Potion Belt"},{"floor":9.0,"key":"Pen Nib"},{"floor":12.0,"key":"Letter Opener"}],"event_choices":[{"damage_healed":0.0,"max_hp_gain":0.0,"max_hp_loss":7.0,"gold_gain":0.0,"event_name":"Golden Idol","player_choice":"Lose Max HP","floor":4.0,"gold_loss":0.0,"damage_taken":0.0,"relics_obtained":["Golden Idol"]},{"damage_healed":0.0,"max_hp_gain":0.0,"max_hp_loss":0.0,"gold_gain":0.0,"event_name":"World of Goop","player_choice":"Left Gold","floor":5.0,"gold_loss":39.0,"damage_taken":0.0},{"damage_healed":0.0,"max_hp_gain":0.0,"max_hp_loss":0.0,"gold_gain":80.0,"event_name":"Golden Wing","player_choice":"Gained Gold","floor":11.0,"gold_loss":0.0,"damage_taken":0.0}],"is_beta":false,"boss_relics":[],"items_purged_floors":[],"is_endless":false,"potions_floor_spawned":[1,3,6],"killed_by":"The Guardian","ascension_level":20}}