{"host":"9jj9tzo2iym4bpat","time":1611205629,"event":{"mods":["Act Like it!","BaseMod","CapriCore","Colored Map","Dark Map","Luminous","Minty Spire (QoL Compilation)","Permanent Neow","StSLib","Td1madao Mod","The Animator","The Immortal","The Marked","The Servant 0.9.4","Yakumo Yukari mod"],"gold_per_floor":[110,31,51,5,16,16,26,38,89,89,107,107,107,163,163,267,267,281,296,211,242,259,259,273,273,318,329,363,462,462,475,475,475,475],"floor_reached":33,"language":"ENG","playtime":1427,"items_purged":[],"score":259,"play_id":"5230f45f-908a-45b6-9912-5d05d5dc1720","local_time":"20210120230709","is_ascension_mode":false,"campfire_choices":[{"data":"InstantArmor","floor":6,"key":"SMITH"},{"data":"InstantArmor","floor":10,"key":"SMITH"},{"data":"SilverBlades","floor":12,"key":"SMITH"},{"data":"Sabotage","floor":15,"key":"SMITH"},{"data":"InstantArmor","floor":23,"key":"SMITH"},{"data":"KillingDoll","floor":25,"key":"SMITH"},{"floor":32,"key":"REST"}],"circlet_count":0,"master_deck":["Strike_S","Strike_S","Strike_S","Strike_S","Defend_S","Defend_S","Defend_S","Defend_S","KidneyShot","Exchange+1","InstantArmor+1","Rearm","Potential","GearUp","DoubleEdge","Sabotage+1","FastForward+1","InstantArmor+1","SilverBlades+1","Dilation","CurseOfTheBell","Spin+1","InstantArmor+1","KillingDoll+1","Ricochet"],"relics":["Uniform","Happy Flower","Frozen Egg 2","Calling Bell","Bag of Preparation","Mercury Hourglass","CaptainsWheel","Toy Ornithopter","Red Mask","Omamori","War Paint","Pocketwatch"],"acts_visited":["Exordium","TheCity"],"potions_floor_usage":[14,16,22,27],"damage_taken":[{"damage":1,"enemies":"Cultist","floor":1,"turns":4},{"damage":0,"enemies":"Small Slimes","floor":3,"turns":3},{"damage":0,"enemies":"2 Louse","floor":5,"turns":2},{"damage":0,"enemies":"Looter","floor":7,"turns":3},{"damage":4,"enemies":"3 Louse","floor":8,"turns":3},{"damage":0,"enemies":"Large Slime","floor":11,"turns":5},{"damage":0,"enemies":"Gremlin Nob","floor":14,"turns":3},{"damage":37,"enemies":"The Guardian","floor":16,"turns":14},{"damage":0,"enemies":"3 Byrds","floor":18,"turns":4},{"damage":0,"enemies":"Chosen","floor":19,"turns":5},{"damage":0,"enemies":"Masked Bandits","floor":21,"turns":5},{"damage":0,"enemies":"Sentry and Sphere","floor":22,"turns":5},{"damage":0,"enemies":"Snecko","floor":24,"turns":5},{"damage":0,"enemies":"Centurion and Healer","floor":27,"turns":5},{"damage":31,"enemies":"Book of Stabbing","floor":28,"turns":6},{"damage":0,"enemies":"Sentry and Sphere","floor":31,"turns":3},{"damage":76,"enemies":"Collector","floor":33,"turns":12}],"seed_played":"-386379377914303098","potions_obtained":[{"floor":3,"key":"SteroidPotion"},{"floor":7,"key":"Fire Potion"},{"floor":8,"key":"SmokeBomb"},{"floor":14,"key":"GamblersBrew"},{"floor":19,"key":"SkillPotion"},{"floor":22,"key":"Explosive Potion"}],"is_trial":false,"path_per_floor":["M","$","M","$","M","R","M","M","T","R","M","R","?","?","R","B",null,"M","M","?","?","M","R","M","R","T","M","E","?","T","M","R","B"],"character_chosen":"THE_SERVANT","items_purchased":["Rearm","Potential","DoubleEdge"],"campfire_rested":1,"item_purchase_floors":[2,2,4],"current_hp_per_floor":[70,70,70,70,70,70,70,66,66,66,66,66,71,71,71,34,76,76,76,76,76,76,76,76,76,76,76,45,45,45,45,67,0,0],"gold":475,"neow_bonus":"TEN_PERCENT_HP_BONUS","is_daily":false,"chose_seed":false,"campfire_upgraded":6,"win_rate":0.0,"timestamp":1611205629,"path_taken":["M","$","M","$","M","R","?","M","T","R","M","R","?","?","R","BOSS","M","M","?","?","M","R","M","R","T","M","E","?","?","M","R","BOSS"],"items_purchased_type":["Card","Card","Card"],"build_version":"2020-12-22","purchased_purges":0,"victory":false,"max_hp_per_floor":[71,71,71,71,71,71,71,71,71,71,71,71,76,76,76,76,76,76,76,76,76,76,76,76,76,76,76,76,76,76,76,76,76,76],"card_choices":[{"not_picked":["Alleviate","Moondial"],"picked":"InstantArmor","floor":1},{"not_picked":["Snipe","BottledTime"],"picked":"GearUp","floor":3},{"not_picked":["Potential","DualDimension"],"picked":"Sabotage","floor":5},{"not_picked":["BottledTime","Unruled"],"picked":"FastForward","floor":7},{"not_picked":["DoubleEdge","Manipulate"],"picked":"InstantArmor","floor":8},{"not_picked":["Revamp","Misdirection"],"picked":"SilverBlades","floor":11},{"not_picked":["Deny","FlawlessForm+1"],"picked":"Dilation","floor":16},{"not_picked":["ShiftingGears","FastForward+1"],"picked":"Spin+1","floor":18},{"not_picked":["Potential+1","RealityMarble+1","DoubleEdge"],"picked":"SKIP","floor":19},{"not_picked":["BestPractice+1","Spin"],"picked":"InstantArmor","floor":21},{"not_picked":["Potential","Replace+1","ShatteredReality"],"picked":"SKIP","floor":22},{"not_picked":["BottledTime","Contraction"],"picked":"KillingDoll","floor":24},{"not_picked":["DualDimension","SpecialFormula","ShiftingGears"],"picked":"SKIP","floor":27},{"not_picked":["Manipulate+1","Read+1"],"picked":"Ricochet","floor":28},{"not_picked":["StarChef+1","Snipe","BottledTime"],"picked":"SKIP","floor":31}],"player_experience":295455,"relics_obtained":[{"floor":9,"key":"Happy Flower"},{"floor":17,"key":"Bag of Preparation"},{"floor":17,"key":"Mercury Hourglass"},{"floor":17,"key":"CaptainsWheel"},{"floor":21,"key":"Red Mask"},{"floor":26,"key":"Omamori"},{"floor":28,"key":"War Paint"},{"floor":30,"key":"Pocketwatch"}],"event_choices":[{"damage_healed":0,"gold_gain":0,"player_choice":"Donut","damage_taken":0,"max_hp_gain":5,"max_hp_loss":0,"event_name":"Big Fish","floor":13,"gold_loss":0},{"damage_healed":0,"gold_gain":0,"player_choice":"Searched \u00273\u0027 times","damage_taken":0,"relics_obtained":["Frozen Egg 2"],"max_hp_gain":0,"max_hp_loss":0,"event_name":"Dead Adventurer","floor":14,"gold_loss":0},{"damage_healed":0,"gold_gain":0,"player_choice":"Obtained Relic","damage_taken":0,"relics_obtained":["Toy Ornithopter"],"max_hp_gain":0,"max_hp_loss":0,"event_name":"Addict","floor":20,"gold_loss":85},{"damage_healed":0,"gold_gain":0,"player_choice":"Fought Bandits","damage_taken":0,"max_hp_gain":0,"max_hp_loss":0,"event_name":"Masked Bandits","floor":21,"gold_loss":0},{"damage_healed":0,"gold_gain":99,"player_choice":"Stole From Cult","damage_taken":0,"max_hp_gain":0,"max_hp_loss":0,"event_name":"Nest","floor":29,"gold_loss":0}],"is_beta":false,"boss_relics":[{"not_picked":["Fusion Hammer","Cursed Key"],"picked":"Calling Bell"}],"items_purged_floors":[],"is_endless":false,"potions_floor_spawned":[3,7,8,14,19,22,24],"killed_by":"Collector","ascension_level":0}}