{"host":"7gewg82ormp6yt4e","time":1611239517,"event":{"mods":["BaseMod","Block Reminder","Colored Map","Colored Powertips","DeckTracker","Highlight Path","Minty Spire (QoL Compilation)","Relic Stats","StSLib","ojb\u0027s Info Mod"],"gold_per_floor":[117,127,18,35,52,87,87,87,87,118,118,83,112,28,28,106,106,120,130,175,175,175],"floor_reached":21,"language":"JPN","playtime":1062,"items_purged":[],"score":394,"play_id":"b2d66a81-007a-4b39-ab00-c1ea4583600f","local_time":"20210121233157","is_ascension_mode":true,"campfire_choices":[{"data":"Streamline","floor":7,"key":"SMITH"},{"data":"Biased Cognition","floor":11,"key":"SMITH"},{"data":"Defragment","floor":15,"key":"SMITH"}],"circlet_count":0,"master_deck":["AscendersBane","Strike_B","Strike_B","Strike_B","Strike_B","Defend_B","Defend_B","Defend_B","Defend_B","Zap","Dualcast","Glacier","Cold Snap","Streamline+1","Turbo","Biased Cognition+1","Beam Cell+1","White Noise","Reboot","Defragment+1","Self Repair","Biased Cognition","Barrage+1"],"relics":["Cracked Core","Darkstone Periapt","Kunai","Mercury Hourglass","Inserter","CeramicFish"],"acts_visited":["Exordium","TheCity"],"potions_floor_usage":[6,6,13,16,21],"damage_taken":[{"damage":7,"enemies":"Jaw Worm","floor":1,"turns":3},{"damage":6,"enemies":"2 Louse","floor":2,"turns":3},{"damage":0,"enemies":"Cultist","floor":4,"turns":4},{"damage":1,"enemies":"Blue Slaver","floor":5,"turns":5},{"damage":18,"enemies":"Gremlin Nob","floor":6,"turns":4},{"damage":8,"enemies":"3 Sentries","floor":10,"turns":11},{"damage":28,"enemies":"Gremlin Nob","floor":13,"turns":5},{"damage":12,"enemies":"Hexaghost","floor":16,"turns":9},{"damage":0,"enemies":"Chosen","floor":18,"turns":4},{"damage":29,"enemies":"2 Thieves","floor":19,"turns":4},{"damage":51,"enemies":"Masked Bandits","floor":21,"turns":3}],"seed_played":"6567662528641501788","potions_obtained":[{"floor":1,"key":"SneckoOil"},{"floor":2,"key":"DistilledChaos"},{"floor":6,"key":"ColorlessPotion"},{"floor":10,"key":"PowerPotion"},{"floor":19,"key":"Regen Potion"}],"is_trial":false,"path_per_floor":["M","M","$","M","M","E","R","?","T","E","R","?","E","$","R","B",null,"M","M","T","?"],"character_chosen":"DEFECT","items_purchased":["Streamline","Turbo","Self Repair"],"campfire_rested":0,"item_purchase_floors":[3,3,14],"current_hp_per_floor":[64,58,58,58,57,39,39,39,39,31,31,50,22,22,22,10,61,61,39,39,0,0],"gold":175,"neow_bonus":"TEN_PERCENT_HP_BONUS","is_daily":false,"chose_seed":false,"campfire_upgraded":3,"win_rate":0.0,"timestamp":1611239517,"path_taken":["M","M","$","M","M","E","R","?","T","E","R","?","E","?","R","BOSS","M","M","?","?"],"items_purchased_type":["Card","Card","Card"],"build_version":"2020-12-22","purchased_purges":0,"victory":false,"max_hp_per_floor":[78,78,78,78,78,78,78,78,78,78,78,78,78,78,78,78,78,78,78,78,78,78],"relic_stats":{"Darkstone Periapt":0,"Inserter":[5],"counters":[11,55],"CeramicFish":0,"Kunai":[3],"obtain_stats":[{"Darkstone Periapt":6,"Inserter":17,"CeramicFish":20,"Kunai":10,"Cracked Core":0,"Mercury Hourglass":13},{"Darkstone Periapt":5,"Inserter":8,"CeramicFish":10,"Kunai":6,"Cracked Core":0,"Mercury Hourglass":7},{"Darkstone Periapt":19,"Inserter":44,"CeramicFish":52,"Kunai":30,"Cracked Core":0,"Mercury Hourglass":35}],"Mercury Hourglass":[84]},"card_choices":[{"not_picked":["Capacitor","Ball Lightning"],"picked":"Glacier","floor":1},{"not_picked":["Turbo","Barrage"],"picked":"Cold Snap","floor":2},{"not_picked":["Reprogram","Conserve Battery"],"picked":"Biased Cognition","floor":4},{"not_picked":["Redo","BootSequence"],"picked":"Beam Cell","floor":5},{"not_picked":["Leap","Recycle"],"picked":"White Noise","floor":6},{"not_picked":["Storm","Turbo"],"picked":"Reboot","floor":10},{"not_picked":["Redo","Beam Cell"],"picked":"Defragment","floor":13},{"not_picked":["Buffer","Amplify"],"picked":"Biased Cognition","floor":16},{"not_picked":["Reprogram","Streamline+1"],"picked":"Barrage+1","floor":18},{"not_picked":["Barrage","Heatsinks","Blizzard+1"],"picked":"SKIP","floor":19}],"player_experience":2646804,"relics_obtained":[{"floor":6,"key":"Darkstone Periapt"},{"floor":10,"key":"Kunai"},{"floor":13,"key":"Mercury Hourglass"},{"floor":20,"key":"CeramicFish"}],"event_choices":[{"damage_healed":0,"gold_gain":0,"player_choice":"Grow","damage_taken":0,"max_hp_gain":0,"max_hp_loss":0,"event_name":"Living Wall","floor":8,"gold_loss":0,"cards_upgraded":["Beam Cell"]},{"damage_healed":19,"gold_gain":0,"player_choice":"Healed","damage_taken":0,"max_hp_gain":0,"max_hp_loss":0,"event_name":"The Cleric","floor":12,"gold_loss":35},{"damage_healed":0,"gold_gain":0,"player_choice":"Fought Bandits","damage_taken":0,"max_hp_gain":0,"max_hp_loss":0,"event_name":"Masked Bandits","floor":21,"gold_loss":0}],"is_beta":false,"boss_relics":[{"not_picked":["Busted Crown","Ectoplasm"],"picked":"Inserter"}],"items_purged_floors":[],"is_endless":false,"potions_floor_spawned":[1,2,6,10,19],"killed_by":"Masked Bandits","ascension_level":20}}