{"host":"4bbalj7r5kimsnho","time":1611248485,"event":{"mods":["AchievementEnabler","BaseMod","Colored Powertips","Hermit","Minty Spire (QoL Compilation)","StSLib"],"gold_per_floor":[13,33,33,43,143,143,178,192,192,117,152,169,169,188,188,288,288,300,128,138,148,148,181,196,211,211,7,89,102,102,137,137,137,137],"floor_reached":33,"language":"ENG","playtime":1550,"items_purged":["Strike_B","Strike_B","Strike_B"],"score":384,"play_id":"8641b68c-b2f8-48fd-b376-2ef649a27717","local_time":"20210121170125","is_ascension_mode":true,"campfire_choices":[{"data":"Electrodynamics","floor":6,"key":"SMITH"},{"data":"Defragment","floor":13,"key":"SMITH"},{"data":"Dualcast","floor":15,"key":"SMITH"},{"floor":30,"key":"REST"},{"floor":32,"key":"REST"}],"circlet_count":0,"master_deck":["Strike_B","Defend_B","Defend_B","Defend_B","Zap","Dualcast+1","Electrodynamics+1","Ball Lightning","Flash of Steel","Genetic Algorithm","Storm","Defragment+1","Conserve Battery","Ball Lightning","Creative AI","Leap","Thunder Strike","Conserve Battery+1","Force Field+1","Heatsinks","Coolheaded","Storm","Amplify","Auto Shields"],"relics":["Cracked Core","Sundial","White Beast Statue","Bottled Tornado","SacredBark","PreservedInsect","Shuriken","Matryoshka"],"acts_visited":["Exordium","TheCity"],"potions_floor_usage":[14,20,21,23,24,24,25,25,29,29,31,33],"damage_taken":[{"damage":1,"enemies":"Cultist","floor":1,"turns":3},{"damage":10,"enemies":"Small Slimes","floor":2,"turns":3},{"damage":0,"enemies":"2 Louse","floor":4,"turns":1},{"damage":15,"enemies":"Gremlin Nob","floor":7,"turns":4},{"damage":6,"enemies":"Red Slaver","floor":8,"turns":3},{"damage":21,"enemies":"Lagavulin","floor":11,"turns":4},{"damage":0,"enemies":"Lots of Slimes","floor":12,"turns":1},{"damage":2,"enemies":"Blue Slaver","floor":14,"turns":3},{"damage":0,"enemies":"Slime Boss","floor":16,"turns":4},{"damage":24,"enemies":"Spheric Guardian","floor":18,"turns":4},{"damage":11,"enemies":"2 Thieves","floor":20,"turns":3},{"damage":0,"enemies":"Chosen and Byrds","floor":21,"turns":3},{"damage":13,"enemies":"Gremlin Leader","floor":23,"turns":4},{"damage":12,"enemies":"Cultist and Chosen","floor":24,"turns":3},{"damage":0,"enemies":"Sentry and Sphere","floor":25,"turns":3},{"damage":9,"enemies":"Snake Plant","floor":29,"turns":2},{"damage":36,"enemies":"Slavers","floor":31,"turns":3},{"damage":30,"enemies":"Automaton","floor":33,"turns":6}],"seed_played":"-2277996578845086815","potions_obtained":[{"floor":2,"key":"SneckoOil"},{"floor":7,"key":"LiquidBronze"},{"floor":11,"key":"SpeedPotion"},{"floor":12,"key":"Weak Potion"},{"floor":14,"key":"Weak Potion"},{"floor":16,"key":"EntropicBrew"},{"floor":18,"key":"FocusPotion"},{"floor":20,"key":"FearPotion"},{"floor":21,"key":"SkillPotion"},{"floor":23,"key":"ColorlessPotion"},{"floor":24,"key":"Fruit Juice"},{"floor":25,"key":"Weak Potion"},{"floor":29,"key":"Ancient Potion"},{"floor":31,"key":"Dexterity Potion"}],"is_trial":false,"path_per_floor":["M","M","?","M","?","R","E","M","T","$","E","M","R","M","R","B",null,"M","$","M","M","?","E","M","M","T","$","T","M","R","E","R","B"],"character_chosen":"DEFECT","items_purchased":["Thunder Strike","Storm"],"campfire_rested":2,"item_purchase_floors":[19,27],"current_hp_per_floor":[74,64,64,64,64,64,49,43,43,43,22,22,22,20,20,20,75,51,51,40,40,40,27,25,25,25,25,25,16,41,5,30,0,0],"gold":137,"neow_bonus":"THREE_RARE_CARDS","is_daily":false,"chose_seed":false,"campfire_upgraded":3,"win_rate":0.0,"timestamp":1611248485,"path_taken":["M","M","?","?","?","R","E","M","T","$","E","?","R","M","R","BOSS","M","$","M","M","?","E","?","M","T","$","?","M","R","E","R","BOSS"],"items_purchased_type":["Card","Card"],"build_version":"2020-12-22","purchased_purges":3,"victory":false,"max_hp_per_floor":[75,75,75,75,75,75,75,75,75,75,75,75,75,75,75,75,75,75,75,75,75,75,75,85,85,85,85,85,85,85,85,85,85,85],"card_choices":[{"not_picked":["Meteor Strike","Biased Cognition"],"picked":"Electrodynamics","floor":0},{"not_picked":["Rebound","Heatsinks"],"picked":"Ball Lightning","floor":1},{"not_picked":["Beam Cell","Hologram","Compile Driver"],"picked":"SKIP","floor":2},{"not_picked":["Chill","Stack"],"picked":"Genetic Algorithm","floor":4},{"not_picked":["Gash","Steam Power"],"picked":"Storm","floor":7},{"not_picked":["Self Repair","Steam"],"picked":"Defragment","floor":8},{"not_picked":["Consume","Redo"],"picked":"Conserve Battery","floor":11},{"not_picked":["Compile Driver","Barrage"],"picked":"Ball Lightning","floor":12},{"not_picked":["All For One","Rebound","Conserve Battery"],"picked":"SKIP","floor":14},{"not_picked":["Fission","Meteor Strike"],"picked":"Creative AI","floor":16},{"not_picked":["Redo","Beam Cell"],"picked":"Leap","floor":18},{"not_picked":["Steam Power+1","Recycle","Turbo"],"picked":"SKIP","floor":20},{"not_picked":["Ball Lightning","Static Discharge"],"picked":"Conserve Battery+1","floor":21},{"not_picked":["Sunder+1","Static Discharge+1"],"picked":"Force Field+1","floor":23},{"not_picked":["Static Discharge","Lockon"],"picked":"Heatsinks","floor":24},{"not_picked":["Gash","Steam+1"],"picked":"Coolheaded","floor":25},{"not_picked":["Beam Cell","Sweeping Beam+1"],"picked":"Amplify","floor":29},{"not_picked":["Leap","Barrage"],"picked":"Auto Shields","floor":31}],"player_experience":108336,"relics_obtained":[{"floor":7,"key":"Sundial"},{"floor":9,"key":"White Beast Statue"},{"floor":11,"key":"Bottled Tornado"},{"floor":23,"key":"PreservedInsect"},{"floor":28,"key":"Shuriken"},{"floor":31,"key":"Matryoshka"}],"event_choices":[{"damage_healed":0,"gold_gain":0,"player_choice":"1 cards matched","damage_taken":0,"max_hp_gain":0,"max_hp_loss":0,"event_name":"Match and Keep!","floor":3,"gold_loss":0,"cards_obtained":["Flash of Steel"]},{"damage_healed":0,"gold_gain":100,"player_choice":"Pray","damage_taken":0,"max_hp_gain":0,"max_hp_loss":0,"event_name":"Golden Shrine","floor":5,"gold_loss":0},{"cards_removed":["Defend_B"],"damage_healed":0,"gold_gain":0,"player_choice":"Purged","damage_taken":0,"max_hp_gain":0,"max_hp_loss":0,"event_name":"Purifier","floor":22,"gold_loss":0}],"is_beta":false,"boss_relics":[{"not_picked":["SlaversCollar","Ectoplasm"],"picked":"SacredBark"}],"items_purged_floors":[10,19,27],"is_endless":false,"potions_floor_spawned":[2,7,11,12,14,16,18,20,21,23,24,25,29,31],"killed_by":"Automaton","ascension_level":2}}