{"host":"2lo6hma6kymb0g9i","time":1611207744,"event":{"mods":["BaseMod","Colored Map","DeckTracker","Minty Spire (QoL Compilation)"],"gold_per_floor":[13,13,13,13,27,27,52,52,52,52,52],"floor_reached":10,"language":"JPN","playtime":327,"items_purged":[],"score":112,"play_id":"1c0aab11-56a6-457f-9b3c-6e603637d722","local_time":"20210121144224","is_ascension_mode":true,"campfire_choices":[{"data":"Defragment","floor":6,"key":"SMITH"},{"data":"Conserve Battery","floor":8,"key":"SMITH"}],"circlet_count":0,"master_deck":["AscendersBane","Strike_B","Strike_B","Strike_B","Defend_B","Defend_B","Defend_B","Defend_B","Zap","Dualcast","Defragment+1","Conserve Battery+1"],"relics":["Cracked Core","Ginger","Golden Idol","Bag of Marbles"],"acts_visited":["Exordium"],"potions_floor_usage":[10],"damage_taken":[{"damage":1,"enemies":"2 Louse","floor":1,"turns":3},{"damage":3,"enemies":"Small Slimes","floor":5,"turns":4},{"damage":2,"enemies":"Jaw Worm","floor":7,"turns":4},{"damage":25,"enemies":"3 Sentries","floor":10,"turns":6}],"seed_played":"-8819448979351205497","potions_obtained":[{"floor":5,"key":"PotionOfCapacity"},{"floor":7,"key":"PotionOfCapacity"}],"is_trial":false,"path_per_floor":["M","?","?","$","M","R","M","R","T","E"],"character_chosen":"DEFECT","items_purchased":[],"campfire_rested":0,"item_purchase_floors":[],"current_hp_per_floor":[63,39,32,32,29,29,27,27,27,2,2],"gold":52,"neow_bonus":"ONE_RARE_RELIC","is_daily":false,"chose_seed":false,"campfire_upgraded":2,"win_rate":0.0,"timestamp":1611207744,"path_taken":["M","?","?","?","?","R","M","R","T","E"],"items_purchased_type":[],"build_version":"2020-12-22","purchased_purges":0,"victory":false,"max_hp_per_floor":[71,71,71,71,71,71,71,71,71,71,71],"card_choices":[{"not_picked":["Turbo","Beam Cell","Redo"],"picked":"SKIP","floor":1},{"not_picked":["Aggregate","Steam"],"picked":"Defragment","floor":5},{"not_picked":["Stack","Storm"],"picked":"Conserve Battery","floor":7}],"player_experience":1107902,"relics_obtained":[{"floor":9,"key":"Bag of Marbles"}],"event_choices":[{"damage_healed":0,"gold_gain":0,"player_choice":"Take Damage","damage_taken":24,"relics_obtained":["Golden Idol"],"max_hp_gain":0,"max_hp_loss":0,"event_name":"Golden Idol","floor":2,"gold_loss":0},{"cards_removed":["Strike_B"],"damage_healed":0,"gold_gain":0,"player_choice":"Card Removal","damage_taken":7,"max_hp_gain":0,"max_hp_loss":0,"event_name":"Golden Wing","floor":3,"gold_loss":0}],"is_beta":false,"boss_relics":[],"items_purged_floors":[],"is_endless":false,"potions_floor_spawned":[5,7],"killed_by":"3 Sentries","ascension_level":20}}