{"host":"axuns55dzq466eei","time":1611238441,"event":{"mods":["BaseMod","Colored Map","Keyboard Shortcuts","Minty Spire (QoL Compilation)","StSLib","SuperFastMode"],"gold_per_floor":[109,30,30,55,55,98,98,128,151,151,151,170,194,223,223,223,223],"floor_reached":16,"language":"KOR","playtime":219,"items_purged":[],"score":254,"play_id":"92236b9a-c0ab-4a76-a027-693cd13fdb63","local_time":"20210121231401","is_ascension_mode":true,"campfire_choices":[{"data":"Consume","floor":7,"key":"SMITH"},{"floor":15,"key":"REST"}],"circlet_count":0,"master_deck":["AscendersBane","Strike_B","Strike_B","Strike_B","Defend_B+1","Defend_B","Defend_B","Defend_B+1","Zap","Dualcast","Gash","Storm","Consume+1","Undo","Conserve Battery","Capacitor","Coolheaded"],"relics":["Cracked Core","NeowsBlessing","Golden Idol","CeramicFish","Happy Flower"],"acts_visited":["Exordium"],"potions_floor_usage":[16,16],"damage_taken":[{"damage":0,"enemies":"Jaw Worm","floor":1,"turns":1},{"damage":0,"enemies":"Small Slimes","floor":4,"turns":1},{"damage":0,"enemies":"Gremlin Nob","floor":6,"turns":1},{"damage":11,"enemies":"2 Louse","floor":8,"turns":4},{"damage":11,"enemies":"2 Fungi Beasts","floor":12,"turns":4},{"damage":13,"enemies":"Exordium Wildlife","floor":13,"turns":6},{"damage":0,"enemies":"Looter","floor":14,"turns":3},{"damage":38,"enemies":"Slime Boss","floor":16,"turns":7}],"seed_played":"-6181215880671921653","potions_obtained":[{"floor":12,"key":"Dexterity Potion"},{"floor":13,"key":"FearPotion"},{"floor":14,"key":"Strength Potion"}],"is_trial":false,"path_per_floor":["M","$","?","M","?","E","R","M","T","?","?","M","M","M","R","B"],"character_chosen":"DEFECT","items_purchased":["Storm"],"campfire_rested":1,"item_purchase_floors":[2],"current_hp_per_floor":[64,64,40,40,63,63,63,52,52,31,31,20,7,7,28,0,0],"gold":223,"neow_bonus":"THREE_ENEMY_KILL","is_daily":false,"chose_seed":false,"campfire_upgraded":1,"win_rate":0.0,"timestamp":1611238441,"path_taken":["M","$","?","M","?","E","R","M","T","?","?","M","?","M","R","BOSS"],"items_purchased_type":["Card"],"build_version":"2020-12-22","purchased_purges":0,"victory":false,"max_hp_per_floor":[71,71,71,71,71,71,71,71,71,71,71,71,71,71,71,71,71],"card_choices":[{"not_picked":["Streamline","Reinforced Body"],"picked":"Gash","floor":1},{"not_picked":["Fusion","Melter"],"picked":"Consume","floor":4},{"not_picked":["BootSequence","Darkness"],"picked":"Undo","floor":6},{"not_picked":["Go for the Eyes","Reinforced Body"],"picked":"Conserve Battery","floor":8},{"not_picked":["Redo","Hello World","Streamline"],"picked":"SKIP","floor":12},{"not_picked":["Cold Snap","Loop"],"picked":"Capacitor","floor":13},{"not_picked":["Coolheaded","Steam","Hyperbeam"],"picked":"SKIP","floor":14},{"not_picked":["Steam","Hyperbeam"],"picked":"Coolheaded","floor":14}],"player_experience":1094415,"relics_obtained":[{"floor":6,"key":"CeramicFish"},{"floor":9,"key":"Happy Flower"}],"event_choices":[{"damage_healed":0,"gold_gain":0,"player_choice":"Take Damage","damage_taken":24,"relics_obtained":["Golden Idol"],"max_hp_gain":0,"max_hp_loss":0,"event_name":"Golden Idol","floor":3,"gold_loss":0},{"damage_healed":23,"gold_gain":0,"player_choice":"Banana","damage_taken":0,"max_hp_gain":0,"max_hp_loss":0,"event_name":"Big Fish","floor":5,"gold_loss":0},{"damage_healed":0,"gold_gain":0,"player_choice":"Entered Light","damage_taken":21,"max_hp_gain":0,"max_hp_loss":0,"event_name":"Shining Light","floor":10,"gold_loss":0,"cards_upgraded":["Defend_B","Defend_B"]},{"cards_removed":["Strike_B"],"damage_healed":0,"gold_gain":0,"player_choice":"Forget","damage_taken":0,"max_hp_gain":0,"max_hp_loss":0,"event_name":"Living Wall","floor":11,"gold_loss":0}],"is_beta":false,"boss_relics":[],"items_purged_floors":[],"is_endless":false,"potions_floor_spawned":[12,13,14],"killed_by":"Slime Boss","ascension_level":20}}