{"host":"rolltorest","time":1611205684,"event":{"mods":["BaseMod","Minty Spire (QoL Compilation)","Relic Stats","Slay the Relics Exporter","StSLib"],"gold_per_floor":[112,112,122,122,132,157,122,156,156,169,197,212,241,254,254,328,328,348,348,105,187,201,201,213,238,238,257,289,289,305,339,339,415,415,430,81,98,98,98,133,149,165,165,198,212,539,429,429,429,429,429,429,429,84,119,119],"floor_reached":57,"language":"ENG","playtime":2747,"items_purged":["Strike_P","Strike_P"],"score":3429,"play_id":"7e7bcf58-f65e-4105-8351-0c65f835f4c3","local_time":"20210120210804","is_ascension_mode":true,"campfire_choices":[{"data":"SpiritShield","floor":15,"key":"SMITH"},{"data":"Consecrate","floor":29,"key":"SMITH"},{"floor":32,"key":"REST"},{"floor":49,"key":"RECALL"},{"data":"Wireheading","floor":53,"key":"SMITH"}],"circlet_count":0,"master_deck":["AscendersBane","Strike_P+1","Defend_P+1","Defend_P+1","Defend_P+1","Defend_P+1","Eruption+1","Vigilance","Consecrate+1","FollowUp+1","CutThroughFate+1","Prostrate+1","Prostrate+1","BowlingBash+1","SpiritShield+1","Pray+1","CutThroughFate+1","LessonLearned+1","JustLucky+1","Flash of Steel+1","Adaptation+1","Tantrum+1","Weave","Prostrate+1","Omniscience+1","ThirdEye+1","Devotion+1","CutThroughFate+1","Fasting2+1","Blind+1","TalkToTheHand+1","JustLucky+1","FlurryOfBlows+1","MentalFortress+1","Wireheading+1","Fasting2+1","Omniscience+1"],"relics":["Runic Pyramid","Regal Pillow","TungstenRod","Oddly Smooth Stone","Matryoshka","Torii","Happy Flower","Black Star","Bag of Preparation","White Beast Statue","Omamori","Meat on the Bone","Ice Cream","Pocketwatch","Pear","Blood Vial","Gambling Chip","Molten Egg 2","Boot","Calling Bell","Art of War","Toxic Egg 2","FossilizedHelix","OrangePellets","Yang","War Paint","Juzu Bracelet","Eternal Feather","Old Coin","Centennial Puzzle","Kunai","Sundial","Damaru"],"acts_visited":["Exordium","TheCity","TheBeyond","TheEnding"],"potions_floor_usage":[14,18,23,27,33,56],"damage_taken":[{"damage":0,"enemies":"2 Louse","floor":1,"turns":2},{"damage":0,"enemies":"Small Slimes","floor":3,"turns":2},{"damage":0,"enemies":"Jaw Worm","floor":5,"turns":2},{"damage":12,"enemies":"3 Sentries","floor":6,"turns":7},{"damage":15,"enemies":"Gremlin Nob","floor":8,"turns":3},{"damage":0,"enemies":"Red Slaver","floor":10,"turns":3},{"damage":0,"enemies":"3 Sentries","floor":11,"turns":4},{"damage":0,"enemies":"Exordium Thugs","floor":12,"turns":3},{"damage":0,"enemies":"Lagavulin","floor":13,"turns":6},{"damage":9,"enemies":"Gremlin Gang","floor":14,"turns":4},{"damage":24,"enemies":"Slime Boss","floor":16,"turns":5},{"damage":32,"enemies":"Spheric Guardian","floor":18,"turns":4},{"damage":7,"enemies":"Shell Parasite","floor":22,"turns":5},{"damage":0,"enemies":"Gremlin Leader","floor":23,"turns":2},{"damage":0,"enemies":"Snecko","floor":24,"turns":3},{"damage":7,"enemies":"Book of Stabbing","floor":25,"turns":5},{"damage":24,"enemies":"3 Cultists","floor":27,"turns":6},{"damage":0,"enemies":"Gremlin Leader","floor":28,"turns":4},{"damage":0,"enemies":"Sentry and Sphere","floor":30,"turns":3},{"damage":43,"enemies":"Slavers","floor":31,"turns":5},{"damage":0,"enemies":"Collector","floor":33,"turns":5},{"damage":6,"enemies":"Orb Walker","floor":35,"turns":3},{"damage":0,"enemies":"3 Shapes","floor":37,"turns":5},{"damage":0,"enemies":"Nemesis","floor":40,"turns":4},{"damage":0,"enemies":"Spire Growth","floor":41,"turns":3},{"damage":0,"enemies":"4 Shapes","floor":42,"turns":5},{"damage":0,"enemies":"Reptomancer","floor":44,"turns":5},{"damage":0,"enemies":"Writhing Mass","floor":45,"turns":5},{"damage":0,"enemies":"Nemesis","floor":46,"turns":5},{"damage":15,"enemies":"Time Eater","floor":50,"turns":8},{"damage":7,"enemies":"Donu and Deca","floor":51,"turns":5},{"damage":10,"enemies":"Shield and Spear","floor":55,"turns":6},{"damage":0,"enemies":"The Heart","floor":56,"turns":8}],"seed_played":"5822406029582768790","potions_obtained":[{"floor":1,"key":"BottledMiracle"},{"floor":5,"key":"CultistPotion"},{"floor":16,"key":"BlessingOfTheForge"},{"floor":22,"key":"SmokeBomb"},{"floor":24,"key":"FearPotion"},{"floor":25,"key":"Regen Potion"},{"floor":27,"key":"SneckoOil"},{"floor":28,"key":"DuplicationPotion"},{"floor":33,"key":"Regen Potion"},{"floor":35,"key":"DuplicationPotion"},{"floor":41,"key":"SpeedPotion"}],"is_trial":false,"path_per_floor":["M","?","M","?","M","E","?","E","T","M","E","M","E","M","R","B",null,"M","T","$","T","M","E","M","E","T","M","E","R","M","E","R","B",null,"M","$","M","?","?","E","M","M","T","E","M","E","?","?","R","B","B",null,"R","$","E","B",null],"character_chosen":"WATCHER","items_purchased":["Flash of Steel","Adaptation","OrangePellets","Fasting2","Kunai","Fasting2"],"campfire_rested":1,"item_purchase_floors":[20,20,36,36,54,54],"current_hp_per_floor":[61,43,43,48,48,36,54,39,39,39,39,39,39,30,30,6,56,24,24,24,24,29,41,41,46,56,53,53,53,55,26,65,67,79,75,75,77,77,77,79,79,79,79,79,79,79,79,79,79,64,59,74,79,79,69,71],"gold":119,"neow_bonus":"BOSS_RELIC","is_daily":false,"chose_seed":false,"campfire_upgraded":3,"win_rate":0.0,"timestamp":1611205684,"path_taken":["M","?","M","?","M","E","?","E","T","M","E","M","E","?","R","BOSS","M","?","$","?","M","E","M","E","T","?","E","R","?","E","R","BOSS","M","$","M","?","?","E","M","M","T","E","M","E","?","?","R","BOSS","BOSS","R","$","E","BOSS"],"items_purchased_type":["Card","Card","Relic","Card","Relic","Card"],"build_version":"2020-12-18","purchased_purges":2,"victory":true,"max_hp_per_floor":[68,68,68,73,73,73,73,73,73,73,73,73,73,73,73,73,73,73,73,73,73,73,73,73,73,83,83,83,83,83,83,83,83,83,83,83,83,83,79,79,79,79,79,79,79,79,79,79,79,79,79,79,79,79,79,79],"relic_stats":{"Regal Pillow":15,"Torii":45,"Happy Flower":[37],"counters":[33,145],"Yang":[189],"Eternal Feather":5,"Bag of Preparation":[42],"Juzu Bracelet":1,"War Paint":["Prostrate","Defend_P"],"Boot":[112],"Blood Vial":16,"OrangePellets":[35],"Centennial Puzzle":[9],"Sundial":[0],"Gambling Chip":[26],"Black Star":8,"Art of War":[6],"Kunai":[11],"obtain_stats":[{"Ice Cream":25,"Regal Pillow":2,"Torii":11,"Yang":40,"Bag of Preparation":19,"Juzu Bracelet":44,"Boot":31,"Old Coin":46,"Blood Vial":28,"Centennial Puzzle":46,"Matryoshka":9,"Sundial":55,"Gambling Chip":28,"Kunai":54,"Toxic Egg 2":34,"Runic Pyramid":0,"Pear":26,"Happy Flower":13,"Oddly Smooth Stone":8,"Damaru":55,"Eternal Feather":44,"Omamori":21,"War Paint":40,"White Beast Statue":19,"Calling Bell":34,"OrangePellets":36,"Molten Egg 2":31,"Black Star":17,"Art of War":34,"PureWater":0,"TungstenRod":6,"FossilizedHelix":34,"Meat on the Bone":21,"Pocketwatch":25},{"Ice Cream":16,"Regal Pillow":1,"Torii":7,"Yang":24,"Bag of Preparation":12,"Juzu Bracelet":27,"Boot":20,"Old Coin":29,"Blood Vial":18,"Centennial Puzzle":29,"Matryoshka":5,"Sundial":32,"Gambling Chip":18,"Kunai":31,"Toxic Egg 2":21,"Runic Pyramid":0,"Pear":16,"Happy Flower":9,"Oddly Smooth Stone":5,"Damaru":32,"Eternal Feather":27,"Omamori":12,"War Paint":24,"White Beast Statue":12,"Calling Bell":21,"OrangePellets":22,"Molten Egg 2":20,"Black Star":11,"Art of War":21,"PureWater":0,"TungstenRod":4,"FossilizedHelix":21,"Meat on the Bone":12,"Pocketwatch":16},{"Ice Cream":60,"Regal Pillow":2,"Torii":23,"Yang":95,"Bag of Preparation":45,"Juzu Bracelet":108,"Boot":78,"Old Coin":118,"Blood Vial":70,"Centennial Puzzle":118,"Matryoshka":16,"Sundial":137,"Gambling Chip":70,"Kunai":131,"Toxic Egg 2":83,"Runic Pyramid":0,"Pear":60,"Happy Flower":32,"Oddly Smooth Stone":16,"Damaru":137,"Eternal Feather":108,"Omamori":45,"War Paint":95,"White Beast Statue":45,"Calling Bell":83,"OrangePellets":86,"Molten Egg 2":78,"Black Star":41,"Art of War":83,"PureWater":0,"TungstenRod":13,"FossilizedHelix":83,"Meat on the Bone":45,"Pocketwatch":60}],"TungstenRod":36,"Meat on the Bone":60,"Pocketwatch":[3]},"card_choices":[{"not_picked":["Adaptation","BowlingBash"],"picked":"Consecrate","floor":1},{"not_picked":["Worship","PathToVictory"],"picked":"FollowUp","floor":3},{"not_picked":["Nirvana","LikeWater"],"picked":"CutThroughFate","floor":5},{"not_picked":["PathToVictory","DeceiveReality"],"picked":"Prostrate","floor":6},{"not_picked":["Sanctity","MasterReality"],"picked":"Prostrate","floor":8},{"not_picked":["LikeWater","Swivel"],"picked":"BowlingBash","floor":10},{"not_picked":["Prostrate","SashWhip"],"picked":"SpiritShield","floor":11},{"not_picked":["FollowUp","LikeWater","CrushJoints"],"picked":"SKIP","floor":12},{"not_picked":["SashWhip","Evaluate"],"picked":"Pray","floor":13},{"not_picked":["Wireheading","Crescendo"],"picked":"CutThroughFate","floor":14},{"not_picked":["DeusExMachina","DevaForm"],"picked":"LessonLearned","floor":16},{"not_picked":["FollowUp","CrushJoints"],"picked":"JustLucky","floor":18},{"not_picked":["CutThroughFate","SandsOfTime"],"picked":"Tantrum","floor":22},{"not_picked":["Pray","Nirvana","Swivel+1"],"picked":"SKIP","floor":24},{"not_picked":["CarveReality","FlyingSleeves","Indignation"],"picked":"SKIP","floor":25},{"not_picked":["CrushJoints","Tantrum"],"picked":"Weave","floor":27},{"not_picked":["Wireheading","EmptyMind"],"picked":"Prostrate+1","floor":28},{"not_picked":["EmptyBody","SandsOfTime"],"picked":"Omniscience","floor":30},{"not_picked":["Protect+1","WindmillStrike+1"],"picked":"ThirdEye+1","floor":31},{"not_picked":["LessonLearned+1","Judgement"],"picked":"Devotion","floor":33},{"not_picked":["PathToVictory+1","Crescendo+1"],"picked":"CutThroughFate+1","floor":35},{"not_picked":["Prostrate+1","ThirdEye+1","Consecrate+1"],"picked":"SKIP","floor":37},{"not_picked":["Enlightenment+1","Good Instincts+1"],"picked":"Blind+1","floor":38},{"not_picked":["Establishment","Tantrum+1"],"picked":"TalkToTheHand+1","floor":40},{"not_picked":["Consecrate+1","Worship+1"],"picked":"JustLucky+1","floor":41},{"not_picked":["WaveOfTheHand+1","Evaluate+1","SignatureMove+1"],"picked":"SKIP","floor":42},{"not_picked":["Crescendo+1","Indignation+1"],"picked":"FlurryOfBlows+1","floor":44},{"not_picked":["Swivel+1","Prostrate+1"],"picked":"MentalFortress+1","floor":45},{"not_picked":["EmptyFist+1","Protect+1"],"picked":"Wireheading","floor":46},{"not_picked":["CrushJoints+1","Tantrum+1"],"picked":"Omniscience+1","floor":55}],"player_experience":1750508,"relics_obtained":[{"floor":6,"key":"TungstenRod"},{"floor":8,"key":"Oddly Smooth Stone"},{"floor":9,"key":"Matryoshka"},{"floor":11,"key":"Torii"},{"floor":13,"key":"Happy Flower"},{"floor":19,"key":"Bag of Preparation"},{"floor":19,"key":"White Beast Statue"},{"floor":21,"key":"Omamori"},{"floor":21,"key":"Meat on the Bone"},{"floor":25,"key":"Ice Cream"},{"floor":25,"key":"Pocketwatch"},{"floor":26,"key":"Pear"},{"floor":28,"key":"Blood Vial"},{"floor":28,"key":"Gambling Chip"},{"floor":31,"key":"Molten Egg 2"},{"floor":31,"key":"Boot"},{"floor":34,"key":"Art of War"},{"floor":34,"key":"Toxic Egg 2"},{"floor":34,"key":"FossilizedHelix"},{"floor":40,"key":"Yang"},{"floor":40,"key":"War Paint"},{"floor":44,"key":"Juzu Bracelet"},{"floor":44,"key":"Eternal Feather"},{"floor":46,"key":"Old Coin"},{"floor":46,"key":"Centennial Puzzle"},{"floor":55,"key":"Sundial"},{"floor":55,"key":"Damaru"}],"event_choices":[{"damage_healed":0,"gold_gain":0,"player_choice":"Success","damage_taken":18,"relics_obtained":["Regal Pillow"],"max_hp_gain":0,"max_hp_loss":0,"event_name":"Scrap Ooze","floor":2,"gold_loss":0},{"damage_healed":0,"gold_gain":0,"player_choice":"Donut","damage_taken":0,"max_hp_gain":5,"max_hp_loss":0,"event_name":"Big Fish","floor":4,"gold_loss":0},{"damage_healed":18,"gold_gain":0,"player_choice":"Healed","damage_taken":0,"max_hp_gain":0,"max_hp_loss":0,"event_name":"The Cleric","floor":7,"gold_loss":35},{"damage_healed":0,"gold_gain":0,"player_choice":"Memory 1","damage_taken":0,"max_hp_gain":0,"max_hp_loss":0,"event_name":"SensoryStone","floor":38,"gold_loss":0},{"damage_healed":0,"gold_gain":0,"player_choice":"Max HP","damage_taken":0,"max_hp_gain":0,"max_hp_loss":4,"event_name":"Winding Halls","floor":39,"gold_loss":0},{"cards_removed":["Strike_P"],"damage_healed":0,"gold_gain":0,"player_choice":"Upgrade and Remove","damage_taken":0,"max_hp_gain":0,"max_hp_loss":0,"event_name":"Designer","floor":47,"gold_loss":110,"cards_upgraded":["Prostrate"]},{"damage_healed":0,"gold_gain":0,"player_choice":"Ignored","damage_taken":0,"max_hp_gain":0,"max_hp_loss":0,"event_name":"Tomb of Lord Red Mask","floor":48,"gold_loss":0}],"is_beta":true,"boss_relics":[{"not_picked":["Coffee Dripper","Astrolabe"],"picked":"Black Star"},{"not_picked":["Runic Dome","VioletLotus"],"picked":"Calling Bell"}],"items_purged_floors":[20,36],"is_endless":false,"potions_floor_spawned":[1,5,11,13,16,22,23,24,25,27,28,30,31,33,35,37,40,41,42,44,45,46,55],"ascension_level":20}}