{"host":"nsz9w3nbq5dzmcfk","time":1611272638,"event":{"mods":["AchievementEnabler","Bard","Bartender","BaseMod","Beaked The Cultist","Better Skull","Better Third Choice","Block Reminder","Card Forge","Challenge The Spire","Colored Map","DeckTracker","Downfall","Gremlin Mod","Gremlin Skip","Hermit","Magitek Elite","Marked Mod","Minty Spire (QoL Compilation)","Quick Restart","Robot Space Explorer","Shade Mod","StSLib","Td1madao Mod","The Bladedancer","The Bug Knight","The Clintock","The Construct","The Dragon Tamer","The Edgeheg","The Exalted","The Florist","The Hayseed","The Hierophant","The IronCluck","The Judge","The Jungle","The Marked","The Necromancer","The Spell Scribe"],"gold_per_floor":[84,84,84,102,102,128,128,141,141,175,192,192,192,202,202,202,202],"floor_reached":16,"language":"ENG","playtime":593,"items_purged":[],"score":160,"play_id":"0180393a-f27f-40d9-b4d6-2ca55c5b7205","local_time":"20210121184358","is_ascension_mode":false,"campfire_choices":[{"floor":12,"key":"REST"},{"floor":15,"key":"REST"}],"circlet_count":0,"master_deck":["theEdgeheg:StarterShootAttack+1","theEdgeheg:StarterShootAttack+1","theEdgeheg:StarterShootAttack+1","theEdgeheg:StarterShootAttack+1","theEdgeheg:StarterDodgeSkill+1","theEdgeheg:StarterDodgeSkill+1","theEdgeheg:StarterDodgeSkill+1","theEdgeheg:BloodyKatana+1","theEdgeheg:ChaosControlSkill+1","theEdgeheg:GatherChaos+1","theEdgeheg:Grr+1","theEdgeheg:Birthday+1","theEdgeheg:KatanaGF+1","theEdgeheg:PlayRandomCard+1","theEdgeheg:DieDieDie+1","theEdgeheg:BlankCard+1"],"relics":["theEdgeheg:UltimateLifeformRelic","theEdgeheg:GreenEmeraldRelic","Seething Fire","Anvil of the Gods","Ginger","Du-Vu Doll","PreservedInsect"],"acts_visited":["Exordium"],"potions_floor_usage":[10,11],"damage_taken":[{"damage":0,"enemies":"Jaw Worm","floor":1,"turns":2},{"damage":0,"enemies":"Small Slimes","floor":4,"turns":2},{"damage":0,"enemies":"Gremlin Nob","floor":6,"turns":4},{"damage":0,"enemies":"2 Louse","floor":8,"turns":2},{"damage":0,"enemies":"Lagavulin","floor":10,"turns":9},{"damage":0,"enemies":"Exordium Thugs","floor":11,"turns":3},{"damage":0,"enemies":"Looter","floor":14,"turns":1},{"damage":7,"enemies":"The Guardian","floor":16,"turns":11}],"seed_played":"3993492338145500044","potions_obtained":[{"floor":1,"key":"FairyPotion"},{"floor":4,"key":"DuplicationPotion"},{"floor":10,"key":"DuplicationPotion"}],"is_trial":false,"path_per_floor":["M","?","$","M","?","E","?","M","T","E","M","R","?","M","R","B"],"character_chosen":"THE_DEFAULT","items_purchased":[],"campfire_rested":2,"item_purchase_floors":[],"current_hp_per_floor":[4,5,5,6,6,6,6,6,6,6,6,6,6,6,6,0,0],"gold":202,"neow_bonus":"THREE_CARDS","is_daily":false,"chose_seed":false,"campfire_upgraded":0,"win_rate":0.0,"timestamp":1611272638,"path_taken":["M","?","$","M","?","E","?","M","T","E","M","R","?","M","R","BOSS"],"items_purchased_type":[],"build_version":"2020-12-22","purchased_purges":0,"victory":false,"max_hp_per_floor":[5,6,6,6,6,6,6,6,6,6,6,6,6,6,6,6,6],"card_choices":[{"not_picked":["theEdgeheg:Butt","theEdgeheg:QuickKatana"],"picked":"theEdgeheg:Grr","floor":0},{"not_picked":["theEdgeheg:SelfHarmIsNotCool","theEdgeheg:BloodyKatana","theEdgeheg:ChaosCards"],"picked":"SKIP","floor":1},{"not_picked":["theEdgeheg:Butt","theEdgeheg:RandomChaosCard"],"picked":"theEdgeheg:Birthday","floor":4},{"not_picked":["theEdgeheg:MachineGun","theEdgeheg:Shotgun"],"picked":"theEdgeheg:KatanaGF","floor":6},{"not_picked":["theEdgeheg:SupersonicSpeed","theEdgeheg:BlackKatana"],"picked":"theEdgeheg:PlayRandomCard","floor":8},{"not_picked":["theEdgeheg:TeleportsAbove","theEdgeheg:Fastness","theEdgeheg:BlowCover"],"picked":"SKIP","floor":10},{"not_picked":["theEdgeheg:BetterShoot","theEdgeheg:TimmyBackflip"],"picked":"theEdgeheg:DieDieDie","floor":11},{"not_picked":["theEdgeheg:UseAndThrow","theEdgeheg:EmeraldGirlfriend"],"picked":"theEdgeheg:BlankCard","floor":14}],"player_experience":469513,"relics_obtained":[{"floor":6,"key":"Ginger"},{"floor":9,"key":"Du-Vu Doll"},{"floor":10,"key":"PreservedInsect"}],"event_choices":[{"damage_healed":6,"gold_gain":0,"player_choice":"Leave","damage_taken":0,"max_hp_gain":0,"max_hp_loss":6,"event_name":"betterThird:BetterShining","floor":5,"gold_loss":0},{"damage_healed":0,"gold_gain":0,"player_choice":"Leave","damage_taken":0,"max_hp_gain":0,"max_hp_loss":0,"event_name":"The Cleric","floor":7,"gold_loss":0}],"is_beta":false,"boss_relics":[],"items_purged_floors":[],"is_endless":false,"potions_floor_spawned":[1,4,10],"killed_by":"The Guardian","ascension_level":0}}