{"host":"1ekl8hlbnopmdapi","time":1611258267,"event":{"mods":["AchievementEnabler","BaseMod","Colored Map","Colored Powertips","DeckTracker","Googly Eyes","Highlight Path","Minty Spire (QoL Compilation)","Relic Sorter","StSLib","Synergy Search"],"gold_per_floor":[118,133,133,14,29,29,61,61,139,139,171,186,206,224,224,320,320,334,50,63,63,63],"floor_reached":21,"language":"ENG","playtime":543,"items_purged":[],"score":287,"play_id":"42bf055d-c9e8-4121-bdfc-2e33a3d292bf","local_time":"20210121144427","is_ascension_mode":true,"campfire_choices":[{"floor":6,"key":"RECALL"},{"floor":8,"key":"REST"},{"floor":10,"key":"REST"},{"floor":15,"key":"REST"}],"circlet_count":0,"master_deck":["AscendersBane","Strike_B","Strike_B","Strike_B","Strike_B","Defend_B","Defend_B","Defend_B","Defend_B","Zap+1","Dualcast","Rebound","Conserve Battery","White Noise+1","Gash","Loop","Tempest","Steam","Melter","Ball Lightning","White Noise","Core Surge","Rip and Tear","Capacitor","Gash"],"relics":["Cracked Core","Boot","War Paint","SlaversCollar","Mummified Hand"],"acts_visited":["Exordium","TheCity"],"potions_floor_usage":[7,11,11,14],"damage_taken":[{"damage":0,"enemies":"2 Louse","floor":1,"turns":5},{"damage":6,"enemies":"Cultist","floor":2,"turns":4},{"damage":7,"enemies":"Small Slimes","floor":5,"turns":3},{"damage":36,"enemies":"3 Sentries","floor":7,"turns":6},{"damage":32,"enemies":"Lagavulin","floor":11,"turns":6},{"damage":1,"enemies":"Blue Slaver","floor":12,"turns":3},{"damage":7,"enemies":"Large Slime","floor":13,"turns":5},{"damage":8,"enemies":"Gremlin Gang","floor":14,"turns":3},{"damage":33,"enemies":"Hexaghost","floor":16,"turns":8},{"damage":39,"enemies":"3 Byrds","floor":18,"turns":5},{"damage":17,"enemies":"Shell Parasite","floor":20,"turns":4},{"damage":21,"enemies":"Snake Plant","floor":21,"turns":2}],"seed_played":"-5434086518419295292","potions_obtained":[{"floor":1,"key":"Energy Potion"},{"floor":2,"key":"LiquidMemories"},{"floor":5,"key":"DuplicationPotion"},{"floor":7,"key":"SkillPotion"}],"is_trial":false,"path_per_floor":["M","M","?","$","M","R","E","R","T","R","E","M","M","M","R","B",null,"M","$","M","M"],"character_chosen":"DEFECT","items_purchased":["White Noise","Gash","Mummified Hand","Capacitor"],"campfire_rested":3,"item_purchase_floors":[4,4,19,19],"current_hp_per_floor":[64,58,58,58,51,51,15,41,41,67,35,34,27,19,45,12,70,31,31,14,0,0],"gold":63,"neow_bonus":"TWENTY_PERCENT_HP_BONUS","is_daily":false,"chose_seed":false,"campfire_upgraded":0,"win_rate":0.0,"timestamp":1611258267,"path_taken":["M","M","?","$","M","R","E","R","T","R","E","M","M","?","R","BOSS","M","$","?","M"],"items_purchased_type":["Card","Card","Relic","Card"],"build_version":"2020-12-22","purchased_purges":0,"victory":false,"max_hp_per_floor":[89,89,89,89,89,89,89,89,89,89,89,89,89,89,89,89,89,89,89,89,89,89],"card_choices":[{"not_picked":["Self Repair","Beam Cell"],"picked":"Rebound","floor":1},{"not_picked":["Steam Power","Steam"],"picked":"Conserve Battery","floor":2},{"not_picked":["Undo","Redo"],"picked":"Loop","floor":5},{"not_picked":["Go for the Eyes","Undo"],"picked":"Tempest","floor":7},{"not_picked":["Double Energy","Sweeping Beam"],"picked":"Steam","floor":11},{"not_picked":["Storm","Darkness"],"picked":"Melter","floor":12},{"not_picked":["Steam","Cold Snap"],"picked":"Ball Lightning","floor":13},{"not_picked":["Fission","Sweeping Beam"],"picked":"White Noise","floor":14},{"not_picked":["Biased Cognition","Machine Learning"],"picked":"Core Surge","floor":16},{"not_picked":["Beam Cell","Capacitor"],"picked":"Rip and Tear","floor":18},{"not_picked":["Sunder","Redo"],"picked":"Gash","floor":20}],"player_experience":481261,"relics_obtained":[{"floor":7,"key":"Boot"},{"floor":11,"key":"War Paint"}],"event_choices":[{"damage_healed":0,"gold_gain":0,"player_choice":"Bought 0 Potions","damage_taken":0,"max_hp_gain":0,"max_hp_loss":0,"event_name":"The Woman in Blue","floor":3,"gold_loss":0}],"is_beta":false,"boss_relics":[{"not_picked":["SacredBark","Cursed Key"],"picked":"SlaversCollar"}],"items_purged_floors":[],"is_endless":false,"potions_floor_spawned":[1,2,5,7],"killed_by":"Snake Plant","ascension_level":10}}