{"host":"ufl0k2so27eic2iy","time":1611234963,"event":{"mods":["BaseMod","Downfall","Minty Spire (QoL Compilation)","StSLib","The Animator"],"gold_per_floor":[99,112,112,22,22,22,22,37,50,81,81,96,115,154,178,178,178,178],"floor_reached":16,"language":"ENG","playtime":889,"items_purged":["Pain"],"score":118,"play_id":"618e0f30-2816-4f93-91b6-42fc6c6f50fa","local_time":"20210121131603","is_ascension_mode":true,"campfire_choices":[{"floor":1,"key":"RECALL"},{"data":"champ:Encircle","floor":6,"key":"SMITH"},{"data":"champ:ShieldThrow","floor":11,"key":"SMITH"}],"circlet_count":0,"master_deck":["champ:Strike","champ:Strike","champ:Strike","champ:Strike","champ:Defend","champ:Defend","champ:Defend","champ:Defend","champ:Execute","champ:Taunt","champ:Haymaker","champ:Encircle+1","champ:IronFortress","champ:Backstep","champ:ShieldThrow+1","champ:FocusedDefense","champ:Endure","champ:BerserkerStyle","champ:StanceDance"],"relics":["champ:ChampionCrown","WarpedTongs","StrikeDummy","TungstenRod","CeramicFish"],"acts_visited":["Exordium"],"potions_floor_usage":[],"damage_taken":[{"damage":17,"enemies":"Jaw Worm","floor":2,"turns":6},{"damage":24,"enemies":"downfall:FleeingMerchant","floor":4,"turns":4},{"damage":10,"enemies":"Cultist","floor":8,"turns":3},{"damage":12,"enemies":"2 Louse","floor":9,"turns":2},{"damage":24,"enemies":"Gremlin Nob","floor":10,"turns":4},{"damage":18,"enemies":"Large Slime","floor":12,"turns":4},{"damage":2,"enemies":"Exordium Thugs","floor":13,"turns":3},{"damage":11,"enemies":"3 Sentries","floor":14,"turns":6},{"damage":0,"enemies":"3 Louse","floor":15,"turns":4},{"damage":107,"enemies":"DF_ARCHETYPE_STREAMLINE","floor":16,"turns":14}],"seed_played":"1271294850763207947","potions_obtained":[{"floor":2,"key":"CultistPotion"},{"floor":9,"key":"AttackPotion"},{"floor":14,"key":"hexamod:SoulburnPotion"}],"is_trial":false,"path_per_floor":["R","M","?","$","?","R","T","M","M","E","R","M","M","E","M","B"],"character_chosen":"THE_CHAMP","items_purchased":[],"campfire_rested":0,"item_purchase_floors":[],"current_hp_per_floor":[99,97,97,93,93,93,93,93,91,77,77,79,77,76,76,0,0,0],"gold":178,"neow_bonus":"TEN_PERCENT_HP_BONUS","is_daily":false,"chose_seed":false,"campfire_upgraded":2,"win_rate":0.0,"timestamp":1611234963,"path_taken":["R","M","?","?","?","R","T","?","M","E","R","M","M","E","M","BOSS"],"items_purchased_type":[],"build_version":"2020-12-22","purchased_purges":1,"victory":false,"max_hp_per_floor":[99,99,99,99,99,99,99,99,99,99,99,99,99,99,99,99,99,99],"card_choices":[{"not_picked":["champ:TornadoPunch","champ:BerserkersShout"],"picked":"champ:Haymaker","floor":2},{"not_picked":["champ:GladiatorStyle","champ:PerfectedStrike"],"picked":"champ:Encircle","floor":4},{"not_picked":["champ:FocusedBerserking","champ:Parry"],"picked":"champ:IronFortress","floor":8},{"not_picked":["champ:Haymaker","champ:Devastate"],"picked":"champ:Backstep","floor":9},{"not_picked":["champ:EnGarde","champ:PerfectedStrike"],"picked":"champ:ShieldThrow","floor":10},{"not_picked":["champ:SetATrap","champ:FanOfKnives"],"picked":"champ:FocusedDefense","floor":12},{"not_picked":["champ:Shatter","champ:Circumvent"],"picked":"champ:Endure","floor":13},{"not_picked":["champ:CalledShot","champ:RecklessLeap"],"picked":"champ:BerserkerStyle","floor":14},{"not_picked":["champ:Haymaker","champ:TornadoPunch"],"picked":"champ:StanceDance","floor":15}],"player_experience":2746297,"relics_obtained":[{"floor":7,"key":"StrikeDummy"},{"floor":10,"key":"TungstenRod"},{"floor":14,"key":"CeramicFish"}],"event_choices":[{"damage_healed":0,"gold_gain":0,"player_choice":"Rummage","damage_taken":0,"relics_obtained":["WarpedTongs"],"max_hp_gain":0,"max_hp_loss":0,"event_name":"Accursed Blacksmith","floor":3,"gold_loss":0,"cards_obtained":["Pain"]}],"is_beta":false,"boss_relics":[],"items_purged_floors":[4],"is_endless":false,"potions_floor_spawned":[2,9,14],"killed_by":"DF_ARCHETYPE_STREAMLINE","ascension_level":1}}