{"host":"c3lc60y5x60jlt1y","time":1611243534,"event":{"mods":["AchievementEnabler","BaseMod","Bestiary","Colored Map","Minty Spire (QoL Compilation)","Quick Restart","StSLib","ojb\u0027s Info Mod"],"gold_per_floor":[119,69,69,94,169,169,210,226,226,226,226,226,240,273,273,368,368,383,92,105,105,105,105,148,63,116,40,40,40,61,99,99,188,188,213,13,346,346,346,346,390,390,390,390,425,425,46,63,63,63,63,63,12,38,38,38],"floor_reached":55,"language":"ENG","playtime":4554,"items_purged":["Strike_B","Defend_B"],"score":1330,"play_id":"d85a1a78-7eca-4228-a3ba-368ade75d35f","local_time":"20210121173854","is_ascension_mode":true,"campfire_choices":[{"data":"Zap","floor":6.0,"key":"SMITH"},{"data":"Coolheaded","floor":10.0,"key":"SMITH"},{"data":"Dualcast","floor":15.0,"key":"SMITH"},{"floor":23.0,"key":"RECALL"},{"floor":29.0,"key":"REST"},{"floor":32.0,"key":"REST"},{"floor":40.0,"key":"REST"},{"floor":42.0,"key":"REST"},{"floor":44.0,"key":"REST"},{"floor":46.0,"key":"REST"},{"floor":49.0,"key":"REST"},{"floor":52.0,"key":"REST"}],"circlet_count":0,"master_deck":["AscendersBane","Defend_B","Zap+1","Dualcast+1","Coolheaded+1","Blizzard+1","Compile Driver+1","Cold Snap+1","FTL+1","All For One+1","Electrodynamics","Reinforced Body+1","Apotheosis","Sunder+1","Bite+1","Bite+1","Bite+1","Bite+1","Bite+1","Beam Cell+1","FTL+1","Loop","Go for the Eyes+1","White Noise","Echo Form","Defragment","Lockon+1","Leap","Beam Cell+1","Doom and Gloom+1"],"relics":["Cracked Core","NeowsBlessing","Molten Egg 2","Sundial","StrikeDummy","Ornamental Fan","Smiling Mask","Fusion Hammer","Lizard Tail","Singing Bowl","Blood Vial","Eternal Feather","Inserter","Pear","CeramicFish","Strawberry","PreservedInsect","Medical Kit","Whetstone"],"acts_visited":["Exordium","TheCity","TheBeyond","TheEnding"],"potions_floor_usage":[],"damage_taken":[{"damage":0.0,"enemies":"2 Louse","floor":1.0,"turns":1.0},{"damage":0.0,"enemies":"Jaw Worm","floor":4.0,"turns":1.0},{"damage":0.0,"enemies":"Gremlin Nob","floor":7.0,"turns":1.0},{"damage":0.0,"enemies":"Cultist","floor":8.0,"turns":3.0},{"damage":4.0,"enemies":"3 Louse","floor":13.0,"turns":3.0},{"damage":15.0,"enemies":"3 Sentries","floor":14.0,"turns":6.0},{"damage":26.0,"enemies":"Hexaghost","floor":16.0,"turns":8.0},{"damage":0.0,"enemies":"3 Byrds","floor":18.0,"turns":1.0},{"damage":7.0,"enemies":"Shell Parasite","floor":20.0,"turns":4.0},{"damage":15.0,"enemies":"Slavers","floor":24.0,"turns":5.0},{"damage":1.0,"enemies":"3 Cultists","floor":30.0,"turns":4.0},{"damage":10.0,"enemies":"Book of Stabbing","floor":31.0,"turns":3.0},{"damage":34.0,"enemies":"Collector","floor":33.0,"turns":9.0},{"damage":43.0,"enemies":"3 Darklings","floor":35.0,"turns":6.0},{"damage":58.0,"enemies":"Reptomancer","floor":41.0,"turns":8.0},{"damage":38.0,"enemies":"Giant Head","floor":45.0,"turns":8.0},{"damage":7.0,"enemies":"3 Shapes","floor":48.0,"turns":5.0},{"damage":55.0,"enemies":"Donu and Deca","floor":50.0,"turns":7.0},{"damage":65.0,"enemies":"Shield and Spear","floor":54.0,"turns":4.0},{"damage":113,"enemies":"The Heart","floor":55,"turns":3}],"seed_played":"4056200483561337059","potions_obtained":[{"floor":8.0,"key":"SmokeBomb"},{"floor":14.0,"key":"Fire Potion"},{"floor":16.0,"key":"AttackPotion"},{"floor":30.0,"key":"LiquidBronze"},{"floor":31.0,"key":"FearPotion"},{"floor":33.0,"key":"Dexterity Potion"},{"floor":35.0,"key":"SmokeBomb"},{"floor":41.0,"key":"PowerPotion"},{"floor":54.0,"key":"Energy Potion"}],"is_trial":false,"path_per_floor":["M","?","?","M","?","R","E","M","T","R","?","?","M","E","R","B",null,"M","$","M","?","?","R","E","?","T","$","?","R","M","E","R","B",null,"M","$","?","?","T","R","E","R","T","R","E","R","$","M","R","B",null,"R","$","E","B"],"character_chosen":"DEFECT","items_purchased":["Apotheosis","Sunder+1","Loop","Defragment","Lockon+1","Leap","DuplicationPotion","PreservedInsect","Medical Kit","Swift Potion"],"campfire_rested":8,"item_purchase_floors":[19,19,27,36,36,36,47,47,47,53],"current_hp_per_floor":[64,64,64,64,53,53,53,53,53,53,53,53,49,34,34,8,52,52,52,45,45,45,45,42,42,42,42,42,46,46,42,46,39,44,26,26,26,26,36,58,15,47,47,58,39,65,65,60,67,33,59,67,67,10,0,0],"gold":38,"neow_bonus":"THREE_ENEMY_KILL","is_daily":false,"chose_seed":false,"campfire_upgraded":3,"win_rate":0.0,"timestamp":1611243534,"path_taken":["M","?","?","M","?","R","E","?","T","R","?","?","M","E","R","BOSS","M","$","?","?","?","R","E","?","T","$","?","R","?","E","R","BOSS","M","$","?","?","?","R","E","R","T","R","E","R","$","?","R","BOSS","R","$","E","BOSS"],"items_purchased_type":["Card","Card","Card","Card","Card","Card","Potion","Relic","Relic","Potion"],"build_version":"2020-12-22","purchased_purges":2,"victory":false,"max_hp_per_floor":[71,71,66,66,66,66,66,66,66,66,66,66,66,66,66,66,66,66,66,66,46,46,46,46,46,46,46,46,46,46,46,46,46,46,48,48,48,48,58,58,58,58,58,58,65,65,65,67,67,67,67,67,67,69,69,69],"card_choices":[{"not_picked":["Hologram","Sweeping Beam"],"picked":"Coolheaded","floor":1.0},{"not_picked":["Conserve Battery","Static Discharge"],"picked":"Blizzard","floor":4.0},{"not_picked":["Cold Snap+1","Heatsinks"],"picked":"Compile Driver+1","floor":7.0},{"not_picked":["Conserve Battery","Turbo"],"picked":"Cold Snap+1","floor":8.0},{"not_picked":["Steam","Chill"],"picked":"FTL+1","floor":13.0},{"not_picked":["Chill","Scrape+1"],"picked":"All For One+1","floor":14.0},{"not_picked":["Reboot","Fission"],"picked":"Electrodynamics","floor":16.0},{"not_picked":["Compile Driver+1","Static Discharge"],"picked":"Reinforced Body+1","floor":18.0},{"not_picked":["Scrape+1","Auto Shields","Gash+1"],"picked":"SKIP","floor":20.0},{"not_picked":["Coolheaded","White Noise"],"picked":"FTL+1","floor":24.0},{"not_picked":["Sunder+1","Sweeping Beam+1"],"picked":"Go for the Eyes+1","floor":30.0},{"not_picked":["Blizzard+1","Barrage+1"],"picked":"White Noise","floor":31.0},{"not_picked":["Meteor Strike+1","Reboot"],"picked":"Echo Form","floor":33.0},{"not_picked":["Skim","Recycle","Stack"],"picked":"Singing Bowl","floor":35.0},{"not_picked":["Steam","Rip and Tear+1"],"picked":"Beam Cell+1","floor":41.0},{"not_picked":["Reprogram","Steam"],"picked":"Doom and Gloom+1","floor":45.0},{"not_picked":["Static Discharge","Reinforced Body+1","Blizzard+1"],"picked":"Singing Bowl","floor":48.0},{"not_picked":["Ball Lightning+1","Reinforced Body","Chaos+1"],"picked":"Singing Bowl","floor":54.0}],"player_experience":8271631,"relics_obtained":[{"floor":7.0,"key":"Molten Egg 2"},{"floor":9.0,"key":"Sundial"},{"floor":14.0,"key":"Smiling Mask"},{"floor":24.0,"key":"Lizard Tail"},{"floor":26.0,"key":"Blood Vial"},{"floor":31.0,"key":"Eternal Feather"},{"floor":39.0,"key":"Pear"},{"floor":41.0,"key":"CeramicFish"},{"floor":45.0,"key":"Strawberry"},{"floor":54.0,"key":"Whetstone"}],"event_choices":[{"cards_removed":["Defend_B"],"damage_healed":0.0,"max_hp_gain":0.0,"max_hp_loss":0.0,"gold_gain":0.0,"event_name":"The Cleric","player_choice":"Card Removal","floor":2.0,"gold_loss":50.0,"damage_taken":0.0},{"damage_healed":0.0,"max_hp_gain":0.0,"max_hp_loss":5.0,"gold_gain":0.0,"event_name":"Golden Idol","player_choice":"Lose Max HP","floor":3.0,"gold_loss":0.0,"damage_taken":0.0,"relics_obtained":["Golden Idol"]},{"damage_healed":0.0,"max_hp_gain":0.0,"max_hp_loss":0.0,"gold_gain":75.0,"event_name":"World of Goop","player_choice":"Gather Gold","floor":5.0,"gold_loss":0.0,"damage_taken":11.0},{"damage_healed":0.0,"max_hp_gain":0.0,"max_hp_loss":0.0,"gold_gain":0.0,"event_name":"Dead Adventurer","player_choice":"Searched \u00271\u0027 times","floor":11.0,"gold_loss":0.0,"damage_taken":0.0,"relics_obtained":["StrikeDummy"]},{"damage_healed":0.0,"max_hp_gain":0.0,"max_hp_loss":0.0,"gold_gain":0.0,"event_name":"WeMeetAgain","player_choice":"Gave Potion","floor":12.0,"gold_loss":0.0,"damage_taken":0.0,"relics_obtained":["Ornamental Fan"]},{"damage_healed":0.0,"max_hp_gain":0.0,"max_hp_loss":20.0,"gold_gain":0.0,"event_name":"Vampires","player_choice":"Became a vampire","floor":21.0,"gold_loss":0.0,"damage_taken":0.0,"cards_obtained":["Bite","Bite","Bite","Bite","Bite"]},{"damage_healed":0.0,"max_hp_gain":0.0,"max_hp_loss":0.0,"gold_gain":0.0,"event_name":"The Library","player_choice":"Read","floor":22.0,"gold_loss":0.0,"damage_taken":0.0,"cards_obtained":["Beam Cell"]},{"damage_healed":0.0,"max_hp_gain":0.0,"max_hp_loss":0.0,"gold_gain":0.0,"event_name":"Addict","player_choice":"Obtained Relic","floor":25.0,"gold_loss":85.0,"damage_taken":0.0,"relics_obtained":["Singing Bowl"]},{"cards_removed":["Defend_B"],"damage_healed":0.0,"max_hp_gain":0.0,"max_hp_loss":0.0,"gold_gain":0.0,"event_name":"Purifier","player_choice":"Purged","floor":28.0,"gold_loss":0.0,"damage_taken":0.0},{"damage_healed":0.0,"max_hp_gain":0.0,"max_hp_loss":0.0,"gold_gain":333.0,"event_name":"The Moai Head","player_choice":"Gave Idol","floor":37.0,"relics_lost":["Golden Idol"],"gold_loss":0.0,"damage_taken":0.0},{"damage_healed":0.0,"max_hp_gain":0.0,"max_hp_loss":0.0,"gold_gain":0.0,"event_name":"Tomb of Lord Red Mask","player_choice":"Ignored","floor":38.0,"gold_loss":0.0,"damage_taken":0.0}],"is_beta":false,"boss_relics":[{"not_picked":["Sozu","Pandora\u0027s Box"],"picked":"Fusion Hammer"},{"not_picked":["SlaversCollar","Black Star"],"picked":"Inserter"}],"items_purged_floors":[19,36],"is_endless":false,"potions_floor_spawned":[8,14,16,20,30,31,33,35,41,48,54],"killed_by":"The Heart","ascension_level":14}}