{"host":"6p0attdrtjqaih7v","time":1611204938,"event":{"mods":["2.2 Compatiblity","AchievementEnabler","Bard","BaseMod","Better Skull","Better Third Choice","Colored Powertips","Hermit","Highlight Path","Jorbs\u0027s Wanderer Trilogy","Key Reminder","Minty Spire (QoL Compilation)","Permanent Neow","Quick Restart","Random Character Button","Relic Stats","Replay The Spire","Robot Space Explorer","StSLib"],"gold_per_floor":[118,135,135,154,169,195,195,206,231,249,249,10,22,40,40,141,141,152,152,162,0,11,11,44,44,93,8,62,107,107,107,107,226,226,255,255,320,214,266,266,327,327,327,373,373,441,493,0,0,12],"floor_reached":51,"language":"ENG","playtime":2636,"items_purged":["RobotSpaceExplorer:Strike"],"score":1229,"play_id":"ad2c9c3a-0729-408e-b44f-3a9e45ffc2b4","local_time":"20210120235538","is_ascension_mode":true,"campfire_choices":[{"data":"RobotSpaceExplorer:PowerGlove","floor":7,"key":"SMITH"},{"data":"RobotSpaceExplorer:MiniDrones","floor":11,"key":"SMITH"},{"data":"RobotSpaceExplorer:ShovelStrike","floor":15,"key":"SMITH"},{"data":"RobotSpaceExplorer:Jetpack","floor":23,"key":"SMITH"},{"data":"RobotSpaceExplorer:Jetpack","floor":25,"key":"SMITH"},{"floor":30,"key":"REST"},{"floor":32,"key":"REST"},{"floor":40,"key":"REST"},{"floor":42,"key":"REST"},{"data":"RobotSpaceExplorer:TrailblazerForm","floor":45,"key":"SMITH"},{"floor":49,"key":"REST"}],"circlet_count":0,"master_deck":["AscendersBane","RobotSpaceExplorer:Strike+1","RobotSpaceExplorer:Defend","RobotSpaceExplorer:Defend","RobotSpaceExplorer:Defend+1","RobotSpaceExplorer:Defend","RobotSpaceExplorer:Scan+1","RobotSpaceExplorer:MiniLasers+1","RobotSpaceExplorer:MetalStrike","RobotSpaceExplorer:PowerGlove+1","RobotSpaceExplorer:StunGrenade","RobotSpaceExplorer:MiniDrones+1","RobotSpaceExplorer:JunkDive","RobotSpaceExplorer:TrailblazerForm+1","RobotSpaceExplorer:Probe","RobotSpaceExplorer:ShovelStrike+1","RobotSpaceExplorer:TrailblazerForm+1","RobotSpaceExplorer:Jetpack+1","RobotSpaceExplorer:MiniDrones","Finesse","RobotSpaceExplorer:Jetpack+1","RobotSpaceExplorer:GearShield+1","RobotSpaceExplorer:Smokescreen","RobotSpaceExplorer:JunkDive+1","RobotSpaceExplorer:Comet","RobotSpaceExplorer:Probe","RobotSpaceExplorer:ChargingLaser+1","RobotSpaceExplorer:Counterblock+1"],"relics":["RobotSpaceExplorer:RoboCore","Replay:Kaleidoscope","Lantern","Gremlin Food","Sozu","Ancient Tea Set","Replay:Bandana","Question Card","Whetstone","SlaversCollar","Golden Egg","Bronze Scales","RobotSpaceExplorer:RingOfTheNewt","Red Mask"],"acts_visited":["Exordium","TheCity","TheBeyond"],"potions_floor_usage":[6,16,20],"damage_taken":[{"damage":0,"enemies":"2 Louse","floor":1,"turns":2},{"damage":0,"enemies":"Cultist","floor":2,"turns":3},{"damage":6,"enemies":"Small Slimes","floor":4,"turns":2},{"damage":3,"enemies":"Looter","floor":5,"turns":3},{"damage":20,"enemies":"Gremlin Nob","floor":6,"turns":4},{"damage":0,"enemies":"2 Fungi Beasts","floor":8,"turns":2},{"damage":0,"enemies":"Red Slaver","floor":10,"turns":2},{"damage":0,"enemies":"Blue Slaver","floor":13,"turns":2},{"damage":0,"enemies":"Lots of Slimes","floor":14,"turns":2},{"damage":7,"enemies":"Hexaghost","floor":16,"turns":6},{"damage":6,"enemies":"Shell Parasite","floor":18,"turns":6},{"damage":9,"enemies":"Spheric Guardian","floor":20,"turns":6},{"damage":0,"enemies":"Centurion and Healer","floor":22,"turns":5},{"damage":13,"enemies":"Book of Stabbing","floor":24,"turns":7},{"damage":26,"enemies":"Gremlin Leader","floor":28,"turns":8},{"damage":0,"enemies":"Shelled Parasite and Fungi","floor":29,"turns":6},{"damage":0,"enemies":"Champ","floor":33,"turns":15},{"damage":21,"enemies":"3 Darklings","floor":35,"turns":7},{"damage":39,"enemies":"3 Shapes","floor":37,"turns":3},{"damage":4,"enemies":"Maw","floor":39,"turns":8},{"damage":1,"enemies":"Giant Head","floor":41,"turns":7},{"damage":0,"enemies":"Sphere and 2 Shapes","floor":44,"turns":5},{"damage":0,"enemies":"3 Darklings","floor":46,"turns":2},{"damage":0,"enemies":"4 Shapes","floor":47,"turns":7},{"damage":40,"enemies":"Time Eater","floor":50,"turns":19}],"seed_played":"-7678854764762047912","potions_obtained":[{"floor":2,"key":"Strength Potion"},{"floor":4,"key":"SpeedPotion"},{"floor":8,"key":"PowerPotion"}],"is_trial":false,"path_per_floor":["M","M","?","M","M","E","R","M","T","M","R","$","M","M","R","B",null,"M","?","M","$","M","R","E","R","T","?","E","M","R","?","R","B",null,"M","?","M","?","M","R","E","R","T","M","R","M","M","?","R","B",null],"character_chosen":"RobotSpaceExplorer","items_purchased":["RobotSpaceExplorer:TrailblazerForm","Finesse","RobotSpaceExplorer:Jetpack"],"campfire_rested":5,"item_purchase_floors":[12,21,21],"current_hp_per_floor":[68,68,68,62,59,39,39,39,39,39,39,39,39,39,39,32,64,58,58,49,49,49,49,36,36,36,36,10,10,32,32,54,54,70,49,49,10,10,6,28,27,49,49,49,49,49,49,49,71,31],"gold":12,"neow_bonus":"UPGRADE_CARD","is_daily":false,"chose_seed":false,"campfire_upgraded":6,"win_rate":0.0,"timestamp":1611204938,"path_taken":["M","M","?","M","M","E","R","M","T","M","R","$","M","M","R","BOSS","M","?","M","?","M","R","E","R","T","?","E","M","R","?","R","BOSS","M","?","M","?","?","R","E","R","T","M","R","M","M","?","R","BOSS"],"items_purchased_type":["Card","Card","Card"],"build_version":"2020-12-22","purchased_purges":1,"victory":true,"max_hp_per_floor":[75,75,75,75,75,75,75,75,75,75,75,75,75,75,75,75,75,75,75,75,75,75,75,75,75,75,75,75,75,75,75,75,75,75,75,75,75,75,75,75,75,75,75,75,75,75,75,75,75,75],"relic_stats":{"Sozu":7,"counters":[25,139],"Bronze Scales":[96],"Whetstone":["RobotSpaceExplorer:Strike","RobotSpaceExplorer:Strike"],"Question Card":10,"obtain_stats":[{"Gremlin Food":9,"Golden Egg":38,"Lantern":6,"RobotSpaceExplorer:RoboCore":0,"RobotSpaceExplorer:RingOfTheNewt":43,"Replay:Kaleidoscope":3,"Whetstone":28,"Ancient Tea Set":24,"Question Card":27,"Sozu":17,"SlaversCollar":34,"Replay:Bandana":26,"Bronze Scales":41,"Red Mask":48},{"Gremlin Food":6,"Golden Egg":19,"Lantern":5,"RobotSpaceExplorer:RoboCore":0,"RobotSpaceExplorer:RingOfTheNewt":21,"Replay:Kaleidoscope":2,"Whetstone":15,"Ancient Tea Set":14,"Question Card":14,"Sozu":10,"SlaversCollar":17,"Replay:Bandana":14,"Bronze Scales":21,"Red Mask":24},{"Gremlin Food":16,"Golden Egg":91,"Lantern":14,"RobotSpaceExplorer:RoboCore":0,"RobotSpaceExplorer:RingOfTheNewt":106,"Replay:Kaleidoscope":5,"Whetstone":60,"Ancient Tea Set":52,"Question Card":52,"Sozu":28,"SlaversCollar":81,"Replay:Bandana":52,"Bronze Scales":106,"Red Mask":120}]},"card_choices":[{"not_picked":["RobotSpaceExplorer:PowerGlove","RobotSpaceExplorer:Pulsar"],"picked":"RobotSpaceExplorer:MetalStrike","floor":1},{"not_picked":["RobotSpaceExplorer:ScrapMissile","RobotSpaceExplorer:ShockKick"],"picked":"RobotSpaceExplorer:PowerGlove","floor":2},{"not_picked":["RobotSpaceExplorer:Electropulse","RobotSpaceExplorer:SurgingShield"],"picked":"RobotSpaceExplorer:StunGrenade","floor":4},{"not_picked":["RobotSpaceExplorer:MiniBoosters","RobotSpaceExplorer:DoubleFind","RobotSpaceExplorer:ScrapMissile"],"picked":"SKIP","floor":5},{"not_picked":["RobotSpaceExplorer:ImprovisedAttack","RobotSpaceExplorer:PowerGlove","RobotSpaceExplorer:SwiftStep"],"picked":"SKIP","floor":6},{"not_picked":["RobotSpaceExplorer:Ammunition","RobotSpaceExplorer:Discharger"],"picked":"RobotSpaceExplorer:MiniDrones","floor":8},{"not_picked":["RobotSpaceExplorer:FranticSearch","RobotSpaceExplorer:Discharger"],"picked":"RobotSpaceExplorer:JunkDive","floor":10},{"not_picked":["RobotSpaceExplorer:IronShell","RobotSpaceExplorer:MetalStrike"],"picked":"RobotSpaceExplorer:Probe","floor":13},{"not_picked":["RobotSpaceExplorer:FreezingShield","RobotSpaceExplorer:JunkDive"],"picked":"RobotSpaceExplorer:ShovelStrike","floor":14},{"not_picked":["RobotSpaceExplorer:Blaster","RobotSpaceExplorer:Exploration"],"picked":"RobotSpaceExplorer:TrailblazerForm","floor":16},{"not_picked":["RobotSpaceExplorer:Electropulse+1","RobotSpaceExplorer:SwiftStep"],"picked":"RobotSpaceExplorer:Jetpack","floor":18},{"not_picked":["RobotSpaceExplorer:Reload","RobotSpaceExplorer:SlimeMissile"],"picked":"RobotSpaceExplorer:MiniDrones","floor":20},{"not_picked":["RobotSpaceExplorer:Ammunition","RobotSpaceExplorer:Jetpack","RobotSpaceExplorer:Blitz"],"picked":"SKIP","floor":22},{"not_picked":["RobotSpaceExplorer:SurgingShield","RobotSpaceExplorer:Exploration"],"picked":"RobotSpaceExplorer:GearShield","floor":24},{"not_picked":["RobotSpaceExplorer:SurgingStrike","RobotSpaceExplorer:DoubleFind","RobotSpaceExplorer:GlueShot"],"picked":"RobotSpaceExplorer:Smokescreen","floor":28},{"not_picked":["RobotSpaceExplorer:LaserBurst","RobotSpaceExplorer:DualCore","RobotSpaceExplorer:SurgingStrike"],"picked":"RobotSpaceExplorer:JunkDive","floor":29},{"not_picked":["RobotSpaceExplorer:Asteroid","RobotSpaceExplorer:Wormhole","RobotSpaceExplorer:TrailblazerForm"],"picked":"RobotSpaceExplorer:Comet","floor":33},{"not_picked":["RobotSpaceExplorer:ScrapMissile","RobotSpaceExplorer:ShovelStrike","RobotSpaceExplorer:SurgingStrike"],"picked":"RobotSpaceExplorer:Probe","floor":35},{"not_picked":["RobotSpaceExplorer:SwiftStep","RobotSpaceExplorer:Pulsar","RobotSpaceExplorer:ShovelStrike","RobotSpaceExplorer:DoubleFind"],"picked":"SKIP","floor":37},{"not_picked":["RobotSpaceExplorer:SlimeMissile","RobotSpaceExplorer:Probe","RobotSpaceExplorer:FranticSearch+1"],"picked":"RobotSpaceExplorer:ChargingLaser","floor":39},{"not_picked":["RobotSpaceExplorer:Scanner","RobotSpaceExplorer:ScrapMissile","RobotSpaceExplorer:Counterblock+1","RobotSpaceExplorer:Calculate"],"picked":"SKIP","floor":41},{"not_picked":["RobotSpaceExplorer:StarLightning","RobotSpaceExplorer:SlimeMissile","RobotSpaceExplorer:LuckyStrike"],"picked":"RobotSpaceExplorer:Counterblock+1","floor":44},{"not_picked":["RobotSpaceExplorer:LuckyStrike+1","RobotSpaceExplorer:ToxicBomb","RobotSpaceExplorer:MetalStrike","RobotSpaceExplorer:Fix"],"picked":"SKIP","floor":46},{"not_picked":["RobotSpaceExplorer:StunGrenade","RobotSpaceExplorer:ImprovisedAttack","RobotSpaceExplorer:ShockKick","RobotSpaceExplorer:Probe"],"picked":"SKIP","floor":47}],"player_experience":899715,"relics_obtained":[{"floor":3,"key":"Replay:Kaleidoscope"},{"floor":6,"key":"Lantern"},{"floor":9,"key":"Gremlin Food"},{"floor":24,"key":"Ancient Tea Set"},{"floor":26,"key":"Replay:Bandana"},{"floor":28,"key":"Whetstone"},{"floor":41,"key":"Bronze Scales"},{"floor":43,"key":"RobotSpaceExplorer:RingOfTheNewt"}],"event_choices":[{"damage_healed":0,"gold_gain":0,"player_choice":"Relic","damage_taken":0,"max_hp_gain":0,"max_hp_loss":0,"event_name":"Wheel of Change","floor":3,"gold_loss":0},{"cards_removed":["RobotSpaceExplorer:Strike"],"damage_healed":0,"gold_gain":0,"player_choice":"Offered Basic","damage_taken":0,"max_hp_gain":0,"max_hp_loss":0,"event_name":"Bonfire Elementals","floor":19,"gold_loss":0},{"damage_healed":0,"gold_gain":0,"player_choice":"Obtained Relic","damage_taken":0,"relics_obtained":["Question Card"],"max_hp_gain":0,"max_hp_loss":0,"event_name":"Addict","floor":27,"gold_loss":85},{"damage_healed":0,"gold_gain":0,"player_choice":"Ignored","damage_taken":0,"max_hp_gain":0,"max_hp_loss":0,"event_name":"Vampires","floor":31,"gold_loss":0},{"cards_removed":["RobotSpaceExplorer:Strike"],"damage_healed":0,"gold_gain":0,"player_choice":"Removed Attack","damage_taken":0,"max_hp_gain":0,"max_hp_loss":0,"event_name":"Falling","floor":36,"gold_loss":0},{"damage_healed":0,"gold_gain":0,"player_choice":"Paid Gold","damage_taken":0,"relics_obtained":["Golden Egg"],"max_hp_gain":0,"max_hp_loss":0,"event_name":"WeMeetAgain","floor":38,"gold_loss":106},{"damage_healed":0,"gold_gain":0,"player_choice":"Paid","damage_taken":0,"relics_obtained":["Red Mask"],"max_hp_gain":0,"max_hp_loss":0,"event_name":"Tomb of Lord Red Mask","floor":48,"gold_loss":493}],"is_beta":false,"boss_relics":[{"not_picked":["Coffee Dripper","Honey Jar"],"picked":"Sozu"},{"not_picked":["Ring of Chaos","Cursed Key"],"picked":"SlaversCollar"}],"items_purged_floors":[12],"is_endless":false,"potions_floor_spawned":[2,4,8,18,20,24,29,35,44,46],"ascension_level":12}}