{"host":"4cz9gr89nglr7k8k","time":1611250036,"event":{"mods":["BaseMod","Minty Spire (QoL Compilation)","Relic Stats","Slay-I"],"gold_per_floor":[114,114,128,23,73,73,99,99,174,203,217,217,51,81,81,155,155,169,169,187,201,214,214,264,264,264,292,310,324,337,365,365,365,365],"floor_reached":33,"language":"DEU","playtime":1167,"items_purged":[],"score":675,"play_id":"7d61895c-d314-4838-a6d0-f486c35e2a6c","local_time":"20210121182716","is_ascension_mode":true,"campfire_choices":[{"data":"Whirlwind","floor":6,"key":"SMITH"},{"data":"Bash","floor":8,"key":"SMITH"},{"floor":15,"key":"REST"},{"floor":23,"key":"REST"},{"floor":25,"key":"REST"},{"floor":32,"key":"REST"}],"circlet_count":0,"master_deck":["AscendersBane","Strike_R","Strike_R","Strike_R","Defend_R","Defend_R","Defend_R","Bash+1","Whirlwind+1","Anger","Shrug It Off","Pummel","Dropkick","Impervious","Armaments","Bludgeon","Brutality+1","Bludgeon+1","Inflame+1","Clothesline+1","Inflame+1","Body Slam","Feel No Pain","Anger","Flex","Perfected Strike","Double Tap","Armaments","Ghostly Armor"],"relics":["Burning Blood","NeowsBlessing","Pear","Strawberry","Meat on the Bone","Bag of Marbles","PreservedInsect","Astrolabe","Pantograph","Pen Nib","Red Mask"],"acts_visited":["Exordium","TheCity"],"potions_floor_usage":[16,29,31,33],"damage_taken":[{"damage":0,"enemies":"Cultist","floor":1,"turns":1},{"damage":0,"enemies":"Small Slimes","floor":3,"turns":1},{"damage":0,"enemies":"Lagavulin","floor":7,"turns":1},{"damage":37,"enemies":"3 Sentries","floor":10,"turns":6},{"damage":2,"enemies":"2 Louse","floor":11,"turns":3},{"damage":70,"enemies":"Slime Boss","floor":16,"turns":9},{"damage":14,"enemies":"Chosen","floor":18,"turns":3},{"damage":42,"enemies":"3 Byrds","floor":20,"turns":5},{"damage":29,"enemies":"Cultist and Chosen","floor":21,"turns":5},{"damage":36,"enemies":"Snake Plant","floor":22,"turns":4},{"damage":4,"enemies":"Gremlin Leader","floor":27,"turns":5},{"damage":70,"enemies":"Shelled Parasite and Fungi","floor":28,"turns":6},{"damage":26,"enemies":"Centurion and Healer","floor":29,"turns":3},{"damage":25,"enemies":"Chosen and Byrds","floor":30,"turns":5},{"damage":34,"enemies":"Masked Bandits","floor":31,"turns":3},{"damage":88,"enemies":"Automaton","floor":33,"turns":10}],"seed_played":"3511827549850387512","potions_obtained":[{"floor":3,"key":"Fire Potion"},{"floor":7,"key":"FairyPotion"},{"floor":21,"key":"FearPotion"},{"floor":28,"key":"SkillPotion"},{"floor":30,"key":"ColorlessPotion"},{"floor":31,"key":"Block Potion"}],"is_trial":false,"path_per_floor":["M","?","M","$","?","R","E","R","T","E","M","?","$","?","R","B",null,"M","?","M","M","M","R","?","R","T","E","M","M","M","?","R","B"],"character_chosen":"IRONCLAD","items_purchased":["Shrug It Off","Pummel","PreservedInsect"],"campfire_rested":4,"item_purchase_floors":[4,4,13],"current_hp_per_floor":[74,66,72,72,64,64,77,77,77,58,62,67,67,67,96,44,84,76,76,52,41,23,52,52,81,81,83,31,23,47,31,60,0,0],"gold":365,"neow_bonus":"THREE_ENEMY_KILL","is_daily":false,"chose_seed":false,"campfire_upgraded":2,"win_rate":0.0,"timestamp":1611250036,"path_taken":["M","?","M","$","?","R","E","R","T","E","?","?","$","?","R","BOSS","M","?","M","?","M","R","?","R","T","E","M","M","M","?","R","BOSS"],"items_purchased_type":["Card","Card","Relic"],"build_version":"2020-12-22","purchased_purges":0,"victory":false,"max_hp_per_floor":[75,85,85,85,85,85,92,92,92,92,92,97,97,97,97,97,97,97,97,97,97,97,97,97,97,97,97,97,97,97,97,97,97,97],"relic_stats":{"counters":[16,70],"Astrolabe":["Brutality","Bludgeon","Inflame"],"Pantograph":25,"PreservedInsect":48,"Pen Nib":[3],"obtain_stats":[{"Pear":2,"NeowsBlessing":0,"Strawberry":7,"Astrolabe":17,"Pantograph":26,"PreservedInsect":13,"Pen Nib":27,"Bag of Marbles":10,"Red Mask":31,"Burning Blood":0,"Meat on the Bone":9},{"Pear":1,"NeowsBlessing":0,"Strawberry":3,"Astrolabe":6,"Pantograph":10,"PreservedInsect":5,"Pen Nib":11,"Bag of Marbles":4,"Red Mask":15,"Burning Blood":0,"Meat on the Bone":3},{"Pear":1,"NeowsBlessing":0,"Strawberry":3,"Astrolabe":21,"Pantograph":38,"PreservedInsect":12,"Pen Nib":43,"Bag of Marbles":9,"Red Mask":60,"Burning Blood":0,"Meat on the Bone":3}],"Burning Blood":90,"Meat on the Bone":108},"card_choices":[{"not_picked":["Sword Boomerang","Uppercut"],"picked":"Whirlwind","floor":1},{"not_picked":["Body Slam","Clothesline"],"picked":"Anger","floor":3},{"not_picked":["Feel No Pain","Entrench"],"picked":"Dropkick","floor":7},{"not_picked":["Sword Boomerang","Seeing Red"],"picked":"Impervious","floor":10},{"not_picked":["Battle Trance","Shrug It Off"],"picked":"Armaments","floor":11},{"not_picked":["Offering","Berserk"],"picked":"Bludgeon","floor":16},{"not_picked":["Warcry","Iron Wave"],"picked":"Clothesline+1","floor":18},{"not_picked":["Burning Pact","Carnage"],"picked":"Body Slam","floor":20},{"not_picked":["Blood for Blood","Combust"],"picked":"Feel No Pain","floor":21},{"not_picked":["Body Slam","Blood for Blood"],"picked":"Anger","floor":22},{"not_picked":["Pommel Strike+1","Wild Strike+1"],"picked":"Flex","floor":27},{"not_picked":["Flex","Body Slam"],"picked":"Perfected Strike","floor":28},{"not_picked":["Perfected Strike","Dropkick"],"picked":"Double Tap","floor":29},{"not_picked":["Burning Pact","Sentinel"],"picked":"Armaments","floor":30},{"not_picked":["Sword Boomerang","Clash"],"picked":"Ghostly Armor","floor":31}],"player_experience":1513804,"relics_obtained":[{"floor":7,"key":"Strawberry"},{"floor":9,"key":"Meat on the Bone"},{"floor":10,"key":"Bag of Marbles"},{"floor":26,"key":"Pantograph"},{"floor":27,"key":"Pen Nib"},{"floor":31,"key":"Red Mask"}],"event_choices":[{"damage_healed":0,"gold_gain":0,"player_choice":"Success","damage_taken":18,"relics_obtained":["Pear"],"max_hp_gain":0,"max_hp_loss":0,"event_name":"Scrap Ooze","floor":2,"gold_loss":0},{"damage_healed":0,"gold_gain":50,"player_choice":"Touch","damage_taken":8,"max_hp_gain":0,"max_hp_loss":0,"event_name":"FaceTrader","floor":5,"gold_loss":0},{"damage_healed":0,"gold_gain":0,"player_choice":"Donut","damage_taken":0,"max_hp_gain":5,"max_hp_loss":0,"event_name":"Big Fish","floor":12,"gold_loss":0},{"damage_healed":0,"gold_gain":30,"player_choice":"Searched \u00271\u0027 times","damage_taken":0,"max_hp_gain":0,"max_hp_loss":0,"event_name":"Dead Adventurer","floor":14,"gold_loss":0},{"damage_healed":0,"gold_gain":0,"player_choice":"Copied","damage_taken":0,"max_hp_gain":0,"max_hp_loss":0,"event_name":"Duplicator","floor":19,"gold_loss":0,"cards_obtained":["Inflame"]},{"damage_healed":0,"gold_gain":50,"player_choice":"Stole From Cult","damage_taken":0,"max_hp_gain":0,"max_hp_loss":0,"event_name":"Nest","floor":24,"gold_loss":0},{"damage_healed":0,"gold_gain":0,"player_choice":"Fought Bandits","damage_taken":0,"max_hp_gain":0,"max_hp_loss":0,"event_name":"Masked Bandits","floor":31,"gold_loss":0}],"is_beta":false,"boss_relics":[{"not_picked":["Snecko Eye","Calling Bell"],"picked":"Astrolabe"}],"items_purged_floors":[],"is_endless":false,"potions_floor_spawned":[3,7,10,21,28,30,31],"killed_by":"Automaton","ascension_level":20}}