{"host":"qrec1pgksm53712r","time":1611203589,"event":{"mods":["Act Like it!","BaseMod","CapriCore","Downfall","Energized Spire","Hubris","Hyrulean Relics","Minty Spire (QoL Compilation)","StSLib"],"gold_per_floor":[99,99,199,219,237,57,57,57,85,85,185,185,212,212,223,223,223,223],"floor_reached":16,"language":"ENG","playtime":652,"items_purged":[],"score":106,"play_id":"a5fbb318-7a7b-4575-8190-abc27c83354b","local_time":"20210120223309","is_ascension_mode":false,"campfire_choices":[{"data":"Guardian:CurlUp","floor":1,"key":"SMITH"},{"data":"Guardian:SpikerProtocol","floor":8,"key":"SMITH"},{"floor":10,"key":"REST"},{"floor":12,"key":"REST"}],"circlet_count":0,"master_deck":["Guardian:Strike_Guardian","Guardian:Strike_Guardian","Guardian:Strike_Guardian+1","Guardian:Defend_Guardian","Guardian:Defend_Guardian","Guardian:Defend_Guardian","Guardian:Defend_Guardian","Guardian:CurlUp+1","Guardian:TwinSlam","Guardian:GuardianWhirl","Guardian:PiercingHide+1","Guardian:ShieldCharger","Guardian:SpikerProtocol+1","Blind+1","Guardian:BodySlam","Injury","downfall:Bewildered","Guardian:FierceBash","hubris:Wrath","Decay","downfall:Malfunctioning","Guardian:TimeCapacitor"],"relics":["hubris:Stopwatch","FossilizedHelix","HornCleat","Blue Candle","Anchor"],"acts_visited":["Exordium"],"potions_floor_usage":[9],"damage_taken":[{"damage":5,"enemies":"Small Slimes","floor":4,"turns":4},{"damage":6,"enemies":"Jaw Worm","floor":5,"turns":7},{"damage":0,"enemies":"downfall:FleeingMerchant","floor":6,"turns":4},{"damage":59,"enemies":"Gremlin Nob","floor":9,"turns":7},{"damage":22,"enemies":"3 Sentries","floor":13,"turns":9},{"damage":0,"enemies":"Cultist","floor":15,"turns":3},{"damage":49,"enemies":"DF_ARCHETYPE_STREAMLINE","floor":16,"turns":9}],"seed_played":"-3227900964414609767","potions_obtained":[{"floor":4,"key":"Weak Potion"},{"floor":13,"key":"BlessingOfTheForge"},{"floor":15,"key":"SteroidPotion"}],"is_trial":false,"path_per_floor":["R","?","?","M","M","$","T","R","E","R","?","R","E","?","M","B"],"character_chosen":"GUARDIAN","items_purchased":["Guardian:SpikerProtocol","Blind"],"campfire_rested":2,"item_purchase_floors":[6,6],"current_hp_per_floor":[80,80,80,75,69,69,69,69,10,34,39,64,42,42,42,0,0,0],"gold":223,"neow_bonus":"BOSS_RELIC","is_daily":false,"chose_seed":false,"campfire_upgraded":2,"win_rate":0.0,"timestamp":1611203589,"path_taken":["R","?","?","M","?","$","T","R","E","R","?","R","E","?","M","BOSS"],"items_purchased_type":["Card","Card"],"build_version":"2020-12-22","purchased_purges":0,"victory":false,"max_hp_per_floor":[80,80,80,80,80,80,80,80,80,80,85,85,85,85,85,85,85,85],"card_choices":[{"not_picked":["Guardian:TemporalStrike","Guardian:WalkerClaw"],"picked":"Guardian:GuardianWhirl","floor":4},{"not_picked":["Guardian:PolyBeam","Guardian:Gem_Cyan"],"picked":"Guardian:PiercingHide","floor":5},{"not_picked":["Guardian:Reroute","Guardian:VentSteam"],"picked":"Guardian:ShieldCharger","floor":6},{"not_picked":["Guardian:Gem_Crimson","Guardian:PrismaticBeam"],"picked":"Guardian:BodySlam","floor":9},{"not_picked":["Guardian:PrismaticBarrier","Guardian:BronzeOrb","Guardian:Planning"],"picked":"SKIP","floor":13},{"not_picked":["Guardian:Planning","Guardian:BodySlam"],"picked":"Guardian:TimeCapacitor","floor":15}],"player_experience":190072,"relics_obtained":[{"floor":7,"key":"FossilizedHelix"},{"floor":9,"key":"HornCleat"},{"floor":13,"key":"Anchor"}],"event_choices":[{"cards_removed":["Guardian:Strike_Guardian"],"damage_healed":0,"gold_gain":0,"player_choice":"Card Removal","damage_taken":0,"max_hp_gain":0,"max_hp_loss":0,"event_name":"The Cleric","floor":2,"gold_loss":0}],"is_beta":false,"boss_relics":[],"items_purged_floors":[],"is_endless":false,"potions_floor_spawned":[4,13,15],"killed_by":"DF_ARCHETYPE_STREAMLINE","ascension_level":0}}