{"host":"fre309isb0zq7f4i","time":1611237690,"event":{"mods":["BaseMod","Minty Spire (QoL Compilation)","Quick Restart","StSLib","The Construct","The Mystic","The Senshi","The Servant 0.9.4","The Witch"],"gold_per_floor":[114,132,143,63,119,149,149,183,209,209,234,234,234,252,252,350,350,369,383,395,411,47,47,81,81,81,96,11,11,11,11,11,111,111,131,148,162,69,80,80,430,443,443,443,443,72,101,121,121,121,121],"floor_reached":50,"language":"ENG","playtime":3050,"items_purged":["Strike_R","Strike_R"],"score":640,"play_id":"2b8b456a-3c61-42f6-ab0d-541d22c9031e","local_time":"20210121070130","is_ascension_mode":true,"campfire_choices":[{"data":"Carnage","floor":7,"key":"SMITH"},{"data":"Bludgeon","floor":10,"key":"SMITH"},{"data":"Bash","floor":15,"key":"SMITH"},{"data":"Double Tap","floor":23,"key":"SMITH"},{"data":"Clothesline","floor":29,"key":"SMITH"},{"data":"Blood for Blood","floor":32,"key":"SMITH"},{"floor":45,"key":"RECALL"},{"data":"Panacea","floor":49,"key":"SMITH"}],"circlet_count":0,"master_deck":["Strike_R","Strike_R","Strike_R","Defend_R+1","Defend_R","Defend_R+1","Defend_R","Bash+1","Clothesline+1","Hemokinesis+1","Carnage+1","Blood for Blood+1","Bludgeon+1","Battle Trance","Shrug It Off","Reaper+1","Twin Strike+1","Double Tap+1","Dropkick+1","Warcry+1","Impervious","Thunderclap+1","Flex+1","Forethought","Panacea+1","Perfected Strike+1","Dark Shackles","Fire Breathing"],"relics":["Coffee Dripper","MealTicket","theSenshi:SailorFukuRelic","Omamori","Black Star","War Paint","Eternal Feather","Dream Catcher","construct:BoolHorns","Darkstone Periapt","Nloth\u0027s Gift","Calling Bell","Blood Vial","Pantograph","Bird Faced Urn","Old Coin","TungstenRod","Whetstone","construct:FoamFinger","Bottled Tornado"],"acts_visited":["Exordium","TheCity","TheBeyond"],"potions_floor_usage":[6,11,11,39,47,50,50],"damage_taken":[{"damage":0,"enemies":"Small Slimes","floor":1,"turns":3},{"damage":7,"enemies":"Jaw Worm","floor":2,"turns":3},{"damage":3,"enemies":"2 Louse","floor":3,"turns":2},{"damage":32,"enemies":"3 Sentries","floor":6,"turns":6},{"damage":2,"enemies":"Gremlin Nob","floor":8,"turns":2},{"damage":21,"enemies":"3 Sentries","floor":11,"turns":4},{"damage":4,"enemies":"Exordium Wildlife","floor":14,"turns":2},{"damage":15,"enemies":"The Guardian","floor":16,"turns":10},{"damage":14,"enemies":"Shell Parasite","floor":18,"turns":4},{"damage":33,"enemies":"2 Thieves","floor":19,"turns":4},{"damage":2,"enemies":"Snecko","floor":20,"turns":3},{"damage":22,"enemies":"3 Cultists","floor":21,"turns":6},{"damage":27,"enemies":"Book of Stabbing","floor":24,"turns":4},{"damage":19,"enemies":"Shelled Parasite and Fungi","floor":27,"turns":3},{"damage":92,"enemies":"Automaton","floor":33,"turns":7},{"damage":6,"enemies":"3 Shapes","floor":35,"turns":5},{"damage":13,"enemies":"Orb Walker","floor":36,"turns":3},{"damage":45,"enemies":"3 Darklings","floor":37,"turns":6},{"damage":7,"enemies":"Transient","floor":39,"turns":5},{"damage":25,"enemies":"Mind Bloom Boss Battle","floor":41,"turns":6},{"damage":0,"enemies":"Sphere and 2 Shapes","floor":42,"turns":3},{"damage":39,"enemies":"Giant Head","floor":47,"turns":7},{"damage":29,"enemies":"4 Shapes","floor":48,"turns":3},{"damage":90,"enemies":"Awakened One","floor":50,"turns":5}],"seed_played":"-1170954622801454360","potions_obtained":[{"floor":1,"key":"BlessingOfTheForge"},{"floor":3,"key":"Block Potion"},{"floor":8,"key":"BlessingOfTheForge"},{"floor":11,"key":"FairyPotion"},{"floor":14,"key":"FairyPotion"},{"floor":20,"key":"SpeedPotion"},{"floor":21,"key":"BlessingOfTheForge"},{"floor":35,"key":"Block Potion"},{"floor":39,"key":"AttackPotion"},{"floor":41,"key":"FearPotion"}],"is_trial":false,"path_per_floor":["M","M","M","$","?","E","R","E","T","R","E","?","?","M","R","B",null,"M","M","M","M","$","R","E","?","T","M","?","R","?","$","R","B",null,"M","M","M","$","M","?","?","M","T","?","R","$","E","M","R","B"],"character_chosen":"IRONCLAD","items_purchased":["Blood for Blood","Double Tap","War Paint","Forethought","Dark Shackles","Fire Breathing","Whetstone"],"campfire_rested":0,"item_purchase_floors":[4,22,22,38,46,46,46],"current_hp_per_floor":[80,73,70,70,70,38,38,36,36,36,15,15,15,11,11,24,80,66,41,45,35,50,50,29,29,29,10,10,22,22,37,49,24,80,78,67,34,49,56,56,55,57,57,57,72,80,54,47,62,0,0],"gold":121,"neow_bonus":"BOSS_RELIC","is_daily":false,"chose_seed":false,"campfire_upgraded":7,"win_rate":0.0,"timestamp":1611237690,"path_taken":["M","M","M","$","?","E","R","E","T","R","E","?","?","M","R","BOSS","M","M","M","M","$","R","E","?","T","M","?","R","?","$","R","BOSS","M","M","?","$","M","?","?","M","T","?","R","$","E","M","R","BOSS"],"items_purchased_type":["Card","Card","Relic","Card","Card","Card","Relic"],"build_version":"2020-12-22","purchased_purges":2,"victory":false,"max_hp_per_floor":[80,80,80,80,80,80,80,80,80,80,80,80,80,80,80,80,80,80,80,80,80,80,80,80,80,80,80,80,80,80,80,80,80,80,80,80,80,80,80,80,80,80,80,80,80,80,80,80,80,80,80],"card_choices":[{"not_picked":["Bloodletting","Feel No Pain"],"picked":"Clothesline","floor":1},{"not_picked":["Body Slam","Perfected Strike"],"picked":"Hemokinesis","floor":2},{"not_picked":["Headbutt","Pommel Strike"],"picked":"Carnage","floor":3},{"not_picked":["Headbutt","Fire Breathing"],"picked":"Bludgeon","floor":6},{"not_picked":["Armaments","Sword Boomerang","Exhume"],"picked":"SKIP","floor":8},{"not_picked":["Sentinel","Berserk"],"picked":"Battle Trance","floor":11},{"not_picked":["Twin Strike","Iron Wave"],"picked":"Shrug It Off","floor":14},{"not_picked":["Barricade","Offering"],"picked":"Reaper","floor":16},{"not_picked":["Headbutt","Sword Boomerang","Shrug It Off"],"picked":"SKIP","floor":18},{"not_picked":["True Grit","Shrug It Off","Evolve"],"picked":"SKIP","floor":19},{"not_picked":["Burning Pact+1","Cleave"],"picked":"Twin Strike+1","floor":20},{"not_picked":["Clothesline","Shrug It Off","Clash"],"picked":"SKIP","floor":21},{"not_picked":["Evolve","Uppercut"],"picked":"Dropkick+1","floor":24},{"not_picked":["Armaments","Fiend Fire"],"picked":"Warcry+1","floor":27},{"not_picked":["Juggernaut","Corruption"],"picked":"Impervious","floor":33},{"not_picked":["Anger","Entrench+1"],"picked":"Thunderclap+1","floor":35},{"not_picked":["Iron Wave","Second Wind"],"picked":"Flex+1","floor":36},{"not_picked":["Body Slam","True Grit","Power Through+1"],"picked":"SKIP","floor":37},{"not_picked":["Cleave","Dropkick","Armaments"],"picked":"SKIP","floor":39},{"not_picked":["Discovery","Blind"],"picked":"Panacea","floor":40},{"not_picked":["Armaments","Offering"],"picked":"Perfected Strike+1","floor":42},{"not_picked":["Feed","Corruption","Fiend Fire"],"picked":"SKIP","floor":47},{"not_picked":["True Grit+1","Reckless Charge+1","Cleave"],"picked":"SKIP","floor":48}],"player_experience":182765,"relics_obtained":[{"floor":6,"key":"MealTicket"},{"floor":8,"key":"theSenshi:SailorFukuRelic"},{"floor":11,"key":"Omamori"},{"floor":24,"key":"Eternal Feather"},{"floor":24,"key":"Dream Catcher"},{"floor":26,"key":"construct:BoolHorns"},{"floor":34,"key":"Blood Vial"},{"floor":34,"key":"Pantograph"},{"floor":34,"key":"Bird Faced Urn"},{"floor":41,"key":"Old Coin"},{"floor":43,"key":"TungstenRod"},{"floor":47,"key":"construct:FoamFinger"},{"floor":47,"key":"Bottled Tornado"}],"event_choices":[{"damage_healed":0,"gold_gain":56,"player_choice":"Gained Gold","damage_taken":0,"max_hp_gain":0,"max_hp_loss":0,"event_name":"Golden Wing","floor":5,"gold_loss":0},{"damage_healed":0,"gold_gain":0,"player_choice":"Fled","damage_taken":0,"max_hp_gain":0,"max_hp_loss":0,"event_name":"Scrap Ooze","floor":12,"gold_loss":0},{"damage_healed":0,"gold_gain":0,"player_choice":"Ignored","damage_taken":0,"max_hp_gain":0,"max_hp_loss":0,"event_name":"Shining Light","floor":13,"gold_loss":0},{"damage_healed":0,"gold_gain":0,"player_choice":"Opened","damage_taken":0,"relics_obtained":["Art of War"],"max_hp_gain":0,"max_hp_loss":0,"event_name":"The Mausoleum","floor":25,"gold_loss":0},{"damage_healed":0,"gold_gain":0,"player_choice":"Obtained Relic","damage_taken":0,"relics_obtained":["Darkstone Periapt"],"max_hp_gain":0,"max_hp_loss":0,"event_name":"Addict","floor":28,"gold_loss":85},{"damage_healed":0,"gold_gain":0,"player_choice":"Traded Relic","damage_taken":0,"relics_obtained":["Nloth\u0027s Gift"],"max_hp_gain":0,"max_hp_loss":0,"event_name":"N\u0027loth","floor":30,"relics_lost":["Art of War"],"gold_loss":0},{"damage_healed":0,"gold_gain":0,"player_choice":"Memory 1","damage_taken":0,"max_hp_gain":0,"max_hp_loss":0,"event_name":"SensoryStone","floor":40,"gold_loss":0},{"damage_healed":0,"gold_gain":0,"player_choice":"Fight","damage_taken":0,"max_hp_gain":0,"max_hp_loss":0,"event_name":"MindBloom","floor":41,"gold_loss":0},{"damage_healed":0,"gold_gain":0,"player_choice":"Ignored","damage_taken":0,"max_hp_gain":0,"max_hp_loss":0,"event_name":"Tomb of Lord Red Mask","floor":44,"gold_loss":0}],"is_beta":false,"boss_relics":[{"not_picked":["Snecko Eye","Astrolabe"],"picked":"Black Star"},{"not_picked":["Philosopher\u0027s Stone","Pandora\u0027s Box"],"picked":"Calling Bell"}],"items_purged_floors":[22,46],"is_endless":false,"potions_floor_spawned":[1,3,8,11,14,20,21,24,35,39,41,42],"killed_by":"Awakened One","ascension_level":3}}