{"host":"p1xsuo25udtrkbq2","time":1611210605,"event":{"mods":["BaseMod","Colored Map","Highlight Path","Minty Spire (QoL Compilation)","Quick Restart","Rare Cards Sparkle","Relic Stats","Slay the Relics Exporter","StSLib","everything is the same but u backflip on backflip"],"gold_per_floor":[11,11,29,304,323,323,356,99,124,162,187,212,61,82,82,181,244,259,275,6,6,6,44,44,80,148,148,148],"floor_reached":27,"language":"ENG","playtime":1461,"items_purged":["Regret","Strike_R","Strike_R"],"score":444,"play_id":"8c9d74d2-0dff-44c7-a965-3f9a210ec31f","local_time":"20210121013005","is_ascension_mode":true,"campfire_choices":[{"data":"Bash","floor":6.0,"key":"SMITH"},{"data":"Metamorphosis","floor":15.0,"key":"SMITH"},{"floor":24,"key":"REST"}],"circlet_count":0,"master_deck":["AscendersBane","Strike_R","Strike_R+1","Strike_R+1","Defend_R","Defend_R","Defend_R","Defend_R","Bash+1","Anger","Shrug It Off","Fire Breathing","Wild Strike","Metamorphosis+1","Shrug It Off+1","Wild Strike","Double Tap","Combust+1"],"relics":["Burning Blood","CaptainsWheel","Golden Idol","Lantern","Whetstone","Potion Belt","Tiny House","PrismaticShard","NlothsMask","Champion Belt","Gremlin Horn"],"acts_visited":["Exordium","TheCity"],"potions_floor_usage":[23,25],"damage_taken":[{"damage":0.0,"enemies":"Small Slimes","floor":1.0,"turns":3.0},{"damage":1.0,"enemies":"Cultist","floor":3.0,"turns":4.0},{"damage":4.0,"enemies":"Jaw Worm","floor":5.0,"turns":3.0},{"damage":19.0,"enemies":"Gremlin Nob","floor":7.0,"turns":5.0},{"damage":22.0,"enemies":"Lagavulin","floor":10.0,"turns":5.0},{"damage":8.0,"enemies":"Blue Slaver","floor":11.0,"turns":3.0},{"damage":6.0,"enemies":"Gremlin Gang","floor":12.0,"turns":3.0},{"damage":3.0,"enemies":"Looter","floor":14.0,"turns":2.0},{"damage":20.0,"enemies":"Slime Boss","floor":16.0,"turns":5.0},{"damage":15.0,"enemies":"3 Byrds","floor":18.0,"turns":4.0},{"damage":3.0,"enemies":"2 Thieves","floor":19.0,"turns":4.0},{"damage":46,"enemies":"Book of Stabbing","floor":23,"turns":5},{"damage":19,"enemies":"Gremlin Leader","floor":25,"turns":4},{"damage":22,"enemies":"Book of Stabbing","floor":27,"turns":4}],"seed_played":"4140293866627837237","potions_obtained":[{"floor":1.0,"key":"EssenceOfSteel"},{"floor":3.0,"key":"Weak Potion"},{"floor":10.0,"key":"SkillPotion"},{"floor":14.0,"key":"BlessingOfTheForge"},{"floor":17.0,"key":"Ancient Potion"},{"floor":18.0,"key":"Swift Potion"},{"floor":23,"key":"DistilledChaos"}],"is_trial":false,"path_per_floor":["M","?","M","?","M","R","E","$","T","E","M","M","$","M","R","B",null,"M","M","$","?","?","E","R","E","T","E"],"character_chosen":"IRONCLAD","items_purchased":["Metamorphosis","AttackPotion","PrismaticShard"],"campfire_rested":1,"item_purchase_floors":[8,13,20],"current_hp_per_floor":[74,69,69,69,69,69,56,56,56,40,38,38,38,41,41,27,64,55,58,58,58,58,18,40,27,27,5,5],"gold":148,"neow_bonus":"ONE_RARE_RELIC","is_daily":false,"chose_seed":false,"campfire_upgraded":2,"win_rate":0.0,"timestamp":1611210605,"path_taken":["M","?","M","?","M","R","E","$","T","E","?","M","$","M","R","BOSS","M","M","$","?","?","E","R","E","T","E"],"items_purchased_type":["Card","Potion","Relic"],"build_version":"2020-12-22","purchased_purges":3,"victory":false,"max_hp_per_floor":[75,69,69,69,69,69,69,69,69,69,69,69,69,69,69,69,74,74,74,74,74,74,74,74,74,74,74,74],"relic_stats":{"Gremlin Horn":[0,0],"counters":[14,54],"Golden Idol":91,"Whetstone":["Strike_R","Strike_R"],"Champion Belt":[3],"obtain_stats":[{"Potion Belt":10,"CaptainsWheel":0,"Lantern":7,"Tiny House":17,"Gremlin Horn":25,"Golden Idol":2,"Whetstone":9,"Champion Belt":23,"PrismaticShard":20,"Burning Blood":0,"NlothsMask":22},{"Potion Belt":5,"CaptainsWheel":0,"Lantern":4,"Tiny House":9,"Gremlin Horn":13,"Golden Idol":1,"Whetstone":4,"Champion Belt":12,"PrismaticShard":11,"Burning Blood":0,"NlothsMask":11},{"Potion Belt":20,"CaptainsWheel":0,"Lantern":15,"Tiny House":33,"Gremlin Horn":50,"Golden Idol":3,"Whetstone":15,"Champion Belt":46,"PrismaticShard":41,"Burning Blood":0,"NlothsMask":41}],"Burning Blood":71},"card_choices":[{"not_picked":["Second Wind","Flame Barrier"],"picked":"Anger","floor":1.0},{"not_picked":["Thunderclap","True Grit"],"picked":"Shrug It Off","floor":3.0},{"not_picked":["Body Slam","Anger"],"picked":"Fire Breathing","floor":5.0},{"not_picked":["Clothesline","Berserk"],"picked":"Wild Strike","floor":7.0},{"not_picked":["Reckless Charge","Pommel Strike"],"picked":"Shrug It Off","floor":10.0},{"not_picked":["Anger","Headbutt","Armaments"],"picked":"SKIP","floor":11.0},{"not_picked":["Clash","Twin Strike","Iron Wave"],"picked":"SKIP","floor":12.0},{"not_picked":["True Grit","Feel No Pain"],"picked":"Wild Strike","floor":14.0},{"not_picked":["Juggernaut","Exhume"],"picked":"Double Tap","floor":16.0},{"not_picked":["Pommel Strike","Feel No Pain+1","Clothesline"],"picked":"SKIP","floor":18.0},{"not_picked":["Iron Wave+1","Perfected Strike"],"picked":"Combust+1","floor":19.0},{"not_picked":["Dual Wield","Flying Knee","Cleave"],"picked":"SKIP","floor":23},{"not_picked":["Dash","Pray","Amplify"],"picked":"SKIP","floor":25}],"player_experience":937714,"relics_obtained":[{"floor":7.0,"key":"Lantern"},{"floor":9.0,"key":"Whetstone"},{"floor":10.0,"key":"Potion Belt"},{"floor":23,"key":"Champion Belt"},{"floor":25,"key":"Gremlin Horn"}],"event_choices":[{"damage_healed":0.0,"max_hp_gain":0.0,"max_hp_loss":6.0,"gold_gain":0.0,"event_name":"Golden Idol","player_choice":"Lose Max HP","floor":2.0,"gold_loss":0.0,"damage_taken":0.0,"relics_obtained":["Golden Idol"]},{"damage_healed":0.0,"max_hp_gain":0.0,"max_hp_loss":0.0,"gold_gain":275.0,"event_name":"Golden Shrine","player_choice":"Desecrate","floor":4.0,"gold_loss":0.0,"damage_taken":0.0,"cards_obtained":["Regret"]},{"damage_healed":0.0,"max_hp_gain":0.0,"max_hp_loss":0.0,"gold_gain":0.0,"event_name":"Vampires","player_choice":"Ignored","floor":21.0,"gold_loss":0.0,"damage_taken":0.0},{"damage_healed":0.0,"max_hp_gain":0.0,"max_hp_loss":0.0,"gold_gain":0.0,"event_name":"FaceTrader","player_choice":"Trade","floor":22.0,"gold_loss":0.0,"damage_taken":0.0,"relics_obtained":["NlothsMask"]}],"is_beta":false,"boss_relics":[{"not_picked":["Velvet Choker","Snecko Eye"],"picked":"Tiny House"}],"items_purged_floors":[8,13,20],"is_endless":false,"potions_floor_spawned":[1,3,10,14,18,23],"killed_by":"Book of Stabbing","ascension_level":14}}