{"host":"hn99riirbf0lv0ml","time":1611197731,"event":{"mods":["AchievementEnabler","Act Like it!","Bard","BaseMod","Beaked The Cultist","Colored Map","Colored Powertips","Conspire","Duelist Mod","Friendly Minions","Gensokyo","GifTheSpireLib","Glutton Mod","Halation","Jorbs\u0027s Wanderer Trilogy","Mad Scientist","Marisa????????","Minty Spire (QoL Compilation)","Rare Cards Sparkle","Replay The Spire","StSLib","The Blackbeard","The Bug Knight","The Construct","The Cursed","The Disciple","The Mystic","The Runesmith","The Servant 0.9.4","The Witch"],"gold_per_floor":[109,159,159,180,130,130,167,167,167,167,212,250,250,279,279,291,291],"floor_reached":16,"language":"ENG","playtime":13309,"items_purged":[],"score":133,"play_id":"dd086e28-f267-43a0-b445-fa6c778501e4","local_time":"20210120215531","is_ascension_mode":false,"campfire_choices":[{"data":"bard:Inspire","floor":6,"key":"SMITH"},{"data":"bard:Encore","floor":8,"key":"SMITH"},{"floor":15,"key":"REST"}],"circlet_count":0,"master_deck":["conspire:GhostlyStrike","conspire:GhostlyStrike","conspire:GhostlyStrike","conspire:GhostlyDefend","conspire:GhostlyDefend","conspire:GhostlyDefend","bard:Riposte","bard:Inspire+1","bard:SongBolt","bard:Heroism+1","bard:ViciousMockery","bard:Encore+1","ReplayTheSpireMod:Compounding Headache","bard:Fermata","bard:FeastOnFear","bard:InspiringSong"],"relics":["bard:PitchPipe","bard:BagPipes","NeowsBlessing","Ring of Greed","Blue Doll","Replay:Bandana","Ring of Hypnosis","conspire:TopHat","Frozen Egg 2"],"acts_visited":["Exordium"],"potions_floor_usage":[],"damage_taken":[{"damage":0,"enemies":"Small Slimes","floor":1,"turns":1},{"damage":0,"enemies":"Jaw Worm","floor":4,"turns":1},{"damage":0,"enemies":"3 Sentries","floor":7,"turns":2},{"damage":69,"enemies":"Gremlin Nob","floor":11,"turns":7},{"damage":0,"enemies":"2 Louse","floor":12,"turns":3},{"damage":0,"enemies":"2 Fungi Beasts","floor":14,"turns":5},{"damage":25,"enemies":"The Guardian","floor":16,"turns":2}],"seed_played":"357625571363034908","potions_obtained":[{"floor":1,"key":"SkillPotion"},{"floor":12,"key":"FearPotion"},{"floor":14,"key":"PowerPotion"}],"is_trial":false,"path_per_floor":["M","?","?","M","?","R","E","R","T","?","E","M","?","M","R","B"],"character_chosen":"BARD","items_purchased":[],"campfire_rested":1,"item_purchase_floors":[],"current_hp_per_floor":[70,70,70,70,70,70,70,70,70,70,1,1,1,1,22,0,0],"gold":291,"neow_bonus":"THREE_ENEMY_KILL","is_daily":false,"chose_seed":false,"campfire_upgraded":2,"win_rate":0.0,"timestamp":1611197731,"path_taken":["M","?","?","M","?","R","E","R","T","?","E","M","?","M","R","BOSS"],"items_purchased_type":[],"build_version":"2020-12-22","purchased_purges":0,"victory":false,"max_hp_per_floor":[70,70,70,70,70,70,70,70,70,70,70,70,70,70,70,70,70],"card_choices":[{"not_picked":["bard:QuickSong","bard:BestowCurse"],"picked":"bard:SongBolt","floor":1},{"not_picked":["bard:Balestra","bard:SongBolt"],"picked":"bard:ViciousMockery","floor":4},{"not_picked":["bard:TinyHut","bard:BucklerBash"],"picked":"bard:Encore","floor":7},{"not_picked":["bard:GlyphOfWarding+1","bard:SongBolt"],"picked":"bard:Fermata","floor":11},{"not_picked":["bard:DiscordantVoice+1","bard:Gamble"],"picked":"bard:FeastOnFear","floor":12},{"not_picked":["bard:Demoralize","bard:LingeringEcho"],"picked":"bard:InspiringSong","floor":14}],"player_experience":201283,"relics_obtained":[{"floor":2,"key":"Ring of Greed"},{"floor":2,"key":"Blue Doll"},{"floor":2,"key":"Replay:Bandana"},{"floor":2,"key":"Ring of Hypnosis"},{"floor":7,"key":"conspire:TopHat"},{"floor":11,"key":"Frozen Egg 2"}],"event_choices":[{"cards_removed":["bard:Strike"],"damage_healed":0,"gold_gain":0,"player_choice":"Card Removal","damage_taken":0,"max_hp_gain":0,"max_hp_loss":0,"event_name":"The Cleric","floor":5,"gold_loss":50},{"damage_healed":0,"gold_gain":0,"player_choice":"Agree","damage_taken":0,"max_hp_gain":0,"max_hp_loss":0,"event_name":"conspire:LoneGhost","floor":10,"gold_loss":0},{"damage_healed":0,"gold_gain":0,"player_choice":"Ignored","damage_taken":0,"max_hp_gain":0,"max_hp_loss":0,"event_name":"Golden Idol","floor":13,"gold_loss":0}],"is_beta":false,"boss_relics":[],"items_purged_floors":[],"is_endless":false,"potions_floor_spawned":[1,12,14],"killed_by":"The Guardian","ascension_level":0}}