{"host":"njruw0b0uprlitpx","time":1611236877,"event":{"mods":["2.2 Compatiblity","Bartender","BaseMod","Better Altar","Better Match","Better Note","Better Sensory Stone","Better Skull","Better Third Choice","BetterRewards","Block Reminder","Colored Map","Colored Powertips","Energized Spire","Jedi Mod","Keyboard Shortcuts","Minty Spire (QoL Compilation)","Quick Restart","Rare Cards Sparkle","Relic Stats","Replay The Spire","SacredBarkPlus","Spicy Shops","StSLib","SuperFastMode","The Blackbeard","The Construct","The Dragon Tamer","The Forsaken","The Mystic","Wandering Minibosses"],"gold_per_floor":[116,14,14,14,29,29,62,14,14,39,39,70,70,93,93,217,217,235,235,260,14,14,14,47,47,98,138,163,163,163,73,73,204,204,219,4,337,350,350,350,5,5,5,5,21,32,47,47,47,47],"floor_reached":51,"language":"ENG","playtime":1197,"items_purged":[],"score":1636,"play_id":"9f234f68-3137-486a-ac67-5e493f139f17","local_time":"20210121074757","is_ascension_mode":true,"campfire_choices":[{"data":"Eruption","floor":6.0,"key":"SMITH"},{"data":"CrushJoints","floor":11.0,"key":"SMITH"},{"floor":15.0,"key":"REST"},{"data":"CutThroughFate","floor":23.0,"key":"SMITH"},{"data":"CutThroughFate","floor":25,"key":"SMITH"},{"data":"Tantrum","floor":30,"key":"SMITH"},{"data":"Tantrum","floor":32,"key":"SMITH"},{"data":"Madness","floor":40,"key":"SMITH"},{"data":"Madness","floor":42,"key":"SMITH"},{"data":"FearNoEvil","floor":44,"key":"SMITH"}],"circlet_count":0,"master_deck":["AscendersBane","Strike_P","Strike_P","Strike_P","Strike_P","Defend_P","Defend_P","Defend_P","Defend_P","Eruption+1","Vigilance+1","TalkToTheHand+1","Wallop+1","ClearTheMind+1","Tantrum+1","FlurryOfBlows+1","Replay:BluntJabs+1","CutThroughFate+1","CrushJoints+1","Sanctity+1","FearNoEvil+1","FollowUp","Fasting2+1","DevaForm+1","CutThroughFate+1","Alacrity+1","Tantrum+1","CrushJoints+1","EmptyFist+1","Shame","TalkToTheHand+1","Study+1","Protect+1","Alpha+1","ConjureBlade+1","Weave+1","CarveReality+1","CarveReality+1","Madness+1","Madness+1","Fasting2+1","Writhe","WindmillStrike+1","Brilliance+1","ThirdEye+1"],"relics":["PureWater","Golden Egg","Frozen Egg 2","Torii","WarpedTongs","Divine Protection","Quantum Egg","StoneCalendar","Power_Wrist","SlaversCollar","Bag of Preparation","Protect_Vest","Garlic","Nunchaku","Snack Pack","Replay:Wax Seal","Replay:Grab Bag","Painkiller Herb","jedi:paperlyon","energizedSpire:CrystalSphere","Chemical X","Bottled Flame","ReplayTheSpireMod:Lightbulb"],"acts_visited":["Exordium","TheCity","TheBeyond"],"potions_floor_usage":[27,33,33,48,50],"damage_taken":[{"damage":0.0,"enemies":"Small Slimes","floor":1.0,"turns":2.0},{"damage":0.0,"enemies":"Cultist","floor":5.0,"turns":2.0},{"damage":5.0,"enemies":"Gremlin Nob","floor":7.0,"turns":3.0},{"damage":0.0,"enemies":"3 Sentries","floor":10.0,"turns":4.0},{"damage":14.0,"enemies":"Gremlin Nob","floor":12.0,"turns":4.0},{"damage":0.0,"enemies":"Jaw Worm","floor":14.0,"turns":2.0},{"damage":0.0,"enemies":"Hexaghost","floor":16.0,"turns":3.0},{"damage":0.0,"enemies":"Spheric Guardian","floor":18.0,"turns":1.0},{"damage":1.0,"enemies":"Shell Parasite","floor":20.0,"turns":3.0},{"damage":0,"enemies":"Replay:Snechameleon","floor":24,"turns":2},{"damage":6,"enemies":"Slavers","floor":27,"turns":4},{"damage":0,"enemies":"Shelled Parasite and Fungi","floor":28,"turns":2},{"damage":0,"enemies":"Champ","floor":33,"turns":4},{"damage":8,"enemies":"3 Shapes","floor":35,"turns":2},{"damage":0,"enemies":"Orb Walker","floor":38,"turns":1},{"damage":0,"enemies":"Jaw Worm Horde","floor":45,"turns":3},{"damage":0,"enemies":"Spire Growth","floor":46,"turns":2},{"damage":0,"enemies":"Sphere and 2 Shapes","floor":47,"turns":4},{"damage":0,"enemies":"Writhing Mass","floor":48,"turns":1},{"damage":27,"enemies":"Donu and Deca","floor":50,"turns":4}],"seed_played":"-5900819556978123794","potions_obtained":[{"floor":1.0,"key":"LiquidBronze"},{"floor":5.0,"key":"Weak Potion"},{"floor":14.0,"key":"Energy Potion"},{"floor":18.0,"key":"jedi:hoardpotion"},{"floor":20.0,"key":"AttackPotion"},{"floor":28,"key":"Regen Potion"},{"floor":33,"key":"SpeedPotion"},{"floor":35,"key":"StancePotion"},{"floor":45,"key":"Strength Potion"},{"floor":47,"key":"SmokeBomb"}],"is_trial":false,"path_per_floor":["M","$","?","?","M","R","E","$","T","E","R","E","?","M","R","B",null,"M","?","M","$","?","R","E","R","T","E","M","?","R","?","R","B",null,"?","T","?","?","?","T","T","T","T","T","?","?","?","?","T","B",null],"character_chosen":"WATCHER","items_purchased":["Golden Egg","Frozen Egg 2","TalkToTheHand","Wallop","ClearTheMind","Strength Potion","FlurryOfBlows","Replay:BluntJabs","Sanctity","CrushJoints","Bag of Preparation","EmptyFist","CarveReality","Chemical X","Fasting2+1","Bottled Flame"],"campfire_rested":1,"item_purchase_floors":[0,0,0,0,0,0,2,2,8,21,21,21,36,36,41,41],"current_hp_per_floor":[65,65,70,70,70,70,65,65,65,65,65,51,32,32,55,55,72,72,72,71,71,71,71,71,71,71,65,67,67,67,67,67,77,77,71,71,71,73,63,63,63,63,63,63,73,77,77,77,77,51],"gold":47,"neow_bonus":"","is_daily":false,"chose_seed":false,"campfire_upgraded":9,"win_rate":0.0,"timestamp":1611236877,"path_taken":["M","$","?","?","?","R","E","?","T","E","R","E","?","?","R","BOSS","M","?","M","$","?","R","E","R","T","E","M","?","R","?","R","BOSS","?","T","?","?","?","T","T","T","T","T","?","?","?","?","T","BOSS"],"items_purchased_type":["Relic","Relic","Card","Card","Card","Potion","Card","Card","Card","Card","Relic","Card","Card","Relic","Card","Relic"],"build_version":"2020-12-22","purchased_purges":0,"victory":true,"max_hp_per_floor":[72,72,77,77,77,77,77,77,77,77,77,77,77,77,77,77,77,77,77,77,77,77,77,77,77,77,77,77,77,77,77,77,77,77,77,77,77,77,77,77,77,77,77,77,77,77,77,77,77,77],"relic_stats":{"Nunchaku":[8],"Torii":10,"counters":[88,251],"StoneCalendar":[0],"Bag of Preparation":[116],"Chemical X":[3],"obtain_stats":[{"Golden Egg":0,"energizedSpire:CrystalSphere":34,"Ginger":0,"Whetstone":26,"Boot":4,"jedi:shrinkray":40,"Replay:Ringing Soul":14,"Replay:Bottled Flurry":24,"Kunai":51,"Replay:Wax Seal":41,"ReplayTheSpireMod:Ring of Addiction":45,"Pen Nib":25,"Akabeko":16,"SlaversCollar":17,"Snecko Eye":37,"Kintsugi":17,"Regal Pillow":22,"Lantern":28,"Torii":0,"StoneCalendar":10,"Painkiller Herb":34,"Bag of Preparation":13,"jedi:archwizardhat":11,"Cursed Key":0,"White_Cape":15,"Smiling Mask":33,"Ancient Tea Set":38,"Power_Wrist":12,"Pet Ghost":10,"Toolbox":43,"energizedSpire:HugeHouse":34,"Chemical X":36,"InkBottle":10,"Potion Belt":45,"Golden Idol":13,"Damaru":41,"PreservedInsect":40,"Omamori":9,"Protect_Vest":22,"Frozen Egg 2":43,"MawBank":26,"Replay:Arrowhead":0,"Orrery":13,"Garlic":24,"Bottled Lightning":45,"ReplayTheSpireMod:Lightbulb":43,"Toy Ornithopter":45,"Divine Protection":7,"CeramicFish":29,"Vajra":19,"Lizard Tail":26,"DollysMirror":41,"jedi:paperlyon":34,"Strawberry":14,"Philosopher\u0027s Stone":19,"Toxic Egg 2":0,"ReplayTheSpireMod:CursedCoin":19,"Astrolabe":17,"Replay:Grab Bag":34,"Oddly Smooth Stone":41,"Ring of Chaos":45,"War Paint":7,"WarpedTongs":4,"Du-Vu Doll":0,"jedi:heavyjacket":43,"Replay:Baseball":9,"Bottled Flame":41,"Shuriken":0,"Molten Egg 2":47,"ReplayTheSpireMod:TigerMarble":11,"Nloth\u0027s Gift":22,"Mirror":23,"ReplayTheSpireMod:DimensionalGlitch":34,"Darkstone Periapt":0,"Mango":0,"theForsaken:Lifeblossom":24,"Juzu Bracelet":24,"Incense Burner":50,"Replay:Mystery Machine":30,"Replay:Bandana":28,"Nunchaku":26,"Chameleon Ring":23,"Mummified Hand":42,"theForsaken:Kindling":47,"Tiny Chest":1,"jedi:matchstick":36,"Red Mask":31,"Replay:Bottled Snecko":28,"BargainBundle":41,"ReplayTheSpireMod:Ninjato":46,"Replay:Towering Pillar of Hats":0,"Quantum Egg":48,"Guide Book":30,"jedi:ominousloannote":24,"Bag of Marbles":32,"Snack Pack":28,"Membership Card":28,"PureWater":22,"jedi:arcanewood":20},{"Golden Egg":68,"energizedSpire:CrystalSphere":81,"Ginger":43,"Whetstone":55,"Boot":2,"jedi:shrinkray":41,"Replay:Ringing Soul":5,"Replay:Bottled Flurry":10,"Kunai":20,"Replay:Wax Seal":16,"ReplayTheSpireMod:Ring of Addiction":16,"Pen Nib":10,"Akabeko":6,"SlaversCollar":75,"Snecko Eye":15,"Kintsugi":52,"Regal Pillow":9,"Lantern":56,"Torii":68,"StoneCalendar":72,"Painkiller Herb":81,"Bag of Preparation":4,"jedi:archwizardhat":4,"Cursed Key":0,"White_Cape":5,"Smiling Mask":14,"Ancient Tea Set":16,"Power_Wrist":73,"Pet Ghost":4,"Toolbox":16,"energizedSpire:HugeHouse":38,"Chemical X":82,"InkBottle":27,"Potion Belt":16,"Golden Idol":73,"Damaru":16,"PreservedInsect":62,"Omamori":3,"Protect_Vest":77,"Frozen Egg 2":41,"MawBank":11,"Replay:Arrowhead":43,"Orrery":4,"Garlic":78,"Bottled Lightning":42,"ReplayTheSpireMod:Lightbulb":83,"Toy Ornithopter":16,"Divine Protection":71,"CeramicFish":12,"Vajra":53,"Lizard Tail":34,"DollysMirror":16,"jedi:paperlyon":81,"Strawberry":29,"Philosopher\u0027s Stone":7,"Toxic Egg 2":21,"ReplayTheSpireMod:CursedCoin":53,"Astrolabe":30,"Replay:Grab Bag":58,"Oddly Smooth Stone":16,"Ring of Chaos":16,"War Paint":26,"WarpedTongs":69,"Du-Vu Doll":0,"jedi:heavyjacket":16,"Replay:Baseball":26,"Bottled Flame":83,"Shuriken":43,"Molten Egg 2":17,"ReplayTheSpireMod:TigerMarble":50,"Nloth\u0027s Gift":54,"Mirror":10,"ReplayTheSpireMod:DimensionalGlitch":58,"Darkstone Periapt":0,"Mango":43,"theForsaken:Lifeblossom":55,"Juzu Bracelet":10,"Incense Burner":19,"Replay:Mystery Machine":36,"Replay:Bandana":12,"Nunchaku":78,"Chameleon Ring":34,"Mummified Hand":16,"theForsaken:Kindling":66,"Tiny Chest":1,"jedi:matchstick":60,"Red Mask":13,"Replay:Bottled Snecko":56,"BargainBundle":16,"ReplayTheSpireMod:Ninjato":16,"Replay:Towering Pillar of Hats":21,"Quantum Egg":18,"Guide Book":36,"jedi:ominousloannote":10,"Bag of Marbles":13,"Snack Pack":56,"Membership Card":56,"PureWater":54,"jedi:arcanewood":8},{"Golden Egg":198,"energizedSpire:CrystalSphere":234,"Ginger":112,"Whetstone":151,"Boot":4,"jedi:shrinkray":102,"Replay:Ringing Soul":11,"Replay:Bottled Flurry":22,"Kunai":43,"Replay:Wax Seal":37,"ReplayTheSpireMod:Ring of Addiction":37,"Pen Nib":22,"Akabeko":13,"SlaversCollar":218,"Snecko Eye":35,"Kintsugi":141,"Regal Pillow":20,"Lantern":155,"Torii":198,"StoneCalendar":209,"Painkiller Herb":234,"Bag of Preparation":9,"jedi:archwizardhat":9,"Cursed Key":0,"White_Cape":11,"Smiling Mask":30,"Ancient Tea Set":37,"Power_Wrist":213,"Pet Ghost":9,"Toolbox":37,"energizedSpire:HugeHouse":92,"Chemical X":236,"InkBottle":58,"Potion Belt":37,"Golden Idol":213,"Damaru":37,"PreservedInsect":175,"Omamori":5,"Protect_Vest":222,"Frozen Egg 2":102,"MawBank":25,"Replay:Arrowhead":112,"Orrery":9,"Garlic":224,"Bottled Lightning":105,"ReplayTheSpireMod:Lightbulb":237,"Toy Ornithopter":37,"Divine Protection":205,"CeramicFish":27,"Vajra":144,"Lizard Tail":77,"DollysMirror":37,"jedi:paperlyon":234,"Strawberry":62,"Philosopher\u0027s Stone":18,"Toxic Egg 2":46,"ReplayTheSpireMod:CursedCoin":144,"Astrolabe":66,"Replay:Grab Bag":163,"Oddly Smooth Stone":37,"Ring of Chaos":37,"War Paint":56,"WarpedTongs":200,"Du-Vu Doll":0,"jedi:heavyjacket":37,"Replay:Baseball":56,"Bottled Flame":237,"Shuriken":112,"Molten Egg 2":39,"ReplayTheSpireMod:TigerMarble":135,"Nloth\u0027s Gift":146,"Mirror":22,"ReplayTheSpireMod:DimensionalGlitch":163,"Darkstone Periapt":0,"Mango":112,"theForsaken:Lifeblossom":151,"Juzu Bracelet":22,"Incense Burner":41,"Replay:Mystery Machine":83,"Replay:Bandana":27,"Nunchaku":224,"Chameleon Ring":77,"Mummified Hand":37,"theForsaken:Kindling":187,"Tiny Chest":2,"jedi:matchstick":168,"Red Mask":28,"Replay:Bottled Snecko":155,"BargainBundle":37,"ReplayTheSpireMod:Ninjato":37,"Replay:Towering Pillar of Hats":46,"Quantum Egg":40,"Guide Book":83,"jedi:ominousloannote":22,"Bag of Marbles":28,"Snack Pack":155,"Membership Card":155,"PureWater":146,"jedi:arcanewood":19}],"WarpedTongs":[45]},"card_choices":[{"not_picked":["InnerPeace","CutThroughFate"],"picked":"Tantrum","floor":1.0},{"not_picked":["EmptyFist","FlyingSleeves"],"picked":"CutThroughFate","floor":5.0},{"not_picked":["Replay:DivineShield","WindmillStrike"],"picked":"CrushJoints","floor":7.0},{"not_picked":["ThirdEye","Prostrate"],"picked":"FearNoEvil","floor":10.0},{"not_picked":["PathToVictory","Replay:Cycle"],"picked":"FollowUp","floor":12.0},{"not_picked":["CrushJoints","Tantrum"],"picked":"Fasting2+1","floor":14.0},{"not_picked":["Ragnarok","Devotion+1"],"picked":"DevaForm+1","floor":16.0},{"not_picked":["Protect+1","Indignation"],"picked":"CutThroughFate","floor":18.0},{"not_picked":["Nirvana+1","FlurryOfBlows"],"picked":"Tantrum","floor":20.0},{"not_picked":["Vengeance","Evaluate"],"picked":"TalkToTheHand+1","floor":24},{"not_picked":["FollowUp","Collect"],"picked":"Study+1","floor":27},{"not_picked":["PathToVictory+1","BowlingBash+1"],"picked":"Protect+1","floor":28},{"not_picked":["CrushJoints+1","SandsOfTime+1"],"picked":"Weave+1","floor":35},{"not_picked":["Perseverance+1","ThirdEye"],"picked":"CarveReality+1","floor":38},{"not_picked":["BowlingBash+1","Replay:BluntJabs+1"],"picked":"WindmillStrike+1","floor":45},{"not_picked":["ClearTheMind+1","FlurryOfBlows+1"],"picked":"Brilliance","floor":46},{"not_picked":["Perseverance","CarveReality"],"picked":"ThirdEye+1","floor":47}],"player_experience":1536763,"relics_obtained":[{"floor":7.0,"key":"Divine Protection"},{"floor":9.0,"key":"Quantum Egg"},{"floor":10.0,"key":"StoneCalendar"},{"floor":12.0,"key":"Power_Wrist"},{"floor":24,"key":"Garlic"},{"floor":26,"key":"Nunchaku"},{"floor":27,"key":"Snack Pack"},{"floor":43,"key":"ReplayTheSpireMod:Lightbulb"}],"event_choices":[{"damage_healed":0.0,"max_hp_gain":5.0,"max_hp_loss":0.0,"gold_gain":0.0,"event_name":"Big Fish","player_choice":"Donut","floor":3.0,"gold_loss":0.0,"damage_taken":0.0},{"damage_healed":0.0,"max_hp_gain":0.0,"max_hp_loss":0.0,"gold_gain":0.0,"event_name":"Accursed Blacksmith","player_choice":"Rummage","floor":4.0,"gold_loss":0.0,"damage_taken":0.0,"relics_obtained":["WarpedTongs"],"cards_obtained":["Pain"]},{"damage_healed":0.0,"max_hp_gain":0.0,"max_hp_loss":0.0,"gold_gain":0.0,"event_name":"Golden Idol","player_choice":"Take Damage","floor":13.0,"gold_loss":0.0,"damage_taken":19.0,"relics_obtained":["Golden Idol"]},{"cards_removed":["DevaForm"],"damage_healed":0.0,"max_hp_gain":0.0,"max_hp_loss":0.0,"gold_gain":0.0,"event_name":"betterNote:BetterNote","player_choice":"Take \u0026 Give","floor":19.0,"gold_loss":0.0,"damage_taken":0.0,"cards_obtained":["Alacrity"]},{"damage_healed":0.0,"max_hp_gain":0.0,"max_hp_loss":0.0,"gold_gain":0.0,"event_name":"Addict","player_choice":"Stole Relic","floor":22.0,"gold_loss":0.0,"damage_taken":0.0,"relics_obtained":["Protect_Vest"],"cards_obtained":["Shame"]},{"damage_healed":0,"gold_gain":0,"player_choice":"Opened","damage_taken":0,"relics_obtained":["Replay:Wax Seal"],"max_hp_gain":0,"max_hp_loss":0,"event_name":"The Mausoleum","floor":29,"gold_loss":0},{"cards_removed":["Pain"],"damage_healed":0,"gold_gain":0,"player_choice":"Upgrade and Remove","damage_taken":0,"max_hp_gain":0,"max_hp_loss":0,"event_name":"Designer","floor":31,"gold_loss":90,"cards_upgraded":["Vigilance"]},{"damage_healed":0,"gold_gain":333,"player_choice":"Gave Idol","damage_taken":0,"max_hp_gain":0,"max_hp_loss":0,"event_name":"The Moai Head","floor":37,"relics_lost":["Golden Idol"],"gold_loss":0},{"damage_healed":0,"gold_gain":0,"player_choice":"Embrace Madness","damage_taken":10,"max_hp_gain":0,"max_hp_loss":0,"event_name":"Winding Halls","floor":39,"gold_loss":0,"cards_obtained":["Madness","Madness"]}],"is_beta":false,"boss_relics":[{"not_picked":["Empty Cage","Replay:Drink Me"],"picked":"SlaversCollar"},{"not_picked":["Kintsugi","Abe\u0027s Treasure"],"picked":"Replay:Grab Bag"},{"not_picked":["Replay:Wanted Poster","energizedSpire:MagnifyingGlass"],"picked":"Painkiller Herb"},{"not_picked":["energizedSpire:SpiderWeb","energizedSpire:RedRose"],"picked":"jedi:paperlyon"},{"not_picked":["SacredBark","Snecko Heart"],"picked":"energizedSpire:CrystalSphere"}],"items_purged_floors":[],"is_endless":false,"potions_floor_spawned":[1,5,14,18,20,28,33,35,45,47],"ascension_level":10}}