{"host":"4hkuu26ltn0le3bk","time":1611193525,"event":{"mods":["100% Spire Juice","Arknights The Spire","Astrologer","BaseMod","BetterRewards","Clockwork Mod","Colored Map","Colored Powertips","Downfall","Friendly Minions","Gremlin Mod","Hermit","Marisa????????","Minty Spire (QoL Compilation)","Quick Restart","StSLib","Td1madao Mod","The Bug Knight","The Construct","The Cursed","The Disciple","The Factory","The Hierophant","The Jungle","The Servant 0.9.4"],"gold_per_floor":[365,365,389,167,183,208,220,220,220],"floor_reached":8,"language":"ENG","playtime":392,"items_purged":[],"score":56,"play_id":"785735e4-b52d-4654-b6ab-74a60db8ec2a","local_time":"20210120204525","is_ascension_mode":false,"campfire_choices":[],"circlet_count":0,"master_deck":["construct:Strike_Gold","construct:Strike_Gold","construct:Strike_Gold","construct:Strike_Gold","construct:Strike_Gold","construct:Defend_Gold","construct:Defend_Gold","construct:Defend_Gold","construct:Defend_Gold","construct:AttackMode","construct:DefenseMode","construct:Autoturret","construct:ModeShift","construct:ScopeCore","construct:Forcefield","construct:FlameCore"],"relics":["construct:Cogwheel","Bronze Scales","Chemical X","Gremlin Horn"],"acts_visited":["Exordium"],"potions_floor_usage":[],"damage_taken":[{"damage":5,"enemies":"2 Louse","floor":1,"turns":3},{"damage":0,"enemies":"Jaw Worm","floor":5,"turns":4},{"damage":22,"enemies":"Lagavulin","floor":6,"turns":9},{"damage":5,"enemies":"Small Slimes","floor":7,"turns":4},{"damage":22,"enemies":"3 Sentries","floor":8,"turns":4}],"seed_played":"-4567737133532488029","potions_obtained":[{"floor":7,"key":"bronze:BurnAndBuffPotion"}],"is_trial":false,"path_per_floor":["M","?","T","$","M","E","M","E"],"character_chosen":"THE_CONSTRUCT_MOD","items_purchased":["construct:Autoturret","construct:ModeShift","Chemical X"],"campfire_rested":0,"item_purchase_floors":[4,4,4],"current_hp_per_floor":[56,49,49,49,49,27,22,0,0],"gold":220,"neow_bonus":"TWO_FIFTY_GOLD","is_daily":false,"chose_seed":false,"campfire_upgraded":0,"win_rate":0.0,"timestamp":1611193525,"path_taken":["M","?","?","$","M","E","M","E"],"items_purchased_type":["Card","Card","Relic"],"build_version":"2020-12-22","purchased_purges":0,"victory":false,"max_hp_per_floor":[85,85,85,85,85,85,85,85,85],"card_choices":[{"not_picked":["construct:SuppressiveFire","construct:Accumulate","construct:FocusedBeam"],"picked":"SKIP","floor":1},{"not_picked":["construct:VentSteam","construct:ModeShift"],"picked":"construct:ScopeCore","floor":5},{"not_picked":["construct:UnbalancingBlast","construct:Tumble"],"picked":"construct:Forcefield","floor":6},{"not_picked":["construct:SuppressiveFire","construct:ShiftStrike"],"picked":"construct:FlameCore","floor":7}],"player_experience":255743,"relics_obtained":[{"floor":3,"key":"Bronze Scales"},{"floor":6,"key":"Gremlin Horn"}],"event_choices":[{"cards_removed":["construct:Defend_Gold"],"damage_healed":0,"gold_gain":0,"player_choice":"Card Removal","damage_taken":7,"max_hp_gain":0,"max_hp_loss":0,"event_name":"Golden Wing","floor":2,"gold_loss":0}],"is_beta":false,"boss_relics":[],"items_purged_floors":[],"is_endless":false,"potions_floor_spawned":[7],"killed_by":"3 Sentries","ascension_level":0}}