{"host":"8d3fefv2347kqkpz","time":1611206517,"event":{"mods":["100% Spire Juice","AchievementEnabler","Act Like it!","Aspiration","BaseMod","Better Vampires","Colored Map","Colored Powertips","Conspire","Gensokyo","GifTheSpireLib","Highlight Path","Mimic Mod","Minty Spire (QoL Compilation)","Pale of the Ancients","Quick Restart","Rare Cards Sparkle","Reimu£®≤©¿ˆ¡È√Œ£©","Relic Stats","Remilia_Scarlet Moed£®¿Ÿ√◊¿Ú—«°§Àπø®¿◊Ãÿ£©3.3.5","Remilia£®¿Ÿ√◊¿Ú—«£©","Replay The Spire","Spicy Shops","StSLib","The Animator","The Gatherer","The Jungle","The Servant 0.9.4","Waifu the Spire","Youmu£®ªÍ∆«—˝√Œ£©","vexMod"],"gold_per_floor":[359,379,70,85,100,100,120,120,120,120,147,164,164,19,19,136,136,176,219,219,268,315,315,336,360,360,360,409,457,457,78,78,198,225,252,252,294,82,82,82],"floor_reached":39,"language":"ZHS","playtime":2361,"items_purged":["Strike_S","DoubleEdge","Defend_S"],"score":412,"play_id":"fdea79e6-09ef-4239-af22-20cf6d7f3d6e","local_time":"20210121132157","is_ascension_mode":false,"campfire_choices":[{"floor":6.0,"key":"REST"},{"floor":8.0,"key":"REST"},{"floor":10.0,"key":"REST"},{"floor":13.0,"key":"REST"},{"data":"Dilation","floor":15.0,"key":"SMITH"},{"floor":23.0,"key":"REST"},{"floor":27.0,"key":"REST"},{"floor":30.0,"key":"REST"},{"floor":32.0,"key":"REST"}],"circlet_count":0,"master_deck":["Strike_S+1","Defend_S+1","Defend_S+1","KidneyShot","Exchange","BestPractice+1","Ricochet+1","Dilation+1","Misdirection+1","BottledTime","Rearm","SpecialFormula","MurderousAura+1","Desolation+1","SurpressingFire","InstantArmor","Luminosity","GearUp+1","MurderousAura+1","Dilation","TheWorld+1","DualDimension+1","Desolation+1","Rewind+1","Rewind+1"],"relics":["Uniform","Gremlin Food","MealTicket","Replay:Bandana","conspire:SlowCooker","CeramicFish","DollysMirror","Oddly Smooth Stone","Astrolabe","Membership Card"],"acts_visited":["Exordium","TheCity","TheBeyond"],"potions_floor_usage":[],"damage_taken":[{"damage":6.0,"enemies":"Jaw Worm","floor":1.0,"turns":5.0},{"damage":19.0,"enemies":"conspire:RoseBush","floor":2.0,"turns":3.0},{"damage":2.0,"enemies":"Small Slimes","floor":4.0,"turns":3.0},{"damage":0.0,"enemies":"Exordium Thugs","floor":5.0,"turns":5.0},{"damage":7.0,"enemies":"Exordium Wildlife","floor":7.0,"turns":4.0},{"damage":34.0,"enemies":"Gremlin Nob","floor":11.0,"turns":7.0},{"damage":2.0,"enemies":"Looter","floor":12.0,"turns":5.0},{"damage":14.0,"enemies":"Slime Boss","floor":16.0,"turns":21.0},{"damage":10.0,"enemies":"3 Byrds","floor":18.0,"turns":5.0},{"damage":24.0,"enemies":"2 Thieves","floor":19.0,"turns":5.0},{"damage":12.0,"enemies":"Centurion and Healer","floor":21.0,"turns":6.0},{"damage":5.0,"enemies":"Cultist and Chosen","floor":22.0,"turns":8.0},{"damage":29.0,"enemies":"Snecko","floor":24.0,"turns":7.0},{"damage":25.0,"enemies":"conspire:HollyBat","floor":25.0,"turns":7.0},{"damage":7.0,"enemies":"Sentry and Sphere","floor":28.0,"turns":7.0},{"damage":34.0,"enemies":"3 Cultists","floor":29.0,"turns":8.0},{"damage":15.0,"enemies":"conspire:MysteriousRune","floor":33.0,"turns":12.0},{"damage":25.0,"enemies":"3 Shapes","floor":35.0,"turns":8.0},{"damage":35.0,"enemies":"3 Darklings","floor":37.0,"turns":10.0},{"damage":0,"enemies":"4 Shapes","floor":39,"turns":1}],"seed_played":"-1383538739529509678","potions_obtained":[{"floor":1.0,"key":"DuplicationPotion"},{"floor":2.0,"key":"GrandPatriotsElixir:ReiMu"},{"floor":7.0,"key":"ColorlessPotion"},{"floor":16.0,"key":"Adrenaline Potion"}],"is_trial":false,"path_per_floor":["M","M","$","M","M","R","M","R","T","R","E","M","R","$","R","B",null,"M","M","?","M","M","R","M","M","T","R","M","M","R","$","R","B",null,"M","?","M","$","M"],"character_chosen":"THE_SERVANT","items_purchased":["Gremlin Food","Dilation","Replay:Bandana","DollysMirror","Oddly Smooth Stone","Membership Card"],"campfire_rested":8,"item_purchase_floors":[3,3,14,31,31,38],"current_hp_per_floor":[41,22,22,20,20,39,32,51,51,65,31,34,53,65,65,51,65,60,41,41,37,37,56,32,15,15,34,32,6,25,40,59,49,65,44,44,14,29,29,29],"gold":82,"neow_bonus":"TWO_FIFTY_GOLD","is_daily":false,"chose_seed":false,"campfire_upgraded":1,"win_rate":0.0,"timestamp":1611206517,"path_taken":["M","M","$","M","M","R","M","R","T","R","E","M","R","$","R","BOSS","M","M","?","?","M","R","M","M","T","R","M","M","R","$","R","BOSS","M","?","?","$","M"],"items_purchased_type":["Relic","Card","Relic","Relic","Relic","Relic"],"build_version":"2020-12-22","purchased_purges":3,"victory":false,"max_hp_per_floor":[65,65,65,65,65,65,65,65,65,65,65,65,65,65,65,65,65,65,65,65,65,65,65,65,65,65,65,65,65,65,65,65,65,65,65,65,65,65,65,65],"relic_stats":{"counters":[20,136],"CeramicFish":81,"Astrolabe":["TheWorld","DualDimension","Desolation"],"MealTicket":42,"obtain_stats":[{"Gremlin Food":3,"Replay:Bandana":14,"DollysMirror":31,"CeramicFish":26,"Astrolabe":34,"Oddly Smooth Stone":31,"MealTicket":11,"conspire:SlowCooker":17,"Uniform":0,"Membership Card":38},{"Gremlin Food":2,"Replay:Bandana":7,"DollysMirror":16,"CeramicFish":14,"Astrolabe":17,"Oddly Smooth Stone":16,"MealTicket":6,"conspire:SlowCooker":8,"Uniform":0,"Membership Card":19},{"Gremlin Food":8,"Replay:Bandana":32,"DollysMirror":106,"CeramicFish":91,"Astrolabe":118,"Oddly Smooth Stone":106,"MealTicket":27,"conspire:SlowCooker":53,"Uniform":0,"Membership Card":136}]},"card_choices":[{"not_picked":["Rearm","Spin"],"picked":"BestPractice","floor":1.0},{"not_picked":["Moondial","FastForward"],"picked":"Ricochet","floor":2.0},{"not_picked":["Starlight","Snipe"],"picked":"Misdirection","floor":4.0},{"not_picked":["ReturningBlade","GearUp"],"picked":"BottledTime","floor":5.0},{"not_picked":["Revamp","Sabotage"],"picked":"Rearm","floor":7.0},{"not_picked":["ReturningBlade","Comet"],"picked":"SpecialFormula","floor":11.0},{"not_picked":["Revamp","Rearm","ShatteredReality"],"picked":"SKIP","floor":12.0},{"not_picked":["FlawlessForm","LightFlow"],"picked":"MurderousAura","floor":16.0},{"not_picked":["Defy","BottledTime"],"picked":"DoubleEdge","floor":18.0},{"not_picked":["Ricochet","MoonPhase"],"picked":"DoubleEdge+1","floor":19.0},{"not_picked":["Hightail+1","PendulumOfEternity"],"picked":"Desolation+1","floor":21.0},{"not_picked":["Sabotage+1","Unruled+1","Read+1"],"picked":"SKIP","floor":22.0},{"not_picked":["BestPractice","Revamp"],"picked":"SurpressingFire","floor":24.0},{"not_picked":["ShatteredReality","Replace+1"],"picked":"InstantArmor","floor":25.0},{"not_picked":["Barrier","WasteNot"],"picked":"Luminosity","floor":28.0},{"not_picked":["Spin","Potential"],"picked":"GearUp+1","floor":29.0},{"not_picked":["FloweringNight","SoulSculpture"],"picked":"Dilation","floor":33.0},{"not_picked":["Shuttle","Foresight"],"picked":"Rewind+1","floor":35.0},{"not_picked":["ShatteredReality","Alleviate"],"picked":"Rewind+1","floor":37.0}],"player_experience":170625,"relics_obtained":[{"floor":11.0,"key":"MealTicket"},{"floor":26.0,"key":"CeramicFish"}],"event_choices":[{"damage_healed":0.0,"max_hp_gain":0.0,"max_hp_loss":0.0,"gold_gain":0.0,"event_name":"Lab","player_choice":"Got Potions","floor":20.0,"gold_loss":0.0,"damage_taken":0.0},{"cards_removed":["Strike_S"],"damage_healed":0.0,"max_hp_gain":0.0,"max_hp_loss":0.0,"gold_gain":0.0,"event_name":"Bonfire Elementals","player_choice":"Offered Basic","floor":36.0,"gold_loss":0.0,"damage_taken":0.0}],"is_beta":false,"boss_relics":[{"not_picked":["ChewingGum","vexMod:RockOfEvil"],"picked":"conspire:SlowCooker"},{"not_picked":["Abe\u0027s Treasure","Pandora\u0027s Box"],"picked":"Astrolabe"}],"items_purged_floors":[3,31,38],"is_endless":false,"potions_floor_spawned":[1,2,7,16,18,19,28],"killed_by":"4 Shapes","ascension_level":0}}