{"host":"u7y6mp3waw4jt65j","time":1611209669,"event":{"mods":["ATMod(°¢èªMod)","Aspiration","BaseMod","Conspire","Dota2Spire","Jedi Mod","Minty Spire (QoL Compilation)","Replay The Spire","StSLib","¡¾ÒÅÎï¿¨ÅÆ¡¿REMEMod"],"gold_per_floor":[113,130,130,145,165,165,177,33,33,48,48,77,107,107,107,107,107],"floor_reached":16,"language":"ZHS","playtime":505,"items_purged":[],"score":122,"play_id":"fbbfd06f-d0e6-4b30-9797-9c933ce084c8","local_time":"20210121141429","is_ascension_mode":true,"campfire_choices":[{"data":"AT_EmpoweredMortalDraw","floor":6,"key":"SMITH"},{"data":"Poisoned Stab","floor":11,"key":"SMITH"},{"data":"conspire:DoublingDagger","floor":15,"key":"SMITH"}],"circlet_count":0,"master_deck":["Strike_G","Strike_G","Strike_G","Strike_G","Strike_G","Defend_G","Defend_G","Defend_G","Defend_G","Survivor","Neutralize","AT_EmpoweredMortalDraw+1","REME_Shoggoth","PiercingWail","Hidden Blade","Noxious Fumes","Poisoned Stab+1","Blade Dance","conspire:DoublingDagger+1"],"relics":["Ring of the Snake","AT_ATBox","REME_ComplimentaryCards","NeowsBlessing","aspiration:Nostalgia","Burning Blood","Dota2Spire:Desolator","AT_GoldPhoenixTree"],"acts_visited":["Exordium"],"potions_floor_usage":[16,16,16],"damage_taken":[{"damage":0,"enemies":"2 Louse","floor":1,"turns":1},{"damage":0,"enemies":"Cultist","floor":2,"turns":1},{"damage":3,"enemies":"conspire:RoseBush","floor":4,"turns":1},{"damage":10,"enemies":"conspire:2 RoseBushes","floor":5,"turns":3},{"damage":6,"enemies":"Looter","floor":7,"turns":2},{"damage":6,"enemies":"2 Fungi Beasts","floor":10,"turns":2},{"damage":15,"enemies":"Replay:BlueRogue","floor":12,"turns":2},{"damage":43,"enemies":"The Guardian","floor":16,"turns":8}],"seed_played":"-1967341116372092000","potions_obtained":[{"floor":2,"key":"Weak Potion"},{"floor":10,"key":"Adrenaline Potion"},{"floor":12,"key":"SpeedPotion"}],"is_trial":false,"path_per_floor":["M","M","?","M","M","R","M","$","T","M","R","E","?","$","R","B"],"character_chosen":"THE_SILENT","items_purchased":["aspiration:Nostalgia"],"campfire_rested":0,"item_purchase_floors":[8],"current_hp_per_floor":[70,70,70,67,57,57,51,51,51,51,51,42,42,42,42,0,0],"gold":107,"neow_bonus":"THREE_ENEMY_KILL","is_daily":false,"chose_seed":false,"campfire_upgraded":3,"win_rate":0.0,"timestamp":1611209669,"path_taken":["M","M","?","M","M","R","?","$","T","?","R","E","?","?","R","BOSS"],"items_purchased_type":["Relic"],"build_version":"2020-12-22","purchased_purges":0,"victory":false,"max_hp_per_floor":[70,70,70,70,70,70,70,70,70,70,70,70,70,70,70,70,70],"card_choices":[{"not_picked":["Outmaneuver","ReplayTheSpireMod:Shiv Toss"],"picked":"PiercingWail","floor":1},{"not_picked":["Dodge and Roll","AT_ArcaneSupremacy"],"picked":"Hidden Blade","floor":2},{"not_picked":["Quick Slash","Endless Agony"],"picked":"Noxious Fumes","floor":4},{"not_picked":["Flying Knee","Bouncing Flask"],"picked":"Poisoned Stab","floor":5},{"not_picked":["jedi:poisonivy","Sneak Up","Predator"],"picked":"SKIP","floor":7},{"not_picked":["AT_WindFlip","Dagger Throw"],"picked":"Blade Dance","floor":10},{"not_picked":["Cloak And Dagger","Acrobatics"],"picked":"conspire:DoublingDagger","floor":12}],"player_experience":142157,"relics_obtained":[{"floor":9,"key":"Dota2Spire:Desolator"},{"floor":12,"key":"AT_GoldPhoenixTree"}],"event_choices":[{"cards_removed":["Defend_G"],"damage_healed":0,"gold_gain":0,"player_choice":"Offered Basic","damage_taken":0,"max_hp_gain":0,"max_hp_loss":0,"event_name":"Bonfire Elementals","floor":3,"gold_loss":0},{"damage_healed":0,"gold_gain":30,"player_choice":"Searched \u00272\u0027 times","damage_taken":0,"max_hp_gain":0,"max_hp_loss":0,"event_name":"Dead Adventurer","floor":13,"gold_loss":0}],"is_beta":false,"boss_relics":[],"items_purged_floors":[],"is_endless":false,"potions_floor_spawned":[2,10,12],"killed_by":"The Guardian","ascension_level":4}}