{"host":"2ccem01eblg14btk","time":1611217588,"event":{"mods":["BaseMod","Colored Map","Minty Spire (QoL Compilation)","Quick Restart","Replay The Spire","StSLib"],"gold_per_floor":[110,198,46,57,57,85,99,99,99,99,117,143,143,171,171,276,276,291,69,69,69,69,69,84,84,84,96,109,135,145,170,470,470,470],"floor_reached":33,"language":"ENG","playtime":1340,"items_purged":["Strike_G"],"score":567,"play_id":"d9488196-d4d4-44e2-a3e2-e79cf8bfa75b","local_time":"20210121092628","is_ascension_mode":true,"campfire_choices":[{"floor":8.0,"key":"REST"},{"data":"Catalyst","floor":13.0,"key":"SMITH"},{"floor":15,"key":"REST"},{"data":"Leg Sweep","floor":23,"key":"SMITH"},{"floor":25,"key":"REST"},{"floor":32,"key":"DIG"}],"circlet_count":0,"master_deck":["AscendersBane","Strike_G","Strike_G","Strike_G","Strike_G","Defend_G","Defend_G","Defend_G","Defend_G","Defend_G","Survivor","Neutralize","Replay:Poison Smokescreen","Acrobatics","Expertise","Bouncing Flask","Corpse Explosion","Leg Sweep+1","Toxin Wave","Riddle With Holes","Catalyst+1","Bouncing Flask","Glass Knife+1","Choke+1","Voices","Worship"],"relics":["Snecko Eye","Durian","Molten Egg 2","Replay:Mystery Machine","Replay:Bottled Steam","Replay:Bronze Core","PrismaticShard","ReplayTheSpireMod:Ring of Exchange","Ring of Fangs","Gremlin Horn","Letter Opener","Snake Skull","Replay:Ringing Soul","Old Coin"],"acts_visited":["Exordium","TheCity"],"potions_floor_usage":[14,29,31,33,33],"damage_taken":[{"damage":4.0,"enemies":"2 Louse","floor":1.0,"turns":5.0},{"damage":4.0,"enemies":"Small Slimes","floor":4.0,"turns":4.0},{"damage":32.0,"enemies":"Gremlin Nob","floor":6.0,"turns":6.0},{"damage":0.0,"enemies":"Cultist","floor":7.0,"turns":3.0},{"damage":0.0,"enemies":"Blue Slaver","floor":11.0,"turns":4.0},{"damage":0.0,"enemies":"Lagavulin","floor":12.0,"turns":3.0},{"damage":24,"enemies":"Gremlin Nob","floor":14,"turns":5},{"damage":0,"enemies":"Slime Boss","floor":16,"turns":6},{"damage":26,"enemies":"Shell Parasite","floor":18,"turns":5},{"damage":0,"enemies":"3 Byrds","floor":24,"turns":2},{"damage":0,"enemies":"3 Cultists","floor":27,"turns":2},{"damage":2,"enemies":"Cultist and Chosen","floor":28,"turns":4},{"damage":25,"enemies":"Slavers","floor":29,"turns":4},{"damage":1,"enemies":"Centurion and Healer","floor":30,"turns":4},{"damage":26,"enemies":"Book of Stabbing","floor":31,"turns":4},{"damage":14,"enemies":"Automaton","floor":33,"turns":4}],"seed_played":"4484029641363088550","potions_obtained":[{"floor":1.0,"key":"Energy Potion"},{"floor":6.0,"key":"Weak Potion"},{"floor":7.0,"key":"Adrenaline Potion"},{"floor":12.0,"key":"Strength Potion"},{"floor":14,"key":"Energy Potion"},{"floor":31,"key":"LifebloodPotion"}],"is_trial":false,"path_per_floor":["M","?","$","M","$","E","M","R","T","?","M","E","R","E","R","B",null,"M","$","?","?","T","R","M","R","T","M","M","E","M","E","R_BF","B"],"character_chosen":"THE_SILENT","items_purchased":["Corpse Explosion","Leg Sweep","PrismaticShard"],"campfire_rested":3,"item_purchase_floors":[3,3,19],"current_hp_per_floor":[59,42,42,38,38,11,11,33,33,33,33,33,33,9,31,31,64,38,38,38,38,38,38,38,60,60,60,58,33,32,9,9,0,0],"gold":470,"neow_bonus":"BOSS_RELIC","is_daily":false,"chose_seed":false,"campfire_upgraded":2,"win_rate":0.0,"timestamp":1611217588,"path_taken":["M","?","$","M","$","E","M","R","T","?","?","E","R","E","R","BOSS","M","$","?","?","?","R","M","R","T","M","?","E","M","E","R_BF","BOSS"],"items_purchased_type":["Card","Card","Relic"],"build_version":"2020-12-22","purchased_purges":1,"victory":false,"max_hp_per_floor":[70,70,70,70,70,75,75,75,75,75,75,75,75,75,75,75,75,75,75,75,75,75,75,75,75,75,75,75,75,75,78,78,78,78],"card_choices":[{"not_picked":["Bane","Reflex"],"picked":"Replay:Poison Smokescreen","floor":1.0},{"not_picked":["Backflip","Outmaneuver"],"picked":"Acrobatics","floor":2.0},{"not_picked":["PiercingWail","Backflip"],"picked":"Expertise","floor":2.0},{"not_picked":["ReplayTheSpireMod:Shiv Toss","Backflip"],"picked":"Bouncing Flask","floor":2.0},{"not_picked":["Outmaneuver","Acrobatics"],"picked":"Toxin Wave","floor":4.0},{"not_picked":["Underhanded Strike","ReplayTheSpireMod:Speed Training"],"picked":"Riddle With Holes","floor":6.0},{"not_picked":["Setup","Dagger Throw"],"picked":"Catalyst","floor":7.0},{"not_picked":["Expertise","Quick Slash+1"],"picked":"Bouncing Flask","floor":11.0},{"not_picked":["Flying Knee+1","Cloak And Dagger","Slice+1"],"picked":"SKIP","floor":12.0},{"not_picked":["Quick Slash+1","Infinite Blades","Blade Dance"],"picked":"SKIP","floor":14},{"not_picked":["ReplayTheSpireMod:Necrosis","A Thousand Cuts"],"picked":"Glass Knife+1","floor":16},{"not_picked":["Dagger Spray+1","Underhanded Strike+1"],"picked":"Choke+1","floor":18},{"not_picked":["Replay:Hum","Sanctity","Perfected Strike+1"],"picked":"SKIP","floor":24},{"not_picked":["Dark Shackles","Headbutt+1","Armaments"],"picked":"SKIP","floor":27},{"not_picked":["Headbutt+1","SashWhip+1","Replay:Sssssssssstrike+1"],"picked":"SKIP","floor":28},{"not_picked":["CrushJoints+1","Conserve Battery","FlurryOfBlows+1"],"picked":"SKIP","floor":29},{"not_picked":["Havoc","Glass Knife+1","ReplayTheSpireMod:Scrap Shanks"],"picked":"SKIP","floor":30},{"not_picked":["Disarm","ReplayTheSpireMod:Scrap Shanks"],"picked":"Worship","floor":31}],"player_experience":121845,"relics_obtained":[{"floor":6.0,"key":"Durian"},{"floor":9.0,"key":"Molten Egg 2"},{"floor":12.0,"key":"Replay:Mystery Machine"},{"floor":14,"key":"Replay:Bottled Steam"},{"floor":21,"key":"ReplayTheSpireMod:Ring of Exchange"},{"floor":21,"key":"Ring of Fangs"},{"floor":22,"key":"Gremlin Horn"},{"floor":26,"key":"Letter Opener"},{"floor":29,"key":"Snake Skull"},{"floor":31,"key":"Replay:Ringing Soul"},{"floor":32,"key":"Old Coin"}],"event_choices":[{"damage_healed":0.0,"max_hp_gain":0.0,"max_hp_loss":0.0,"gold_gain":0.0,"event_name":"The Woman in Blue","player_choice":"Bought 0 Potions","floor":10.0,"gold_loss":0.0,"damage_taken":0.0},{"damage_healed":0,"gold_gain":0,"player_choice":"Ignored","damage_taken":0,"max_hp_gain":0,"max_hp_loss":0,"event_name":"Ghosts","floor":20,"gold_loss":0}],"is_beta":false,"boss_relics":[{"not_picked":["WristBlade","Fusion Hammer"],"picked":"Replay:Bronze Core"}],"items_purged_floors":[19],"is_endless":false,"potions_floor_spawned":[1,6,7,12,14,24,27,28,31],"killed_by":"Automaton","ascension_level":10}}