{"host":"b7j598ve05halrwk","time":1611203604,"event":{"mods":["2.2 Compatiblity","BaseMod","Block Reminder","DeckTracker","Minty Spire (QoL Compilation)","Relic Stats","Slay the Relics Exporter","StSLib","ojb\u0027s Better Paths Mod","ojb\u0027s Info Mod"],"gold_per_floor":[115,115,115,115,138,138,182,197,197,197,197],"floor_reached":10,"language":"ENG","playtime":380,"items_purged":[],"score":132,"play_id":"36f6fac2-d332-4055-a35d-036290871dd1","local_time":"20210120233324","is_ascension_mode":true,"campfire_choices":[{"floor":6.0,"key":"REST"}],"circlet_count":0,"master_deck":["AscendersBane","Strike_B","Strike_B","Defend_B","Defend_B","Defend_B","Defend_B","Zap","Dualcast","Thunder Strike","Self Repair","Cold Snap","Lockon","Rebound","Leap"],"relics":["Cracked Core","Golden Idol","Ornamental Fan","StrikeDummy","Emotion Chip"],"acts_visited":["Exordium"],"potions_floor_usage":[7],"damage_taken":[{"damage":22.0,"enemies":"Small Slimes","floor":1.0,"turns":5.0},{"damage":10.0,"enemies":"Jaw Worm","floor":5.0,"turns":4.0},{"damage":32,"enemies":"Lagavulin","floor":7,"turns":7},{"damage":7,"enemies":"2 Louse","floor":8,"turns":2},{"damage":23,"enemies":"Gremlin Nob","floor":10,"turns":3}],"seed_played":"-3791371071053060141","potions_obtained":[{"floor":5.0,"key":"SkillPotion"}],"is_trial":false,"path_per_floor":["M","?","?","?","M","R","E","M","T","E"],"character_chosen":"DEFECT","items_purchased":[],"campfire_rested":1,"item_purchase_floors":[],"current_hp_per_floor":[49,42,42,31,28,47,22,15,15,0,0],"gold":197,"neow_bonus":"TRANSFORM_TWO_CARDS","is_daily":false,"chose_seed":false,"campfire_upgraded":0,"win_rate":0.0,"timestamp":1611203604,"path_taken":["M","?","?","?","M","R","E","M","T","E"],"items_purchased_type":[],"build_version":"2020-12-22","purchased_purges":0,"victory":false,"max_hp_per_floor":[71,71,64,64,64,64,64,64,64,64,64],"relic_stats":{"Emotion Chip":[1,0,1,0,0],"counters":[5,21],"Golden Idol":17,"Ornamental Fan":[0],"obtain_stats":[{"Emotion Chip":9,"Golden Idol":3,"Ornamental Fan":4,"Cracked Core":0,"StrikeDummy":7},{"Emotion Chip":4,"Golden Idol":1,"Ornamental Fan":1,"Cracked Core":0,"StrikeDummy":3},{"Emotion Chip":18,"Golden Idol":5,"Ornamental Fan":5,"Cracked Core":0,"StrikeDummy":16}]},"card_choices":[{"not_picked":["Recycle","Compile Driver"],"picked":"Cold Snap","floor":1.0},{"not_picked":["Coolheaded","Conserve Battery"],"picked":"Lockon","floor":5.0},{"not_picked":["Scrape","Beam Cell"],"picked":"Rebound","floor":7},{"not_picked":["Stack","Hologram"],"picked":"Leap","floor":8}],"player_experience":1025951,"relics_obtained":[{"floor":7,"key":"StrikeDummy"},{"floor":9,"key":"Emotion Chip"}],"event_choices":[{"cards_removed":["Pain"],"damage_healed":0.0,"max_hp_gain":0.0,"max_hp_loss":0.0,"gold_gain":0.0,"event_name":"Golden Wing","player_choice":"Card Removal","floor":2.0,"gold_loss":0.0,"damage_taken":7.0},{"damage_healed":0.0,"max_hp_gain":0.0,"max_hp_loss":7.0,"gold_gain":0.0,"event_name":"Golden Idol","player_choice":"Lose Max HP","floor":3.0,"gold_loss":0.0,"damage_taken":0.0,"relics_obtained":["Golden Idol"]},{"damage_healed":0.0,"max_hp_gain":0.0,"max_hp_loss":0.0,"gold_gain":0.0,"event_name":"Scrap Ooze","player_choice":"Success","floor":4.0,"gold_loss":0.0,"damage_taken":11.0,"relics_obtained":["Ornamental Fan"]}],"is_beta":false,"boss_relics":[],"items_purged_floors":[],"is_endless":false,"potions_floor_spawned":[5],"killed_by":"Gremlin Nob","ascension_level":20}}