{"host":"bg8va46pgqgvtzim","time":1611228332,"event":{"mods":["BaseMod","Minty Spire (QoL Compilation)","Quick Restart","StSLib","SuperFastMode"],"gold_per_floor":[110,126,126,145,145,172,172,202,202,202,222,256,256,276,276,407,407,428,441,220,238,41,41,76,97,97,97,128,128,128,148,148,274,274,294,309,332,665,675,709,709,742,742,775,787,387,404,420,420,420,420,420,138,171,171],"floor_reached":56,"language":"ZHS","playtime":1951,"items_purged":["Strike_B","Defend_B","Ball Lightning"],"score":1596,"play_id":"1a70da14-3335-46ad-bbc6-6d9fb1ca9a3b","local_time":"20210121192532","is_ascension_mode":true,"campfire_choices":[{"data":"Defragment","floor":7.0,"key":"SMITH"},{"data":"Dualcast","floor":10.0,"key":"SMITH"},{"data":"Coolheaded","floor":15.0,"key":"SMITH"},{"data":"Apotheosis","floor":23.0,"key":"SMITH"},{"floor":27.0,"key":"RECALL"},{"floor":29.0,"key":"REST"},{"data":"Coolheaded","floor":32.0,"key":"SMITH"},{"data":"Turbo","floor":41.0,"key":"SMITH"},{"floor":45.0,"key":"REST"},{"data":"Fission","floor":49.0,"key":"SMITH"},{"data":"Zap","floor":52.0,"key":"SMITH"}],"circlet_count":0,"master_deck":["Defend_B+1","Defend_B+1","Zap+1","Dualcast+1","Defragment+1","Coolheaded+1","Ball Lightning","BootSequence","Coolheaded+1","Electrodynamics+1","Go for the Eyes+1","Turbo+1","Apotheosis+1","Double Energy+1","Biased Cognition+1","Heatsinks+1","White Noise+1","Capacitor+1","Fission+1","Heatsinks+1"],"relics":["Cracked Core","Frozen Egg 2","Dream Catcher","Cables","Orichalcum","Black Star","OrangePellets","Akabeko","War Paint","White Beast Statue","Bag of Marbles","Sundial","Empty Cage","Singing Bowl","Bottled Tornado","MealTicket","Bird Faced Urn","MawBank","TungstenRod","ClockworkSouvenir","TheAbacus","Oddly Smooth Stone","Strawberry"],"acts_visited":["Exordium","TheCity","TheBeyond","TheEnding"],"potions_floor_usage":[55,55,55,55,55,55],"damage_taken":[{"damage":6.0,"enemies":"Jaw Worm","floor":1.0,"turns":3.0},{"damage":7.0,"enemies":"Small Slimes","floor":2.0,"turns":2.0},{"damage":2.0,"enemies":"2 Louse","floor":4.0,"turns":2.0},{"damage":25.0,"enemies":"Gremlin Nob","floor":6.0,"turns":4.0},{"damage":0.0,"enemies":"Blue Slaver","floor":11.0,"turns":2.0},{"damage":4.0,"enemies":"3 Sentries","floor":12.0,"turns":7.0},{"damage":0.0,"enemies":"Red Slaver","floor":14.0,"turns":2.0},{"damage":11.0,"enemies":"Hexaghost","floor":16.0,"turns":8.0},{"damage":0.0,"enemies":"Chosen","floor":18.0,"turns":4.0},{"damage":8.0,"enemies":"Shell Parasite","floor":19.0,"turns":4.0},{"damage":5.0,"enemies":"Centurion and Healer","floor":21.0,"turns":3.0},{"damage":19.0,"enemies":"Slavers","floor":24.0,"turns":3.0},{"damage":0.0,"enemies":"Snecko","floor":25.0,"turns":4.0},{"damage":0.0,"enemies":"Gremlin Leader","floor":28.0,"turns":5.0},{"damage":0.0,"enemies":"Chosen and Byrds","floor":31.0,"turns":3.0},{"damage":18.0,"enemies":"Collector","floor":33.0,"turns":8.0},{"damage":0.0,"enemies":"3 Shapes","floor":35.0,"turns":2.0},{"damage":1.0,"enemies":"Orb Walker","floor":36.0,"turns":4.0},{"damage":0.0,"enemies":"4 Shapes","floor":37.0,"turns":2.0},{"damage":0.0,"enemies":"3 Darklings","floor":39.0,"turns":3.0},{"damage":0.0,"enemies":"Giant Head","floor":40.0,"turns":7.0},{"damage":5.0,"enemies":"Reptomancer","floor":42.0,"turns":4.0},{"damage":0.0,"enemies":"Giant Head","floor":44.0,"turns":7.0},{"damage":4.0,"enemies":"Writhing Mass","floor":47.0,"turns":3.0},{"damage":0.0,"enemies":"Jaw Worm Horde","floor":48.0,"turns":1.0},{"damage":0.0,"enemies":"Awakened One","floor":50.0,"turns":29.0},{"damage":0.0,"enemies":"Shield and Spear","floor":54.0,"turns":3.0},{"damage":0,"enemies":"The Heart","floor":55,"turns":9}],"seed_played":"-2289646078036212710","potions_obtained":[{"floor":2.0,"key":"FocusPotion"},{"floor":4.0,"key":"SpeedPotion"},{"floor":11.0,"key":"DistilledChaos"},{"floor":14.0,"key":"Fruit Juice"},{"floor":16.0,"key":"Strength Potion"},{"floor":28.0,"key":"FearPotion"},{"floor":33.0,"key":"EntropicBrew"},{"floor":48.0,"key":"Fire Potion"},{"floor":54.0,"key":"CultistPotion"}],"is_trial":false,"path_per_floor":["M","M","?","M","?","E","R","?","T","R","M","E","?","M","R","B",null,"M","M","$","M","$","R","E","M","T","R","E","R","?","M","R","B",null,"M","M","M","?","M","E","R","E","T","E","R","$","M","M","R","B",null,"R","$","E","B",null],"character_chosen":"DEFECT","items_purchased":["OrangePellets","Apotheosis","ClockworkSouvenir","Capacitor+1","Fission","TheAbacus"],"campfire_rested":2,"item_purchase_floors":[20,22,46,46,46,53],"current_hp_per_floor":[69,62,55,53,58,33,33,33,33,33,33,29,29,29,29,23,79,79,71,71,66,66,66,47,47,47,47,47,70,70,70,70,52,79,79,78,78,78,78,80,80,77,77,83,85,85,87,87,87,87,87,87,87,96,96],"gold":171,"neow_bonus":"TRANSFORM_CARD","is_daily":false,"chose_seed":false,"campfire_upgraded":8,"win_rate":0.0,"timestamp":1611228332,"path_taken":["M","M","?","M","?","E","R","?","T","R","M","E","?","?","R","BOSS","M","M","$","M","$","R","E","M","T","R","E","R","?","M","R","BOSS","M","M","M","?","M","E","R","E","T","E","R","$","M","M","R","BOSS","R","$","E","BOSS"],"items_purchased_type":["Relic","Card","Relic","Card","Card","Relic"],"build_version":"2020-12-22","purchased_purges":3,"victory":true,"max_hp_per_floor":[75,75,75,75,80,80,80,80,80,80,80,80,74,74,74,79,79,79,79,79,79,79,79,79,79,79,79,79,79,79,79,79,79,79,79,79,79,79,79,81,81,83,83,83,85,85,87,87,87,87,87,87,87,96,96],"card_choices":[{"not_picked":["Double Energy","Leap"],"picked":"Ball Lightning","floor":1.0},{"not_picked":["Genetic Algorithm","Compile Driver"],"picked":"Coolheaded","floor":2.0},{"not_picked":["BootSequence","Beam Cell"],"picked":"Ball Lightning","floor":4.0},{"not_picked":["Ball Lightning","Stack"],"picked":"BootSequence","floor":6.0},{"not_picked":["Steam Power","Go for the Eyes"],"picked":"Coolheaded","floor":11.0},{"not_picked":["Gash","Leap"],"picked":"Electrodynamics+1","floor":12.0},{"not_picked":["Streamline","Rip and Tear","Beam Cell"],"picked":"SKIP","floor":14.0},{"not_picked":["Coolheaded","Cold Snap","Static Discharge+1"],"picked":"SKIP","floor":18.0},{"not_picked":["Steam Power+1","Glacier"],"picked":"Go for the Eyes+1","floor":19.0},{"not_picked":["Compile Driver","Rainbow"],"picked":"Turbo","floor":21.0},{"not_picked":["Hello World+1","Barrage","Gash"],"picked":"SKIP","floor":24.0},{"not_picked":["Glacier","Turbo","Stack"],"picked":"SKIP","floor":25.0},{"not_picked":["Turbo","Doom and Gloom"],"picked":"Double Energy+1","floor":28.0},{"not_picked":["Barrage","Glacier+1","Redo+1"],"picked":"SKIP","floor":31.0},{"not_picked":["Hyperbeam","Seek"],"picked":"Biased Cognition+1","floor":33.0},{"not_picked":["Static Discharge+1","Turbo"],"picked":"Heatsinks+1","floor":35.0},{"not_picked":["Auto Shields","Redo","Leap+1"],"picked":"SKIP","floor":36.0},{"not_picked":["Static Discharge+1","Redo+1","Fusion+1"],"picked":"SKIP","floor":37.0},{"not_picked":["Tempest+1","Cold Snap","Redo"],"picked":"SKIP","floor":39.0},{"not_picked":["Fusion","Beam Cell","Stack+1"],"picked":"Singing Bowl","floor":40.0},{"not_picked":["Turbo","Streamline+1","Aggregate+1"],"picked":"Singing Bowl","floor":42.0},{"not_picked":["Conserve Battery","Reprogram"],"picked":"White Noise+1","floor":44.0},{"not_picked":["Barrage+1","Beam Cell+1","Redo"],"picked":"Singing Bowl","floor":45.0},{"not_picked":["Barrage","Redo","Fusion"],"picked":"Singing Bowl","floor":47.0},{"not_picked":["Redo","Beam Cell+1"],"picked":"Heatsinks+1","floor":48.0},{"not_picked":["Auto Shields+1","Leap","Thunder Strike"],"picked":"Singing Bowl","floor":54.0}],"player_experience":2292713,"relics_obtained":[{"floor":6.0,"key":"Frozen Egg 2"},{"floor":9.0,"key":"Cables"},{"floor":12.0,"key":"Orichalcum"},{"floor":24.0,"key":"Akabeko"},{"floor":24.0,"key":"War Paint"},{"floor":26.0,"key":"White Beast Statue"},{"floor":28.0,"key":"Bag of Marbles"},{"floor":28.0,"key":"Sundial"},{"floor":40.0,"key":"Singing Bowl"},{"floor":40.0,"key":"Bottled Tornado"},{"floor":42.0,"key":"MealTicket"},{"floor":42.0,"key":"Bird Faced Urn"},{"floor":44.0,"key":"MawBank"},{"floor":44.0,"key":"TungstenRod"},{"floor":54.0,"key":"Oddly Smooth Stone"},{"floor":54.0,"key":"Strawberry"}],"event_choices":[{"cards_removed":["Strike_B"],"damage_healed":0.0,"max_hp_gain":0.0,"max_hp_loss":0.0,"gold_gain":0.0,"event_name":"Golden Wing","player_choice":"Card Removal","floor":3.0,"gold_loss":0.0,"damage_taken":7.0},{"damage_healed":0.0,"max_hp_gain":5.0,"max_hp_loss":0.0,"gold_gain":0.0,"event_name":"Big Fish","player_choice":"Donut","floor":5.0,"gold_loss":0.0,"damage_taken":0.0},{"damage_healed":0.0,"max_hp_gain":0.0,"max_hp_loss":0.0,"gold_gain":30.0,"event_name":"Dead Adventurer","player_choice":"Searched \u00273\u0027 times","floor":8.0,"gold_loss":0.0,"damage_taken":0.0,"relics_obtained":["Dream Catcher"]},{"damage_healed":0.0,"max_hp_gain":0.0,"max_hp_loss":6.0,"gold_gain":0.0,"event_name":"Golden Idol","player_choice":"Lose Max HP","floor":13.0,"gold_loss":0.0,"damage_taken":0.0,"relics_obtained":["Golden Idol"]},{"damage_healed":0.0,"max_hp_gain":0.0,"max_hp_loss":0.0,"gold_gain":0.0,"event_name":"N\u0027loth","player_choice":"Ignored","floor":30.0,"gold_loss":0.0,"damage_taken":0.0},{"damage_healed":0.0,"max_hp_gain":0.0,"max_hp_loss":0.0,"gold_gain":333.0,"event_name":"The Moai Head","player_choice":"Gave Idol","floor":38.0,"relics_lost":["Golden Idol"],"gold_loss":0.0,"damage_taken":0.0}],"is_beta":false,"boss_relics":[{"not_picked":["FrozenCore","Snecko Eye"],"picked":"Black Star"},{"not_picked":["Runic Dome","Pandora\u0027s Box"],"picked":"Empty Cage"}],"items_purged_floors":[20,46,53],"is_endless":false,"potions_floor_spawned":[2,4,11,14,16,25,28,31,33,35,36,37,39,40,42,44,47,48,54],"ascension_level":1}}