{"host":"i4eavuqabbk5mi94","time":1611227813,"event":{"mods":["BaseMod","Googly Eyes","Minty Spire (QoL Compilation)"],"gold_per_floor":[117,117,117,133,147,173,187,187,210,210,210,284,41,55,55,150,150,169,15,15,28,40,40,65,82,82,98,108,108,108,138,138,235,235,250,250,150,200,224,224,224],"floor_reached":40,"language":"ENG","playtime":2190,"items_purged":["Defend_G","Strike_G"],"score":561,"play_id":"5e7c67b1-67ce-480a-89c1-8b9ccc271f75","local_time":"20210121111653","is_ascension_mode":true,"campfire_choices":[{"data":"Cloak And Dagger","floor":8,"key":"SMITH"},{"data":"Slice","floor":10,"key":"SMITH"},{"floor":15,"key":"REST"},{"floor":23,"key":"REST"},{"floor":29,"key":"REST"},{"floor":32,"key":"REST"}],"circlet_count":0,"master_deck":["Strike_G","Strike_G","Defend_G","Defend_G","Defend_G","Survivor","Neutralize","Slice+1","Dodge and Roll","Cloak And Dagger+1","Prepared","Masterful Stab","Cloak And Dagger","Envenom","Accuracy","Caltrops","Dagger Spray+1","Infinite Blades","Backflip","Blade Dance","A Thousand Cuts"],"relics":["WristBlade","Bronze Scales","Regal Pillow","Gremlin Horn","Philosopher\u0027s Stone","Toy Ornithopter","Strawberry","Bag of Marbles","Molten Egg 2","Empty Cage","Girya","Blood Vial"],"acts_visited":["Exordium","TheCity","TheBeyond"],"potions_floor_usage":[4,6,6,16,21,21,28,38],"damage_taken":[{"damage":5,"enemies":"Jaw Worm","floor":1,"turns":4},{"damage":3,"enemies":"Small Slimes","floor":4,"turns":3},{"damage":0,"enemies":"Cultist","floor":5,"turns":3},{"damage":3,"enemies":"3 Sentries","floor":6,"turns":6},{"damage":8,"enemies":"Lots of Slimes","floor":7,"turns":4},{"damage":2,"enemies":"Large Slime","floor":14,"turns":3},{"damage":22,"enemies":"Hexaghost","floor":16,"turns":10},{"damage":2,"enemies":"Chosen","floor":18,"turns":4},{"damage":0,"enemies":"3 Byrds","floor":21,"turns":2},{"damage":19,"enemies":"Centurion and Healer","floor":22,"turns":7},{"damage":0,"enemies":"Gremlin Leader","floor":24,"turns":5},{"damage":39,"enemies":"Snake Plant","floor":25,"turns":3},{"damage":3,"enemies":"3 Cultists","floor":27,"turns":4},{"damage":24,"enemies":"Cultist and Chosen","floor":28,"turns":5},{"damage":21,"enemies":"Slavers","floor":31,"turns":4},{"damage":60,"enemies":"Automaton","floor":33,"turns":8},{"damage":0,"enemies":"3 Shapes","floor":35,"turns":6},{"damage":35,"enemies":"Mind Bloom Boss Battle","floor":38,"turns":6},{"damage":42,"enemies":"Reptomancer","floor":40,"turns":6}],"seed_played":"9136430063761641291","potions_obtained":[{"floor":3,"key":"Fruit Juice"},{"floor":3,"key":"Dexterity Potion"},{"floor":3,"key":"AttackPotion"},{"floor":4,"key":"Swift Potion"},{"floor":6,"key":"Explosive Potion"},{"floor":18,"key":"Block Potion"},{"floor":24,"key":"Fire Potion"},{"floor":31,"key":"LiquidMemories"}],"is_trial":false,"path_per_floor":["M","?","?","M","M","E","M","R","T","R","?","?","$","M","R","B",null,"M","$","?","M","M","R","E","M","T","M","M","R","T","E","R","B",null,"M","?","$","?","T","E"],"character_chosen":"THE_SILENT","items_purchased":["Gremlin Horn","Caltrops"],"campfire_rested":4,"item_purchase_floors":[13,19],"current_hp_per_floor":[65,65,65,67,67,64,56,56,56,56,56,56,56,54,75,53,70,68,68,61,61,42,75,75,36,43,40,21,60,60,39,78,18,66,66,66,66,36,36,0,0],"gold":224,"neow_bonus":"BOSS_RELIC","is_daily":false,"chose_seed":false,"campfire_upgraded":2,"win_rate":0.0,"timestamp":1611227813,"path_taken":["M","?","?","M","?","E","?","R","T","R","?","?","$","M","R","BOSS","M","$","?","?","?","R","E","M","T","M","M","R","?","E","R","BOSS","M","?","$","?","?","E"],"items_purchased_type":["Relic","Card"],"build_version":"2020-12-22","purchased_purges":2,"victory":false,"max_hp_per_floor":[70,70,70,75,75,75,75,75,75,75,75,75,75,75,75,75,75,75,75,75,75,75,75,75,75,82,82,82,82,82,82,82,82,82,82,82,82,82,82,82,82],"card_choices":[{"not_picked":["Calculated Gamble","Dagger Throw"],"picked":"Slice","floor":1},{"not_picked":["Crippling Poison","Doppelganger"],"picked":"Dodge and Roll","floor":4},{"not_picked":["Flying Knee","Deflect"],"picked":"Cloak And Dagger","floor":5},{"not_picked":["Underhanded Strike","Setup"],"picked":"Prepared","floor":6},{"not_picked":["Dash","Bane"],"picked":"Masterful Stab","floor":7},{"not_picked":["Finisher","Acrobatics"],"picked":"Cloak And Dagger","floor":14},{"not_picked":["Tools of the Trade","Die Die Die"],"picked":"Envenom","floor":16},{"not_picked":["Sucker Punch","Blur"],"picked":"Accuracy","floor":18},{"not_picked":["Underhanded Strike","Poisoned Stab"],"picked":"Backstab","floor":21},{"not_picked":["Deflect","Concentrate"],"picked":"Dagger Spray+1","floor":22},{"not_picked":["Finisher+1","Footwork"],"picked":"Infinite Blades","floor":24},{"not_picked":["Poisoned Stab","Catalyst","Concentrate+1"],"picked":"SKIP","floor":25},{"not_picked":["Underhanded Strike","Storm of Steel"],"picked":"Backflip","floor":27},{"not_picked":["Slice+1","Crippling Poison"],"picked":"Blade Dance","floor":28},{"not_picked":["Underhanded Strike+1","Deadly Poison","Cloak And Dagger"],"picked":"SKIP","floor":31},{"not_picked":["After Image","Tools of the Trade"],"picked":"A Thousand Cuts","floor":33},{"not_picked":["Caltrops","Dagger Spray+1","Underhanded Strike+1"],"picked":"SKIP","floor":35}],"player_experience":399396,"relics_obtained":[{"floor":6,"key":"Bronze Scales"},{"floor":9,"key":"Regal Pillow"},{"floor":24,"key":"Toy Ornithopter"},{"floor":26,"key":"Strawberry"},{"floor":30,"key":"Bag of Marbles"},{"floor":31,"key":"Molten Egg 2"},{"floor":38,"key":"Girya"},{"floor":39,"key":"Blood Vial"}],"event_choices":[{"damage_healed":0,"gold_gain":0,"player_choice":"Leave","damage_taken":0,"max_hp_gain":0,"max_hp_loss":0,"event_name":"The Cleric","floor":2,"gold_loss":0},{"damage_healed":0,"gold_gain":0,"player_choice":"Got Potions","damage_taken":0,"max_hp_gain":0,"max_hp_loss":0,"event_name":"Lab","floor":3,"gold_loss":0},{"cards_removed":["Strike_G"],"damage_healed":0,"gold_gain":0,"player_choice":"Forget","damage_taken":0,"max_hp_gain":0,"max_hp_loss":0,"event_name":"Living Wall","floor":11,"gold_loss":0},{"damage_healed":0,"gold_gain":74,"player_choice":"Gained Gold","damage_taken":0,"max_hp_gain":0,"max_hp_loss":0,"event_name":"Golden Wing","floor":12,"gold_loss":0},{"damage_healed":0,"gold_gain":0,"player_choice":"Damaged","damage_taken":7,"max_hp_gain":0,"max_hp_loss":0,"event_name":"Wheel of Change","floor":20,"gold_loss":0},{"cards_removed":["Backstab"],"damage_healed":0,"gold_gain":0,"player_choice":"Removed Attack","damage_taken":0,"max_hp_gain":0,"max_hp_loss":0,"event_name":"Falling","floor":36,"gold_loss":0},{"damage_healed":0,"gold_gain":0,"player_choice":"Fight","damage_taken":0,"max_hp_gain":0,"max_hp_loss":0,"event_name":"MindBloom","floor":38,"gold_loss":0}],"is_beta":false,"boss_relics":[{"not_picked":["SacredBark","Cursed Key"],"picked":"Philosopher\u0027s Stone"},{"not_picked":["Velvet Choker","Black Star"],"picked":"Empty Cage"}],"items_purged_floors":[19,37],"is_endless":false,"potions_floor_spawned":[4,5,6,18,24,31],"killed_by":"Reptomancer","ascension_level":5}}