{"host":"8iaoobhpyvel1t4g","time":1611190552,"event":{"mods":["Always Whale","BaseMod","Colored Map","Downfall","Energized Spire","Highlight Path","Minty Spire (QoL Compilation)","StSLib"],"gold_per_floor":[99,113,129,144,144,177,201,212,247,9,9,0,0,20,36,135,135,135,152,37,37,48,68,94,121,21,21,21,21],"floor_reached":27,"language":"ENG","playtime":1563,"items_purged":["bronze:Strike","bronze:Strike"],"score":313,"play_id":"0914e25e-0d30-4d27-b8f1-b5c9919f9943","local_time":"20210120195552","is_ascension_mode":true,"campfire_choices":[{"data":"bronze:Goto","floor":1,"key":"SMITH"},{"data":"bronze:FineTuning","floor":11,"key":"SMITH"},{"data":"bronze:Terminator","floor":18,"key":"SMITH"},{"data":"bronze:Assembly","floor":26,"key":"SMITH"}],"circlet_count":0,"master_deck":["bronze:Strike","bronze:Strike","bronze:Defend","bronze:Defend","bronze:Defend","bronze:Defend+1","bronze:Replicate","bronze:Goto+1","bronze:Boost+1","bronze:GetLatest","bronze:ClassDefault","bronze:Terminator","bronze:Repulsor","bronze:FollowUp","bronze:FineTuning+1","bronze:Terminator+1","bronze:Spike","bronze:Assembly+1","bronze:DazingPulse","bronze:BronzeOrb","bronze:DelayedGuard","bronze:BurnOut","bronze:Safeguard","bronze:FineTuning","Pride","bronze:BitShift"],"relics":["Sozu","War Paint","Lantern","MealTicket","Anchor","energizedSpire:NeverEndingSparkler","Vajra","Oddly Smooth Stone","downfall:HeartBlessingGreen"],"acts_visited":["Exordium","TheCity"],"potions_floor_usage":[],"damage_taken":[{"damage":1,"enemies":"Cultist","floor":2,"turns":3},{"damage":0,"enemies":"2 Louse","floor":3,"turns":2},{"damage":0,"enemies":"Jaw Worm","floor":4,"turns":3},{"damage":10,"enemies":"Lagavulin","floor":6,"turns":6},{"damage":4,"enemies":"Blue Slaver","floor":8,"turns":2},{"damage":0,"enemies":"Gremlin Nob","floor":9,"turns":4},{"damage":0,"enemies":"downfall:FleeingMerchant","floor":10,"turns":4},{"damage":7,"enemies":"downfall:FleeingMerchant","floor":12,"turns":4},{"damage":0,"enemies":"downfall:FleeingMerchant","floor":13,"turns":5},{"damage":0,"enemies":"2 Fungi Beasts","floor":14,"turns":4},{"damage":0,"enemies":"3 Louse","floor":15,"turns":2},{"damage":0,"enemies":"SI_SHIV_ARCHETYPE","floor":16,"turns":9},{"damage":0,"enemies":"Shell Parasite","floor":19,"turns":4},{"damage":6,"enemies":"downfall:FleeingMerchant","floor":20,"turns":4},{"damage":0,"enemies":"Centurion and Healer","floor":22,"turns":4},{"damage":18,"enemies":"Snake Plant","floor":23,"turns":5},{"damage":47,"enemies":"Cultist and Chosen","floor":27,"turns":5}],"seed_played":"-6059645076028607120","potions_obtained":[],"is_trial":false,"path_per_floor":["R","M","M","M","?","E","T","M","E","$","R","$","?","M","M","B",null,"R","M","$","?","M","M","T","T","R","M"],"character_chosen":"THE_AUTOMATON","items_purchased":["Anchor"],"campfire_rested":0,"item_purchase_floors":[10],"current_hp_per_floor":[70,69,69,69,69,59,59,55,55,70,70,63,63,63,63,63,70,70,70,64,64,64,46,46,46,46,0,0,0],"gold":21,"neow_bonus":"BOSS_RELIC","is_daily":false,"chose_seed":false,"campfire_upgraded":4,"win_rate":0.0,"timestamp":1611190552,"path_taken":["R","M","M","?","?","E","T","?","E","$","R","?","?","M","M","BOSS","R","M","$","?","M","M","T","?","R","M"],"items_purchased_type":["Relic"],"build_version":"2020-12-22","purchased_purges":2,"victory":false,"max_hp_per_floor":[70,70,70,70,70,70,70,70,70,70,70,70,70,70,70,70,70,70,70,70,70,70,70,70,70,70,70,70,70],"card_choices":[{"not_picked":["bronze:Invalidate","bronze:InfiniteBeams"],"picked":"bronze:Boost","floor":2},{"not_picked":["bronze:ChildClass","bronze:ForLoop"],"picked":"bronze:GetLatest","floor":3},{"not_picked":["bronze:Invalidate","bronze:Iterate"],"picked":"bronze:ClassDefault","floor":4},{"not_picked":["bronze:DelayedSlice","bronze:DarkDash"],"picked":"bronze:Terminator","floor":6},{"not_picked":["bronze:NullPointer","bronze:WildBeam"],"picked":"bronze:Repulsor","floor":8},{"not_picked":["bronze:Shield","bronze:HyperBeam"],"picked":"bronze:FollowUp","floor":9},{"not_picked":["bronze:Deprecate","bronze:Backtrace"],"picked":"bronze:FineTuning","floor":10},{"not_picked":["bronze:Shield","bronze:Overload"],"picked":"bronze:Terminator","floor":12},{"not_picked":[],"picked":"bronze:Spike","floor":13},{"not_picked":["bronze:WildBeam","bronze:DigitalCarnage"],"picked":"bronze:Assembly","floor":13},{"not_picked":[],"picked":"bronze:DazingPulse","floor":13},{"not_picked":["bronze:Terminator","bronze:Deprecate"],"picked":"bronze:BronzeOrb","floor":14},{"not_picked":["bronze:Shield","bronze:BronzeArmor"],"picked":"bronze:DelayedGuard","floor":15},{"not_picked":["bronze:Assembly","bronze:RecursiveStrike"],"picked":"bronze:BurnOut","floor":16},{"not_picked":["bronze:InfiniteBeams","bronze:Overheat"],"picked":"bronze:Safeguard","floor":19},{"not_picked":["bronze:DelayedGuard+1","bronze:Philosophize"],"picked":"bronze:FineTuning","floor":20},{"not_picked":["bronze:CutThrough","bronze:ClassDefault"],"picked":"bronze:BitShift","floor":22},{"not_picked":["bronze:Overheat+1","bronze:Separator+1","bronze:RecursiveStrike"],"picked":"SKIP","floor":23}],"player_experience":365655,"relics_obtained":[{"floor":6,"key":"War Paint"},{"floor":7,"key":"Lantern"},{"floor":9,"key":"MealTicket"},{"floor":25,"key":"Oddly Smooth Stone"}],"event_choices":[{"damage_healed":0,"gold_gain":0,"player_choice":"Got Potions","damage_taken":0,"max_hp_gain":0,"max_hp_loss":0,"event_name":"Lab","floor":5,"gold_loss":0},{"damage_healed":0,"gold_gain":0,"player_choice":"Stole Relic","damage_taken":0,"relics_obtained":["Vajra"],"max_hp_gain":0,"max_hp_loss":0,"event_name":"Addict","floor":21,"gold_loss":0,"cards_obtained":["Pride"]}],"is_beta":false,"boss_relics":[{"not_picked":["energizedSpire:RedRose","Runic Pyramid"],"picked":"energizedSpire:NeverEndingSparkler"}],"items_purged_floors":[10,20],"is_endless":false,"potions_floor_spawned":[4,8,13,14,15,23],"killed_by":"Cultist and Chosen","ascension_level":1}}