{"host":"1dhlu4qzehvrzpot","time":1611235503,"event":{"mods":["2.2 Compatiblity","AchievementEnabler","BaseMod","Block Reminder","Minty Spire (QoL Compilation)","Permanent Neow","Quick Restart","Rare Cards Sparkle","Relic Stats","Say the Spire","Slay-I","StSLib","SuperFastMode"],"gold_per_floor":[109,128,128,139,159,186,186,32,59,89,102,135,191,211,211,311,311,321,321,85,104,121,155,155,155,155,172,172,186,217,227,227,326,326,342,342,26,39,50,80,97,97,97,97,115,149,149,0,0,0],"floor_reached":51,"language":"ENG","playtime":1590,"items_purged":["Regret","Writhe"],"score":1057,"play_id":"f94e2365-4c54-421d-b75c-b380a8abff1c","local_time":"20210121142503","is_ascension_mode":true,"campfire_choices":[{"floor":7,"key":"REST"},{"data":"Apotheosis","floor":15,"key":"SMITH"},{"data":"Sunder","floor":25,"key":"SMITH"},{"data":"Self Repair","floor":28,"key":"SMITH"},{"floor":32,"key":"REST"},{"data":"Madness","floor":42,"key":"SMITH"},{"data":"Madness","floor":47,"key":"SMITH"},{"data":"Echo Form","floor":49,"key":"SMITH"}],"circlet_count":0,"master_deck":["Strike_B","Strike_B","Strike_B","Defend_B","Defend_B","Defend_B","Defend_B","Zap","Dualcast","Apotheosis+1","Defragment","Hologram","Sunder+1","Compile Driver","Self Repair+1","Multi-Cast","FTL","Tempest","Consume","Echo Form+1","Capacitor","White Noise","Thunder Strike","Leap+1","Biased Cognition","Madness+1","Madness+1","Loop","Tempest+1","Core Surge","White Noise+1","Defragment"],"relics":["Cracked Core","Pen Nib","Orichalcum","Smiling Mask","Mango","Oddly Smooth Stone","Juzu Bracelet","Nuclear Battery","Kunai","ClockworkSouvenir","MealTicket","Gremlin Horn","Symbiotic Virus","SacredBark","Membership Card","Thread and Needle","Toy Ornithopter","Akabeko","Mummified Hand","Red Mask"],"acts_visited":["Exordium","TheCity","TheBeyond"],"potions_floor_usage":[5,22,30,33,35,39,41,46,50],"damage_taken":[{"damage":0,"enemies":"Cultist","floor":1,"turns":2},{"damage":2,"enemies":"Jaw Worm","floor":2,"turns":3},{"damage":3,"enemies":"Small Slimes","floor":4,"turns":3},{"damage":11,"enemies":"3 Louse","floor":5,"turns":3},{"damage":20,"enemies":"Gremlin Nob","floor":6,"turns":4},{"damage":14,"enemies":"Lagavulin","floor":10,"turns":5},{"damage":5,"enemies":"Blue Slaver","floor":11,"turns":3},{"damage":6,"enemies":"3 Sentries","floor":12,"turns":6},{"damage":7,"enemies":"3 Sentries","floor":13,"turns":4},{"damage":6,"enemies":"2 Fungi Beasts","floor":14,"turns":3},{"damage":27,"enemies":"Hexaghost","floor":16,"turns":6},{"damage":3,"enemies":"Chosen","floor":18,"turns":4},{"damage":28,"enemies":"2 Thieves","floor":21,"turns":4},{"damage":16,"enemies":"Chosen and Byrds","floor":22,"turns":4},{"damage":44,"enemies":"Book of Stabbing","floor":23,"turns":6},{"damage":6,"enemies":"Centurion and Healer","floor":27,"turns":4},{"damage":6,"enemies":"Sentry and Sphere","floor":29,"turns":3},{"damage":12,"enemies":"Gremlin Leader","floor":30,"turns":3},{"damage":18,"enemies":"Snecko","floor":31,"turns":5},{"damage":55,"enemies":"Champ","floor":33,"turns":8},{"damage":2,"enemies":"Orb Walker","floor":35,"turns":4},{"damage":1,"enemies":"3 Shapes","floor":38,"turns":5},{"damage":5,"enemies":"3 Darklings","floor":39,"turns":4},{"damage":39,"enemies":"Giant Head","floor":40,"turns":8},{"damage":15,"enemies":"Spire Growth","floor":41,"turns":4},{"damage":6,"enemies":"Maw","floor":45,"turns":6},{"damage":1,"enemies":"Reptomancer","floor":46,"turns":4},{"damage":84,"enemies":"Donu and Deca","floor":50,"turns":6}],"seed_played":"5667353780474703041","potions_obtained":[{"floor":1,"key":"SkillPotion"},{"floor":4,"key":"FairyPotion"},{"floor":5,"key":"Ancient Potion"},{"floor":21,"key":"Energy Potion"},{"floor":23,"key":"Explosive Potion"},{"floor":31,"key":"Energy Potion"},{"floor":33,"key":"SkillPotion"},{"floor":38,"key":"DistilledChaos"},{"floor":39,"key":"Strength Potion"},{"floor":40,"key":"DistilledChaos"},{"floor":45,"key":"Swift Potion"}],"is_trial":false,"path_per_floor":["M","M","?","M","M","E","R","$","T","E","M","E","?","M","R","B",null,"M","?","$","M","M","E","?","R","T","M","R","M","E","M","R","B",null,"M","?","$","M","M","E","M","R","T","?","M","E","R","?","R","B",null],"character_chosen":"DEFECT","items_purchased":["Self Repair","Capacitor","ClockworkSouvenir","Membership Card","Loop","Thread and Needle"],"campfire_rested":2,"item_purchase_floors":[8,20,20,37,37,37],"current_hp_per_floor":[50,48,48,45,34,14,36,36,36,46,51,55,48,52,52,35,76,87,87,87,59,50,13,42,42,42,46,46,50,48,40,66,11,70,88,77,89,88,89,60,60,60,60,60,64,78,78,78,78,53],"gold":0,"neow_bonus":"RANDOM_COLORLESS_2","is_daily":false,"chose_seed":false,"campfire_upgraded":6,"win_rate":0.0,"timestamp":1611235503,"path_taken":["M","?","?","M","M","E","R","?","T","E","M","E","?","M","R","BOSS","M","?","$","M","M","E","?","R","T","M","R","M","E","M","R","BOSS","M","?","$","M","M","E","M","R","T","?","M","E","R","?","R","BOSS"],"items_purchased_type":["Card","Card","Relic","Relic","Card","Relic"],"build_version":"2020-12-22","purchased_purges":2,"victory":true,"max_hp_per_floor":[75,75,75,75,75,75,75,75,75,89,89,89,89,89,89,89,89,89,89,89,89,89,89,89,89,89,89,89,89,89,89,89,89,89,89,89,89,89,89,89,89,89,89,89,89,89,89,89,89,89],"relic_stats":{"Gremlin Horn":[14,14],"counters":[28,123],"Mummified Hand":[10],"MealTicket":12,"Pen Nib":[13],"Juzu Bracelet":0,"Kunai":[12],"Orichalcum":[246],"Smiling Mask":50,"obtain_stats":[{"Gremlin Horn":26,"SacredBark":34,"Oddly Smooth Stone":12,"Mango":10,"Thread and Needle":37,"Pen Nib":3,"Juzu Bracelet":13,"Orichalcum":6,"Smiling Mask":9,"Akabeko":43,"Nuclear Battery":17,"ClockworkSouvenir":20,"Mummified Hand":46,"MealTicket":23,"Red Mask":48,"Kunai":19,"Membership Card":37,"Cracked Core":0,"Symbiotic Virus":30,"Toy Ornithopter":40},{"Gremlin Horn":15,"SacredBark":20,"Oddly Smooth Stone":8,"Mango":6,"Thread and Needle":21,"Pen Nib":2,"Juzu Bracelet":9,"Orichalcum":5,"Smiling Mask":5,"Akabeko":25,"Nuclear Battery":11,"ClockworkSouvenir":12,"Mummified Hand":27,"MealTicket":15,"Red Mask":27,"Kunai":12,"Membership Card":21,"Cracked Core":0,"Symbiotic Virus":18,"Toy Ornithopter":24},{"Gremlin Horn":60,"SacredBark":83,"Oddly Smooth Stone":29,"Mango":20,"Thread and Needle":87,"Pen Nib":5,"Juzu Bracelet":33,"Orichalcum":15,"Smiling Mask":15,"Akabeko":108,"Nuclear Battery":42,"ClockworkSouvenir":46,"Mummified Hand":117,"MealTicket":60,"Red Mask":117,"Kunai":46,"Membership Card":87,"Cracked Core":0,"Symbiotic Virus":70,"Toy Ornithopter":104}],"Toy Ornithopter":15},"card_choices":[{"not_picked":["Panache","The Bomb"],"picked":"Apotheosis","floor":0},{"not_picked":["Hologram","Steam"],"picked":"Defragment","floor":1},{"not_picked":["Sweeping Beam","Barrage"],"picked":"Hologram","floor":2},{"not_picked":["Steam","Stack","Gash"],"picked":"SKIP","floor":4},{"not_picked":["Steam","Beam Cell"],"picked":"Sunder","floor":5},{"not_picked":["Streamline","Blizzard"],"picked":"Compile Driver","floor":6},{"not_picked":["Force Field","Gash"],"picked":"Multi-Cast","floor":10},{"not_picked":["Hello World","Sweeping Beam"],"picked":"FTL","floor":11},{"not_picked":["Go for the Eyes","Steam Power"],"picked":"Tempest","floor":12},{"not_picked":["Undo","Ball Lightning"],"picked":"Consume","floor":13},{"not_picked":["Rebound","Steam","Rip and Tear"],"picked":"SKIP","floor":14},{"not_picked":["Amplify","Biased Cognition"],"picked":"Echo Form","floor":16},{"not_picked":["Beam Cell","Turbo","Leap"],"picked":"SKIP","floor":18},{"not_picked":["Barrage","Cold Snap"],"picked":"White Noise","floor":21},{"not_picked":["Steam Power","Conserve Battery+1","Turbo"],"picked":"SKIP","floor":22},{"not_picked":["Hello World","Leap"],"picked":"Thunder Strike","floor":23},{"not_picked":["Turbo","Compile Driver","Stack"],"picked":"SKIP","floor":27},{"not_picked":["Chaos+1","Undo","Gash"],"picked":"SKIP","floor":29},{"not_picked":["Leap+1","Rip and Tear","Gash"],"picked":"SKIP","floor":30},{"not_picked":["Rip and Tear","Gash"],"picked":"Leap+1","floor":30},{"not_picked":["Consume","Storm","Darkness+1"],"picked":"SKIP","floor":31},{"not_picked":["Meteor Strike","Hyperbeam"],"picked":"Biased Cognition","floor":33},{"not_picked":["Cold Snap+1","Ball Lightning","Reprogram"],"picked":"SKIP","floor":35},{"not_picked":["Aggregate+1","Cold Snap+1","Hologram"],"picked":"SKIP","floor":38},{"not_picked":["Recycle+1","Heatsinks"],"picked":"Tempest+1","floor":39},{"not_picked":["Fusion+1","Blizzard+1"],"picked":"Core Surge","floor":40},{"not_picked":["Double Energy","Cold Snap+1"],"picked":"White Noise+1","floor":41},{"not_picked":["Beam Cell+1","Chaos","Turbo+1"],"picked":"SKIP","floor":45},{"not_picked":["Consume+1","Stack"],"picked":"Defragment","floor":46}],"player_experience":532195,"relics_obtained":[{"floor":6,"key":"Orichalcum"},{"floor":9,"key":"Smiling Mask"},{"floor":10,"key":"Mango"},{"floor":12,"key":"Oddly Smooth Stone"},{"floor":13,"key":"Juzu Bracelet"},{"floor":23,"key":"MealTicket"},{"floor":26,"key":"Gremlin Horn"},{"floor":30,"key":"Symbiotic Virus"},{"floor":40,"key":"Toy Ornithopter"},{"floor":43,"key":"Akabeko"},{"floor":46,"key":"Mummified Hand"}],"event_choices":[{"damage_healed":0,"gold_gain":0,"player_choice":"Box","damage_taken":0,"relics_obtained":["Pen Nib"],"max_hp_gain":0,"max_hp_loss":0,"event_name":"Big Fish","floor":3,"gold_loss":0,"cards_obtained":["Regret"]},{"damage_healed":0,"gold_gain":30,"player_choice":"Searched \u00272\u0027 times","damage_taken":0,"max_hp_gain":0,"max_hp_loss":0,"event_name":"Dead Adventurer","floor":13,"gold_loss":0},{"damage_healed":0,"gold_gain":0,"player_choice":"Opened","damage_taken":0,"relics_obtained":["Kunai"],"max_hp_gain":0,"max_hp_loss":0,"event_name":"The Mausoleum","floor":19,"gold_loss":0,"cards_obtained":["Writhe"]},{"damage_healed":29,"gold_gain":0,"player_choice":"Heal","damage_taken":0,"max_hp_gain":0,"max_hp_loss":0,"event_name":"The Library","floor":24,"gold_loss":0},{"damage_healed":0,"gold_gain":0,"player_choice":"Embrace Madness","damage_taken":11,"max_hp_gain":0,"max_hp_loss":0,"event_name":"Winding Halls","floor":36,"gold_loss":0,"cards_obtained":["Madness","Madness"]},{"cards_removed":["Strike_B"],"damage_healed":0,"gold_gain":0,"player_choice":"Removed Attack","damage_taken":0,"max_hp_gain":0,"max_hp_loss":0,"event_name":"Falling","floor":44,"gold_loss":0},{"damage_healed":0,"gold_gain":0,"player_choice":"Paid","damage_taken":0,"relics_obtained":["Red Mask"],"max_hp_gain":0,"max_hp_loss":0,"event_name":"Tomb of Lord Red Mask","floor":48,"gold_loss":149}],"is_beta":false,"boss_relics":[{"not_picked":["SlaversCollar","Astrolabe"],"picked":"Nuclear Battery"},{"not_picked":["Runic Dome","Velvet Choker"],"picked":"SacredBark"}],"items_purged_floors":[8,20],"is_endless":false,"potions_floor_spawned":[1,4,5,21,23,31,33,38,39,40,45],"ascension_level":8}}