{"host":"ky7z67tg8zpdk0g7","time":1611210341,"event":{"mods":["2.2 Compatiblity","BaseMod","Better Third Choice","CapriCore","Displayed Cursed Tome","Energized Spire","Halation","Hubris","Minty Spire (QoL Compilation)","Replay The Spire","Shade Mod","Shop Mod","StSLib","The Animator"],"gold_per_floor":[110,129,129,129,148,148,481,500,526,536,711,17,17,207,207,219,219],"floor_reached":16,"language":"RUS","playtime":785,"items_purged":["Doubt"],"score":105,"play_id":"66771d08-f784-492a-ba78-ad75ea3e2331","local_time":"20210121132541","is_ascension_mode":true,"campfire_choices":[{"data":"animator:Alexander","floor":6,"key":"SMITH"},{"floor":15,"key":"REST"}],"circlet_count":0,"master_deck":["animator:Strike_Fate","animator:Defend_Fate","animator:Strike","animator:Strike","animator:Strike","animator:Defend","animator:Defend","animator:Defend","animator:Alexander+1","animator:Rider","animator:Assassin+1","animator:PandorasActor","animator:Viivi+1","animator:NarberalGamma","animator:Archer","animator:IchigoKurosaki","Burn","ReplayTheSpireMod:Splinters","animator:Archer"],"relics":["animator:LivingPicture","animator:TheMissingPiece","Old Coin","PreservedInsect","ReplayTheSpireMod:Ninjato","Replay:Bandana"],"acts_visited":["Exordium"],"potions_floor_usage":[7,16],"damage_taken":[{"damage":7,"enemies":"Cultist","floor":1,"turns":5},{"damage":0,"enemies":"2 Louse","floor":2,"turns":2},{"damage":2,"enemies":"Jaw Worm","floor":5,"turns":3},{"damage":18,"enemies":"3 Sentries","floor":7,"turns":6},{"damage":11,"enemies":"Looter","floor":8,"turns":3},{"damage":14,"enemies":"Large Slime","floor":10,"turns":7},{"damage":34,"enemies":"Hexaghost","floor":16,"turns":9}],"seed_played":"-8408258329223285903","potions_obtained":[{"floor":2,"key":"Milkshake"},{"floor":5,"key":"Strength Potion"}],"is_trial":false,"path_per_floor":["M","M","?","?","M","R","E","M","T","M","?","$","?","?","R","B"],"character_chosen":"THE_ANIMATOR","items_purchased":["animator:Archer","animator:IchigoKurosaki","Adrenaline Potion","ReplayTheSpireMod:Ninjato","Replay:Bandana"],"campfire_rested":1,"item_purchase_floors":[12,12,12,12,12],"current_hp_per_floor":[59,59,59,59,57,57,39,28,28,14,14,14,14,14,33,0,0],"gold":219,"neow_bonus":"RANDOM_EVENT","is_daily":false,"chose_seed":false,"campfire_upgraded":1,"win_rate":0.0,"timestamp":1611210341,"path_taken":["M","M","?","?","M","R","E","M","T","?","?","$","?","?","R","BOSS"],"items_purchased_type":["Card","Card","Potion","Relic","Relic"],"build_version":"2020-12-22","purchased_purges":1,"victory":false,"max_hp_per_floor":[66,66,66,66,66,66,66,66,66,66,66,66,66,66,66,66,66],"card_choices":[{"not_picked":["animator:Tatsumaki","animator:NarberalGamma"],"picked":"animator:PandorasActor","floor":1},{"not_picked":["animator:MumenRider","animator:PandorasActor"],"picked":"animator:Viivi","floor":2},{"not_picked":["animator:Layla","animator:Tatsumaki","animator:Alexander"],"picked":"SKIP","floor":5},{"not_picked":["animator:Demiurge","animator:Sebas"],"picked":"animator:NarberalGamma","floor":7},{"not_picked":["animator:Arpeggio","animator:Witch","animator:CowGirl"],"picked":"SKIP","floor":8},{"not_picked":["animator:Demiurge","animator:Entoma","animator:CowGirl"],"picked":"SKIP","floor":10},{"not_picked":["animator:NarberalGamma","animator:Millim"],"picked":"animator:Archer","floor":14}],"player_experience":94182,"relics_obtained":[{"floor":7,"key":"Old Coin"},{"floor":9,"key":"PreservedInsect"}],"event_choices":[{"damage_healed":0,"gold_gain":0,"player_choice":"Upgraded","damage_taken":0,"max_hp_gain":0,"max_hp_loss":0,"event_name":"Upgrade Shrine","floor":4,"gold_loss":0,"cards_upgraded":["animator:Assassin"]},{"damage_healed":0,"gold_gain":175,"player_choice":"AGREE","damage_taken":536,"max_hp_gain":0,"max_hp_loss":0,"event_name":"betterThird:BetterSerpent","floor":11,"gold_loss":0},{"damage_healed":14,"gold_gain":0,"player_choice":"Embrace Burn","damage_taken":0,"max_hp_gain":0,"max_hp_loss":66,"event_name":"betterThird:BetterShining","floor":13,"gold_loss":0}],"is_beta":false,"boss_relics":[],"items_purged_floors":[12],"is_endless":false,"potions_floor_spawned":[2,5],"killed_by":"Hexaghost","ascension_level":1}}