{"host":"zxd2l8an9de7z7b9","time":1611229559,"event":{"mods":["100% Spire Juice","2.2 Compatiblity","Arknights The Spire","BaseMod","CapriCore","Colored Map","Colored Powertips","GungeonMod","Minty Spire (QoL Compilation)","Rare Cards Sparkle","Replay The Spire","StSLib","SuperFastMode"],"gold_per_floor":[113,125,50,67,142,142,242,242,268,285,296,316,332,332,332,332,332],"floor_reached":16,"language":"KOR","playtime":618,"items_purged":["DemoMod:Strike_Huntress"],"score":94,"play_id":"ddf7e879-f769-4d7d-821d-db317732d6c6","local_time":"20210121204559","is_ascension_mode":false,"campfire_choices":[{"data":"DemoMod:CursedBullets","floor":6.0,"key":"SMITH"},{"data":"DemoMod:HungryBullets","floor":8.0,"key":"SMITH"},{"data":"DemoMod:PotionOfGunFriendShip","floor":15.0,"key":"SMITH"}],"circlet_count":0,"master_deck":["DemoMod:Strike_Huntress","DemoMod:Strike_Huntress","DemoMod:Defend_Huntress","DemoMod:Defend_Huntress","DemoMod:Defend_Huntress","DemoMod:Defend_Huntress","DemoMod:Roll","DemoMod:ManualReload","DemoMod:RustySidearm","DemoMod:CrossBow","DemoMod:PotionOfGunFriendShip+1","DemoMod:CursedBullets+1","DemoMod:DirectionalPad","DemoMod:HungryBullets+1","DemoMod:MachoBrace","DemoMod:HardPowerCard","DemoMod:EasyReloadBullets","DemoMod:ShadowBullets","Hallucinations"],"relics":["DemoMod:Dog","Smiling Mask","Ring of Peace"],"acts_visited":["Exordium"],"potions_floor_usage":[16],"damage_taken":[{"damage":0.0,"enemies":"Small Slimes","floor":1.0,"turns":2.0},{"damage":6.0,"enemies":"2 Louse","floor":2.0,"turns":2.0},{"damage":0.0,"enemies":"Cultist","floor":4.0,"turns":3.0},{"damage":4.0,"enemies":"Large Slime","floor":10.0,"turns":6.0},{"damage":7.0,"enemies":"Blue Slaver","floor":11.0,"turns":4.0},{"damage":6.0,"enemies":"3 Louse","floor":12.0,"turns":3.0},{"damage":4.0,"enemies":"Exordium Thugs","floor":13.0,"turns":8.0},{"damage":51,"enemies":"Fading Forest","floor":16,"turns":9}],"seed_played":"-2922020227898284047","potions_obtained":[{"floor":1.0,"key":"Fire Potion"},{"floor":4.0,"key":"Block Potion"},{"floor":13.0,"key":"Strength Potion"}],"is_trial":false,"path_per_floor":["M","M","$","M","?","R","?","R","T","M","M","M","M","?","R","B"],"character_chosen":"HUNTRESS","items_purchased":[],"campfire_rested":0,"item_purchase_floors":[],"current_hp_per_floor":[70,64,64,64,53,53,53,53,53,49,42,36,32,32,32,0,0],"gold":332,"neow_bonus":"THREE_CARDS","is_daily":false,"chose_seed":false,"campfire_upgraded":3,"win_rate":0.0,"timestamp":1611229559,"path_taken":["M","M","$","M","?","R","?","R","T","M","?","M","M","?","R","BOSS"],"items_purchased_type":[],"build_version":"2020-12-22","purchased_purges":1,"victory":false,"max_hp_per_floor":[70,70,70,70,70,70,70,70,70,70,70,70,70,70,70,70,70],"card_choices":[{"not_picked":["DemoMod:LifeOrb","DemoMod:SAA"],"picked":"DemoMod:PotionOfGunFriendShip","floor":0.0},{"not_picked":["DemoMod:DoubleSwitch","DemoMod:StickyCrossBow"],"picked":"DemoMod:CursedBullets","floor":1.0},{"not_picked":["DemoMod:Ejector","DemoMod:BoxingGlove"],"picked":"DemoMod:DirectionalPad","floor":2.0},{"not_picked":["DemoMod:AWP","DemoMod:ConditionalReflex"],"picked":"DemoMod:HungryBullets","floor":4.0},{"not_picked":["DemoMod:ConditionalReflex","DemoMod:Eureka"],"picked":"DemoMod:MachoBrace","floor":10.0},{"not_picked":["DemoMod:SniperShot","DemoMod:TableSutra"],"picked":"DemoMod:HardPowerCard","floor":11.0},{"not_picked":["DemoMod:GunstockTap","DemoMod:FastSwitch"],"picked":"DemoMod:EasyReloadBullets","floor":12.0},{"not_picked":["DemoMod:PotionOfGunFriendShip","DemoMod:CombinedRifle"],"picked":"DemoMod:ShadowBullets","floor":13.0}],"player_experience":352635,"relics_obtained":[{"floor":9.0,"key":"Smiling Mask"},{"floor":14.0,"key":"Ring of Peace"}],"event_choices":[{"damage_healed":0.0,"max_hp_gain":0.0,"max_hp_loss":0.0,"gold_gain":75.0,"event_name":"World of Goop","player_choice":"Gather Gold","floor":5.0,"gold_loss":0.0,"damage_taken":11.0},{"damage_healed":0.0,"max_hp_gain":0.0,"max_hp_loss":0.0,"gold_gain":100.0,"event_name":"Wheel of Change","player_choice":"Gold","floor":7.0,"gold_loss":0.0,"damage_taken":0.0}],"is_beta":false,"boss_relics":[],"items_purged_floors":[3],"is_endless":false,"potions_floor_spawned":[1,4,13],"killed_by":"Fading Forest","ascension_level":0}}