{"host":"gzsdmyo07u314vug","time":1611194434,"event":{"mods":["2.2 Compatiblity","Astrologer","BaseMod","Colored Powertips","GifTheSpireLib","Gremlin Mod","Hermit","Jorbs\u0027s Wanderer Trilogy","Minty Spire (QoL Compilation)","Quick Restart","Rare Cards Sparkle","Relic Stats","Replay The Spire","Robot Space Explorer","Shop Mod","StSLib","The Bug Knight","The Construct","The Cursed","The Elementalist","The Hierophant","The IronCluck","The Marked","The Necromancer","The Runesmith","The Servant 0.9.4","Unceasing Turn Reminder","everything is the same but u backflip on backflip","slay the spire mod where everything is the same but ironclad has a cowboy hat","vexMod"],"gold_per_floor":[116,116,134,134,134,134,153,170,193,40,40,81,81,109,109,209,309,340,358,369,390,390,390,411,455,482,502,502,502,429,442,442,576,576,596,596,625,625,647,647,665,565,590,590,590,632,632,648,648,648],"floor_reached":51,"language":"ENG","playtime":4188,"items_purged":["stsjorbsmod:Strike_Wanderer","stsjorbsmod:Strike_Wanderer"],"score":748,"play_id":"b5298833-07c6-43ae-9d75-8e6104580fac","local_time":"20210120230034","is_ascension_mode":false,"campfire_choices":[{"data":"stsjorbsmod:FreshAdventure","floor":6.0,"key":"SMITH"},{"data":"stsjorbsmod:WeightOfMemory","floor":13.0,"key":"SMITH"},{"data":"stsjorbsmod:FindFamiliar","floor":15.0,"key":"SMITH"},{"data":"stsjorbsmod:ScorchingRay","floor":23.0,"key":"SMITH"},{"floor":28.0,"key":"REST"},{"data":"stsjorbsmod:FranticSearch","floor":32.0,"key":"SMITH"},{"data":"stsjorbsmod:Feast","floor":40.0,"key":"SMITH"},{"data":"stsjorbsmod:Inferno","floor":44.0,"key":"SMITH"},{"data":"stsjorbsmod:Pyromancy","floor":47,"key":"SMITH"},{"data":"stsjorbsmod:TinyHut","floor":49,"key":"SMITH"}],"circlet_count":0,"master_deck":["stsjorbsmod:ForbiddenGrimoire+1","stsjorbsmod:Strike_Wanderer","stsjorbsmod:Defend_Wanderer+1","stsjorbsmod:Defend_Wanderer+1","stsjorbsmod:Defend_Wanderer+1","stsjorbsmod:Defend_Wanderer+1","stsjorbsmod:FreshAdventure+1","stsjorbsmod:EyeOfTheStorm+1","stsjorbsmod:ArcaneWeapon","stsjorbsmod:Channel","stsjorbsmod:Counterspell+1","stsjorbsmod:WeightOfMemory+1","stsjorbsmod:Will+1","stsjorbsmod:LocateObject+1","stsjorbsmod:ScorchingRay+1","stsjorbsmod:FindFamiliar+1","stsjorbsmod:SiphonEnergy+1","stsjorbsmod:SmithingStrike","stsjorbsmod:FranticSearch+1","stsjorbsmod:TinyHut+1","stsjorbsmod:MagicMissiles","stsjorbsmod:Feast+1","stsjorbsmod:WanderingMind+1","stsjorbsmod:Inferno+1","stsjorbsmod:MistyStep+1","stsjorbsmod:Firebolt+1","stsjorbsmod:Pyromancy+1"],"relics":["stsjorbsmod:GrimoireRelic","NeowsBlessing","Regal Pillow","Replay:Wanted Poster","War Paint","stsjorbsmod:AlchemistsFireRelic","construct:ClawGrip","Blood Vial","vexMod:FocusSash"],"acts_visited":["Exordium","TheCity","TheBeyond"],"potions_floor_usage":[46,50,50],"damage_taken":[{"damage":0.0,"enemies":"Small Slimes","floor":1.0,"turns":1.0},{"damage":0.0,"enemies":"Cultist","floor":3.0,"turns":1.0},{"damage":0.0,"enemies":"Jaw Worm","floor":7.0,"turns":1.0},{"damage":10.0,"enemies":"Large Slime","floor":8.0,"turns":6.0},{"damage":3.0,"enemies":"Gremlin Gang","floor":12.0,"turns":6.0},{"damage":0.0,"enemies":"Red Slaver","floor":14.0,"turns":3.0},{"damage":30.0,"enemies":"The Guardian","floor":16.0,"turns":7.0},{"damage":14.0,"enemies":"3 Byrds","floor":18.0,"turns":4.0},{"damage":6.0,"enemies":"Shell Parasite","floor":19.0,"turns":7.0},{"damage":18.0,"enemies":"Snake Plant","floor":20.0,"turns":3.0},{"damage":9.0,"enemies":"Centurion and Healer","floor":21.0,"turns":3.0},{"damage":20.0,"enemies":"Shelled Parasite and Fungi","floor":24.0,"turns":6.0},{"damage":11.0,"enemies":"3 Cultists","floor":25.0,"turns":6.0},{"damage":0.0,"enemies":"Centurion and Healer","floor":27.0,"turns":5.0},{"damage":0.0,"enemies":"Cultist and Chosen","floor":31.0,"turns":6.0},{"damage":10.0,"enemies":"Pondfish","floor":33.0,"turns":6.0},{"damage":0.0,"enemies":"3 Shapes","floor":35.0,"turns":3.0},{"damage":0.0,"enemies":"Orb Walker","floor":37.0,"turns":3.0},{"damage":2.0,"enemies":"Maw","floor":39.0,"turns":6.0},{"damage":0.0,"enemies":"Transient","floor":41.0,"turns":5.0},{"damage":5,"enemies":"Reptomancer","floor":46,"turns":7},{"damage":15,"enemies":"Spire Growth","floor":48,"turns":3},{"damage":35,"enemies":"Awakened One","floor":50,"turns":6}],"seed_played":"-328327719081649761","potions_obtained":[{"floor":12.0,"key":"AttackPotion"},{"floor":14.0,"key":"stsjorbsmod:LiquidVirtue"},{"floor":16.0,"key":"stsjorbsmod:BurningPotion"},{"floor":18.0,"key":"stsjorbsmod:DimensionDoorPotion"},{"floor":19.0,"key":"SneckoOil"},{"floor":25.0,"key":"Toxic Potion"},{"floor":31.0,"key":"SpeedPotion"},{"floor":33.0,"key":"Elixir"},{"floor":35.0,"key":"PowerPotion"},{"floor":36.0,"key":"Fire Potion"},{"floor":46,"key":"Energy Potion"}],"is_trial":false,"path_per_floor":["M","?","M","?","?","R","M","M","T","$","$","M","R","M","R","B",null,"M","M","M","M","?","R","M","M","T","M","R","T","$","M","R","B",null,"M","?","M","?","M","R","M","$","T","R","?","E","R","M","R","B",null],"character_chosen":"WANDERER","items_purchased":["stsjorbsmod:LocateObject","stsjorbsmod:TinyHut"],"campfire_rested":1,"item_purchase_floors":[10,30],"current_hp_per_floor":[68,68,68,68,68,68,68,61,61,61,61,59,59,60,60,30,68,59,57,41,38,38,38,23,18,18,26,62,62,62,68,68,65,70,76,76,76,76,78,78,78,78,78,78,78,80,80,69,69,46],"gold":648,"neow_bonus":"THREE_ENEMY_KILL","is_daily":false,"chose_seed":false,"campfire_upgraded":9,"win_rate":0.0,"timestamp":1611194434,"path_taken":["M","?","?","?","?","R","M","?","T","?","$","M","R","M","R","BOSS","M","M","M","?","?","R","?","M","T","M","R","?","$","?","R","BOSS","M","?","M","?","M","R","M","$","T","R","?","E","R","M","R","BOSS"],"items_purchased_type":["Card","Card"],"build_version":"2020-12-22","purchased_purges":2,"victory":true,"max_hp_per_floor":[68,68,68,68,68,68,68,68,68,68,68,68,68,68,68,68,68,68,68,68,68,68,68,68,68,68,70,70,70,70,70,70,70,70,76,76,76,76,78,78,78,78,78,78,78,80,80,80,80,82],"relic_stats":{"Blood Vial":2,"Regal Pillow":15,"counters":[23,104],"War Paint":["stsjorbsmod:Defend_Wanderer","stsjorbsmod:Will"],"obtain_stats":[{"Replay:Wanted Poster":17,"Blood Vial":43,"Regal Pillow":9,"construct:ClawGrip":34,"NeowsBlessing":0,"stsjorbsmod:GrimoireRelic":0,"stsjorbsmod:AlchemistsFireRelic":29,"vexMod:FocusSash":46,"War Paint":26},{"Replay:Wanted Poster":7,"Blood Vial":20,"Regal Pillow":4,"construct:ClawGrip":16,"NeowsBlessing":0,"stsjorbsmod:GrimoireRelic":0,"stsjorbsmod:AlchemistsFireRelic":14,"vexMod:FocusSash":21,"War Paint":13},{"Replay:Wanted Poster":25,"Blood Vial":88,"Regal Pillow":9,"construct:ClawGrip":71,"NeowsBlessing":0,"stsjorbsmod:GrimoireRelic":0,"stsjorbsmod:AlchemistsFireRelic":59,"vexMod:FocusSash":95,"War Paint":54}]},"card_choices":[{"not_picked":["stsjorbsmod:UnseenServant","stsjorbsmod:Hibernate"],"picked":"stsjorbsmod:ArcaneWeapon","floor":1.0},{"not_picked":["stsjorbsmod:UnseenServant","stsjorbsmod:ParryingBlow"],"picked":"stsjorbsmod:Channel","floor":3.0},{"not_picked":["stsjorbsmod:DoubleCheck","stsjorbsmod:Materialize"],"picked":"stsjorbsmod:WeightOfMemory","floor":7.0},{"not_picked":["stsjorbsmod:FracturedMind","stsjorbsmod:SchoolsOfMagic"],"picked":"stsjorbsmod:Will","floor":8.0},{"not_picked":["stsjorbsmod:ChainLightning","stsjorbsmod:ColorSpray"],"picked":"stsjorbsmod:ScorchingRay","floor":12.0},{"not_picked":["stsjorbsmod:Prepare","stsjorbsmod:Withdraw"],"picked":"stsjorbsmod:FindFamiliar","floor":14.0},{"not_picked":["stsjorbsmod:Pyromancy","stsjorbsmod:Determination"],"picked":"stsjorbsmod:SiphonEnergy","floor":16.0},{"not_picked":["stsjorbsmod:ParryingBlow","stsjorbsmod:RefuseToForget","stsjorbsmod:Message"],"picked":"SKIP","floor":18.0},{"not_picked":["stsjorbsmod:BlackTentacles","stsjorbsmod:ParryingBlow"],"picked":"stsjorbsmod:SmithingStrike","floor":19.0},{"not_picked":["stsjorbsmod:MagicMirror+1","stsjorbsmod:Mania+1"],"picked":"stsjorbsmod:FranticSearch","floor":20.0},{"not_picked":["stsjorbsmod:Mending","stsjorbsmod:RayOfFrost","stsjorbsmod:ChatteringStrike"],"picked":"SKIP","floor":21.0},{"not_picked":["stsjorbsmod:DeathThroes","stsjorbsmod:FracturedMind","stsjorbsmod:Hurt"],"picked":"SKIP","floor":24.0},{"not_picked":["stsjorbsmod:TrueStrike","stsjorbsmod:BookOfTongues","stsjorbsmod:DoubleCheck"],"picked":"SKIP","floor":25.0},{"not_picked":["stsjorbsmod:Mania+1","stsjorbsmod:FracturedMind","stsjorbsmod:BurningFlask"],"picked":"SKIP","floor":27.0},{"not_picked":["stsjorbsmod:Mending+1","stsjorbsmod:Materialize"],"picked":"stsjorbsmod:MagicMissiles","floor":31.0},{"not_picked":["stsjorbsmod:MirrorImage","stsjorbsmod:GatherPower"],"picked":"stsjorbsmod:Feast","floor":33.0},{"not_picked":["stsjorbsmod:RayOfFrost+1","stsjorbsmod:Patron+1"],"picked":"stsjorbsmod:WanderingMind+1","floor":35.0},{"not_picked":["stsjorbsmod:Channel","stsjorbsmod:ChatteringStrike"],"picked":"stsjorbsmod:Inferno","floor":37.0},{"not_picked":["stsjorbsmod:Mindworm+1","stsjorbsmod:BookOfTongues+1"],"picked":"stsjorbsmod:MistyStep+1","floor":39.0},{"not_picked":["stsjorbsmod:UnseenServant","stsjorbsmod:BurningFlask"],"picked":"stsjorbsmod:Firebolt+1","floor":41.0},{"not_picked":["stsjorbsmod:RayOfFrost+1","stsjorbsmod:ArcaneWeapon+1"],"picked":"stsjorbsmod:Pyromancy","floor":46},{"not_picked":["stsjorbsmod:BurningFlask+1","stsjorbsmod:Prestidigitation+1","stsjorbsmod:BlackTentacles"],"picked":"SKIP","floor":48}],"player_experience":747644,"relics_obtained":[{"floor":9.0,"key":"Regal Pillow"},{"floor":26.0,"key":"War Paint"},{"floor":29.0,"key":"stsjorbsmod:AlchemistsFireRelic"},{"floor":43.0,"key":"Blood Vial"},{"floor":46,"key":"vexMod:FocusSash"}],"event_choices":[{"damage_healed":0.0,"max_hp_gain":0.0,"max_hp_loss":0.0,"gold_gain":0.0,"event_name":"The Woman in Blue","player_choice":"Bought 0 Potions","floor":2.0,"gold_loss":0.0,"damage_taken":0.0},{"damage_healed":0.0,"max_hp_gain":0.0,"max_hp_loss":0.0,"gold_gain":0.0,"cards_transformed":["stsjorbsmod:Strike_Wanderer"],"event_name":"Transmorgrifier","player_choice":"Transformed","floor":5.0,"gold_loss":0.0,"damage_taken":0.0,"cards_obtained":["stsjorbsmod:Counterspell"]},{"damage_healed":0.0,"max_hp_gain":0.0,"max_hp_loss":0.0,"gold_gain":0.0,"event_name":"Accursed Blacksmith","player_choice":"Forge","floor":22.0,"gold_loss":0.0,"damage_taken":0.0,"cards_upgraded":["stsjorbsmod:EyeOfTheStorm"]},{"damage_healed":0.0,"max_hp_gain":0.0,"max_hp_loss":0.0,"gold_gain":0.0,"event_name":"Tomb of Lord Red Mask","player_choice":"Ignored","floor":38.0,"gold_loss":0.0,"damage_taken":0.0},{"damage_healed":0.0,"max_hp_gain":0.0,"max_hp_loss":0.0,"gold_gain":0.0,"event_name":"SecretPortal","player_choice":"Ignored","floor":45.0,"gold_loss":0.0,"damage_taken":0.0}],"is_beta":false,"boss_relics":[{"not_picked":["SacredBark","Pandora\u0027s Box"],"picked":"Replay:Wanted Poster"},{"not_picked":["construct:WeddingRing","Astrolabe"],"picked":"construct:ClawGrip"}],"items_purged_floors":[10,42],"is_endless":false,"potions_floor_spawned":[12,14,16,18,19,25,31,33,35,46,48],"ascension_level":0}}