{"host":"g5ztulhog0otympt","time":1611254748,"event":{"mods":["AchievementEnabler","BaseMod","Bestiary","Downfall","Hermit","Minty Spire (QoL Compilation)","StSLib","The Cursed"],"gold_per_floor":[110,25,41,41,41,41,41,53,99,164,57,57,207,224,224,319,319,299,58,73,45,45,45],"floor_reached":22,"language":"ENG","playtime":412,"items_purged":[],"score":174,"play_id":"a12bc85f-1e43-48bb-95c1-2415884fe054","local_time":"20210121204548","is_ascension_mode":false,"campfire_choices":[{"data":"Zap","floor":6,"key":"SMITH"},{"floor":12,"key":"REST"},{"data":"Steam","floor":15,"key":"SMITH"}],"circlet_count":0,"master_deck":["Strike_B","Strike_B","Strike_B","Strike_B","Defend_B","Defend_B","Defend_B","Defend_B","Zap+1","Dualcast","Scrape","Capacitor","Steam","Defragment+1","Leap","Steam+1","Echo Form","CurseOfTheBell","Defragment","All For One"],"relics":["Cracked Core","SsserpentHead","Centennial Puzzle","Runic Capacitor","Calling Bell","Toxic Egg 2","Mango","Happy Flower","Mercury Hourglass"],"acts_visited":["Exordium","TheCity"],"potions_floor_usage":[3,16,16],"damage_taken":[{"damage":5,"enemies":"2 Louse","floor":1,"turns":2},{"damage":6,"enemies":"Jaw Worm","floor":3,"turns":2},{"damage":0,"enemies":"Cultist","floor":8,"turns":2},{"damage":10,"enemies":"Exordium Thugs","floor":10,"turns":5},{"damage":3,"enemies":"Large Slime","floor":14,"turns":4},{"damage":52,"enemies":"The Guardian","floor":16,"turns":10},{"damage":20,"enemies":"2 Thieves","floor":18,"turns":4},{"damage":13,"enemies":"3 Byrds","floor":20,"turns":4},{"damage":22,"enemies":"Shelled Parasite and Fungi","floor":22,"turns":3}],"seed_played":"-3574781147145057950","potions_obtained":[{"floor":1,"key":"AttackPotion"},{"floor":8,"key":"FearPotion"},{"floor":14,"key":"ColorlessPotion"},{"floor":18,"key":"Dexterity Potion"}],"is_trial":false,"path_per_floor":["M","$","M","?","$","R","?","M","T","M","$","R","?","M","R","B",null,"M","$","M","$","M"],"character_chosen":"DEFECT","items_purchased":["Steam","Defragment","Runic Capacitor","Mercury Hourglass","All For One"],"campfire_rested":1,"item_purchase_floors":[2,2,11,19,21],"current_hp_per_floor":[70,70,64,64,64,64,64,64,64,54,54,75,75,72,72,20,89,69,69,56,56,34,34],"gold":45,"neow_bonus":"THREE_CARDS","is_daily":false,"chose_seed":false,"campfire_upgraded":2,"win_rate":0.0,"timestamp":1611254748,"path_taken":["M","$","M","?","$","R","?","M","T","?","?","R","?","M","R","BOSS","M","$","M","?","M"],"items_purchased_type":["Card","Card","Relic","Relic","Card"],"build_version":"2020-12-22","purchased_purges":0,"victory":false,"max_hp_per_floor":[75,75,75,75,75,75,75,75,75,75,75,75,75,75,75,75,89,89,89,89,89,89,89],"card_choices":[{"not_picked":["Leap","Compile Driver"],"picked":"Scrape","floor":0},{"not_picked":["Sunder","Ball Lightning"],"picked":"Capacitor","floor":1},{"not_picked":["Cold Snap","Static Discharge"],"picked":"Leap","floor":3},{"not_picked":["Chaos","Double Energy","Conserve Battery"],"picked":"SKIP","floor":8},{"not_picked":["Cold Snap","Sweeping Beam","Coolheaded"],"picked":"SKIP","floor":10},{"not_picked":["Storm","Compile Driver"],"picked":"Steam","floor":14},{"not_picked":["Meteor Strike","Fission"],"picked":"Echo Form","floor":16},{"not_picked":["Reprogram+1","Hologram+1","Barrage+1"],"picked":"SKIP","floor":18},{"not_picked":["Auto Shields+1","Reprogram+1"],"picked":"Defragment","floor":20}],"player_experience":119787,"relics_obtained":[{"floor":9,"key":"Centennial Puzzle"},{"floor":17,"key":"Toxic Egg 2"},{"floor":17,"key":"Mango"},{"floor":17,"key":"Happy Flower"}],"event_choices":[{"damage_healed":0,"gold_gain":0,"player_choice":"Grow","damage_taken":0,"max_hp_gain":0,"max_hp_loss":0,"event_name":"Living Wall","floor":4,"gold_loss":0,"cards_upgraded":["Defragment"]},{"damage_healed":0,"gold_gain":0,"player_choice":"Trade","damage_taken":0,"relics_obtained":["SsserpentHead"],"max_hp_gain":0,"max_hp_loss":0,"event_name":"FaceTrader","floor":7,"gold_loss":0},{"damage_healed":0,"gold_gain":100,"player_choice":"Pray","damage_taken":0,"max_hp_gain":0,"max_hp_loss":0,"event_name":"Golden Shrine","floor":13,"gold_loss":0}],"is_beta":false,"boss_relics":[{"not_picked":["Tiny House","Ectoplasm"],"picked":"Calling Bell"}],"items_purged_floors":[],"is_endless":false,"potions_floor_spawned":[1,8,14,18],"killed_by":"Shelled Parasite and Fungi","ascension_level":0}}