{"host":"8f5cu9y0fpol72qs","time":1611203959,"event":{"mods":["AlwaysNeverKeys","BaseMod","Colored Map","Colored Powertips","Curses Come First","Highlight Path","Key Reminder","Minty Spire (QoL Compilation)","StSLib"],"gold_per_floor":[110,110,121,121,139,166,166,18,18,31,31,66,66,80,80,159,159,172,191,205,205,205,239,239,267,267,267,286,318,318,334,334,405,405,421,433,433,448,468,503,503,535,605,637,637,656,656,656,656,656,656,656,5,30,30],"floor_reached":56,"language":"ENG","playtime":11091,"items_purged":["Havoc"],"score":1959,"play_id":"59c9fdac-617f-4421-8ce4-fe4dd6a0f0fa","local_time":"20210120203919","is_ascension_mode":true,"campfire_choices":[{"data":"Bash","floor":7.0,"key":"SMITH"},{"data":"Shockwave","floor":11.0,"key":"SMITH"},{"data":"Bludgeon","floor":13.0,"key":"SMITH"},{"data":"Whirlwind","floor":15.0,"key":"SMITH"},{"data":"Defend_R","floor":27.0,"key":"PURGE"},{"data":"Bite","floor":30.0,"key":"PURGE"},{"data":"Defend_R","floor":32.0,"key":"PURGE"},{"data":"Defend_R","floor":41.0,"key":"PURGE"},{"floor":45,"key":"RECALL"},{"data":"Inflame","floor":47,"key":"SMITH"},{"floor":49,"key":"REST"},{"data":"Bite","floor":52,"key":"PURGE"}],"circlet_count":0,"master_deck":["AscendersBane","Bash+1","Metallicize","Whirlwind+1","Shockwave+1","Bludgeon+1","Impervious","Pommel Strike+1","Shrug It Off","Bite","Bite","Bite","Flame Barrier","True Grit+1","Reaper","Inflame+1"],"relics":["Burning Blood","Singing Bowl","Happy Flower","Bag of Preparation","Self Forming Clay","Snecko Eye","Enchiridion","Peace Pipe","MealTicket","Ginger","Bronze Scales","Black Star","Akabeko","Thread and Needle","Pocketwatch","The Courier","Ice Cream","Bottled Flame","Centennial Puzzle","Art of War","Paper Frog","Red Skull","Ornamental Fan","Orichalcum"],"acts_visited":["Exordium","TheCity","TheBeyond","TheEnding"],"potions_floor_usage":[50,54,55,55],"damage_taken":[{"damage":6.0,"enemies":"Jaw Worm","floor":1.0,"turns":5.0},{"damage":5.0,"enemies":"Small Slimes","floor":3.0,"turns":4.0},{"damage":8.0,"enemies":"2 Louse","floor":5.0,"turns":3.0},{"damage":26.0,"enemies":"Gremlin Nob","floor":6.0,"turns":5.0},{"damage":0.0,"enemies":"2 Fungi Beasts","floor":10.0,"turns":1.0},{"damage":35.0,"enemies":"Lagavulin","floor":12.0,"turns":9.0},{"damage":4.0,"enemies":"3 Louse","floor":14.0,"turns":4.0},{"damage":38.0,"enemies":"Hexaghost","floor":16.0,"turns":8.0},{"damage":0.0,"enemies":"Spheric Guardian","floor":18.0,"turns":3.0},{"damage":12.0,"enemies":"Shell Parasite","floor":19.0,"turns":3.0},{"damage":0.0,"enemies":"Snecko","floor":20.0,"turns":2.0},{"damage":4.0,"enemies":"Gremlin Leader","floor":23.0,"turns":5.0},{"damage":15.0,"enemies":"Book of Stabbing","floor":25.0,"turns":3.0},{"damage":5.0,"enemies":"Snake Plant","floor":28.0,"turns":2.0},{"damage":29.0,"enemies":"Slavers","floor":29.0,"turns":3.0},{"damage":4.0,"enemies":"Chosen and Byrds","floor":31.0,"turns":5.0},{"damage":12.0,"enemies":"Automaton","floor":33.0,"turns":8.0},{"damage":4.0,"enemies":"3 Darklings","floor":35.0,"turns":6.0},{"damage":0.0,"enemies":"3 Shapes","floor":36.0,"turns":2.0},{"damage":10.0,"enemies":"3 Darklings","floor":38.0,"turns":3.0},{"damage":14.0,"enemies":"Writhing Mass","floor":39.0,"turns":3.0},{"damage":36.0,"enemies":"Reptomancer","floor":40.0,"turns":6.0},{"damage":82,"enemies":"Nemesis","floor":42,"turns":9},{"damage":20,"enemies":"Giant Head","floor":44,"turns":6},{"damage":0,"enemies":"Spire Growth","floor":46,"turns":3},{"damage":53,"enemies":"Donu and Deca","floor":50,"turns":8},{"damage":12,"enemies":"Shield and Spear","floor":54,"turns":4},{"damage":27,"enemies":"The Heart","floor":55,"turns":8}],"seed_played":"6799733351746890468","potions_obtained":[{"floor":5.0,"key":"SteroidPotion"},{"floor":14.0,"key":"SkillPotion"},{"floor":16.0,"key":"Ancient Potion"},{"floor":18.0,"key":"CultistPotion"},{"floor":28.0,"key":"SmokeBomb"},{"floor":33.0,"key":"FairyPotion"},{"floor":38.0,"key":"Dexterity Potion"},{"floor":46,"key":"EssenceOfSteel"},{"floor":54,"key":"LiquidMemories"}],"is_trial":false,"path_per_floor":["M","?","M","?","M","E","R","$","T","M","R","E","R","M","R","B",null,"M","M","M","?","?","E","?","E","T","R","M","E","R","M","R","B",null,"M","M","?","M","M","E","R","E","T","E","R","M","R","?","R","B",null,"R","$","E","B",null],"character_chosen":"IRONCLAD","items_purchased":["Happy Flower","Centennial Puzzle","Art of War","Paper Frog","Red Skull","Block Potion"],"campfire_rested":1,"item_purchase_floors":[8,53,53,53,53,53],"current_hp_per_floor":[64,64,65,89,87,69,69,69,69,75,75,46,46,50,50,18,74,82,76,82,66,50,60,60,59,59,59,66,47,47,59,59,72,72,74,76,76,78,74,60,60,29,29,35,35,49,49,49,73,48,74,74,82,84,80],"gold":30,"neow_bonus":"TWENTY_PERCENT_HP_BONUS","is_daily":false,"chose_seed":false,"campfire_upgraded":5,"win_rate":0.0,"timestamp":1611203959,"path_taken":["M","?","M","?","M","E","R","?","T","M","R","E","R","M","R","BOSS","M","M","M","?","?","E","?","E","T","R","?","E","R","M","R","BOSS","M","?","?","M","M","E","R","E","T","E","R","M","R","?","R","BOSS","R","$","E","BOSS"],"items_purchased_type":["Relic","Relic","Relic","Relic","Relic","Potion"],"build_version":"2020-12-22","purchased_purges":1,"victory":true,"max_hp_per_floor":[89,89,89,89,89,91,91,91,91,91,91,91,91,93,93,93,93,95,95,95,66,66,68,68,68,68,68,68,70,70,72,72,72,72,74,76,76,78,80,82,82,84,84,84,84,86,86,82,82,82,82,82,82,84,84],"card_choices":[{"not_picked":["Perfected Strike","Evolve"],"picked":"Metallicize","floor":1.0},{"not_picked":["Sentinel","Flex"],"picked":"Havoc","floor":3.0},{"not_picked":["Clash","Pommel Strike"],"picked":"Whirlwind","floor":5.0},{"not_picked":["Blood for Blood","Body Slam","Entrench"],"picked":"Singing Bowl","floor":6.0},{"not_picked":["Headbutt","Intimidate"],"picked":"Shockwave","floor":10.0},{"not_picked":["Cleave","Pommel Strike"],"picked":"Bludgeon","floor":12.0},{"not_picked":["Armaments","Flex","True Grit"],"picked":"Singing Bowl","floor":14.0},{"not_picked":["Juggernaut","Bludgeon"],"picked":"Impervious","floor":16.0},{"not_picked":["Wild Strike","Heavy Blade","Armaments"],"picked":"Singing Bowl","floor":18.0},{"not_picked":["Double Tap","Seeing Red+1"],"picked":"Pommel Strike+1","floor":19.0},{"not_picked":["Heavy Blade","Shockwave"],"picked":"Shrug It Off","floor":20.0},{"not_picked":["Flex","Spot Weakness","Exhume"],"picked":"Singing Bowl","floor":23.0},{"not_picked":["Havoc","Rage"],"picked":"Flame Barrier","floor":25.0},{"not_picked":["Sword Boomerang","Clash"],"picked":"True Grit+1","floor":28.0},{"not_picked":["Ghostly Armor","Exhume","Sword Boomerang+1"],"picked":"Singing Bowl","floor":29.0},{"not_picked":["Sever Soul","Body Slam","Dark Embrace"],"picked":"Singing Bowl","floor":31.0},{"not_picked":["Immolate","Limit Break"],"picked":"Reaper","floor":33.0},{"not_picked":["Clash","Twin Strike","Armaments"],"picked":"Singing Bowl","floor":35.0},{"not_picked":["Clothesline","Carnage","Entrench"],"picked":"Singing Bowl","floor":36.0},{"not_picked":["Thunderclap+1","Clash+1","Cleave+1"],"picked":"Singing Bowl","floor":38.0},{"not_picked":["Headbutt","Armaments","Body Slam"],"picked":"Singing Bowl","floor":39.0},{"not_picked":["Sword Boomerang+1","Seeing Red","Pommel Strike"],"picked":"Singing Bowl","floor":40.0},{"not_picked":["Body Slam","Dropkick+1","Perfected Strike"],"picked":"Singing Bowl","floor":42},{"not_picked":["Headbutt+1","Dark Embrace+1"],"picked":"Inflame","floor":44},{"not_picked":["Sentinel+1","Wild Strike","Metallicize"],"picked":"Singing Bowl","floor":46},{"not_picked":["Second Wind","Feed","True Grit+1"],"picked":"Singing Bowl","floor":54}],"player_experience":860898,"relics_obtained":[{"floor":6.0,"key":"Singing Bowl"},{"floor":9.0,"key":"Bag of Preparation"},{"floor":12.0,"key":"Self Forming Clay"},{"floor":22.0,"key":"Enchiridion"},{"floor":23.0,"key":"Peace Pipe"},{"floor":25.0,"key":"MealTicket"},{"floor":26.0,"key":"Ginger"},{"floor":29.0,"key":"Bronze Scales"},{"floor":40.0,"key":"Akabeko"},{"floor":40.0,"key":"Thread and Needle"},{"floor":42,"key":"Pocketwatch"},{"floor":42,"key":"The Courier"},{"floor":44,"key":"Ice Cream"},{"floor":44,"key":"Bottled Flame"},{"floor":54,"key":"Ornamental Fan"},{"floor":54,"key":"Orichalcum"}],"event_choices":[{"damage_healed":0.0,"max_hp_gain":0.0,"max_hp_loss":0.0,"gold_gain":0.0,"event_name":"Liars Game","player_choice":"Ignored","floor":2.0,"gold_loss":0.0,"damage_taken":0.0},{"damage_healed":29.0,"max_hp_gain":0.0,"max_hp_loss":0.0,"gold_gain":0.0,"event_name":"Big Fish","player_choice":"Banana","floor":4.0,"gold_loss":0.0,"damage_taken":0.0},{"damage_healed":0.0,"max_hp_gain":0.0,"max_hp_loss":29.0,"gold_gain":0.0,"event_name":"Vampires","player_choice":"Became a vampire","floor":21.0,"gold_loss":0.0,"damage_taken":0.0,"cards_obtained":["Bite","Bite","Bite","Bite","Bite"]},{"damage_healed":0.0,"max_hp_gain":0.0,"max_hp_loss":0.0,"gold_gain":0.0,"event_name":"Cursed Tome","player_choice":"Obtained Book","floor":22.0,"gold_loss":0.0,"damage_taken":16.0},{"damage_healed":0.0,"max_hp_gain":0.0,"max_hp_loss":0.0,"gold_gain":0.0,"event_name":"The Mausoleum","player_choice":"Ignored","floor":24.0,"gold_loss":0.0,"damage_taken":0.0},{"cards_removed":["Defend_R"],"damage_healed":0.0,"max_hp_gain":0.0,"max_hp_loss":0.0,"gold_gain":0.0,"event_name":"Falling","player_choice":"Removed Skill","floor":37.0,"gold_loss":0.0,"damage_taken":0.0},{"damage_healed":0,"gold_gain":0,"player_choice":"Max HP","damage_taken":0,"max_hp_gain":0,"max_hp_loss":4,"event_name":"Winding Halls","floor":48,"gold_loss":0}],"is_beta":false,"boss_relics":[{"not_picked":["Coffee Dripper","Pandora\u0027s Box"],"picked":"Snecko Eye"},{"not_picked":["Tiny House","Runic Pyramid"],"picked":"Black Star"}],"items_purged_floors":[53],"is_endless":false,"potions_floor_spawned":[5,14,16,18,28,33,38,46,54],"ascension_level":14}}