{"host":"cy2xqrw0a4jjdcnp","time":1611251108,"event":{"mods":["AchievementEnabler","BaseMod","Colored Map","Minty Spire (QoL Compilation)","Permanent Neow","Relic Filter"],"gold_per_floor":[111,123,48,67,67,67,81,81,108,108,118,118,129,148,148,245,245,265,280,297,396,396,396],"floor_reached":22,"language":"ENG","playtime":541,"items_purged":["Defend_R"],"score":180,"play_id":"40491ec7-47e9-4cdb-af8a-42a8fed9cfd6","local_time":"20210121154508","is_ascension_mode":false,"campfire_choices":[{"data":"Uppercut","floor":6,"key":"SMITH"},{"data":"Whirlwind","floor":12,"key":"SMITH"},{"data":"Armaments","floor":15,"key":"SMITH"}],"circlet_count":0,"master_deck":["Strike_R","Strike_R","Strike_R","Strike_R","Strike_R","Defend_R","Defend_R","Bash","Seeing Red","Metallicize","Uppercut+1","Whirlwind+1","Armaments+1","Spot Weakness","Feed","Carnage","Thunderclap","Iron Wave+1"],"relics":["Black Blood","Juzu Bracelet","Dream Catcher","Toy Ornithopter"],"acts_visited":["Exordium","TheCity"],"potions_floor_usage":[7,20,22],"damage_taken":[{"damage":6,"enemies":"Cultist","floor":1,"turns":3},{"damage":5,"enemies":"Jaw Worm","floor":2,"turns":4},{"damage":0,"enemies":"Small Slimes","floor":4,"turns":2},{"damage":9,"enemies":"Gremlin Gang","floor":7,"turns":3},{"damage":4,"enemies":"2 Fungi Beasts","floor":11,"turns":3},{"damage":13,"enemies":"Large Slime","floor":13,"turns":5},{"damage":11,"enemies":"Looter","floor":14,"turns":3},{"damage":41,"enemies":"Slime Boss","floor":16,"turns":9},{"damage":5,"enemies":"Chosen","floor":18,"turns":4},{"damage":54,"enemies":"Spheric Guardian","floor":19,"turns":6},{"damage":30,"enemies":"Cultist and Chosen","floor":20,"turns":6},{"damage":64,"enemies":"Sentry and Sphere","floor":22,"turns":7}],"seed_played":"-2729678493321916907","potions_obtained":[{"floor":1,"key":"Swift Potion"},{"floor":2,"key":"Fire Potion"},{"floor":11,"key":"Dexterity Potion"},{"floor":16,"key":"FairyPotion"},{"floor":19,"key":"Energy Potion"}],"is_trial":false,"path_per_floor":["M","M","$","M","$","R","M","?","T","?","M","R","M","M","R","B",null,"M","M","M","?","M"],"character_chosen":"IRONCLAD","items_purchased":[],"campfire_rested":0,"item_purchase_floors":[],"current_hp_per_floor":[80,80,80,80,80,80,77,74,74,74,76,76,69,64,64,29,80,80,38,25,25,0,0],"gold":396,"neow_bonus":"REMOVE_CARD","is_daily":false,"chose_seed":false,"campfire_upgraded":3,"win_rate":0.0,"timestamp":1611251108,"path_taken":["M","M","$","M","$","R","M","?","T","?","M","R","M","M","R","BOSS","M","M","M","?","M"],"items_purchased_type":[],"build_version":"2020-12-22","purchased_purges":1,"victory":false,"max_hp_per_floor":[80,80,80,80,80,80,80,80,80,80,80,80,80,80,80,80,80,80,80,80,80,80,80],"card_choices":[{"not_picked":["Burning Pact","Iron Wave"],"picked":"Seeing Red","floor":1},{"not_picked":["Warcry","Clash"],"picked":"Metallicize","floor":2},{"not_picked":["Second Wind","Rage"],"picked":"Uppercut","floor":4},{"not_picked":["Clothesline","Sword Boomerang"],"picked":"Whirlwind","floor":7},{"not_picked":["Havoc","Seeing Red","Twin Strike"],"picked":"SKIP","floor":11},{"not_picked":["True Grit","Warcry"],"picked":"Armaments","floor":13},{"not_picked":["Iron Wave","Blood for Blood"],"picked":"Spot Weakness","floor":14},{"not_picked":["Exhume","Impervious"],"picked":"Feed","floor":16},{"not_picked":["Twin Strike","Sever Soul+1"],"picked":"Carnage","floor":18},{"not_picked":["True Grit","Cleave"],"picked":"Thunderclap","floor":19},{"not_picked":["Rupture+1","Sword Boomerang"],"picked":"Iron Wave+1","floor":20}],"player_experience":1450474,"relics_obtained":[{"floor":9,"key":"Dream Catcher"}],"event_choices":[{"damage_healed":0,"gold_gain":0,"player_choice":"Success","damage_taken":3,"relics_obtained":["Juzu Bracelet"],"max_hp_gain":0,"max_hp_loss":0,"event_name":"Scrap Ooze","floor":8,"gold_loss":0},{"damage_healed":0,"gold_gain":0,"player_choice":"Gave Potion","damage_taken":0,"relics_obtained":["Toy Ornithopter"],"max_hp_gain":0,"max_hp_loss":0,"event_name":"WeMeetAgain","floor":10,"gold_loss":0},{"damage_healed":0,"gold_gain":99,"player_choice":"Stole From Cult","damage_taken":0,"max_hp_gain":0,"max_hp_loss":0,"event_name":"Nest","floor":21,"gold_loss":0}],"is_beta":false,"boss_relics":[{"not_picked":["Astrolabe","SlaversCollar"],"picked":"Black Blood"}],"items_purged_floors":[3],"is_endless":false,"potions_floor_spawned":[1,2,11,16,19],"killed_by":"Sentry and Sphere","ascension_level":0}}