{"host":"i58uscbei3sy5089","time":1611248501,"event":{"mods":["ATMod(°¢èªMod)","Act Like it!","BaseMod","Challenge The Spire","Colored Powertips","Conspire","Gensokyo","Infinite Spire","Lobotomy","LobotomyExtend","Minty Spire (QoL Compilation)","MostiFishMod","Quick Restart","Remilia£¨ÀÙÃ×ÀòÑÇ£©","Replay The Spire","Shop Mod","Spicy Shops","StSLib","TestMod","The Alterego","UnlockEverythingMod","[IsaacMod]ÒÔÈö¼âËþ","vexMod","¡¾¹¦ÄÜMod¡¿»ìãçÖ®»·ÐÞ¸´²¹¶¡","¡¾ÒÅÎï¿¨ÅÆ¡¿REMEMod","óô»ðÖ¸ÄÏ"],"gold_per_floor":[136,136,136,535,465,465,492,492,492,492,196,10,10,24,24,152,196,227,238,238,299,299,299,309,309,309,309,309,243,243,271,271,378,378,608,608,641,684,41,41,79,79,79,79,79,32,58,287,287,305],"floor_reached":51,"language":"ZHS","playtime":2701,"items_purged":["alterego_mod:Strike","alterego_mod:Strike","alterego_mod:Strike","alterego_mod:Defend","alterego_mod:Impale","alterego_mod:Strike+1","alterego_mod:Defend","alterego_mod:BrynhildrsRune","alterego_mod:Defend"],"score":934,"play_id":"772e25fc-038e-4fc6-8bf1-10e5ec922957","local_time":"20210122010141","is_ascension_mode":false,"campfire_choices":[{"data":"alterego_mod:BreastValley","floor":6,"key":"SMITH"},{"data":"alterego_mod:BigMeatyClaws","floor":8,"key":"SMITH"},{"data":"AT_FocusSwordFire","floor":10,"key":"SMITH"},{"floor":15,"key":"RECALL"},{"data":"alterego_mod:Support","floor":23,"key":"SMITH"},{"data":"alterego_mod:Palingenesis","floor":25,"key":"SMITH"},{"data":"alterego_mod:Palingenesis+1","floor":28,"key":"SMITH"},{"data":"alterego_mod:Palingenesis+2","floor":30,"key":"SMITH"},{"data":"alterego_mod:Palingenesis+3","floor":32,"key":"SMITH"},{"data":"alterego_mod:Palingenesis+4","floor":40,"key":"SMITH"},{"data":"alterego_mod:IdEs","floor":42,"key":"SMITH"},{"data":"alterego_mod:Palingenesis+5","floor":44,"key":"SMITH"},{"data":"alterego_mod:Palingenesis+6","floor":49,"key":"SMITH"}],"circlet_count":0,"master_deck":["alterego_mod:Defend+1","alterego_mod:BigMeatyClaws+1","AT_FocusSwordFire+1","alterego_mod:BreastValley+1","LongBird","alterego_mod:IdEs+1","alterego_mod:Support+1","alterego_mod:Palingenesis+7","FieryBird","WallGazer","alterego_mod:PurpleHair+1","alterego_mod:Cooking","alterego_mod:Cooking"],"relics":["alterego_mod:MasochisticConstitution","testmod-TestBox","HushsDoor","DaveBox","AT_ATBox","testmod-Charity","SalivaCoin","BirthdayGift-Tetrahedron","CogitoBucket","RabbitCall","SynthV:TestCard","LetterFromLob","Gensokyo:PortableGap","DeadEye","MerchantsRug","testmod-DeterminationOfClimber","AdjustmentMirror","Mango","testmod-Nine","Replay:Bottled Steam","AT_SunfireAegis","Gaze_r","MagicBullet_r","HonorFeather","ChiXiaoBlade","GuppysCollar","GuppysHead","LuminousBracelet","Shuriken","MetatronsCube","MostiFishMod:AdaptiveDefenses","infinitespire:Satchel","testmod-IndustrialRevolution","ReplayTheSpireMod:Lightbulb","ScarletDevilRocket","AtMidnight","ChangeAnything","YumHeart"],"acts_visited":["Exordium","Gensokyo:Gensokyo","Gensokyo:Gensokyoer"],"potions_floor_usage":[],"damage_taken":[{"damage":4,"enemies":"Gensokyo:Gryphon","floor":1,"turns":2},{"damage":3,"enemies":"Gensokyo:Python","floor":7,"turns":2},{"damage":0,"enemies":"Gensokyo:2_Kodama","floor":14,"turns":1},{"damage":4,"enemies":"Gensokyo:Reimu","floor":16,"turns":3},{"damage":2,"enemies":"Gensokyo:Chomper","floor":18,"turns":2},{"damage":0,"enemies":"Gensokyo:CosmicMonolith","floor":19,"turns":1},{"damage":5,"enemies":"Hiden Room Battle","floor":21,"turns":1},{"damage":0,"enemies":"Gensokyo:Chomper_and_Gloop","floor":24,"turns":1},{"damage":0,"enemies":"Gensokyo:Tenshi","floor":27,"turns":1},{"damage":5,"enemies":"Gensokyo:Wraith","floor":31,"turns":2},{"damage":3,"enemies":"Gensokyo:Eiki","floor":33,"turns":2},{"damage":7,"enemies":"Gensokyo:3_Bats","floor":35,"turns":2},{"damage":9,"enemies":"Gensokyo:AncientGuardian","floor":37,"turns":2},{"damage":6,"enemies":"Gensokyo:AtlasGolem","floor":38,"turns":2},{"damage":16,"enemies":"Gensokyo:Kasen","floor":41,"turns":1},{"damage":5,"enemies":"Gensokyo:SeedOfUnknown","floor":47,"turns":1},{"damage":10,"enemies":"Gensokyo:4_Bats","floor":48,"turns":1},{"damage":11,"enemies":"Gensokyo:Scarlet_Devils","floor":50,"turns":4},{"damage":5,"enemies":"Malkuth","floor":51,"turns":1},{"damage":10,"enemies":"Hod","floor":51,"turns":1},{"damage":19,"enemies":"Geburah","floor":51,"turns":4},{"damage":12,"enemies":"Binah","floor":51,"turns":3},{"damage":8,"enemies":"Angela","floor":51,"turns":1}],"seed_played":"98412539173198402","potions_obtained":[{"floor":1,"key":"Regen Potion"},{"floor":14,"key":"Elixir"},{"floor":16,"key":"Doom Potion"},{"floor":24,"key":"conspire:TimeTravelPotion"},{"floor":33,"key":"Swift Potion"},{"floor":35,"key":"SpeedPotion"}],"is_trial":false,"path_per_floor":["M","?","T","?","?","R","M","R","T","R","$","R","COS","M","R","B",null,"M","M","AVR","?","?","R","M","R","T","E","R","COS","R","M","R","B",null,"M","AVR","M","M","COS","R","E","R","T","R","?","$","M","M","R","B",null],"character_chosen":"The_Alterego","items_purchased":["MerchantsRug","Replay:Bottled Snecko","BelialBook","GuppysCollar","GuppysHead","alterego_mod:Cooking"],"campfire_rested":0,"item_purchase_floors":[11,12,17,34,34,46],"current_hp_per_floor":[71,68,68,69,69,69,71,71,71,71,72,73,73,74,74,76,67,74,81,95,109,109,109,119,119,119,125,122,119,119,130,130,125,95,120,120,126,134,134,138,159,159,159,159,159,167,179,203,203,226],"gold":391,"neow_bonus":"","is_daily":false,"chose_seed":false,"campfire_upgraded":12,"win_rate":0.0,"timestamp":1611248501,"path_taken":["M","?","?","?","?","R","M","R","T","R","?","R","COS","M","R","BOSS","M","M","AVR","?","?","R","?","R","T","E","R","COS","R","M","R","BOSS","M","AVR","M","M","COS","R","E","R","T","R","?","$","M","M","R","BOSS"],"items_purchased_type":["Relic","Relic","Relic","Relic","Relic","Card"],"build_version":"2020-12-22","purchased_purges":9,"victory":true,"max_hp_per_floor":[75,68,68,69,69,69,74,74,74,74,75,73,73,74,74,80,67,74,81,95,109,109,109,119,119,119,125,122,119,119,130,130,125,95,122,122,132,141,138,138,159,159,159,159,159,167,179,203,203,226],"card_choices":[{"not_picked":[],"picked":"Bomb","floor":0},{"not_picked":["CrumblingArmor","VoidDream","Funeral"],"picked":"Singing Bowl","floor":1},{"not_picked":["alterego_mod:HighServant","alterego_mod:SakuraPetals"],"picked":"alterego_mod:BreastValley","floor":1},{"not_picked":["SpiderBud","Wellcheers","RedShoes"],"picked":"Singing Bowl","floor":7},{"not_picked":["alterego_mod:SuperDuperMasochism","alterego_mod:PurpleHair","alterego_mod:Cycle","alterego_mod:Undulate","alterego_mod:Pet"],"picked":"SKIP","floor":7},{"not_picked":["MHz","MeatLantern"],"picked":"LongBird","floor":14},{"not_picked":["alterego_mod:Rip","alterego_mod:Jiggle","alterego_mod:Skirt","alterego_mod:Mirror","alterego_mod:BustOut"],"picked":"SKIP","floor":14},{"not_picked":["VoidDream","Wellcheers","Woodsman"],"picked":"Singing Bowl","floor":16},{"not_picked":["alterego_mod:InsideBaseball","alterego_mod:AlterEgo","alterego_mod:SideboobHour","alterego_mod:Tantrum"],"picked":"alterego_mod:IdEs","floor":16},{"not_picked":["QueenOfHatred","LaLuna","CherryBlossoms"],"picked":"Singing Bowl","floor":18},{"not_picked":["alterego_mod:Belts","alterego_mod:Undulate+1","alterego_mod:Clap","alterego_mod:MagicResistance","alterego_mod:Rip"],"picked":"SKIP","floor":18},{"not_picked":["Murderer","LittlePrince","DespairKnight"],"picked":"Singing Bowl","floor":19},{"not_picked":["CrumblingArmor","CherryBlossoms"],"picked":"FieryBird","floor":19},{"not_picked":["alterego_mod:Undulate","alterego_mod:VirginLaserPalladion","alterego_mod:BreastValley","alterego_mod:MagicResistance"],"picked":"alterego_mod:Support","floor":19},{"not_picked":["BlackSwan","QueenOfHatred","OldLady"],"picked":"Singing Bowl","floor":21},{"not_picked":["Bloodbath","Variant"],"picked":"FieryBird","floor":24},{"not_picked":["alterego_mod:Bounce+1","alterego_mod:Cycle","alterego_mod:BreastValley","alterego_mod:TrashNCrash+1","alterego_mod:Lingerie"],"picked":"SKIP","floor":24},{"not_picked":["Variant","QueenOfHatred","NothingThere"],"picked":"Singing Bowl","floor":31},{"not_picked":["alterego_mod:Bunnysuit","alterego_mod:Mirror","alterego_mod:Complex","alterego_mod:Smother","alterego_mod:DustData+1"],"picked":"SKIP","floor":31},{"not_picked":["PunishingBird","Freischutz","Scarecrow"],"picked":"Singing Bowl","floor":33},{"not_picked":["Porccubus","NothingThere"],"picked":"WallGazer","floor":33},{"not_picked":["BeautyBeast","Scorched","CherryBlossoms"],"picked":"Singing Bowl","floor":35},{"not_picked":["alterego_mod:Smother+1","alterego_mod:Cycle+1","alterego_mod:Cooking","alterego_mod:BiFurious"],"picked":"alterego_mod:PurpleHair+1","floor":35},{"not_picked":["NothingThere","LittleHelper","SilentOrchestra"],"picked":"Singing Bowl","floor":37},{"not_picked":["alterego_mod:Bunnysuit+1","alterego_mod:RocketPunch+1","alterego_mod:MaintainEyeContact","alterego_mod:DeftHands+1","alterego_mod:DestructionOfProperty"],"picked":"SKIP","floor":37},{"not_picked":["BlackArmy","BlueStar","HeroicMonk"],"picked":"Singing Bowl","floor":38},{"not_picked":["alterego_mod:Skirt","alterego_mod:Cushion+1","alterego_mod:Cycle+1","alterego_mod:Punishment","alterego_mod:Complex"],"picked":"SKIP","floor":38},{"not_picked":["BigBird","Alriune","Freischutz"],"picked":"Singing Bowl","floor":41},{"not_picked":["alterego_mod:Maid","alterego_mod:Skirt+1","alterego_mod:Clap+1","alterego_mod:PerceptionDisorder","alterego_mod:HighServant"],"picked":"SKIP","floor":41},{"not_picked":["BlackSwan","CENSORED","SilentOrchestra"],"picked":"Singing Bowl","floor":47},{"not_picked":["alterego_mod:Mirror+1","alterego_mod:Cooking+1","alterego_mod:PerceptionDisorder+1","alterego_mod:Undulate+1","alterego_mod:Belle"],"picked":"SKIP","floor":47},{"not_picked":["GalaxyChild","NakedNest","SnowQueen"],"picked":"Singing Bowl","floor":48},{"not_picked":["alterego_mod:Collar+1","alterego_mod:BiFurious","alterego_mod:1TonWallop+1","alterego_mod:Mirror+1","alterego_mod:Pet"],"picked":"SKIP","floor":48}],"player_experience":637480,"relics_obtained":[{"floor":1,"key":"SynthV:TestCard"},{"floor":1,"key":"LetterFromLob"},{"floor":3,"key":"DeadEye"},{"floor":9,"key":"infinitespire:CheckeredPen"},{"floor":21,"key":"Replay:Bottled Steam"},{"floor":21,"key":"AT_SunfireAegis"},{"floor":26,"key":"PunchingBag"},{"floor":41,"key":"infinitespire:Satchel"},{"floor":43,"key":"testmod-IndustrialRevolution"},{"floor":48,"key":"AtMidnight"}],"event_choices":[{"damage_healed":0,"gold_gain":400,"player_choice":"Sell","damage_taken":0,"max_hp_gain":0,"max_hp_loss":0,"event_name":"¶÷ÂåË¹µÄÅÌ×Ó","floor":4,"relics_lost":["REME_ComplimentaryCards"],"gold_loss":0},{"damage_healed":0,"gold_gain":0,"player_choice":"Fight","damage_taken":0,"max_hp_gain":0,"max_hp_loss":0,"event_name":"HidenRoomEvent","floor":21,"gold_loss":0}],"is_beta":false,"boss_relics":[{"not_picked":["SacredBark","testmod-HarvestTotem"],"picked":"testmod-DeterminationOfClimber"},{"not_picked":[]},{"not_picked":["REME_ChargedStone","Runic Dome"],"picked":"ChiXiaoBlade"},{"not_picked":[]}],"items_purged_floors":[11,11,12,17,20,34,36,46,46],"is_endless":false,"potions_floor_spawned":[1,14,16,24,33,35,37,38],"ascension_level":0}}