{"host":"rjfefv2ruvigm2gb","time":1611251751,"event":{"mods":["A Penny For Your Troubles","Act Like it!","AlwaysNeverKeys","BaseMod","Block Reminder","Conspire","Curses Come First","Dark Map","Displayed Cursed Tome","Elementarium","Evolution","Fox Events","Gensokyo","Gold Saver","Googly Eyes","Hermit","HexUI Lib","Hubris","Infinite Spire","JesterMod","Mad Scientist","Mimic Mod","Minty Spire (QoL Compilation)","Permanent Neow","Poor People Problems","Quick Restart","Relic Filter","Relic Stats","Replay The Spire","Shop Mod","StS++","StSLib","SuperFastMode","The Blue Laboratory","The Clintock","The Sage","TheHero","Virulent Crown","[GremlinLeader]The Maniac"],"gold_per_floor":[724,743,568,583,583,623,641,641,665,665,688,688,688,702,702,830,830,850,765,784,803,803,803,703,703,727,746,316,441,441,219,219,349,349,368,368,368,388,451,451,475,519,519,519,539,559,559,559,559,560,560,560,405,440,440],"floor_reached":56,"language":"ENG","playtime":4719,"items_purged":["jesterMod:Strike","StSpp:MinorTwinStrike","jesterMod:Strike","jesterMod:Strike"],"score":1275,"play_id":"74c60ad7-9346-4b36-a443-5ccfe4de4ae8","local_time":"20210121115551","is_ascension_mode":false,"campfire_choices":[{"floor":10,"key":"REST"},{"floor":12,"key":"REST"},{"data":"jesterMod:Swiftness","floor":23,"key":"SMITH"},{"data":"jesterMod:Discretion","floor":25,"key":"SMITH"},{"data":"jesterMod:Anticipation","floor":30,"key":"SMITH"},{"data":"jesterMod:Sickle+1","floor":32,"key":"PURGE"},{"floor":40,"key":"REST"},{"floor":47,"key":"REST"},{"data":"jesterMod:Patience","floor":49,"key":"SMITH"},{"data":"jesterMod:FlameDance","floor":52,"key":"SMITH"}],"circlet_count":0,"master_deck":["jesterMod:Defend","jesterMod:Defend","jesterMod:Defend","jesterMod:Defend","jesterMod:Dodge","Vigilance","jesterMod:Trance+1","jesterMod:Discretion","jesterMod:Flee+1","jesterMod:Anticipation+1","jesterMod:Disposophobia+1","jesterMod:Pause","jesterMod:Hide","jesterMod:Illness","jesterMod:Swiftness+1","jesterMod:TrickyDodge","jesterMod:SwiftDodge","jesterMod:Discretion+1","jesterMod:Anticipation+1","jesterMod:Pause+1","jesterMod:Squander","jesterMod:Anticipation+1","jesterMod:DancingMad+1","jesterMod:Anticipation","jesterMod:FlameDance+1","jesterMod:Taunt","jesterMod:Patience+1","jesterMod:Pause","jesterMod:Anticipation+1"],"relics":["jesterMod:JesterCap","EVO:Axolotl","Golden Idol","MealTicket","Whetstone","Honey Jar","ReplayTheSpireMod:Lightbulb","Lantern","Regal Pillow","ClockworkSouvenir","hubris:Zylophone","conspire:Dentures","conspire:RoyalGoblet","Ice Cream","hubris:MysteriousPyramids","jesterMod:RuskiBroom","Replay:Ringing Soul"],"acts_visited":["Exordium","TheCity","TheBeyond","TheEnding"],"potions_floor_usage":[16,16,18,29,39,50,54,55,55,55],"damage_taken":[{"damage":0,"enemies":"Small Slimes","floor":1,"turns":4},{"damage":5,"enemies":"Jaw Worm","floor":2,"turns":3},{"damage":0,"enemies":"2 Louse","floor":4,"turns":1},{"damage":22,"enemies":"Lagavulin","floor":6,"turns":10},{"damage":15,"enemies":"Exordium Thugs","floor":7,"turns":6},{"damage":0,"enemies":"Large Slime","floor":11,"turns":4},{"damage":0,"enemies":"Looter","floor":14,"turns":1},{"damage":10,"enemies":"Hexaghost","floor":16,"turns":10},{"damage":4,"enemies":"2 Thieves","floor":18,"turns":3},{"damage":0,"enemies":"Chosen","floor":20,"turns":4},{"damage":0,"enemies":"Sentry and Sphere","floor":21,"turns":5},{"damage":0,"enemies":"Centurion and Healer","floor":27,"turns":4},{"damage":2,"enemies":"Colosseum Slavers","floor":29,"turns":4},{"damage":1,"enemies":"Colosseum Nobs","floor":29,"turns":5},{"damage":27,"enemies":"hubris:MusketHawk","floor":33,"turns":8},{"damage":8,"enemies":"Orb Walker","floor":35,"turns":9},{"damage":0,"enemies":"3 Darklings","floor":38,"turns":7},{"damage":0,"enemies":"Mind Bloom Boss Battle","floor":39,"turns":5},{"damage":0,"enemies":"Sphere and 2 Shapes","floor":41,"turns":6},{"damage":0,"enemies":"Nemesis","floor":42,"turns":18},{"damage":0,"enemies":"4 Shapes","floor":45,"turns":1},{"damage":11,"enemies":"3 Darklings","floor":46,"turns":6},{"damage":0,"enemies":"Donu and Deca","floor":50,"turns":14},{"damage":13,"enemies":"Shield and Spear","floor":54,"turns":10},{"damage":9,"enemies":"The Heart","floor":55,"turns":11}],"seed_played":"3667804026777952591","potions_obtained":[{"floor":7,"key":"blueLaboratory:HeartbeatPotion"},{"floor":11,"key":"DuplicationPotion"},{"floor":13,"key":"Swift Potion"},{"floor":13,"key":"LifebloodPotion"},{"floor":16,"key":"FearPotion"},{"floor":20,"key":"blueLaboratory:TrueEctoplasm"},{"floor":29,"key":"Energy Potion"},{"floor":33,"key":"Venom Potion"},{"floor":38,"key":"Dexterity Potion"},{"floor":42,"key":"blueLaboratory:RecallPotion"}],"is_trial":false,"path_per_floor":["M","M","$","M","?","E","M","T","T","R","M","R","?","M","R","B",null,"M","?","M","M","?","R","$","R","T","M","$","?","R","$","R","B",null,"M","?","?","M","?","R","M","E","T","?","M","M","R","?","R","B",null,"R","$","E","B",null],"character_chosen":"THE_JESTER","items_purchased":["jesterMod:Flee+1","jesterMod:Anticipation","Regal Pillow","ClockworkSouvenir","PowerPotion","jesterMod:RuskiBroom"],"campfire_rested":4,"item_purchase_floors":[3,3,28,28,31,53],"current_hp_per_floor":[70,65,65,65,65,43,28,28,28,47,47,65,65,65,65,55,65,61,61,61,61,61,61,65,65,65,65,65,62,62,65,65,38,65,57,57,57,57,57,65,65,65,65,65,65,54,65,65,65,65,65,65,65,55,46],"gold":440,"neow_bonus":"THREE_RARE_CARDS","is_daily":false,"chose_seed":false,"campfire_upgraded":5,"win_rate":0.0,"timestamp":1611251751,"path_taken":["M","M","$","M","?","E","M","?","T","R","M","R","?","?","R","BOSS","M","?","M","M","?","R","?","R","T","M","$","?","R","$","R","BOSS","M","?","?","M","?","R","M","E","T","?","?","M","R","?","R","BOSS","R","$","E","BOSS"],"items_purchased_type":["Card","Card","Relic","Relic","Potion","Relic"],"build_version":"2020-12-22","purchased_purges":4,"victory":true,"max_hp_per_floor":[70,70,70,70,65,65,65,65,65,65,65,65,65,65,65,65,65,65,65,65,65,65,65,65,65,65,65,65,65,65,65,65,65,65,65,65,65,65,65,65,65,65,65,65,65,65,65,65,65,65,65,65,65,68,68],"relic_stats":{"Regal Pillow":0,"counters":[25,159],"Golden Idol":187,"MealTicket":7,"Whetstone":["jesterMod:Sickle","jesterMod:Trance"],"obtain_stats":[{"conspire:Dentures":29,"Ice Cream":39,"Lantern":26,"Regal Pillow":28,"conspire:RoyalGoblet":34,"Golden Idol":5,"jesterMod:JesterCap":0,"EVO:Axolotl":0,"Whetstone":9,"hubris:MysteriousPyramids":42,"ClockworkSouvenir":28,"hubris:Zylophone":29,"Replay:Ringing Soul":54,"Honey Jar":17,"MealTicket":6,"jesterMod:RuskiBroom":53,"ReplayTheSpireMod:Lightbulb":19},{"conspire:Dentures":14,"Ice Cream":18,"Lantern":11,"Regal Pillow":12,"conspire:RoyalGoblet":15,"Golden Idol":3,"jesterMod:JesterCap":0,"EVO:Axolotl":0,"Whetstone":5,"hubris:MysteriousPyramids":20,"ClockworkSouvenir":12,"hubris:Zylophone":14,"Replay:Ringing Soul":24,"Honey Jar":8,"MealTicket":4,"jesterMod:RuskiBroom":23,"ReplayTheSpireMod:Lightbulb":9},{"conspire:Dentures":64,"Ice Cream":93,"Lantern":51,"Regal Pillow":55,"conspire:RoyalGoblet":72,"Golden Idol":8,"jesterMod:JesterCap":0,"EVO:Axolotl":0,"Whetstone":24,"hubris:MysteriousPyramids":117,"ClockworkSouvenir":55,"hubris:Zylophone":64,"Replay:Ringing Soul":148,"Honey Jar":39,"MealTicket":18,"jesterMod:RuskiBroom":138,"ReplayTheSpireMod:Lightbulb":42}]},"card_choices":[{"not_picked":["jesterMod:Pillage","jesterMod:ButterflyDance"],"picked":"jesterMod:Trance","floor":0},{"not_picked":["jesterMod:QuickStrike","jesterMod:Contradiction","jesterMod:MudBall"],"picked":"SKIP","floor":1},{"not_picked":["jesterMod:Hide","jesterMod:QuickStrike"],"picked":"jesterMod:Discretion","floor":2},{"not_picked":["jesterMod:Tinker","jesterMod:TrickyDodge","jesterMod:SmokeScreen"],"picked":"SKIP","floor":4},{"not_picked":["jesterMod:JackInTheBox","jesterMod:Rebuff"],"picked":"jesterMod:Disposophobia","floor":6},{"not_picked":["jesterMod:Rebuff","jesterMod:JackInTheBox"],"picked":"jesterMod:Pause","floor":7},{"not_picked":["jesterMod:DaggerRain","jesterMod:Feint"],"picked":"jesterMod:Hide","floor":11},{"not_picked":["jesterMod:Drunkenness","jesterMod:OblivionStrike"],"picked":"jesterMod:Illness","floor":14},{"not_picked":["jesterMod:Talion","jesterMod:Flee+1","jesterMod:PerfectDodge"],"picked":"jesterMod:TrickyDodge","floor":18},{"not_picked":["jesterMod:Rebuff","jesterMod:Precipitation+1","jesterMod:LightTheWick"],"picked":"jesterMod:SwiftDodge","floor":20},{"not_picked":["jesterMod:BouncingKnife","jesterMod:DancingMad","jesterMod:Contradiction+1"],"picked":"jesterMod:Discretion","floor":21},{"not_picked":["jesterMod:Unleash","jesterMod:Schizophrenia","jesterMod:OblivionStrike"],"picked":"jesterMod:Anticipation+1","floor":27},{"not_picked":["jesterMod:Procrastination+1","jesterMod:SmokeScreen","jesterMod:QuickStrike"],"picked":"jesterMod:Pause+1","floor":29},{"not_picked":["jesterMod:Frustration","jesterMod:Momentum","jesterMod:ButterflyDance"],"picked":"jesterMod:Squander","floor":33},{"not_picked":["jesterMod:Patience+1","jesterMod:DancingMad+1","jesterMod:RecklessStrike"],"picked":"jesterMod:Anticipation+1","floor":35},{"not_picked":["jesterMod:Mending","jesterMod:ButterKnife+1","jesterMod:Twirl"],"picked":"jesterMod:DancingMad+1","floor":38},{"not_picked":["jesterMod:Juggler","jesterMod:RecklessStrike+1","jesterMod:Mending"],"picked":"jesterMod:Anticipation","floor":39},{"not_picked":["jesterMod:Inspiration+1","jesterMod:Disposophobia+1","jesterMod:RecklessStrike+1"],"picked":"jesterMod:FlameDance","floor":41},{"not_picked":["jesterMod:DaggerRain","jesterMod:QuickStrike","jesterMod:Swiftness+1"],"picked":"jesterMod:Taunt","floor":42},{"not_picked":["jesterMod:Exasperation+1","jesterMod:ButterKnife+1","jesterMod:JackInTheBox"],"picked":"jesterMod:Patience","floor":45},{"not_picked":["jesterMod:Procrastination","jesterMod:Feint","jesterMod:Frustration"],"picked":"jesterMod:Pause","floor":46},{"not_picked":["jesterMod:JackInTheBox","jesterMod:Feint+1","jesterMod:Patience+1"],"picked":"jesterMod:Anticipation+1","floor":54}],"player_experience":1014447,"relics_obtained":[{"floor":6,"key":"MealTicket"},{"floor":9,"key":"Whetstone"},{"floor":26,"key":"Lantern"},{"floor":29,"key":"hubris:Zylophone"},{"floor":29,"key":"conspire:Dentures"},{"floor":39,"key":"Ice Cream"},{"floor":42,"key":"hubris:MysteriousPyramids"},{"floor":54,"key":"Replay:Ringing Soul"}],"event_choices":[{"damage_healed":0,"gold_gain":0,"player_choice":"Lose Max HP","damage_taken":0,"relics_obtained":["Golden Idol"],"max_hp_gain":0,"max_hp_loss":5,"event_name":"Golden Idol","floor":5,"gold_loss":0},{"damage_healed":0,"gold_gain":0,"player_choice":"Got Potions","damage_taken":0,"max_hp_gain":0,"max_hp_loss":0,"event_name":"Lab","floor":13,"gold_loss":0},{"damage_healed":0,"gold_gain":0,"player_choice":"Obtained Relic","damage_taken":0,"relics_obtained":["ReplayTheSpireMod:Lightbulb"],"max_hp_gain":0,"max_hp_loss":0,"event_name":"Addict","floor":19,"gold_loss":85},{"damage_healed":0,"gold_gain":0,"player_choice":"Fight","damage_taken":0,"max_hp_gain":0,"max_hp_loss":0,"event_name":"Colosseum","floor":29,"gold_loss":0},{"damage_healed":0,"gold_gain":0,"player_choice":"Fought Nobs","damage_taken":0,"max_hp_gain":0,"max_hp_loss":0,"event_name":"Colosseum","floor":29,"gold_loss":0},{"damage_healed":0,"gold_gain":0,"player_choice":"Ignored","damage_taken":0,"max_hp_gain":0,"max_hp_loss":0,"event_name":"Tomb of Lord Red Mask","floor":37,"gold_loss":0},{"damage_healed":0,"gold_gain":0,"player_choice":"Fight","damage_taken":0,"max_hp_gain":0,"max_hp_loss":0,"event_name":"MindBloom","floor":39,"gold_loss":0},{"damage_healed":0,"gold_gain":0,"player_choice":"Ignored","damage_taken":0,"max_hp_gain":0,"max_hp_loss":0,"event_name":"Purifier","floor":44,"gold_loss":0},{"damage_healed":0,"gold_gain":0,"player_choice":"Forge","damage_taken":0,"max_hp_gain":0,"max_hp_loss":0,"event_name":"Accursed Blacksmith","floor":48,"gold_loss":0,"cards_upgraded":["jesterMod:Disposophobia"]}],"is_beta":false,"boss_relics":[{"not_picked":["jesterMod:JokerCard","jesterMod:HarlequinCap"],"picked":"Honey Jar"},{"not_picked":["Busted Crown","Calling Bell"],"picked":"conspire:RoyalGoblet"}],"items_purged_floors":[3,24,28,31],"is_endless":false,"potions_floor_spawned":[4,7,11,14,16,20,29,29,33,38,42],"ascension_level":0}}