{"host":"fei72zsf460x1ouk","time":1611194910,"event":{"mods":["BaseMod","Colored Map","Colored Powertips","Downfall","Hermit","Highlight Path","Hubris","Minty Spire (QoL Compilation)","Quick Restart","StSLib","The Bug Knight","The Cursed","The Hierophant","The Servant 0.9.4"],"gold_per_floor":[116,76,1,16,16,47,47,75,75,75,92,92,124,124,124,227,227,244,41,51,51,51,51,51],"floor_reached":23,"language":"ENG","playtime":1075,"items_purged":["hermit:Defend_Hermit","hermit:Defend_Hermit"],"score":230,"play_id":"b2069a08-37f9-4c6a-af13-cedc6e3b8706","local_time":"20210121130830","is_ascension_mode":false,"campfire_choices":[{"floor":7,"key":"RECALL"},{"floor":10,"key":"REST"},{"floor":15,"key":"DIG"}],"circlet_count":0,"master_deck":["hermit:Strike_Hermit+1","hermit:Strike_Hermit+1","hermit:Strike_Hermit","hermit:Strike_Hermit","hermit:Defend_Hermit","hermit:Defend_Hermit","hermit:Snapshot","hermit:Covet","hermit:Showdown+1","hermit:Glare","hermit:Gestalt","hermit:Dive","hermit:EternalForm","hermit:Horror","hermit:RoundhouseKick","hermit:BodyArmor+1","hermit:Manifest","Shame","Writhe"],"relics":["hermit:ClaspedLocket","NeowsBlessing","Torii","Mercury Hourglass","Smiling Mask","Shovel","Whetstone","hubris:HerbalPaste","hubris:TenFootPole","Ancient Tea Set"],"acts_visited":["Exordium","TheCity"],"potions_floor_usage":[16,16,20],"damage_taken":[{"damage":0,"enemies":"Jaw Worm","floor":1,"turns":1},{"damage":0,"enemies":"Cultist","floor":4,"turns":1},{"damage":0,"enemies":"Gremlin Nob","floor":6,"turns":1},{"damage":45,"enemies":"3 Sentries","floor":8,"turns":12},{"damage":0,"enemies":"2 Louse","floor":11,"turns":2},{"damage":15,"enemies":"Lagavulin","floor":13,"turns":6},{"damage":35,"enemies":"Hexaghost","floor":16,"turns":11},{"damage":12,"enemies":"Chosen","floor":18,"turns":5},{"damage":11,"enemies":"2 Thieves","floor":20,"turns":3},{"damage":70,"enemies":"Book of Stabbing","floor":23,"turns":7}],"seed_played":"5029930766525955937","potions_obtained":[{"floor":2,"key":"EssenceOfSteel"},{"floor":2,"key":"ColorlessPotion"},{"floor":2,"key":"DistilledChaos"},{"floor":11,"key":"hermit:BlackBile"},{"floor":18,"key":"ColorlessPotion"},{"floor":20,"key":"Fruit Juice"}],"is_trial":false,"path_per_floor":["M","?","$","M","?","E","R","E","T","R","M","$","E","?","R","B",null,"M","$","M","?","?","E"],"character_chosen":"HERMIT","items_purchased":["hubris:HerbalPaste"],"campfire_rested":1,"item_purchase_floors":[19],"current_hp_per_floor":[75,75,75,75,75,75,75,30,30,52,52,52,37,37,37,2,75,63,63,62,62,62,0,0],"gold":51,"neow_bonus":"THREE_ENEMY_KILL","is_daily":false,"chose_seed":false,"campfire_upgraded":0,"win_rate":0.0,"timestamp":1611194910,"path_taken":["M","?","$","?","?","E","R","E","T","R","M","$","E","?","R","BOSS","M","$","M","?","?","E"],"items_purchased_type":["Relic"],"build_version":"2020-12-22","purchased_purges":2,"victory":false,"max_hp_per_floor":[75,75,75,75,75,75,75,75,75,75,75,75,75,75,75,75,75,75,75,80,80,80,80,80],"card_choices":[{"not_picked":["hermit:Roulette","hermit:LowProfile"],"picked":"hermit:Showdown","floor":1},{"not_picked":["hermit:Feint","hermit:Snipe"],"picked":"hermit:Glare","floor":4},{"not_picked":["hermit:Headshot","hermit:Brawl"],"picked":"hermit:Gestalt","floor":6},{"not_picked":["hermit:BodyArmor","hermit:Snipe"],"picked":"hermit:Dive","floor":8},{"not_picked":["hermit:Scavenge","hermit:Grudge"],"picked":"hermit:EternalForm","floor":11},{"not_picked":["hermit:BodyArmor","hermit:Headshot"],"picked":"hermit:Horror","floor":13},{"not_picked":["hermit:DeadOrAlive","hermit:Gambit"],"picked":"hermit:RoundhouseKick","floor":16},{"not_picked":["hermit:WideOpen","hermit:Dive"],"picked":"hermit:BodyArmor+1","floor":18},{"not_picked":["hermit:BodyArmor","hermit:Vantage"],"picked":"hermit:Manifest","floor":20}],"player_experience":166746,"relics_obtained":[{"floor":6,"key":"Torii"},{"floor":8,"key":"Mercury Hourglass"},{"floor":13,"key":"Smiling Mask"},{"floor":15,"key":"Whetstone"}],"event_choices":[{"damage_healed":0,"gold_gain":0,"player_choice":"Bought 3 Potions","damage_taken":0,"max_hp_gain":0,"max_hp_loss":0,"event_name":"The Woman in Blue","floor":2,"gold_loss":0},{"damage_healed":0,"gold_gain":0,"player_choice":"Grow","damage_taken":0,"max_hp_gain":0,"max_hp_loss":0,"event_name":"Living Wall","floor":5,"gold_loss":0,"cards_upgraded":["hermit:Showdown"]},{"damage_healed":0,"gold_gain":0,"player_choice":"Gave Potion","damage_taken":0,"relics_obtained":["Shovel"],"max_hp_gain":0,"max_hp_loss":0,"event_name":"WeMeetAgain","floor":14,"gold_loss":0},{"damage_healed":0,"gold_gain":0,"player_choice":"Stole Relic","damage_taken":0,"relics_obtained":["hubris:TenFootPole"],"max_hp_gain":0,"max_hp_loss":0,"event_name":"Addict","floor":21,"gold_loss":0,"cards_obtained":["Shame"]},{"damage_healed":0,"gold_gain":0,"player_choice":"Opened","damage_taken":0,"relics_obtained":["Ancient Tea Set"],"max_hp_gain":0,"max_hp_loss":0,"event_name":"The Mausoleum","floor":22,"gold_loss":0,"cards_obtained":["Writhe"]}],"is_beta":false,"boss_relics":[{"not_picked":["hermit:DentedPlate","hubris:RunicObelisk"],"picked":"hermit:ClaspedLocket"}],"items_purged_floors":[3,19],"is_endless":false,"potions_floor_spawned":[4,6,11,18,20],"killed_by":"Book of Stabbing","ascension_level":0}}