{"host":"c3lc60y5x60jlt1y","time":1611261294,"event":{"mods":["AchievementEnabler","BaseMod","Bestiary","Colored Map","Minty Spire (QoL Compilation)","Quick Restart","StSLib","ojb\u0027s Info Mod"],"gold_per_floor":[116,116,116,129,54,54,95,95,122,165,181,25,25,41,41,132,132,146,146,162,181,216,216,250,250,250,250,250,250],"floor_reached":28,"language":"ENG","playtime":7017,"items_purged":["Strike_B"],"score":471,"play_id":"adeee749-ec6a-40f6-bce2-bc31435e8780","local_time":"20210121223454","is_ascension_mode":true,"campfire_choices":[{"data":"Leap","floor":6,"key":"SMITH"},{"data":"Darkness","floor":13,"key":"SMITH"},{"data":"Go for the Eyes","floor":15,"key":"SMITH"},{"floor":23,"key":"REST"}],"circlet_count":0,"master_deck":["AscendersBane","Strike_B","Strike_B+1","Defend_B","Defend_B+1","Defend_B","Defend_B","Zap+1","Dualcast","Doom and Gloom","Leap+1","Cold Snap+1","Go for the Eyes+1","Lockon","Darkness+1","Rainbow","Seek","Compile Driver","Streamline","Parasite","Undo","Coolheaded","Turbo"],"relics":["Cracked Core","NeowsBlessing","Frozen Egg 2","Golden Idol","MealTicket","War Paint","Regal Pillow","Nuclear Battery","Red Mask","StoneCalendar","White Beast Statue","Bottled Lightning"],"acts_visited":["Exordium","TheCity"],"potions_floor_usage":[10,22,24],"damage_taken":[{"damage":0,"enemies":"Jaw Worm","floor":1,"turns":1},{"damage":0,"enemies":"2 Louse","floor":4,"turns":1},{"damage":0,"enemies":"Lagavulin","floor":7,"turns":1},{"damage":16,"enemies":"3 Sentries","floor":10,"turns":9},{"damage":0,"enemies":"Small Slimes","floor":11,"turns":3},{"damage":6,"enemies":"Exordium Wildlife","floor":14,"turns":3},{"damage":4,"enemies":"Hexaghost","floor":16,"turns":8},{"damage":0,"enemies":"Chosen","floor":18,"turns":3},{"damage":8,"enemies":"Shell Parasite","floor":20,"turns":4},{"damage":28,"enemies":"Shelled Parasite and Fungi","floor":21,"turns":6},{"damage":10,"enemies":"Masked Bandits","floor":22,"turns":4},{"damage":40,"enemies":"Book of Stabbing","floor":24,"turns":7},{"damage":9,"enemies":"Snake Plant","floor":28,"turns":3}],"seed_played":"-9004548286181325539","potions_obtained":[{"floor":7,"key":"Block Potion"},{"floor":11,"key":"Energy Potion"},{"floor":18,"key":"FearPotion"}],"is_trial":false,"path_per_floor":["M","?","?","M","?","R","E","?","T","E","M","$","R","M","R","B",null,"M","?","M","M","?","R","E","?","T","T","M"],"character_chosen":"DEFECT","items_purchased":["Darkness"],"campfire_rested":1,"item_purchase_floors":[12],"current_hp_per_floor":[64,59,59,59,59,59,59,40,40,24,24,39,39,33,33,29,55,55,55,47,19,9,43,3,3,3,3,0,0],"gold":250,"neow_bonus":"THREE_ENEMY_KILL","is_daily":false,"chose_seed":false,"campfire_upgraded":3,"win_rate":0.0,"timestamp":1611261294,"path_taken":["M","?","?","M","?","R","E","?","T","E","?","$","R","M","R","BOSS","M","?","M","?","?","R","E","?","T","?","?"],"items_purchased_type":["Card"],"build_version":"2020-12-22","purchased_purges":1,"victory":false,"max_hp_per_floor":[71,71,64,64,64,64,64,64,64,64,64,64,64,64,64,64,64,64,64,64,64,64,64,64,64,64,64,64,64],"card_choices":[{"not_picked":["Beam Cell","Steam Power"],"picked":"Doom and Gloom","floor":1},{"not_picked":["Auto Shields","Reinforced Body"],"picked":"Leap","floor":4},{"not_picked":["Steam","Chaos"],"picked":"Cold Snap","floor":7},{"not_picked":["Stack","Streamline"],"picked":"Go for the Eyes","floor":10},{"not_picked":["Steam","Force Field"],"picked":"Lockon","floor":11},{"not_picked":["Fusion","Steam"],"picked":"Rainbow","floor":14},{"not_picked":["Multi-Cast","Reboot"],"picked":"Seek","floor":16},{"not_picked":["Hologram","Aggregate"],"picked":"Compile Driver","floor":18},{"not_picked":["Steam","Consume","Sweeping Beam"],"picked":"SKIP","floor":20},{"not_picked":["Hologram","Rebound"],"picked":"Undo","floor":21},{"not_picked":["Multi-Cast","Blizzard"],"picked":"Coolheaded","floor":22},{"not_picked":["Hyperbeam","Cold Snap+1"],"picked":"Turbo","floor":24}],"player_experience":8282014,"relics_obtained":[{"floor":7,"key":"MealTicket"},{"floor":9,"key":"War Paint"},{"floor":10,"key":"Regal Pillow"},{"floor":22,"key":"Red Mask"},{"floor":24,"key":"StoneCalendar"},{"floor":26,"key":"White Beast Statue"},{"floor":27,"key":"Bottled Lightning"}],"event_choices":[{"damage_healed":0,"gold_gain":0,"player_choice":"Success","damage_taken":5,"relics_obtained":["Frozen Egg 2"],"max_hp_gain":0,"max_hp_loss":0,"event_name":"Scrap Ooze","floor":2,"gold_loss":0},{"damage_healed":0,"gold_gain":0,"player_choice":"Lose Max HP","damage_taken":0,"relics_obtained":["Golden Idol"],"max_hp_gain":0,"max_hp_loss":7,"event_name":"Golden Idol","floor":3,"gold_loss":0},{"cards_removed":["Strike_B"],"damage_healed":0,"gold_gain":0,"player_choice":"Card Removal","damage_taken":0,"max_hp_gain":0,"max_hp_loss":0,"event_name":"The Cleric","floor":5,"gold_loss":75},{"damage_healed":0,"gold_gain":0,"player_choice":"Entered Light","damage_taken":19,"max_hp_gain":0,"max_hp_loss":0,"event_name":"Shining Light","floor":8,"gold_loss":0,"cards_upgraded":["Cold Snap","Strike_B"]},{"damage_healed":0,"gold_gain":0,"player_choice":"2 cards matched","damage_taken":0,"max_hp_gain":0,"max_hp_loss":0,"event_name":"Match and Keep!","floor":19,"gold_loss":0,"cards_obtained":["Streamline","Parasite"]},{"damage_healed":0,"gold_gain":0,"player_choice":"Fought Bandits","damage_taken":0,"max_hp_gain":0,"max_hp_loss":0,"event_name":"Masked Bandits","floor":22,"gold_loss":0},{"damage_healed":0,"gold_gain":0,"player_choice":"Ignored","damage_taken":0,"max_hp_gain":0,"max_hp_loss":0,"event_name":"Cursed Tome","floor":25,"gold_loss":0}],"is_beta":false,"boss_relics":[{"not_picked":["Calling Bell","Tiny House"],"picked":"Nuclear Battery"}],"items_purged_floors":[12],"is_endless":false,"potions_floor_spawned":[7,11,18],"killed_by":"Snake Plant","ascension_level":15}}