{"host":"9n6i2vl93jt4o42q","time":1611242211,"event":{"mods":["BaseMod","Minty Spire (QoL Compilation)","Relic Stats"],"gold_per_floor":[111,111,125,125,125,125,125,125,200,27,48,69,103,117,117,117,117],"floor_reached":16,"language":"ENG","playtime":865,"items_purged":[],"score":200,"play_id":"fecb32e0-e761-430e-aa80-d3ef816ce446","local_time":"20210121161651","is_ascension_mode":true,"campfire_choices":[{"floor":6,"key":"REST"},{"data":"1","floor":8,"key":"LIFT"},{"data":"Malaise","floor":15,"key":"SMITH"}],"circlet_count":0,"master_deck":["AscendersBane","Strike_G","Strike_G","Strike_G","Defend_G","Defend_G","Defend_G","Defend_G","Defend_G","Survivor","Neutralize","Die Die Die","Dagger Spray","Prepared","Malaise+1","Poisoned Stab","Cloak And Dagger","Acrobatics","Underhanded Strike"],"relics":["Ring of the Snake","Girya","Golden Idol","Mercury Hourglass","Lantern","Bottled Flame"],"acts_visited":["Exordium"],"potions_floor_usage":[16],"damage_taken":[{"damage":0,"enemies":"2 Louse","floor":1,"turns":2},{"damage":0,"enemies":"Small Slimes","floor":3,"turns":3},{"damage":2,"enemies":"Jaw Worm","floor":11,"turns":2},{"damage":4,"enemies":"Lots of Slimes","floor":12,"turns":3},{"damage":11,"enemies":"Lagavulin","floor":13,"turns":7},{"damage":5,"enemies":"Looter","floor":14,"turns":2},{"damage":23,"enemies":"Hexaghost","floor":16,"turns":13}],"seed_played":"7950208822261702769","potions_obtained":[{"floor":1,"key":"Fire Potion"},{"floor":3,"key":"SneckoOil"},{"floor":14,"key":"Regen Potion"}],"is_trial":false,"path_per_floor":["M","?","M","?","?","R","?","R","T","$","M","M","E","M","R","B"],"character_chosen":"THE_SILENT","items_purchased":["Lantern"],"campfire_rested":1,"item_purchase_floors":[10],"current_hp_per_floor":[44,37,37,26,26,45,45,45,45,45,43,39,28,23,23,0,0],"gold":117,"neow_bonus":"THREE_RARE_CARDS","is_daily":false,"chose_seed":false,"campfire_upgraded":1,"win_rate":0.0,"timestamp":1611242211,"path_taken":["M","?","M","?","?","R","?","R","T","?","M","M","E","M","R","BOSS"],"items_purchased_type":["Relic"],"build_version":"2020-12-22","purchased_purges":0,"victory":false,"max_hp_per_floor":[66,66,66,66,66,66,60,60,60,60,60,60,60,60,60,60,60],"relic_stats":{"counters":[7,31],"Golden Idol":18,"obtain_stats":[{"Girya":4,"Lantern":10,"Bottled Flame":13,"Golden Idol":7,"Ring of the Snake":0,"Mercury Hourglass":9},{"Girya":2,"Lantern":2,"Bottled Flame":5,"Golden Idol":2,"Ring of the Snake":0,"Mercury Hourglass":2},{"Girya":5,"Lantern":5,"Bottled Flame":16,"Golden Idol":5,"Ring of the Snake":0,"Mercury Hourglass":5}],"Ring of the Snake":[14],"Mercury Hourglass":[94]},"card_choices":[{"not_picked":["Grand Finale","Wraith Form v2"],"picked":"Die Die Die","floor":0},{"not_picked":["Well Laid Plans","Footwork"],"picked":"Dagger Spray","floor":1},{"not_picked":["Outmaneuver","Underhanded Strike"],"picked":"Prepared","floor":3},{"not_picked":["Riddle With Holes","Prepared"],"picked":"Poisoned Stab","floor":11},{"not_picked":["Poisoned Stab","Doppelganger"],"picked":"Cloak And Dagger","floor":12},{"not_picked":["Dagger Spray","Heel Hook"],"picked":"Acrobatics","floor":13},{"not_picked":["Riddle With Holes","Setup"],"picked":"Underhanded Strike","floor":14}],"player_experience":2196804,"relics_obtained":[{"floor":9,"key":"Mercury Hourglass"},{"floor":13,"key":"Bottled Flame"}],"event_choices":[{"cards_removed":["Strike_G"],"damage_healed":0,"gold_gain":0,"player_choice":"Card Removal","damage_taken":7,"max_hp_gain":0,"max_hp_loss":0,"event_name":"Golden Wing","floor":2,"gold_loss":0},{"damage_healed":0,"gold_gain":0,"player_choice":"Success","damage_taken":11,"relics_obtained":["Girya"],"max_hp_gain":0,"max_hp_loss":0,"event_name":"Scrap Ooze","floor":4,"gold_loss":0},{"damage_healed":0,"gold_gain":0,"cards_transformed":["Strike_G"],"player_choice":"Change","damage_taken":0,"max_hp_gain":0,"max_hp_loss":0,"event_name":"Living Wall","floor":5,"gold_loss":0,"cards_obtained":["Malaise"]},{"damage_healed":0,"gold_gain":0,"player_choice":"Lose Max HP","damage_taken":0,"relics_obtained":["Golden Idol"],"max_hp_gain":0,"max_hp_loss":6,"event_name":"Golden Idol","floor":7,"gold_loss":0}],"is_beta":false,"boss_relics":[],"items_purged_floors":[],"is_endless":false,"potions_floor_spawned":[1,3,14],"killed_by":"Hexaghost","ascension_level":20}}