{"host":"konjmgczbcns2r3g","time":1611197526,"event":{"mods":["AchievementEnabler","BaseMod","Chen","Colored Powertips","Hermit","Infinite Spire","Koishi","Marisa????????","Minty Spire (QoL Compilation)","Replay The Spire","StSLib","The Cursed","The Gatherer","The Necromancer","The Servant 0.9.4"],"gold_per_floor":[113,113,126,301,324,363,363,322,322,347,85,106,126,149,149,280,280,294,310,22,22,37,37,71,71,97,111,134,64,78,91,91,222,222,256,203,235,235,156,156,190,220,220,220,265,303,303,343,462,462,462,462,13,47,47,47],"floor_reached":55,"language":"ENG","playtime":5773,"items_purged":[],"score":677,"play_id":"adcdabe4-ef04-4fe5-87f7-ee8e32b1d1eb","local_time":"20210120215206","is_ascension_mode":false,"campfire_choices":[{"floor":7,"key":"REST"},{"floor":15,"key":"REST"},{"floor":23,"key":"REST"},{"floor":32,"key":"REST"},{"floor":40,"key":"RECALL"},{"data":"TheCursedMod:NeowsMight","floor":47,"key":"SMITH"},{"data":"TheCursedMod:Hemoplague","floor":52,"key":"SMITH"}],"circlet_count":0,"master_deck":["TheCursedMod:Strike_TheCursed","TheCursedMod:Strike_TheCursed","TheCursedMod:Strike_TheCursed","TheCursedMod:Strike_TheCursed","TheCursedMod:Defend_TheCursed","TheCursedMod:Defend_TheCursed","TheCursedMod:Defend_TheCursed","TheCursedMod:Defend_TheCursed","TheCursedMod:CursedWand","TheCursedMod:CleanUpWorkshop","TheCursedMod:Dregs","TheCursedMod:StunningStrike","TheCursedMod:Hemoplague+1","TheCursedMod:CircleOfFlame","Doubt","TheCursedMod:WearCloak","TheCursedMod:ReleasedKnowledge","TheCursedMod:CursedMace","TheCursedMod:Obscuration+1","TheCursedMod:LuckyCharm","TheCursedMod:CursedShiv","TheCursedMod:Stigma+1","TheCursedMod:CircleOfAbyss","TheCursedMod:ReleasedStrength","TheCursedMod:Wield","TheCursedMod:SpitefulPray+1","TheCursedMod:TroublousMinions+1","TheCursedMod:AbyssShockwave","TheCursedMod:Stigma+1","TheCursedMod:SoulReap","TheCursedMod:FleshFromBone","TheCursedMod:CursedBlade","AbeCurse","TheCursedMod:Neurasthenia","CurseOfTheBell","Hallucinations","Replay:Sluggish","TheCursedMod:NeowsMight+1","TheCursedMod:TacticalStrike","TheCursedMod:SurpriseAttack+1","TheCursedMod:HellfireBreathing","TheCursedMod:LuckyCharm+1","TheCursedMod:SoulReap","TheCursedMod:ReleasedKnowledge+1","TheCursedMod:OutForBlood","TheCursedMod:OutForBlood"],"relics":["TheCursedMod:BlackMagic101","Golden Idol","Calipers","Snack Pack","Strawberry","TheCursedMod:OminousMark","infinitespire:Joker Card","Oddly Smooth Stone","infinitespire:EvilPickle","Replay:Ancient Bell","Tiny Chest","Replay:Bottled Eggs","Du-Vu Doll","Pet Ghost","infinitespire:Bottled Soul","TheCursedMod:BloodyHarpoon","Lee\u0027s Waffle","ReplayTheSpireMod:Lightbulb","CaptainsWheel"],"acts_visited":["Exordium","TheCity","TheBeyond","TheEnding"],"potions_floor_usage":[6,6,14,24,28,31,33,41,44,50,50],"damage_taken":[{"damage":0,"enemies":"Jaw Worm","floor":1,"turns":6},{"damage":0,"enemies":"Small Slimes","floor":3,"turns":4},{"damage":8,"enemies":"2 Louse","floor":5,"turns":3},{"damage":32,"enemies":"Gremlin Nob","floor":6,"turns":5},{"damage":21,"enemies":"Lots of Slimes","floor":10,"turns":6},{"damage":4,"enemies":"2 Fungi Beasts","floor":12,"turns":5},{"damage":7,"enemies":"Blue Slaver","floor":13,"turns":5},{"damage":14,"enemies":"Gremlin Gang","floor":14,"turns":4},{"damage":30,"enemies":"Hexaghost","floor":16,"turns":10},{"damage":5,"enemies":"Shell Parasite","floor":18,"turns":7},{"damage":22,"enemies":"Chosen","floor":19,"turns":8},{"damage":13,"enemies":"Snake Plant","floor":22,"turns":4},{"damage":64,"enemies":"Gremlin Leader","floor":24,"turns":6},{"damage":28,"enemies":"Cultist and Chosen","floor":27,"turns":8},{"damage":3,"enemies":"Shelled Parasite and Fungi","floor":28,"turns":5},{"damage":3,"enemies":"Centurion and Healer","floor":30,"turns":6},{"damage":0,"enemies":"Snecko","floor":31,"turns":5},{"damage":22,"enemies":"Pondfish","floor":33,"turns":14},{"damage":16,"enemies":"3 Shapes","floor":35,"turns":2},{"damage":31,"enemies":"3 Darklings","floor":37,"turns":7},{"damage":3,"enemies":"4 Shapes","floor":41,"turns":1},{"damage":0,"enemies":"Transient","floor":42,"turns":5},{"damage":0,"enemies":"3 Darklings","floor":44,"turns":1},{"damage":46,"enemies":"Reptomancer","floor":45,"turns":5},{"damage":1,"enemies":"4 Shapes","floor":46,"turns":6},{"damage":0,"enemies":"Spire Growth","floor":48,"turns":4},{"damage":39,"enemies":"Donu and Deca","floor":50,"turns":8},{"damage":57,"enemies":"Shield and Spear","floor":54,"turns":7},{"damage":75,"enemies":"The Heart","floor":55,"turns":7}],"seed_played":"8322266930167398278","potions_obtained":[{"floor":3,"key":"Dexterity Potion"},{"floor":5,"key":"DistilledChaos"},{"floor":13,"key":"SkillPotion"},{"floor":14,"key":"TheCursedMod:DregsPotion"},{"floor":16,"key":"Ancient Potion"},{"floor":22,"key":"DuplicationPotion"},{"floor":28,"key":"Energy Potion"},{"floor":33,"key":"Energy Potion"},{"floor":42,"key":"SmokeBomb"},{"floor":46,"key":"PowerPotion"},{"floor":48,"key":"SteroidPotion"}],"is_trial":false,"path_per_floor":["M","?","M","?","M","E","R","?","T","M","$","M","M","M","R","B",null,"M","M","$","?","M","R","E","?","T","M","M","$","M","M","R","B",null,"M","$","M","?","$","R","M","M","T","M","E","M","R","M","R","B",null,"R","$","E","B"],"character_chosen":"THE_CURSED","items_purchased":["Strawberry","TheCursedMod:Obscuration+1","TheCursedMod:LuckyCharm","infinitespire:Joker Card","TheCursedMod:SoulReap","TheCursedMod:TacticalStrike","TheCursedMod:HellfireBreathing","Lee\u0027s Waffle","ReplayTheSpireMod:Lightbulb","TheCursedMod:OutForBlood"],"campfire_rested":4,"item_purchase_floors":[11,11,11,20,29,36,39,53,53,53],"current_hp_per_floor":[75,57,57,57,49,17,39,39,39,20,27,23,16,2,26,2,82,77,57,57,57,48,72,12,39,39,15,16,16,21,30,54,49,82,78,78,61,61,61,61,60,82,82,82,49,73,73,82,82,45,82,82,89,50,0,0],"gold":47,"neow_bonus":"ONE_RANDOM_RARE_CARD","is_daily":false,"chose_seed":false,"campfire_upgraded":2,"win_rate":0.0,"timestamp":1611197526,"path_taken":["M","?","M","?","M","E","R","?","T","M","$","M","M","M","R","BOSS","M","M","$","?","M","R","E","?","T","M","M","$","M","M","R","BOSS","M","$","M","?","$","R","?","M","T","M","E","M","R","M","R","BOSS","R","$","E","BOSS"],"items_purchased_type":["Relic","Card","Card","Relic","Card","Card","Card","Relic","Relic","Card"],"build_version":"2020-12-22","purchased_purges":0,"victory":false,"max_hp_per_floor":[75,75,75,75,75,75,75,75,75,75,82,82,82,82,82,82,82,82,82,82,82,82,82,82,82,82,82,82,82,82,82,82,82,82,82,82,82,82,82,82,82,82,82,82,82,82,82,82,82,82,82,82,89,89,89,89],"card_choices":[{"not_picked":["TheCursedMod:StingEye","TheCursedMod:SpitefulStrike"],"picked":"TheCursedMod:Hemoplague","floor":1},{"not_picked":["TheCursedMod:RavingStaff","TheCursedMod:SurpriseAttack"],"picked":"TheCursedMod:CircleOfFlame","floor":3},{"not_picked":["TheCursedMod:RapidMovement","TheCursedMod:Grudge"],"picked":"TheCursedMod:WearCloak","floor":5},{"not_picked":["TheCursedMod:PrepareRite","TheCursedMod:CircleOfCorruption"],"picked":"TheCursedMod:ReleasedKnowledge","floor":6},{"not_picked":["TheCursedMod:PrepareRite","TheCursedMod:SmokeScreen"],"picked":"TheCursedMod:CursedMace","floor":10},{"not_picked":["TheCursedMod:Wield","TheCursedMod:Evocation"],"picked":"TheCursedMod:CursedShiv","floor":12},{"not_picked":["TheCursedMod:CursedMace","TheCursedMod:Obscuration","TheCursedMod:SmokeScreen"],"picked":"SKIP","floor":13},{"not_picked":["TheCursedMod:Torture","TheCursedMod:LuckyCharm"],"picked":"TheCursedMod:Stigma","floor":14},{"not_picked":["TheCursedMod:StunningStrike","TheCursedMod:DarkBarrier"],"picked":"TheCursedMod:CircleOfAbyss","floor":16},{"not_picked":["TheCursedMod:TacticalStrike","TheCursedMod:Stretching"],"picked":"TheCursedMod:ReleasedStrength","floor":18},{"not_picked":["TheCursedMod:CircleOfCorruption+1","TheCursedMod:SoulCrush"],"picked":"TheCursedMod:Wield","floor":19},{"not_picked":["TheCursedMod:WearCloak","TheCursedMod:CircleOfCorruption+1"],"picked":"TheCursedMod:SpitefulPray+1","floor":22},{"not_picked":["TheCursedMod:SpitefulPlan","TheCursedMod:CursedBoomerang"],"picked":"TheCursedMod:TroublousMinions+1","floor":24},{"not_picked":["TheCursedMod:Stretching","TheCursedMod:VitalStrike"],"picked":"TheCursedMod:AbyssShockwave","floor":27},{"not_picked":["TheCursedMod:RapidMovement+1","TheCursedMod:CursedStaff+1"],"picked":"TheCursedMod:Stigma","floor":28},{"not_picked":["TheCursedMod:SoulReap","TheCursedMod:Obscuration"],"picked":"TheCursedMod:FleshFromBone","floor":30},{"not_picked":["TheCursedMod:CursedMace+1","TheCursedMod:RapidMovement"],"picked":"TheCursedMod:CursedBlade","floor":31},{"not_picked":["TheCursedMod:DarkBarrier","TheCursedMod:DemonicPact"],"picked":"TheCursedMod:Neurasthenia","floor":33},{"not_picked":["ReplayTheSpireMod:Splinters","CommonCold"],"picked":"CurseOfTheBell","floor":34},{"not_picked":["ReplayTheSpireMod:Splinters","Writhe"],"picked":"Hallucinations","floor":34},{"not_picked":["Wraith","ReplayTheSpireMod:IOU"],"picked":"Replay:Sluggish","floor":34},{"not_picked":["TheCursedMod:CursedAmulet","TheCursedMod:BloodBarrier"],"picked":"TheCursedMod:NeowsMight","floor":35},{"not_picked":["TheCursedMod:SpreadPlague","TheCursedMod:CircleOfCorruption+1"],"picked":"TheCursedMod:SurpriseAttack+1","floor":37},{"not_picked":["TheCursedMod:CircleOfCorruption","TheCursedMod:HellfireBreathing"],"picked":"TheCursedMod:LuckyCharm+1","floor":41},{"not_picked":["TheCursedMod:Torture","TheCursedMod:Stretching"],"picked":"TheCursedMod:SoulReap","floor":42},{"not_picked":["TheCursedMod:SpitefulPray+1","TheCursedMod:VitalStrike","TheCursedMod:CursedMace"],"picked":"SKIP","floor":45},{"not_picked":["TheCursedMod:CircleOfFocus+1","TheCursedMod:CursedBlade+1"],"picked":"TheCursedMod:ReleasedKnowledge+1","floor":46},{"not_picked":["TheCursedMod:Obscuration","TheCursedMod:CursedStaff+1","TheCursedMod:CursedMace+1"],"picked":"SKIP","floor":48},{"not_picked":["TheCursedMod:AshesToAshes+1","TheCursedMod:SpitefulPray","TheCursedMod:Wield+1"],"picked":"SKIP","floor":54}],"player_experience":350491,"relics_obtained":[{"floor":6,"key":"Calipers"},{"floor":9,"key":"Snack Pack"},{"floor":24,"key":"Oddly Smooth Stone"},{"floor":38,"key":"Pet Ghost"},{"floor":43,"key":"infinitespire:Bottled Soul"},{"floor":45,"key":"TheCursedMod:BloodyHarpoon"},{"floor":54,"key":"CaptainsWheel"}],"event_choices":[{"damage_healed":0,"gold_gain":0,"player_choice":"Take Damage","damage_taken":18,"relics_obtained":["Golden Idol"],"max_hp_gain":0,"max_hp_loss":0,"event_name":"Golden Idol","floor":2,"gold_loss":0},{"damage_healed":0,"gold_gain":175,"player_choice":"AGREE","damage_taken":0,"max_hp_gain":0,"max_hp_loss":0,"event_name":"Liars Game","floor":4,"gold_loss":0,"cards_obtained":["Doubt"]},{"damage_healed":0,"gold_gain":0,"player_choice":"Left Gold","damage_taken":0,"max_hp_gain":0,"max_hp_loss":0,"event_name":"World of Goop","floor":8,"gold_loss":41},{"damage_healed":27,"gold_gain":0,"player_choice":"Heal","damage_taken":0,"max_hp_gain":0,"max_hp_loss":0,"event_name":"The Library","floor":25,"gold_loss":0},{"damage_healed":0,"gold_gain":0,"player_choice":"Relic","damage_taken":0,"max_hp_gain":0,"max_hp_loss":0,"event_name":"Wheel of Change","floor":38,"gold_loss":0}],"is_beta":false,"boss_relics":[{"not_picked":["Replay:Wanted Poster","Ring of Chaos"],"picked":"TheCursedMod:OminousMark"},{"not_picked":["Busted Crown","Cursed Key"],"picked":"Replay:Ancient Bell"},{"not_picked":["Omamori","Bag of Marbles"],"picked":"Tiny Chest"},{"not_picked":["Onion Ring","Replay:Bottled Snecko"],"picked":"Replay:Bottled Eggs"},{"not_picked":["Turnip","Pocketwatch"],"picked":"Du-Vu Doll"}],"items_purged_floors":[],"is_endless":false,"potions_floor_spawned":[3,5,13,14,16,22,28,33,42,44,46,48],"killed_by":"The Heart","ascension_level":0}}