{"host":"sc0o2qwpf9j16a4i","time":1611243214,"event":{"mods":["AchievementEnabler","BaseMod","BetterRewards","Block Reminder","Colored Map","Colored Powertips","Custom Start","Highlight Path","Minty Spire (QoL Compilation)","Relic Stats"],"gold_per_floor":[119,38,113,113,128,128,163,163,163,181,181,208,221,235,235,312,312,326,341,256,8,18,18,53,53,53,68,68,82,109,109,109,187,187,207,227,246,246,11,11,53,53,53,115,128,128,171,194,194,194,194],"floor_reached":50,"language":"ENG","playtime":1713,"items_purged":["Strike_R"],"score":1650,"play_id":"7c028e9e-3ef9-48d4-a593-236da7778b15","local_time":"20210121173334","is_ascension_mode":true,"campfire_choices":[{"data":"Metallicize","floor":6,"key":"SMITH"},{"data":"True Grit","floor":11,"key":"SMITH"},{"data":"Flame Barrier","floor":15,"key":"SMITH"},{"data":"Demon Form","floor":23,"key":"SMITH"},{"data":"1","floor":25,"key":"LIFT"},{"data":"2","floor":28,"key":"LIFT"},{"data":"Rupture","floor":32,"key":"SMITH"},{"data":"3","floor":40,"key":"LIFT"},{"floor":49,"key":"RECALL"}],"circlet_count":0,"master_deck":["AscendersBane","Defend_R","Defend_R","Defend_R","Bash","Metallicize+1","Uppercut+1","Wild Strike+1","Shrug It Off","Flame Barrier+1","Blood for Blood+1","Uppercut+1","True Grit+1","Power Through","Bludgeon+1","Power Through+1","Warcry+1","Demon Form+1","Combust+1","Headbutt+1","Double Tap+1","Whirlwind+1","Warcry+1","Offering+1","Dropkick+1","Offering+1","Rupture+1","Shockwave+1","Shrug It Off+1","Burning Pact+1","Entrench+1","True Grit+1","Immolate+1","Body Slam+1","Ghostly Armor+1"],"relics":["Burning Blood","Oddly Smooth Stone","Sling","Juzu Bracelet","Medical Kit","Bag of Marbles","Meat on the Bone","PreservedInsect","Molten Egg 2","Mango","HornCleat","Sundial","Toxic Egg 2","Astrolabe","Girya","ClockworkSouvenir","Tiny Chest","Letter Opener","Black Star","Lee\u0027s Waffle","Orichalcum","CeramicFish","Blue Candle","Pantograph","StoneCalendar","Bronze Scales","Unceasing Top"],"acts_visited":["Exordium","TheCity","TheBeyond"],"potions_floor_usage":[12,14,16,16,27,30,30,44],"damage_taken":[{"damage":0,"enemies":"Small Slimes","floor":1,"turns":3},{"damage":0,"enemies":"2 Louse","floor":5,"turns":1},{"damage":0,"enemies":"Gremlin Nob","floor":7,"turns":2},{"damage":0,"enemies":"Cultist","floor":10,"turns":2},{"damage":0,"enemies":"3 Sentries","floor":12,"turns":5},{"damage":0,"enemies":"Blue Slaver","floor":13,"turns":4},{"damage":3,"enemies":"2 Fungi Beasts","floor":14,"turns":2},{"damage":11,"enemies":"Hexaghost","floor":16,"turns":12},{"damage":11,"enemies":"Chosen","floor":18,"turns":5},{"damage":17,"enemies":"Shell Parasite","floor":19,"turns":3},{"damage":2,"enemies":"Snake Plant","floor":22,"turns":6},{"damage":14,"enemies":"Book of Stabbing","floor":24,"turns":4},{"damage":4,"enemies":"Cultist and Chosen","floor":27,"turns":5},{"damage":6,"enemies":"Chosen and Byrds","floor":29,"turns":4},{"damage":12,"enemies":"Gremlin Leader","floor":30,"turns":7},{"damage":46,"enemies":"Collector","floor":33,"turns":8},{"damage":35,"enemies":"3 Darklings","floor":35,"turns":6},{"damage":11,"enemies":"3 Shapes","floor":36,"turns":7},{"damage":6,"enemies":"Spire Growth","floor":37,"turns":3},{"damage":24,"enemies":"Giant Head","floor":41,"turns":4},{"damage":28,"enemies":"2 Orb Walkers","floor":44,"turns":3},{"damage":8,"enemies":"Jaw Worm Horde","floor":45,"turns":3},{"damage":13,"enemies":"Nemesis","floor":47,"turns":3},{"damage":30,"enemies":"Maw","floor":48,"turns":6},{"damage":72,"enemies":"Awakened One","floor":50,"turns":7}],"seed_played":"-584441260719803576","potions_obtained":[{"floor":7,"key":"GamblersBrew"},{"floor":10,"key":"Energy Potion"},{"floor":12,"key":"Explosive Potion"},{"floor":14,"key":"Energy Potion"},{"floor":16,"key":"LiquidMemories"},{"floor":24,"key":"GamblersBrew"},{"floor":27,"key":"LiquidMemories"},{"floor":36,"key":"Explosive Potion"},{"floor":41,"key":"PowerPotion"},{"floor":48,"key":"BlessingOfTheForge"}],"is_trial":false,"path_per_floor":["M","$","?","?","M","R","E","?","T","M","R","E","M","M","R","B",null,"M","M","?","$","M","R","E","R","T","M","R","M","E","?","R","B",null,"M","M","M","?","$","R","E","T","T","?","M","?","E","M","R","B"],"character_chosen":"IRONCLAD","items_purchased":["Oddly Smooth Stone","Sling","Juzu Bracelet","Medical Kit","Bag of Marbles","Meat on the Bone","Metallicize","PreservedInsect","Molten Egg 2","Uppercut+1","Mango","Wild Strike+1","Shrug It Off","Blood for Blood+1","ClockworkSouvenir","Lee\u0027s Waffle","Entrench+1"],"campfire_rested":0,"item_purchase_floors":[0,0,0,0,0,0,0,0,0,0,0,0,0,2,21,39,39],"current_hp_per_floor":[53,53,42,35,53,53,59,59,59,65,65,71,77,80,80,75,86,81,70,70,70,74,74,66,66,66,68,68,68,62,62,62,34,75,58,53,53,53,96,96,78,78,78,56,66,66,59,47,47,0,0],"gold":194,"neow_bonus":"","is_daily":false,"chose_seed":false,"campfire_upgraded":5,"win_rate":0.0,"timestamp":1611243214,"path_taken":["M","$","?","?","M","R","E","?","T","M","R","E","M","M","R","BOSS","M","M","?","$","M","R","E","R","T","M","R","M","E","?","R","BOSS","M","M","M","?","?","R","E","?","T","?","M","?","E","M","R","BOSS"],"items_purchased_type":["Relic","Relic","Relic","Relic","Relic","Relic","Card","Relic","Relic","Card","Relic","Card","Card","Card","Relic","Relic","Card"],"build_version":"2020-12-22","purchased_purges":1,"victory":false,"max_hp_per_floor":[89,89,89,89,89,89,89,89,89,89,89,89,89,89,89,89,89,89,89,89,89,89,89,89,89,89,89,89,89,89,89,89,89,89,89,89,89,89,96,96,96,96,96,96,96,96,96,96,96,96,96],"relic_stats":{"Lee\u0027s Waffle":43,"counters":[179,897],"Astrolabe":["Clothesline","Juggernaut","Fire Breathing","Combust","Headbutt","Double Tap"],"CeramicFish":36,"Blue Candle":[0],"StoneCalendar":[52],"PreservedInsect":733,"Juzu Bracelet":4,"Letter Opener":[115],"Orichalcum":[24],"Medical Kit":[49],"Burning Blood":895,"Sundial":[10],"Pantograph":52,"Bronze Scales":[63],"Tiny Chest":1,"Black Star":2,"obtain_stats":[{"Calipers":26,"Gremlin Horn":24,"CeramicFish":14,"Ginger":6,"Bottled Tornado":30,"Boot":41,"Sling":0,"Sozu":34,"Lizard Tail":11,"HornCleat":7,"Sundial":47,"MealTicket":26,"Philosopher\u0027s Stone":17,"Fusion Hammer":17,"Necronomicon":21,"Kunai":46,"Toxic Egg 2":12,"Girya":20,"Pear":21,"Happy Flower":9,"Astrolabe":17,"Blue Candle":42,"Oddly Smooth Stone":31,"Eternal Feather":0,"Pen Nib":14,"Charon\u0027s Ashes":41,"Letter Opener":30,"War Paint":20,"Question Card":45,"OrangePellets":30,"SlaversCollar":34,"Brimstone":0,"Bronze Scales":47,"Molten Egg 2":0,"Black Star":17,"Unceasing Top":47,"Meat on the Bone":23,"Darkstone Periapt":11,"Lantern":26,"Regal Pillow":44,"Singing Bowl":0,"Magic Flower":7,"Mango":31,"StoneCalendar":44,"Bag of Preparation":22,"Juzu Bracelet":24,"Ancient Tea Set":11,"Burning Blood":0,"ClockworkSouvenir":21,"SsserpentHead":3,"Matryoshka":24,"Pantograph":43,"Tiny Chest":7,"Red Mask":28,"Chemical X":22,"Red Skull":9,"Runic Pyramid":34,"Paper Frog":11,"Potion Belt":31,"Lee\u0027s Waffle":39,"Golden Idol":10,"Self Forming Clay":0,"The Courier":28,"PreservedInsect":7,"Omamori":31,"Orichalcum":20,"Frozen Egg 2":28,"Odd Mushroom":13,"Medical Kit":0,"Anchor":0,"Busted Crown":0,"Ornamental Fan":9,"Bag of Marbles":7,"Art of War":44,"Membership Card":4,"Toy Ornithopter":3},{"Calipers":69,"Gremlin Horn":14,"CeramicFish":25,"Ginger":37,"Bottled Tornado":71,"Boot":54,"Sling":81,"Sozu":49,"Lizard Tail":6,"HornCleat":22,"Sundial":79,"MealTicket":15,"Philosopher\u0027s Stone":26,"Fusion Hammer":121,"Necronomicon":45,"Kunai":148,"Toxic Egg 2":159,"Girya":164,"Pear":123,"Happy Flower":22,"Astrolabe":89,"Blue Candle":174,"Oddly Smooth Stone":34,"Eternal Feather":98,"Pen Nib":9,"Charon\u0027s Ashes":77,"Letter Opener":169,"War Paint":28,"Question Card":55,"OrangePellets":33,"SlaversCollar":95,"Brimstone":35,"Bronze Scales":177,"Molten Egg 2":56,"Black Star":10,"Unceasing Top":177,"Meat on the Bone":30,"Darkstone Periapt":38,"Lantern":45,"Regal Pillow":54,"Singing Bowl":17,"Magic Flower":86,"Mango":48,"StoneCalendar":175,"Bag of Preparation":13,"Juzu Bracelet":14,"Ancient Tea Set":105,"Burning Blood":0,"ClockworkSouvenir":164,"SsserpentHead":83,"Matryoshka":69,"Pantograph":174,"Tiny Chest":61,"Red Mask":47,"Chemical X":45,"Red Skull":4,"Runic Pyramid":72,"Paper Frog":130,"Potion Belt":16,"Lee\u0027s Waffle":173,"Golden Idol":22,"Self Forming Clay":81,"The Courier":69,"PreservedInsect":102,"Omamori":16,"Orichalcum":12,"Frozen Egg 2":69,"Odd Mushroom":107,"Medical Kit":17,"Anchor":35,"Busted Crown":0,"Ornamental Fan":86,"Bag of Marbles":4,"Art of War":78,"Membership Card":36,"Toy Ornithopter":58},{"Calipers":271,"Gremlin Horn":57,"CeramicFish":101,"Ginger":169,"Bottled Tornado":280,"Boot":223,"Sling":338,"Sozu":204,"Lizard Tail":20,"HornCleat":91,"Sundial":328,"MealTicket":62,"Philosopher\u0027s Stone":111,"Fusion Hammer":601,"Necronomicon":190,"Kunai":746,"Toxic Egg 2":795,"Girya":821,"Pear":611,"Happy Flower":91,"Astrolabe":396,"Blue Candle":875,"Oddly Smooth Stone":150,"Eternal Feather":476,"Pen Nib":29,"Charon\u0027s Ashes":316,"Letter Opener":847,"War Paint":119,"Question Card":227,"OrangePellets":143,"SlaversCollar":454,"Brimstone":162,"Bronze Scales":884,"Molten Egg 2":229,"Black Star":39,"Unceasing Top":884,"Meat on the Bone":128,"Darkstone Periapt":172,"Lantern":190,"Regal Pillow":223,"Singing Bowl":71,"Magic Flower":363,"Mango":198,"StoneCalendar":878,"Bag of Preparation":51,"Juzu Bracelet":57,"Ancient Tea Set":502,"Burning Blood":0,"ClockworkSouvenir":821,"SsserpentHead":348,"Matryoshka":271,"Pantograph":875,"Tiny Chest":244,"Red Mask":194,"Chemical X":190,"Red Skull":13,"Runic Pyramid":290,"Paper Frog":651,"Potion Belt":66,"Lee\u0027s Waffle":871,"Golden Idol":91,"Self Forming Clay":338,"The Courier":271,"PreservedInsect":491,"Omamori":66,"Orichalcum":48,"Frozen Egg 2":271,"Odd Mushroom":509,"Medical Kit":71,"Anchor":162,"Busted Crown":0,"Ornamental Fan":363,"Bag of Marbles":13,"Art of War":322,"Membership Card":165,"Toy Ornithopter":234}],"Unceasing Top":[0],"Meat on the Bone":72},"card_choices":[{"not_picked":["Warcry","Havoc"],"picked":"Flame Barrier","floor":1},{"not_picked":["Blood for Blood+1","Searing Blow+1"],"picked":"Uppercut+1","floor":5},{"not_picked":["Clothesline+1","Infernal Blade"],"picked":"True Grit","floor":7},{"not_picked":["Uppercut+1","Havoc","Thunderclap+1"],"picked":"SKIP","floor":10},{"not_picked":["Armaments+1","Perfected Strike+1"],"picked":"Bludgeon+1","floor":12},{"not_picked":["Thunderclap+1","Clash+1"],"picked":"Power Through+1","floor":13},{"not_picked":["True Grit+1","Evolve"],"picked":"Warcry+1","floor":14},{"not_picked":["Double Tap+1","Juggernaut"],"picked":"Demon Form","floor":16},{"not_picked":["Clothesline+1","Sever Soul+1","Clash+1"],"picked":"SKIP","floor":18},{"not_picked":["Body Slam+1","Dropkick+1"],"picked":"Whirlwind+1","floor":19},{"not_picked":["Iron Wave+1","Clash+1"],"picked":"Warcry+1","floor":22},{"not_picked":["Thunderclap+1","Fire Breathing","Body Slam+1"],"picked":"SKIP","floor":24},{"not_picked":["Twin Strike+1","Infernal Blade+1"],"picked":"Offering+1","floor":27},{"not_picked":["Reckless Charge+1","Wild Strike+1"],"picked":"Dropkick+1","floor":29},{"not_picked":["Pommel Strike+1","Thunderclap+1"],"picked":"Offering+1","floor":30},{"not_picked":["Second Wind+1","Bloodletting+1"],"picked":"Shockwave+1","floor":35},{"not_picked":["Second Wind+1","Wild Strike+1"],"picked":"Shrug It Off+1","floor":36},{"not_picked":["Clash+1","Heavy Blade+1"],"picked":"Burning Pact+1","floor":37},{"not_picked":["Perfected Strike+1","Hemokinesis+1"],"picked":"True Grit+1","floor":41},{"not_picked":["Reckless Charge+1","Twin Strike+1"],"picked":"Immolate+1","floor":44},{"not_picked":["Blood for Blood+1","Searing Blow+1","Heavy Blade+1"],"picked":"SKIP","floor":45},{"not_picked":["Blood for Blood+1","Warcry+1"],"picked":"Body Slam+1","floor":47},{"not_picked":["Twin Strike+1","Thunderclap+1"],"picked":"Ghostly Armor+1","floor":48}],"player_experience":841971,"relics_obtained":[{"floor":7,"key":"HornCleat"},{"floor":9,"key":"Sundial"},{"floor":12,"key":"Toxic Egg 2"},{"floor":24,"key":"Tiny Chest"},{"floor":30,"key":"Letter Opener"},{"floor":41,"key":"Orichalcum"},{"floor":41,"key":"CeramicFish"},{"floor":42,"key":"Blue Candle"},{"floor":43,"key":"Pantograph"},{"floor":44,"key":"StoneCalendar"},{"floor":47,"key":"Bronze Scales"},{"floor":47,"key":"Unceasing Top"}],"event_choices":[{"damage_healed":0,"gold_gain":75,"player_choice":"Gather Gold","damage_taken":11,"max_hp_gain":0,"max_hp_loss":0,"event_name":"World of Goop","floor":3,"gold_loss":0},{"cards_removed":["Strike_R"],"damage_healed":0,"gold_gain":0,"player_choice":"Card Removal","damage_taken":7,"max_hp_gain":0,"max_hp_loss":0,"event_name":"Golden Wing","floor":4,"gold_loss":0},{"damage_healed":0,"gold_gain":0,"cards_transformed":["Strike_R"],"player_choice":"Transformed","damage_taken":0,"max_hp_gain":0,"max_hp_loss":0,"event_name":"Transmorgrifier","floor":8,"gold_loss":0,"cards_obtained":["Power Through"]},{"damage_healed":0,"gold_gain":0,"player_choice":"Obtained Relic","damage_taken":0,"relics_obtained":["Girya"],"max_hp_gain":0,"max_hp_loss":0,"event_name":"Addict","floor":20,"gold_loss":85},{"damage_healed":0,"gold_gain":0,"player_choice":"Read","damage_taken":0,"max_hp_gain":0,"max_hp_loss":0,"event_name":"The Library","floor":31,"gold_loss":0,"cards_obtained":["Rupture"]},{"damage_healed":0,"gold_gain":0,"player_choice":"0 cards matched","damage_taken":0,"max_hp_gain":0,"max_hp_loss":0,"event_name":"Match and Keep!","floor":38,"gold_loss":0,"cards_obtained":[]},{"damage_healed":0,"gold_gain":0,"player_choice":"Fight","damage_taken":0,"max_hp_gain":0,"max_hp_loss":0,"event_name":"Mysterious Sphere","floor":44,"gold_loss":0},{"damage_healed":0,"gold_gain":0,"player_choice":"Ignored","damage_taken":0,"max_hp_gain":0,"max_hp_loss":0,"event_name":"Tomb of Lord Red Mask","floor":46,"gold_loss":0}],"is_beta":false,"boss_relics":[{"not_picked":["Black Blood","SacredBark"],"picked":"Astrolabe"},{"not_picked":["Tiny House","Calling Bell"],"picked":"Black Star"}],"items_purged_floors":[21],"is_endless":false,"potions_floor_spawned":[7,10,12,14,16,24,27,29,36,41,48],"killed_by":"Awakened One","ascension_level":20}}