{"host":"ve5hox67eka4rdnb","time":1611227559,"event":{"mods":["ATMod(∞¢Ë™Mod)","Act Like it!","BaseMod","Downfall","Gensokyo","Hermit","Lobotomy","Marisa£®ÏF”Í°°ƒß¿Ì…≥£©","Minty Spire (QoL Compilation)","Remilia£®¿Ÿ√◊¿Ú—«£©","StSLib","The Cursed","The Servant 0.9.4"],"gold_per_floor":[111,127,141,151,163,163,163,163],"floor_reached":7,"language":"ZHS","playtime":646,"items_purged":[],"score":45,"play_id":"003e6117-f664-4c30-8570-2a0fbb417869","local_time":"20210121191239","is_ascension_mode":false,"campfire_choices":[],"circlet_count":0,"master_deck":["SpecialBullet","SpecialBullet","SpecialBullet","SpecialBullet","SpecialBullet","SpecialBullet","SpecialBullet","SpecialBullet","TrainingCode","ControlCode","CentralCode","AT_FamilyPortrait","LaLuna","UniverseFragment","Harvest","SpiderBud","Wingbeat","BlackArmy"],"relics":["CogitoBucket","AT_ATBox","MealTicket"],"acts_visited":["Exordium"],"potions_floor_usage":[7],"damage_taken":[{"damage":6,"enemies":"Cultist","floor":1,"turns":3},{"damage":0,"enemies":"Small Slimes","floor":2,"turns":2},{"damage":0,"enemies":"2 Louse","floor":3,"turns":1},{"damage":12,"enemies":"Blue Slaver","floor":4,"turns":3},{"damage":10,"enemies":"Looter","floor":5,"turns":2},{"damage":53,"enemies":"3 Sentries","floor":7,"turns":8}],"seed_played":"-88092814597805071","potions_obtained":[{"floor":5,"key":"LiquidMemories"}],"is_trial":false,"path_per_floor":["M","M","M","M","M","R","E"],"character_chosen":"Angela","items_purchased":[],"campfire_rested":0,"item_purchase_floors":[],"current_hp_per_floor":[64,64,64,52,42,42,0,0],"gold":163,"neow_bonus":"RANDOM_COMMON_RELIC","is_daily":false,"chose_seed":false,"campfire_upgraded":0,"win_rate":0.0,"timestamp":1611227559,"path_taken":["M","?","M","?","M","R","E"],"items_purchased_type":[],"build_version":"2020-12-22","purchased_purges":0,"victory":false,"max_hp_per_floor":[70,70,70,70,70,70,70,70],"card_choices":[{"not_picked":["CrumblingArmor","OSAHOGD"],"picked":"LaLuna","floor":1},{"not_picked":["InTheNameOfLoveAndHate","Beak"],"picked":"SKIP","floor":1},{"not_picked":["Beak","ShedSkin"],"picked":"SKIP","floor":2},{"not_picked":["ShyLook","BigBadWolf"],"picked":"UniverseFragment","floor":3},{"not_picked":["Soda"],"picked":"Harvest","floor":3},{"not_picked":["CrumblingArmor","Yin"],"picked":"SpiderBud","floor":4},{"not_picked":["TodaysExpression"],"picked":"Wingbeat","floor":4},{"not_picked":["DespairKnight","PunishingBird"],"picked":"BlackArmy","floor":5},{"not_picked":["CUTE","RapturousDream"],"picked":"SKIP","floor":5}],"player_experience":167399,"relics_obtained":[],"event_choices":[],"is_beta":false,"boss_relics":[],"items_purged_floors":[],"is_endless":false,"potions_floor_spawned":[5],"killed_by":"3 Sentries","ascension_level":0}}