{"host":"wshh0nphwn6jv7vj","time":1611220677,"event":{"mods":["BaseMod","Bestiary","Minty Spire (QoL Compilation)","Relic Stats"],"gold_per_floor":[111,124,10,10,27,54,73,73,73,106,106,106,106,106],"floor_reached":13,"language":"ENG","playtime":623,"items_purged":["Strike_B"],"score":157,"play_id":"20f214e9-d316-4914-a610-3e025d1f592b","local_time":"20210121041757","is_ascension_mode":true,"campfire_choices":[{"floor":12,"key":"REST"}],"circlet_count":0,"master_deck":["AscendersBane","Strike_B","Strike_B","Defend_B","Defend_B","Defend_B","Defend_B","Zap","Dualcast","Compile Driver","Hologram","Chaos","Heatsinks","Auto Shields","Self Repair","Sweeping Beam"],"relics":["Cursed Key","Pantograph","StrikeDummy"],"acts_visited":["Exordium"],"potions_floor_usage":[6,10,13],"damage_taken":[{"damage":1,"enemies":"Cultist","floor":1,"turns":4},{"damage":11,"enemies":"2 Louse","floor":2,"turns":3},{"damage":19,"enemies":"Jaw Worm","floor":5,"turns":4},{"damage":21,"enemies":"Lagavulin","floor":6,"turns":8},{"damage":1,"enemies":"2 Fungi Beasts","floor":7,"turns":6},{"damage":3,"enemies":"3 Louse","floor":10,"turns":3},{"damage":48,"enemies":"Gremlin Nob","floor":13,"turns":4}],"seed_played":"1940592859489478284","potions_obtained":[{"floor":5,"key":"ColorlessPotion"},{"floor":6,"key":"ColorlessPotion"},{"floor":10,"key":"GamblersBrew"}],"is_trial":false,"path_per_floor":["M","M","$","?","M","E","M","?","T","M","?","R","E"],"character_chosen":"DEFECT","items_purchased":["Chaos"],"campfire_rested":1,"item_purchase_floors":[3],"current_hp_per_floor":[63,52,52,52,33,12,18,7,7,11,4,25,0,0],"gold":106,"neow_bonus":"BOSS_RELIC","is_daily":false,"chose_seed":false,"campfire_upgraded":0,"win_rate":0.0,"timestamp":1611220677,"path_taken":["M","M","?","?","?","E","M","?","T","M","?","R","E"],"items_purchased_type":["Card"],"build_version":"2020-12-22","purchased_purges":1,"victory":false,"max_hp_per_floor":[71,71,71,71,71,71,71,71,71,71,71,71,71,71],"relic_stats":{"counters":[7,32],"Pantograph":0,"Cursed Key":1,"obtain_stats":[{"Pantograph":6,"Cracked Core":0,"Cursed Key":0,"StrikeDummy":8},{"Pantograph":4,"Cracked Core":0,"Cursed Key":0,"StrikeDummy":5},{"Pantograph":19,"Cracked Core":0,"Cursed Key":0,"StrikeDummy":25}]},"card_choices":[{"not_picked":["Beam Cell","Sweeping Beam"],"picked":"Compile Driver","floor":1},{"not_picked":["Beam Cell","Loop"],"picked":"Hologram","floor":2},{"not_picked":["Double Energy","Turbo"],"picked":"Auto Shields","floor":5},{"not_picked":["Redo","Ball Lightning"],"picked":"Self Repair","floor":6},{"not_picked":["Barrage","Go for the Eyes","Rip and Tear"],"picked":"SKIP","floor":7},{"not_picked":["Compile Driver","Self Repair"],"picked":"Sweeping Beam","floor":10}],"player_experience":1599040,"relics_obtained":[{"floor":6,"key":"Pantograph"}],"event_choices":[{"damage_healed":0,"gold_gain":0,"cards_transformed":["Strike_B"],"player_choice":"Transformed","damage_taken":0,"max_hp_gain":0,"max_hp_loss":0,"event_name":"Transmorgrifier","floor":4,"gold_loss":0,"cards_obtained":["Heatsinks"]},{"damage_healed":0,"gold_gain":0,"player_choice":"Success","damage_taken":11,"relics_obtained":["StrikeDummy"],"max_hp_gain":0,"max_hp_loss":0,"event_name":"Scrap Ooze","floor":8,"gold_loss":0},{"cards_removed":["Normality"],"damage_healed":0,"gold_gain":0,"player_choice":"Card Removal","damage_taken":7,"max_hp_gain":0,"max_hp_loss":0,"event_name":"Golden Wing","floor":11,"gold_loss":0}],"is_beta":false,"boss_relics":[],"items_purged_floors":[3],"is_endless":false,"potions_floor_spawned":[5,6,10],"killed_by":"Gremlin Nob","ascension_level":17}}