{"host":"ueef25wtkg2eer3h","time":1611234003,"event":{"mods":["AchievementEnabler","BaseMod","Colored Map","Colored Powertips","DeckTracker","Displayed Cursed Tome","Googly Eyes","Highlight Path","Minty Spire (QoL Compilation)","Slay the Relics Exporter","StSLib"],"gold_per_floor":[114,134,154,165,175,202,218,218,218,234,234,234,244,275,275,377,377,392,302,313,324,22,22,22],"floor_reached":23,"language":"ENG","playtime":1111,"items_purged":[],"score":331,"play_id":"1294bdc3-e45f-4626-890a-478c1b300fef","local_time":"20210121140003","is_ascension_mode":true,"campfire_choices":[{"floor":8,"key":"REST"},{"data":"Sunder","floor":11,"key":"SMITH"},{"floor":15,"key":"REST"}],"circlet_count":0,"master_deck":["AscendersBane","Strike_B","Strike_B","Defend_B","Defend_B","Defend_B","Defend_B","Zap","Dualcast","Go for the Eyes","Ball Lightning","Sunder+1","Sweeping Beam","Cold Snap","Cold Snap+1","Barrage","Go for the Eyes","Capacitor","Seek","Machine Learning+1","Capacitor+1","Fusion","FTL"],"relics":["Cracked Core","NeowsBlessing","Toy Ornithopter","White Beast Statue","Frozen Egg 2","Runic Pyramid","Juzu Bracelet","Strawberry"],"acts_visited":["Exordium","TheCity"],"potions_floor_usage":[6,6,7,13,13,14,16,18,20,21,21],"damage_taken":[{"damage":0,"enemies":"Jaw Worm","floor":1,"turns":1},{"damage":0,"enemies":"Cultist","floor":2,"turns":1},{"damage":0,"enemies":"Small Slimes","floor":3,"turns":1},{"damage":9,"enemies":"Red Slaver","floor":4,"turns":3},{"damage":14,"enemies":"Lots of Slimes","floor":5,"turns":3},{"damage":16,"enemies":"3 Sentries","floor":6,"turns":4},{"damage":5,"enemies":"Large Slime","floor":7,"turns":3},{"damage":0,"enemies":"2 Fungi Beasts","floor":10,"turns":2},{"damage":12,"enemies":"Exordium Thugs","floor":13,"turns":2},{"damage":28,"enemies":"Gremlin Nob","floor":14,"turns":5},{"damage":56,"enemies":"The Guardian","floor":16,"turns":11},{"damage":5,"enemies":"3 Byrds","floor":18,"turns":4},{"damage":0,"enemies":"Chosen","floor":20,"turns":4},{"damage":33,"enemies":"Snake Plant","floor":21,"turns":6},{"damage":53,"enemies":"Slavers","floor":23,"turns":3}],"seed_played":"-8021502712323894458","potions_obtained":[{"floor":1,"key":"EssenceOfDarkness"},{"floor":4,"key":"FocusPotion"},{"floor":6,"key":"AttackPotion"},{"floor":7,"key":"Regen Potion"},{"floor":10,"key":"EssenceOfSteel"},{"floor":13,"key":"SkillPotion"},{"floor":14,"key":"Fire Potion"},{"floor":16,"key":"Strength Potion"},{"floor":18,"key":"Block Potion"},{"floor":20,"key":"EssenceOfSteel"},{"floor":21,"key":"Fruit Juice"}],"is_trial":false,"path_per_floor":["M","M","M","M","M","E","M","R","T","M","R","?","M","E","R","B",null,"M","?","M","M","$","E"],"character_chosen":"DEFECT","items_purchased":["Juzu Bracelet","Strawberry"],"campfire_rested":2,"item_purchase_floors":[22,22],"current_hp_per_floor":[68,68,68,59,45,29,29,51,51,51,51,51,54,31,53,2,57,57,57,62,44,51,0,0],"gold":22,"neow_bonus":"THREE_ENEMY_KILL","is_daily":false,"chose_seed":false,"campfire_upgraded":1,"win_rate":0.0,"timestamp":1611234003,"path_taken":["M","M","M","M","M","E","M","R","T","M","R","?","?","E","R","BOSS","M","?","M","M","$","E"],"items_purchased_type":["Relic","Relic"],"build_version":"2020-12-22","purchased_purges":0,"victory":false,"max_hp_per_floor":[75,75,75,75,75,75,75,75,75,75,75,75,75,75,75,75,75,75,75,75,80,87,87,87],"card_choices":[{"not_picked":["Skim","Melter"],"picked":"Go for the Eyes","floor":1},{"not_picked":["Recycle","Blizzard"],"picked":"Ball Lightning","floor":2},{"not_picked":["Coolheaded","Static Discharge"],"picked":"Sunder","floor":3},{"not_picked":["Tempest","Coolheaded"],"picked":"Sweeping Beam","floor":4},{"not_picked":["Hologram","Coolheaded"],"picked":"Cold Snap","floor":5},{"not_picked":["Streamline","Sweeping Beam"],"picked":"Cold Snap","floor":6},{"not_picked":["Darkness","Cold Snap"],"picked":"Barrage","floor":7},{"not_picked":["Loop","Aggregate"],"picked":"Go for the Eyes","floor":10},{"not_picked":["Ball Lightning","Leap"],"picked":"Capacitor","floor":13},{"not_picked":["Double Energy","Cold Snap"],"picked":"Seek","floor":14},{"not_picked":["Hyperbeam","Amplify"],"picked":"Machine Learning+1","floor":16},{"not_picked":["Compile Driver","Go for the Eyes"],"picked":"Capacitor+1","floor":18},{"not_picked":["Redo","Melter"],"picked":"Fusion","floor":20},{"not_picked":["Steam","Go for the Eyes"],"picked":"FTL","floor":21}],"player_experience":285820,"relics_obtained":[{"floor":6,"key":"Toy Ornithopter"},{"floor":9,"key":"White Beast Statue"},{"floor":14,"key":"Frozen Egg 2"}],"event_choices":[{"cards_removed":["Strike_B"],"damage_healed":0,"gold_gain":0,"player_choice":"Offered Basic","damage_taken":0,"max_hp_gain":0,"max_hp_loss":0,"event_name":"Bonfire Elementals","floor":12,"gold_loss":0},{"cards_removed":["Strike_B"],"damage_healed":0,"gold_gain":0,"player_choice":"Upgrade and Remove","damage_taken":0,"max_hp_gain":0,"max_hp_loss":0,"event_name":"Designer","floor":19,"gold_loss":90,"cards_upgraded":["Cold Snap"]}],"is_beta":false,"boss_relics":[{"not_picked":["Runic Dome","FrozenCore"],"picked":"Runic Pyramid"}],"items_purged_floors":[],"is_endless":false,"potions_floor_spawned":[1,4,6,7,10,13,14,16,18,20,21],"killed_by":"Slavers","ascension_level":12}}