{"host":"8i58hvcssdezoe94","time":1611218204,"event":{"mods":["Act Like it!","BaseMod","Colored Map","Conspire","Gensokyo","KinomotoSakuraMod(木之本樱)","Marisa（F雨　魔理沙）","Minty Spire (QoL Compilation)","Quick Restart","Remilia（蕾米莉亚）","Replay The Spire","StSLib","The Animator","The Bug Knight","The Construct","The Cursed","The Hierophant","The Jungle","The Servant 0.9.4"],"gold_per_floor":[117,24,42,42,42,73,73,73,97,117,130,130,142,242,242,340,340,360,376,376,392,317,317,317],"floor_reached":23,"language":"ZHS","playtime":739,"items_purged":["Normality"],"score":216,"play_id":"69426577-dca5-46c9-8e4d-c82d5f1b353d","local_time":"20210121163644","is_ascension_mode":false,"campfire_choices":[{"floor":7,"key":"RECALL"},{"data":"Zap","floor":15,"key":"SMITH"}],"circlet_count":0,"master_deck":["Strike_B","Strike_B","Strike_B","Strike_B","Defend_B","Defend_B","Defend_B","Defend_B","Zap+1","Dualcast","Compile Driver","Leap","Capacitor+1","Pot Of Greed","Pot Of Greed","Leap","Sweeping Beam","Rip and Tear","Steam","Blizzard","Streamline","Creative AI","Capacitor","BootSequence","Pot Of Greed","Stack+1"],"relics":["Cracked Core","NeowsBlessing","Gensokyo:Justice","Grinning Jar","DataDisk","Sozu"],"acts_visited":["Gensokyo:Gensokyo","TheCity"],"potions_floor_usage":[],"damage_taken":[{"damage":0,"enemies":"Gensokyo:3_Fairies","floor":1,"turns":1},{"damage":0,"enemies":"Gensokyo:Python","floor":3,"turns":1},{"damage":0,"enemies":"Gensokyo:Mamizou","floor":6,"turns":2},{"damage":3,"enemies":"Gensokyo:2_Kodama","floor":10,"turns":2},{"damage":7,"enemies":"Gensokyo:2_Rabbits","floor":11,"turns":3},{"damage":0,"enemies":"Gensokyo:Python_and_Kodama","floor":13,"turns":4},{"damage":41,"enemies":"Gensokyo:Yukari","floor":16,"turns":10},{"damage":28,"enemies":"3 Byrds","floor":18,"turns":5},{"damage":24,"enemies":"Chosen","floor":19,"turns":6},{"damage":18,"enemies":"Snecko","floor":21,"turns":5},{"damage":11,"enemies":"Slavers","floor":23,"turns":1}],"seed_played":"-3284082117692581364","potions_obtained":[{"floor":1,"key":"EssenceOfSteel"},{"floor":10,"key":"AttackPotion"},{"floor":16,"key":"PowerPotion"}],"is_trial":false,"path_per_floor":["M","COS","M","?","?","E","R","?","T","M","M","?","M","?","R","B",null,"M","M","?","M","$","E"],"character_chosen":"DEFECT","items_purchased":[],"campfire_rested":0,"item_purchase_floors":[],"current_hp_per_floor":[75,75,75,75,75,75,75,75,75,72,65,65,65,65,65,24,75,47,23,23,5,5,0,0],"gold":317,"neow_bonus":"THREE_ENEMY_KILL","is_daily":false,"chose_seed":false,"campfire_upgraded":1,"win_rate":0.0,"timestamp":1611218204,"path_taken":["M","COS","?","?","?","E","R","?","T","M","M","?","?","?","R","BOSS","M","M","?","M","$","E"],"items_purchased_type":[],"build_version":"2020-12-22","purchased_purges":1,"victory":false,"max_hp_per_floor":[75,75,75,75,75,75,75,75,75,75,75,75,75,75,75,75,75,75,75,75,75,75,75,75],"card_choices":[{"not_picked":["Steam Power","Tempest"],"picked":"Compile Driver","floor":1},{"not_picked":["BasicCrystalCard","Undo"],"picked":"Leap","floor":3},{"not_picked":["Panic Button","FIFO Queue"],"picked":"Leap","floor":6},{"not_picked":["BasicCrystalCard","Coolheaded"],"picked":"Sweeping Beam","floor":10},{"not_picked":["Go for the Eyes","Panic Button"],"picked":"Rip and Tear","floor":11},{"not_picked":["Melter","BasicCrystalCard"],"picked":"Steam","floor":12},{"not_picked":["conspire:SharedLibrary","Force Field"],"picked":"Blizzard","floor":12},{"not_picked":["Scrape","BasicCrystalCard"],"picked":"Streamline","floor":13},{"not_picked":["ReplayTheSpireMod:Fabricate Wheel","Meteor Strike"],"picked":"Creative AI","floor":16},{"not_picked":["Rebound","Streamline"],"picked":"Capacitor","floor":18},{"not_picked":["Ball Lightning","ReplaySolidLightProjector"],"picked":"BootSequence","floor":19},{"not_picked":["Panic Button+1","Lockon"],"picked":"Stack+1","floor":21}],"player_experience":68632,"relics_obtained":[{"floor":6,"key":"Grinning Jar"}],"event_choices":[],"is_beta":false,"boss_relics":[{"not_picked":["Inserter","Kintsugi"],"picked":"Sozu"}],"items_purged_floors":[22],"is_endless":false,"potions_floor_spawned":[1,10,16,19,21],"killed_by":"Slavers","ascension_level":0}}