{"host":"j6locglyv7e0c0tm","time":1611221663,"event":{"mods":["BaseMod","Better Altar","Better Match","Better Note","Better Sensory Stone","Better Skull","Better Third Choice","Better Vampires","BetterRewards","Card Forge","Colored Powertips","Custom Start","DeckTracker","Googly Eyes","Hermit","Highlight Path","Jorbs\u0027s Wanderer Trilogy","Marked Mod","Minty Spire (QoL Compilation)","Relic Stats","Replay The Spire","Shade Mod","Shop Mod","StSLib","Swap Starting Deck Mod","The Runesmith","TheFirefly"],"gold_per_floor":[109,122,122,138,138,138,157,4,4,4,14,31,51,82,82,181,481,493,513,563,563,583,583,36,36,36,50,50,50,75,89,89,188,188,201,0,50,50,61,61,86,86,110,110,110,210,228,24,24,24,24,24,24,59,59],"floor_reached":56,"language":"ENG","playtime":2952,"items_purged":["Strike_G","Strike_G","Strike_G"],"score":1520,"play_id":"7999b781-7900-4fbc-a0be-7dad4d480136","local_time":"20210121203423","is_ascension_mode":false,"campfire_choices":[{"data":"Noxious Fumes","floor":6.0,"key":"SMITH"},{"floor":15.0,"key":"RECALL"},{"floor":23,"key":"REST"},{"floor":25,"key":"REST"},{"data":"After Image","floor":29,"key":"SMITH"},{"floor":32,"key":"REST"},{"data":"Replay:Bag of Tricks","floor":40,"key":"SMITH"},{"floor":42,"key":"REST"},{"data":"Catalyst","floor":45,"key":"SMITH"},{"floor":49,"key":"REST"},{"data":"Well Laid Plans","floor":52,"key":"SMITH"}],"circlet_count":0,"master_deck":["Strike_G","Defend_G","Defend_G+1","Defend_G","Defend_G","Defend_G","Survivor","Neutralize","Noxious Fumes+1","Finisher","Well Laid Plans+1","Dagger Throw","Poisoned Stab","Bane","Poisoned Stab","Deadly Poison","Envenom+1","CurseOfTheBell","Poisoned Stab+1","Poisoned Stab","Fluid Movement","After Image+1","Bane","Replay:Bag of Tricks+1","Replay:Poison Smokescreen","Catalyst+1"],"relics":["Ring of the Snake","Hammer of Thor","Seething Fire","Anvil of the Gods","Replay:Mystery Machine","FaceOfCleric","Mummified Hand","Art of War","Letter Opener","Blood Vial","PreservedInsect","Iron Hammer","Tingsha","Busted Crown","MerchantsRug","Ice Cream","ReplayTheSpireMod:Ring of Collecting","Bag of Preparation","Ring of Panic","Vajra","ReplayTheSpireMod:Lightbulb","Centennial Puzzle"],"acts_visited":["Exordium","TheCity","TheBeyond","TheEnding"],"potions_floor_usage":[33,33,39,50,50,54,54,55],"damage_taken":[{"damage":0.0,"enemies":"2 Louse","floor":1.0,"turns":3.0},{"damage":0.0,"enemies":"Cultist","floor":2.0,"turns":3.0},{"damage":5.0,"enemies":"Jaw Worm","floor":4.0,"turns":3.0},{"damage":0.0,"enemies":"Red Slaver","floor":7.0,"turns":1.0},{"damage":0.0,"enemies":"Large Slime","floor":11.0,"turns":4.0},{"damage":6.0,"enemies":"3 Louse","floor":12.0,"turns":2.0},{"damage":13.0,"enemies":"2 Fungi Beasts","floor":13.0,"turns":3.0},{"damage":0.0,"enemies":"Replay:BlueRogue","floor":14.0,"turns":5.0},{"damage":33.0,"enemies":"Fading Forest","floor":16.0,"turns":11.0},{"damage":23,"enemies":"Shell Parasite","floor":18,"turns":6},{"damage":11,"enemies":"Chosen","floor":19,"turns":5},{"damage":22,"enemies":"Shelled Parasite and Fungi","floor":22,"turns":6},{"damage":16,"enemies":"Centurion and Healer","floor":27,"turns":6},{"damage":21,"enemies":"Replay:Snechameleon","floor":30,"turns":5},{"damage":10,"enemies":"Snake Plant","floor":31,"turns":3},{"damage":49,"enemies":"Automaton","floor":33,"turns":12},{"damage":5,"enemies":"Orb Walker","floor":35,"turns":2},{"damage":2,"enemies":"Mind Bloom Boss Battle","floor":37,"turns":5},{"damage":21,"enemies":"3 Darklings","floor":39,"turns":4},{"damage":31,"enemies":"Reptomancer","floor":41,"turns":5},{"damage":0,"enemies":"Transient","floor":47,"turns":5},{"damage":17,"enemies":"Time Eater","floor":50,"turns":7},{"damage":24,"enemies":"Shield and Spear","floor":54,"turns":4},{"damage":29,"enemies":"The Heart","floor":55,"turns":7}],"seed_played":"-8623712355343574546","potions_obtained":[{"floor":4.0,"key":"Fire Potion"},{"floor":12.0,"key":"Adrenaline Potion"},{"floor":14.0,"key":"Dexterity Potion"},{"floor":16.0,"key":"Dexterity Potion"},{"floor":19,"key":"SneckoOil"},{"floor":39,"key":"ColorlessPotion"},{"floor":41,"key":"Death Potion"}],"is_trial":false,"path_per_floor":["M","M","?","M","?","R","M","$","T","?","M","M","M","E","R","B",null,"M","M","?","?","M","R","$","R","T","M","?","R","E","M","R","B",null,"M","$","?","?","M","R","E","R","T","?","R","?","M","$","R","B",null,"R","$","E","B",null],"character_chosen":"THE_SILENT","items_purchased":["Noxious Fumes","Finisher","Replay:Mystery Machine","Well Laid Plans","Dagger Throw","Bane","Poisoned Stab","Blood Vial","PreservedInsect","Fluid Movement","MerchantsRug","Flashbang","ReplayTheSpireMod:Lightbulb"],"campfire_rested":5,"item_purchase_floors":[0,0,0,0,0,8,24,24,24,24,36,36,48],"current_hp_per_floor":[49,49,49,45,45,45,46,46,46,46,47,42,30,31,31,23,77,55,45,45,45,24,48,48,72,72,59,59,59,41,34,58,12,84,80,80,81,81,63,63,35,61,61,61,61,61,64,64,89,73,90,90,90,67,41],"gold":59,"neow_bonus":"","is_daily":false,"chose_seed":false,"campfire_upgraded":5,"win_rate":0.0,"timestamp":1611221663,"path_taken":["M","M","?","?","?","R","?","$","T","?","M","M","M","E","R","BOSS","M","M","?","?","M","R","$","R","T","M","?","R","E","M","R","BOSS","M","$","?","?","M","R","E","R","T","?","R","?","?","?","R","BOSS","R","$","E","BOSS"],"items_purchased_type":["Card","Card","Relic","Card","Card","Card","Card","Relic","Relic","Card","Relic","Potion","Relic"],"build_version":"2020-12-22","purchased_purges":3,"victory":true,"max_hp_per_floor":[70,70,70,71,71,71,72,72,72,72,73,74,75,76,76,77,77,78,79,79,79,80,80,80,80,80,81,81,81,82,83,83,84,84,85,85,86,86,87,87,88,88,88,88,88,88,89,89,89,90,90,90,90,91,92],"relic_stats":{"counters":[33,148],"Tingsha":[39],"PreservedInsect":211,"Bag of Preparation":[8],"Letter Opener":[80],"Blood Vial":40,"Centennial Puzzle":[2],"Busted Crown":14,"FaceOfCleric":22,"Mummified Hand":[84],"Art of War":[4],"obtain_stats":[{"Ice Cream":37,"Divine Protection":43,"Shade:YorickSkull":0,"Vajra":43,"Hammer of Thor":0,"Bag of Preparation":41,"Replay:Mystery Machine":0,"Old Coin":17,"Blood Vial":24,"Replay:Bandana":10,"Centennial Puzzle":54,"FaceOfCleric":3,"Mummified Hand":14,"Iron Hammer":26,"Red Mask":42,"Ring of Panic":43,"Ring of the Snake":0,"Gremlin Food":12,"MerchantsRug":36,"NeowsBlessing":0,"Golden Idol":5,"Tingsha":30,"PreservedInsect":24,"Seething Fire":0,"Letter Opener":17,"Calling Bell":17,"Replay:Baseball":41,"Busted Crown":34,"Anvil of the Gods":0,"ReplayTheSpireMod:Ring of Collecting":38,"Art of War":17,"ReplayTheSpireMod:Lightbulb":48},{"Ice Cream":27,"Divine Protection":8,"Shade:YorickSkull":0,"Vajra":29,"Hammer of Thor":0,"Bag of Preparation":29,"Replay:Mystery Machine":9,"Old Coin":18,"Blood Vial":21,"Replay:Bandana":4,"Centennial Puzzle":32,"FaceOfCleric":11,"Mummified Hand":17,"Iron Hammer":21,"Red Mask":8,"Ring of Panic":29,"Ring of the Snake":0,"Gremlin Food":6,"MerchantsRug":26,"NeowsBlessing":0,"Golden Idol":2,"Tingsha":23,"PreservedInsect":21,"Seething Fire":0,"Letter Opener":18,"Calling Bell":18,"Replay:Baseball":8,"Busted Crown":25,"Anvil of the Gods":0,"ReplayTheSpireMod:Ring of Collecting":27,"Art of War":18,"ReplayTheSpireMod:Lightbulb":30},{"Ice Cream":116,"Divine Protection":25,"Shade:YorickSkull":0,"Vajra":125,"Hammer of Thor":0,"Bag of Preparation":125,"Replay:Mystery Machine":31,"Old Coin":66,"Blood Vial":83,"Replay:Bandana":10,"Centennial Puzzle":141,"FaceOfCleric":37,"Mummified Hand":55,"Iron Hammer":83,"Red Mask":25,"Ring of Panic":125,"Ring of the Snake":0,"Gremlin Food":20,"MerchantsRug":111,"NeowsBlessing":0,"Golden Idol":2,"Tingsha":94,"PreservedInsect":83,"Seething Fire":0,"Letter Opener":66,"Calling Bell":66,"Replay:Baseball":25,"Busted Crown":109,"Anvil of the Gods":0,"ReplayTheSpireMod:Ring of Collecting":116,"Art of War":66,"ReplayTheSpireMod:Lightbulb":130}],"Ring of the Snake":[84]},"card_choices":[{"not_picked":["Endless Agony","Underhanded Strike"],"picked":"Poisoned Stab","floor":1.0},{"not_picked":["Dodge and Roll","Fluid Movement","ReplayTheSpireMod:The Works"],"picked":"SKIP","floor":2.0},{"not_picked":["Calculated Gamble","Burst","Toxin Wave"],"picked":"SKIP","floor":4.0},{"not_picked":["Dagger Throw","PiercingWail","Sucker Punch"],"picked":"SKIP","floor":7.0},{"not_picked":["Tactician","Cloak And Dagger"],"picked":"Poisoned Stab","floor":11.0},{"not_picked":["Backflip","Calculated Gamble","Underhanded Strike"],"picked":"SKIP","floor":12.0},{"not_picked":["Blade Dance","Outmaneuver"],"picked":"Deadly Poison","floor":13.0},{"not_picked":["Sucker Punch","Flying Knee","Dash"],"picked":"SKIP","floor":14.0},{"not_picked":["Burst","Venomology"],"picked":"Envenom","floor":16.0},{"not_picked":["Heel Hook","Blade Dance","Quick Slash+1"],"picked":"SKIP","floor":18},{"not_picked":["Bouncing Flask+1","Quick Slash"],"picked":"Poisoned Stab+1","floor":19},{"not_picked":["Deflect","Dodge and Roll","Quick Slash"],"picked":"SKIP","floor":22},{"not_picked":["Catalyst","Terror"],"picked":"After Image","floor":27},{"not_picked":["Quick Slash","Dodge and Roll"],"picked":"Bane","floor":30},{"not_picked":["Escape Plan","Outmaneuver","Endless Agony"],"picked":"SKIP","floor":31},{"not_picked":["Burst","Unload"],"picked":"Replay:Bag of Tricks","floor":33},{"not_picked":["Slice+1"],"picked":"SKIP","floor":35},{"not_picked":[],"picked":"Replay:Poison Smokescreen","floor":37},{"not_picked":["Dodge and Roll+1"],"picked":"SKIP","floor":39},{"not_picked":[],"picked":"Catalyst","floor":41},{"not_picked":["Underhanded Strike"],"picked":"SKIP","floor":47},{"not_picked":["Reflex"],"picked":"SKIP","floor":54}],"player_experience":796802,"relics_obtained":[{"floor":14.0,"key":"Mummified Hand"},{"floor":17,"key":"Art of War"},{"floor":17,"key":"Letter Opener"},{"floor":17,"key":"Old Coin"},{"floor":26,"key":"Iron Hammer"},{"floor":30,"key":"Tingsha"},{"floor":37,"key":"Ice Cream"},{"floor":38,"key":"ReplayTheSpireMod:Ring of Collecting"},{"floor":41,"key":"Bag of Preparation"},{"floor":43,"key":"Ring of Panic"},{"floor":43,"key":"Vajra"},{"floor":54,"key":"Centennial Puzzle"}],"event_choices":[{"damage_healed":0.0,"max_hp_gain":0.0,"max_hp_loss":0.0,"gold_gain":0.0,"event_name":"FaceTrader","player_choice":"Trade","floor":3.0,"gold_loss":0.0,"damage_taken":0.0,"relics_obtained":["FaceOfCleric"]},{"cards_removed":["Strike_G"],"damage_healed":0.0,"max_hp_gain":0.0,"max_hp_loss":0.0,"gold_gain":0.0,"event_name":"Purifier","player_choice":"Purged","floor":5.0,"gold_loss":0.0,"damage_taken":0.0},{"damage_healed":0,"gold_gain":100,"player_choice":"Bet on Murderer","damage_taken":0,"max_hp_gain":0,"max_hp_loss":0,"event_name":"The Joust","floor":20,"gold_loss":50},{"damage_healed":0,"gold_gain":0,"player_choice":"Forge","damage_taken":0,"max_hp_gain":0,"max_hp_loss":0,"event_name":"Accursed Blacksmith","floor":21,"gold_loss":0,"cards_upgraded":["Envenom"]},{"damage_healed":0,"gold_gain":0,"player_choice":"Ignored","damage_taken":0,"max_hp_gain":0,"max_hp_loss":0,"event_name":"betterNote:BetterNote","floor":28,"gold_loss":0,"cards_obtained":["Defragment"]},{"damage_healed":0,"gold_gain":0,"player_choice":"Fight","damage_taken":0,"max_hp_gain":0,"max_hp_loss":0,"event_name":"MindBloom","floor":37,"gold_loss":0},{"damage_healed":0,"gold_gain":0,"player_choice":"Ignored","damage_taken":0,"max_hp_gain":0,"max_hp_loss":0,"event_name":"Tomb of Lord Red Mask","floor":44,"gold_loss":0},{"damage_healed":0,"gold_gain":100,"player_choice":"Pray","damage_taken":0,"max_hp_gain":0,"max_hp_loss":0,"event_name":"Golden Shrine","floor":46,"gold_loss":0}],"is_beta":false,"boss_relics":[{"not_picked":["Empty Cage","Sozu"],"picked":"Calling Bell"},{"not_picked":["Replay:Wanted Poster","Velvet Choker"],"picked":"Busted Crown"}],"items_purged_floors":[0,8,24],"is_endless":false,"potions_floor_spawned":[4,12,14,16,19,22,30,39,41,47],"ascension_level":0}}