{"host":"cvi30shpqg1ukvbr","time":1611232771,"event":{"mods":["Act Like it!","BaseMod","Better Altar","Better Match","Better Note","Better Sensory Stone","Better Skull","Better Third Choice","Conspire","GifTheSpireLib","Hubris","Infinite Spire","Minty Spire (QoL Compilation)","Relic Stats","Replay The Spire","Shop Mod","Spicy Shops","StSLib","Stuff the Spire"],"gold_per_floor":[117,134,59,78,95,95,121,138,138,153,188,204,215,228,228,332,332,348,359,375,8,25,25,25],"floor_reached":23,"language":"ENG","playtime":1301,"items_purged":["Strike_R"],"score":274,"play_id":"959298a0-61ec-450b-b185-dc666f6cbb86","local_time":"20210121213931","is_ascension_mode":true,"campfire_choices":[{"data":"Demon Form","floor":6,"key":"SMITH"},{"data":"Rage","floor":15,"key":"SMITH"}],"circlet_count":0,"master_deck":["Strike_R","Strike_R","Strike_R","Strike_R","Defend_R","Defend_R+1","Defend_R","Defend_R","Bash","StuffTheSpire:Slingshot","Demon Form+1","True Grit","Flash of Steel","Rage+1","Pommel Strike","Cleave","Cleave","Cleave","Dark Embrace+1","ReplayTheSpireMod:Limb From Limb","Rage","Reckless Charge","StuffTheSpire:Resist+1","Feed","True Grit","Disarm+1","Barricade+1","Armaments"],"relics":["Burning Blood","Bag of Preparation","Frozen Egg 2","Pen Nib","Cursed Key","Meat on the Bone"],"acts_visited":["Exordium","TheCity"],"potions_floor_usage":[18,23],"damage_taken":[{"damage":0,"enemies":"Small Slimes","floor":1,"turns":3},{"damage":0,"enemies":"Cultist","floor":2,"turns":3},{"damage":4,"enemies":"Jaw Worm","floor":4,"turns":2},{"damage":13,"enemies":"Looter","floor":5,"turns":3},{"damage":32,"enemies":"Gremlin Nob","floor":7,"turns":4},{"damage":1,"enemies":"Large Slime","floor":8,"turns":5},{"damage":0,"enemies":"Gremlin Gang","floor":10,"turns":2},{"damage":18,"enemies":"Replay:BlueRogue","floor":11,"turns":5},{"damage":3,"enemies":"3 Louse","floor":12,"turns":2},{"damage":0,"enemies":"Lots of Slimes","floor":13,"turns":1},{"damage":0,"enemies":"2 Fungi Beasts","floor":14,"turns":2},{"damage":2,"enemies":"Fading Forest","floor":16,"turns":11},{"damage":0,"enemies":"Spheric Guardian","floor":18,"turns":2},{"damage":0,"enemies":"3 Byrds","floor":19,"turns":4},{"damage":23,"enemies":"Sentry and Sphere","floor":20,"turns":7},{"damage":25,"enemies":"Snecko","floor":22,"turns":5},{"damage":51,"enemies":"Slavers","floor":23,"turns":4}],"seed_played":"8808247148045089023","potions_obtained":[{"floor":2,"key":"Dexterity Potion"},{"floor":4,"key":"Explosive Potion"},{"floor":5,"key":"Dexterity Potion"},{"floor":20,"key":"SpeedPotion"}],"is_trial":false,"path_per_floor":["M","M","?","M","M","R","E","M","T","M","E","M","M","M","R","B",null,"M","M","M","$","M","E"],"character_chosen":"IRONCLAD","items_purchased":["Meat on the Bone","Armaments"],"campfire_rested":0,"item_purchase_floors":[21,21],"current_hp_per_floor":[80,80,80,80,73,73,47,52,52,58,46,49,55,61,61,65,80,83,86,69,69,50,0,0],"gold":25,"neow_bonus":"RANDOM_EVENT","is_daily":false,"chose_seed":false,"campfire_upgraded":2,"win_rate":0.0,"timestamp":1611232771,"path_taken":["M","M","?","M","M","R","E","M","T","M","E","M","M","M","R","BOSS","M","M","M","$","M","E"],"items_purchased_type":["Relic","Card"],"build_version":"2020-12-22","purchased_purges":1,"victory":false,"max_hp_per_floor":[80,80,80,80,80,80,80,80,80,80,80,80,80,80,80,80,80,83,86,86,86,86,86,86],"relic_stats":{"counters":[17,65],"Pen Nib":[8],"Bag of Preparation":[24],"Cursed Key":0,"obtain_stats":[{"Pen Nib":11,"Bag of Preparation":7,"Frozen Egg 2":9,"Cursed Key":17,"Burning Blood":0,"Meat on the Bone":21},{"Pen Nib":8,"Bag of Preparation":5,"Frozen Egg 2":6,"Cursed Key":12,"Burning Blood":0,"Meat on the Bone":15},{"Pen Nib":27,"Bag of Preparation":15,"Frozen Egg 2":20,"Cursed Key":43,"Burning Blood":0,"Meat on the Bone":56}],"Burning Blood":70,"Meat on the Bone":0},"card_choices":[{"not_picked":["Warcry","StuffTheSpire:RagingBull","hubris:CleavingFinish"],"picked":"SKIP","floor":1},{"not_picked":["hubris:SharpeningStone","StuffTheSpire:RagingBull"],"picked":"StuffTheSpire:Slingshot","floor":2},{"not_picked":["Impervious","Corruption"],"picked":"Demon Form","floor":3},{"not_picked":["Anger","StuffTheSpire:RockThrow"],"picked":"True Grit","floor":3},{"not_picked":["Impatience","Discovery"],"picked":"Flash of Steel","floor":3},{"not_picked":["Power Through","Battle Trance"],"picked":"Rage","floor":3},{"not_picked":["Twin Strike","hubris:StunningStrike"],"picked":"Pommel Strike","floor":4},{"not_picked":["Dual Wield","Warcry"],"picked":"Cleave","floor":5},{"not_picked":["Iron Wave","Combust"],"picked":"Cleave","floor":7},{"not_picked":["conspire:Charge","Replay:Undeath\u0027s Touch"],"picked":"Cleave","floor":8},{"not_picked":["Shrug It Off","Rampage"],"picked":"Dark Embrace+1","floor":10},{"not_picked":["Replay:Many Hands","Sentinel"],"picked":"ReplayTheSpireMod:Limb From Limb","floor":11},{"not_picked":["Burning Pact","Clash"],"picked":"Rage","floor":12},{"not_picked":["Abandon","hubris:CleavingFinish"],"picked":"Reckless Charge","floor":13},{"not_picked":["hubris:CleavingFinish","StuffTheSpire:RockThrow"],"picked":"StuffTheSpire:Resist+1","floor":14},{"not_picked":["Impervious","StuffTheSpire:TitanForm+1"],"picked":"Feed","floor":16},{"not_picked":["Thunderclap","StuffTheSpire:Slingshot"],"picked":"True Grit","floor":18},{"not_picked":["Blood for Blood","Havoc"],"picked":"Disarm+1","floor":19},{"not_picked":["Havoc","Thunderclap"],"picked":"Barricade+1","floor":20},{"not_picked":["hubris:SharpeningStone","ReplayTheSpireMod:Corrosion Curse","Combust+1"],"picked":"SKIP","floor":22}],"player_experience":1810469,"relics_obtained":[{"floor":7,"key":"Bag of Preparation"},{"floor":9,"key":"Frozen Egg 2"},{"floor":11,"key":"Pen Nib"}],"event_choices":[{"damage_healed":0,"gold_gain":0,"player_choice":"1","damage_taken":0,"max_hp_gain":0,"max_hp_loss":0,"event_name":"betterMatch:BetterMatch","floor":3,"gold_loss":0,"cards_obtained":["betterMatch:RareCard","betterMatch:CommonCard","betterMatch:ColorlessUncommonCard","betterMatch:UncommonCard"]}],"is_beta":false,"boss_relics":[{"not_picked":["conspire:SpecialSausage","conspire:RunicOctahedron"],"picked":"Cursed Key"}],"items_purged_floors":[21],"is_endless":false,"potions_floor_spawned":[2,4,5,10,11,14,18,20],"killed_by":"Slavers","ascension_level":1}}