{"host":"c44ey07ufggfw2m8","time":1611243028,"event":{"mods":["2.2 Compatiblity","BaseMod","Colored Map","DeckTracker","Highlight Path","Keyboard Shortcuts","Minty Spire (QoL Compilation)","Permanent Neow","Quick Restart","StSLib","SuperFastMode","UnlockEverythingMod"],"gold_per_floor":[111,127,127,137,137,137,150,181,206,131,147,168,168,168,168,288,288,303,336,166,180,201,201,239,255,255,255,255],"floor_reached":27,"language":"KOR","playtime":999,"items_purged":["Strike_G","Strike_G"],"score":338,"play_id":"78600291-534c-41d8-adbe-f437ddd6fe73","local_time":"20210122003028","is_ascension_mode":true,"campfire_choices":[{"data":"Underhanded Strike","floor":6,"key":"SMITH"},{"floor":13,"key":"REST"},{"floor":15,"key":"REST"},{"floor":23,"key":"REST"}],"circlet_count":0,"master_deck":["Strike_G","Strike_G+1","Strike_G+1","Defend_G","Defend_G","Defend_G","Defend_G","Defend_G","Survivor","Neutralize","Poisoned Stab","Underhanded Strike+1","Infinite Blades","Leg Sweep","Corpse Explosion","Night Terror","Corpse Explosion","Bouncing Flask","Leg Sweep","Shame"],"relics":["Snecko Eye","Golden Idol","Art of War","Nunchaku","Juzu Bracelet","Cursed Key","Red Mask","Ninja Scroll","Gremlin Horn"],"acts_visited":["Exordium","TheCity"],"potions_floor_usage":[7,8,16,22],"damage_taken":[{"damage":4,"enemies":"Small Slimes","floor":1,"turns":4},{"damage":3,"enemies":"2 Louse","floor":2,"turns":3},{"damage":1,"enemies":"Cultist","floor":4,"turns":3},{"damage":2,"enemies":"3 Louse","floor":7,"turns":2},{"damage":13,"enemies":"Lagavulin","floor":8,"turns":7},{"damage":0,"enemies":"Looter","floor":11,"turns":4},{"damage":18,"enemies":"Gremlin Gang","floor":12,"turns":5},{"damage":4,"enemies":"The Guardian","floor":16,"turns":10},{"damage":0,"enemies":"Shell Parasite","floor":18,"turns":4},{"damage":42,"enemies":"Masked Bandits","floor":19,"turns":4},{"damage":0,"enemies":"Spheric Guardian","floor":21,"turns":3},{"damage":4,"enemies":"Centurion and Healer","floor":22,"turns":3},{"damage":18,"enemies":"Book of Stabbing","floor":24,"turns":4},{"damage":0,"enemies":"Snecko","floor":25,"turns":4},{"damage":0,"enemies":"Snake Plant","floor":27,"turns":2}],"seed_played":"-7097927117030387013","potions_obtained":[{"floor":4,"key":"DistilledChaos"},{"floor":7,"key":"Block Potion"},{"floor":8,"key":"BlessingOfTheForge"},{"floor":16,"key":"SpeedPotion"},{"floor":19,"key":"Dexterity Potion"},{"floor":21,"key":"DistilledChaos"},{"floor":22,"key":"Explosive Potion"}],"is_trial":false,"path_per_floor":["M","M","?","M","?","R","M","E","T","$","M","M","R","?","R","B",null,"M","?","$","M","M","R","E","M","T","M"],"character_chosen":"THE_SILENT","items_purchased":["Bouncing Flask"],"campfire_rested":3,"item_purchase_floors":[20],"current_hp_per_floor":[59,56,42,41,41,41,39,26,26,26,26,8,27,15,34,30,56,56,14,14,14,10,29,11,11,11,11,11],"gold":255,"neow_bonus":"BOSS_RELIC","is_daily":false,"chose_seed":false,"campfire_upgraded":1,"win_rate":0.0,"timestamp":1611243028,"path_taken":["M","M","?","M","?","R","M","E","T","$","M","M","R","?","R","BOSS","M","?","$","M","M","R","E","M","T","M"],"items_purchased_type":["Card"],"build_version":"2020-12-22","purchased_purges":2,"victory":false,"max_hp_per_floor":[70,70,70,70,65,65,65,65,65,65,65,65,65,65,65,65,65,65,65,65,65,65,65,65,65,65,65,65],"card_choices":[{"not_picked":["Bane","Concentrate"],"picked":"Poisoned Stab","floor":1},{"not_picked":["Catalyst","Noxious Fumes"],"picked":"Underhanded Strike","floor":2},{"not_picked":["Bane","Deflect"],"picked":"Infinite Blades","floor":4},{"not_picked":["Catalyst","Flying Knee","Endless Agony"],"picked":"SKIP","floor":7},{"not_picked":["Quick Slash","Adrenaline"],"picked":"Leg Sweep","floor":8},{"not_picked":["Cloak And Dagger","Deadly Poison","Bane"],"picked":"SKIP","floor":11},{"not_picked":["Flying Knee","Sucker Punch"],"picked":"Corpse Explosion","floor":12},{"not_picked":["Die Die Die","A Thousand Cuts"],"picked":"Night Terror","floor":16},{"not_picked":["Reflex+1","Dagger Spray","Backstab+1"],"picked":"SKIP","floor":18},{"not_picked":["Backflip","Dagger Spray+1"],"picked":"Corpse Explosion","floor":19},{"not_picked":["Sucker Punch","Bane","Terror"],"picked":"SKIP","floor":21},{"not_picked":["Endless Agony","Concentrate"],"picked":"Leg Sweep","floor":22},{"not_picked":["Slice+1","Bane+1","Dodge and Roll+1"],"picked":"SKIP","floor":24},{"not_picked":["Blade Dance","Poisoned Stab","Endless Agony"],"picked":"SKIP","floor":25}],"player_experience":48130,"relics_obtained":[{"floor":8,"key":"Art of War"},{"floor":9,"key":"Nunchaku"},{"floor":19,"key":"Red Mask"},{"floor":24,"key":"Ninja Scroll"},{"floor":26,"key":"Gremlin Horn"}],"event_choices":[{"damage_healed":0,"gold_gain":0,"player_choice":"Entered Light","damage_taken":14,"max_hp_gain":0,"max_hp_loss":0,"event_name":"Shining Light","floor":3,"gold_loss":0,"cards_upgraded":["Strike_G","Strike_G"]},{"damage_healed":0,"gold_gain":0,"player_choice":"Lose Max HP","damage_taken":0,"relics_obtained":["Golden Idol"],"max_hp_gain":0,"max_hp_loss":5,"event_name":"Golden Idol","floor":5,"gold_loss":0},{"damage_healed":0,"gold_gain":0,"player_choice":"Success","damage_taken":12,"relics_obtained":["Juzu Bracelet"],"max_hp_gain":0,"max_hp_loss":0,"event_name":"Scrap Ooze","floor":14,"gold_loss":0},{"damage_healed":0,"gold_gain":0,"player_choice":"Fought Bandits","damage_taken":0,"max_hp_gain":0,"max_hp_loss":0,"event_name":"Masked Bandits","floor":19,"gold_loss":0}],"is_beta":false,"boss_relics":[{"not_picked":["Busted Crown","Tiny House"],"picked":"Cursed Key"}],"items_purged_floors":[10,20],"is_endless":false,"potions_floor_spawned":[4,7,8,16,19,21,22,24],"killed_by":"Snake Plant","ascension_level":6}}