{"host":"xofguaajdv1n6kut","time":1611247323,"event":{"mods":["AchievementEnabler","AlwaysNeverKeys","BaseMod","Better Altar","Better Match","Better Note","Better Sensory Stone","Better Skull","Better Third Choice","Better Vampires","BetterRewards","Colored Map","Colored Powertips","Custom Start","Downfall","Googly Eyes","Hermit","Highlight Path","Marisa????????","Minty Spire (QoL Compilation)","Relic Stats","StSLib","SuperFastMode"],"gold_per_floor":[117,117,217,235,90,106,6,37,64,99,99,99,114,134,134,230,230,245,262,274,287,287,318,318,328,328,28,55,74,74,91,91,187,187,200,200,215,229,245,245,275,275,299,333,333,333,344,344,344,344,344],"floor_reached":50,"language":"RUS","playtime":2594,"items_purged":["Normality","Doubt","downfall:Malfunctioning"],"score":679,"play_id":"d3171a96-4a4a-44ec-9065-70ccb203650a","local_time":"20210121194203","is_ascension_mode":false,"campfire_choices":[{"data":"Blade Dance","floor":11,"key":"SMITH"},{"floor":15,"key":"REST"},{"floor":24,"key":"REST"},{"data":"Blade Dance","floor":30,"key":"SMITH"},{"floor":32,"key":"REST"},{"floor":40,"key":"REST"},{"data":"Backstab","floor":42,"key":"SMITH"},{"floor":45,"key":"REST"},{"data":"Finisher","floor":49,"key":"SMITH"}],"circlet_count":0,"master_deck":["Strike_G+1","Strike_G","Strike_G+1","Strike_G","Strike_G","Defend_G","Defend_G","Defend_G","Defend_G","Defend_G","Survivor","Neutralize","Die Die Die+1","Blade Dance+1","downfall:Aged","Clumsy","Venomology","Clumsy","Blade Dance+1","Backstab+1","Finisher+1","Finisher","Deflect+1","Acrobatics+1","Crippling Poison+1","Phantasmal Killer+1","Blade Dance+1","Blade Dance+1","Outmaneuver+1","Flying Knee+1","Blade Dance+1","Dodge and Roll+1","Slice","Bullet Time+1","Unload","Blade Dance+1","Well Laid Plans+1","Burst+1","Blade Dance+1","PiercingWail+1","Chrysalis+1","Forethought+1"],"relics":["Ring of the Snake","Darkstone Periapt","Toy Ornithopter","Nunchaku","Toxic Egg 2","Centennial Puzzle","bronze:MakeshiftBattery","Bag of Preparation","Meat on the Bone","Frozen Eye","Pantograph","SlaversCollar","PreservedInsect","Vajra","Sundial"],"acts_visited":["Exordium","TheCity","TheBeyond"],"potions_floor_usage":[8,8,8,10,16,16,18,20,20,21,21,21,23,25,25,25,25,28,31,33,33,33,35,39,39,39,39,41,41,47,47,50,50],"damage_taken":[{"damage":0,"enemies":"Cultist","floor":1,"turns":3},{"damage":0,"enemies":"2 Louse","floor":4,"turns":1},{"damage":3,"enemies":"Jaw Worm","floor":6,"turns":2},{"damage":13,"enemies":"3 Sentries","floor":8,"turns":6},{"damage":4,"enemies":"Gremlin Nob","floor":10,"turns":2},{"damage":0,"enemies":"Looter","floor":13,"turns":1},{"damage":0,"enemies":"Lots of Slimes","floor":14,"turns":1},{"damage":43,"enemies":"Hexaghost","floor":16,"turns":7},{"damage":5,"enemies":"Spheric Guardian","floor":18,"turns":3},{"damage":9,"enemies":"2 Thieves","floor":19,"turns":2},{"damage":0,"enemies":"Centurion and Healer","floor":20,"turns":4},{"damage":18,"enemies":"Snake Plant","floor":21,"turns":2},{"damage":30,"enemies":"Slavers","floor":23,"turns":4},{"damage":15,"enemies":"Snecko","floor":25,"turns":2},{"damage":54,"enemies":"Gremlin Leader","floor":28,"turns":5},{"damage":0,"enemies":"Chosen and Byrds","floor":29,"turns":3},{"damage":11,"enemies":"Shelled Parasite and Fungi","floor":31,"turns":3},{"damage":64,"enemies":"Collector","floor":33,"turns":6},{"damage":0,"enemies":"3 Shapes","floor":35,"turns":2},{"damage":0,"enemies":"Orb Walker","floor":37,"turns":1},{"damage":49,"enemies":"Sphere and 2 Shapes","floor":38,"turns":4},{"damage":0,"enemies":"Transient","floor":39,"turns":5},{"damage":8,"enemies":"Reptomancer","floor":41,"turns":2},{"damage":13,"enemies":"Giant Head","floor":44,"turns":2},{"damage":0,"enemies":"Spire Growth","floor":47,"turns":3},{"damage":137,"enemies":"Awakened One","floor":50,"turns":12}],"seed_played":"6187573989769055732","potions_obtained":[{"floor":1,"key":"sneckomod:MuddlingPotion"},{"floor":8,"key":"champ:CounterPotion"},{"floor":13,"key":"CultistPotion"},{"floor":16,"key":"DuplicationPotion"},{"floor":19,"key":"Poison Potion"},{"floor":20,"key":"LiquidBronze"},{"floor":21,"key":"ColorlessPotion"},{"floor":25,"key":"Block Potion"},{"floor":33,"key":"BlessingOfTheForge"},{"floor":38,"key":"EntropicBrew"},{"floor":39,"key":"FearPotion"},{"floor":41,"key":"FearPotion"},{"floor":44,"key":"Explosive Potion"}],"is_trial":false,"path_per_floor":["M","?","?","M","$","M","$","E","T","E","R","?","M","M","R","B",null,"M","M","M","M","?","E","R","M","T","$","E","M","R","M","R","B",null,"M","?","M","M","M","R","E","R","T","E","R","?","M","?","R","B"],"character_chosen":"THE_SILENT","items_purchased":["Backstab","Blade Dance+1","Frozen Eye"],"campfire_rested":5,"item_purchase_floors":[5,27,27],"current_hp_per_floor":[70,56,97,97,97,94,94,81,81,82,82,42,42,42,75,42,111,106,97,107,98,98,73,106,96,96,96,59,59,59,62,95,59,111,111,111,111,62,94,111,103,103,103,90,111,111,111,111,111,0,0],"gold":344,"neow_bonus":"ONE_RANDOM_RARE_CARD","is_daily":false,"chose_seed":false,"campfire_upgraded":4,"win_rate":0.0,"timestamp":1611247323,"path_taken":["M","?","?","M","?","M","$","E","T","E","R","?","M","M","R","BOSS","M","?","?","M","?","E","R","M","T","$","E","M","R","M","R","BOSS","M","?","?","M","M","R","E","R","T","E","R","?","?","?","R","BOSS"],"items_purchased_type":["Card","Card","Relic"],"build_version":"2020-12-22","purchased_purges":3,"victory":false,"max_hp_per_floor":[70,70,111,111,111,111,111,111,111,111,111,111,111,111,111,111,111,111,111,111,111,111,111,111,111,111,111,111,111,111,111,111,111,111,111,111,111,111,111,111,111,111,111,111,111,111,111,111,111,111,111],"relic_stats":{"Darkstone Periapt":36,"Nunchaku":[37],"Centennial Puzzle":[39],"counters":[26,88],"Sundial":[0],"Pantograph":16,"PreservedInsect":125,"Bag of Preparation":[26],"obtain_stats":[{"Darkstone Periapt":3,"Vajra":43,"PreservedInsect":41,"Bag of Preparation":23,"Frozen Eye":27,"SlaversCollar":34,"Nunchaku":9,"Centennial Puzzle":12,"Sundial":44,"Pantograph":28,"Toxic Egg 2":10,"Toy Ornithopter":8,"bronze:MakeshiftBattery":17,"Ring of the Snake":0,"Meat on the Bone":26},{"Darkstone Periapt":1,"Vajra":23,"PreservedInsect":23,"Bag of Preparation":13,"Frozen Eye":14,"SlaversCollar":18,"Nunchaku":4,"Centennial Puzzle":5,"Sundial":24,"Pantograph":15,"Toxic Egg 2":5,"Toy Ornithopter":4,"bronze:MakeshiftBattery":8,"Ring of the Snake":0,"Meat on the Bone":14},{"Darkstone Periapt":3,"Vajra":71,"PreservedInsect":71,"Bag of Preparation":38,"Frozen Eye":40,"SlaversCollar":57,"Nunchaku":12,"Centennial Puzzle":14,"Sundial":73,"Pantograph":45,"Toxic Egg 2":14,"Toy Ornithopter":12,"bronze:MakeshiftBattery":23,"Ring of the Snake":0,"Meat on the Bone":40}],"Toy Ornithopter":84,"Ring of the Snake":[52],"Meat on the Bone":12},"card_choices":[{"not_picked":["Backstab","Dagger Throw"],"picked":"Blade Dance","floor":1},{"not_picked":["Prepared","Expertise"],"picked":"Blade Dance","floor":4},{"not_picked":["Sucker Punch","Crippling Poison"],"picked":"Finisher","floor":6},{"not_picked":["Blur","Caltrops"],"picked":"Finisher","floor":8},{"not_picked":["Deadly Poison+1","Prepared+1"],"picked":"Deflect+1","floor":10},{"not_picked":["Dagger Throw","Predator"],"picked":"Acrobatics+1","floor":13},{"not_picked":["Endless Agony","Dagger Throw"],"picked":"Crippling Poison+1","floor":14},{"not_picked":["Malaise+1","Night Terror+1"],"picked":"Phantasmal Killer+1","floor":16},{"not_picked":["Bane","Footwork"],"picked":"Blade Dance+1","floor":18},{"not_picked":["Quick Slash","Flying Knee","Finisher"],"picked":"SKIP","floor":19},{"not_picked":["Heel Hook","Sucker Punch+1","Deadly Poison+1"],"picked":"SKIP","floor":20},{"not_picked":["Skewer","Dodge and Roll+1"],"picked":"Blade Dance+1","floor":21},{"not_picked":["Calculated Gamble+1","Reflex+1"],"picked":"Outmaneuver+1","floor":23},{"not_picked":["After Image","Choke"],"picked":"Flying Knee+1","floor":25},{"not_picked":["Flying Knee","Dagger Throw"],"picked":"Dodge and Roll+1","floor":28},{"not_picked":["Noxious Fumes","Prepared+1"],"picked":"Slice","floor":29},{"not_picked":["Underhanded Strike","Poisoned Stab"],"picked":"Bullet Time+1","floor":31},{"not_picked":["A Thousand Cuts","Phantasmal Killer+1"],"picked":"Unload","floor":33},{"not_picked":["Dagger Spray","Deadly Poison+1","Choke"],"picked":"SKIP","floor":35},{"not_picked":["Poisoned Stab+1","Flying Knee+1","Quick Slash"],"picked":"SKIP","floor":37},{"not_picked":["Quick Slash","Bane+1"],"picked":"Well Laid Plans+1","floor":38},{"not_picked":["Quick Slash","Caltrops+1"],"picked":"Burst+1","floor":39},{"not_picked":["Dagger Spray+1","Acrobatics+1"],"picked":"Blade Dance+1","floor":41},{"not_picked":["Well Laid Plans","Heel Hook","Poisoned Stab"],"picked":"SKIP","floor":44},{"not_picked":["Caltrops","Footwork+1"],"picked":"PiercingWail+1","floor":47},{"not_picked":["PanicButton+1","Secret Weapon+1"],"picked":"Chrysalis+1","floor":48},{"not_picked":["Thinking Ahead+1","Jack Of All Trades+1"],"picked":"Forethought+1","floor":48}],"player_experience":15860,"relics_obtained":[{"floor":8,"key":"Toy Ornithopter"},{"floor":9,"key":"Nunchaku"},{"floor":10,"key":"Toxic Egg 2"},{"floor":23,"key":"Bag of Preparation"},{"floor":26,"key":"Meat on the Bone"},{"floor":28,"key":"Pantograph"},{"floor":41,"key":"PreservedInsect"},{"floor":43,"key":"Vajra"},{"floor":44,"key":"Sundial"}],"event_choices":[{"damage_healed":70,"gold_gain":0,"player_choice":"Upgrade","damage_taken":14,"max_hp_gain":0,"max_hp_loss":70,"event_name":"betterThird:BetterShining","floor":2,"gold_loss":0,"cards_upgraded":["Die Die Die","Strike_G"]},{"damage_healed":0,"gold_gain":0,"player_choice":"RE UP ","damage_taken":44,"relics_obtained":["Centennial Puzzle"],"max_hp_gain":0,"max_hp_loss":0,"event_name":"betterSkull:BetterSkull","floor":12,"gold_loss":0,"cards_upgraded":["Strike_G"]},{"damage_healed":0,"gold_gain":0,"player_choice":"Ignored","damage_taken":0,"max_hp_gain":0,"max_hp_loss":0,"event_name":"betterNote:BetterNote","floor":22,"gold_loss":0,"cards_obtained":["Warcry"]},{"damage_healed":0,"gold_gain":0,"player_choice":"Copied","damage_taken":0,"max_hp_gain":0,"max_hp_loss":0,"event_name":"Duplicator","floor":36,"gold_loss":0,"cards_obtained":["Blade Dance"]},{"damage_healed":0,"gold_gain":0,"player_choice":"Bought 0 Potions","damage_taken":0,"max_hp_gain":0,"max_hp_loss":0,"event_name":"The Woman in Blue","floor":46,"gold_loss":0},{"damage_healed":0,"gold_gain":3,"player_choice":"1","damage_taken":0,"max_hp_gain":0,"max_hp_loss":0,"event_name":"betterStone:BetterStone","floor":48,"gold_loss":0}],"is_beta":false,"boss_relics":[{"not_picked":["Fusion Hammer","Empty Cage"],"picked":"bronze:MakeshiftBattery"},{"not_picked":["SacredBark","Sozu"],"picked":"SlaversCollar"}],"items_purged_floors":[5,7,27],"is_endless":false,"potions_floor_spawned":[1,8,13,16,19,20,21,25,33,38,39,41,44],"killed_by":"Awakened One","ascension_level":0}}