{"host":"ylxam20yo7j5dy26","time":1611203613,"event":{"mods":["ATMod(°¢èªMod)","Act Like it!","Aspiration","BaseMod","BetterRewards","Conspire","Defuse TimeMaze Blight","Energized Spire","Gensokyo","GungeonMod","Hubris","Infinite Spire","Marisa£¨ìFÓê¡¡Ä§ÀíÉ³£©","Minty Spire (QoL Compilation)","MostiFishMod","Quarter Circle Forward PUNCH!","Quick Restart","Reimu£¨²©ÀöÁéÃÎ£©","Remilia£¨ÀÙÃ×ÀòÑÇ£©","Replay The Spire","Robot Space Explorer","RumiaBox-Â¶Ã×æ«µÄÉñÃØºÐ×Ó","Spicy Shops","StSLib","The Runesmith","vexMod","¡¾¹¦ÄÜMod¡¿»ìãçÖ®»·ÐÞ¸´²¹¶¡","¡¾ÒÅÎï¿¨ÅÆ¡¿REMEMod"],"gold_per_floor":[115,115,135,65,65,65,95,95,121,121,131,146,146,161,161,261,261,260,275,275,275,294,1293,1293],"floor_reached":23,"language":"ZHS","playtime":2180,"items_purged":[],"score":316,"play_id":"cd854746-923e-4f8b-be38-970246fe93e9","local_time":"20210121123333","is_ascension_mode":false,"campfire_choices":[{"data":"DemoMod:ChanceBullets","floor":6.0,"key":"SMITH"},{"data":"DemoMod:ThirdPartyController","floor":10.0,"key":"SMITH"},{"data":"DemoMod:ManualReload","floor":13.0,"key":"SMITH"},{"data":"DemoMod:ThirdPartyController","floor":15.0,"key":"SMITH"}],"circlet_count":0,"master_deck":["DemoMod:Strike_Huntress","DemoMod:Strike_Huntress","DemoMod:Strike_Huntress","DemoMod:Defend_Huntress","DemoMod:Defend_Huntress","DemoMod:Defend_Huntress","DemoMod:Defend_Huntress","DemoMod:Roll","DemoMod:ManualReload+1","DemoMod:RustySidearm","DemoMod:CrossBow+1","AT_ShadowStep+1","DemoMod:ThirdPartyController+1","DemoMod:ChanceBullets+1","DemoMod:HardPowerCard","DemoMod:DoubleSwitch","DemoMod:JK47","DemoMod:GunstockTap","DemoMod:ThirdPartyController+1","DemoMod:FullFirepower","DemoMod:ShadowBullets+1","DemoMod:Elimentaler"],"relics":["DemoMod:Dog","AT_ATBox","DaveBox","REME_ComplimentaryCards","HollowDreamFlower","Replay:Lucky Slots","SynthV:TestCard","hubris:Towel","Baka2","hubris:CuriousFeather","Anchor","aspiration:PoetsPen_weak"],"acts_visited":["Gensokyo:Gensokyo","TheCity"],"potions_floor_usage":[],"damage_taken":[{"damage":0.0,"enemies":"Gensokyo:3_Fairies","floor":1.0,"turns":3.0},{"damage":4.0,"enemies":"Gensokyo:2_Kodama","floor":3.0,"turns":2.0},{"damage":16.0,"enemies":"Gensokyo:Cirno","floor":7.0,"turns":7.0},{"damage":6.0,"enemies":"Gensokyo:Gryphon","floor":11.0,"turns":4.0},{"damage":5.0,"enemies":"Gensokyo:3_Kodama","floor":12.0,"turns":4.0},{"damage":7.0,"enemies":"Gensokyo:VengefulSpirit","floor":14.0,"turns":3.0},{"damage":12,"enemies":"Gensokyo:Reimu","floor":16,"turns":10},{"damage":0,"enemies":"Shell Parasite","floor":18,"turns":5},{"damage":10,"enemies":"3 Byrds","floor":19,"turns":4},{"damage":1,"enemies":"Centurion and Healer","floor":22,"turns":2},{"damage":41,"enemies":"conspire:SneckoGhost","floor":23,"turns":6}],"seed_played":"-1603880666386923229","potions_obtained":[{"floor":1.0,"key":"DemoMod:LeadSkinPotion"},{"floor":14.0,"key":"Milkshake"},{"floor":16,"key":"LiquidMemories"},{"floor":18,"key":"BlessingOfTheForge"}],"is_trial":false,"path_per_floor":["M","?","M","?","$","R","E","?","T","R","M","M","R","M","R","B",null,"M","M","?","?","M","E"],"character_chosen":"HUNTRESS","items_purchased":["Replay:Lucky Slots"],"campfire_rested":0,"item_purchase_floors":[0],"current_hp_per_floor":[70,70,66,66,66,66,54,40,40,40,38,46,46,43,43,35,70,70,60,60,67,69,15,15],"gold":1293,"neow_bonus":"","is_daily":false,"chose_seed":false,"campfire_upgraded":4,"win_rate":0.0,"timestamp":1611203613,"path_taken":["M","?","M","?","?","R","E","?","T","R","M","M","R","M","R","BOSS","M","M","?","?","M","E"],"items_purchased_type":["Relic"],"build_version":"2020-12-22","purchased_purges":0,"victory":false,"max_hp_per_floor":[70,70,70,70,70,70,70,70,70,70,70,70,70,70,70,70,70,70,70,70,70,70,78,78],"card_choices":[{"not_picked":["DemoMod:DoubleSwitch","DemoMod:Ejector"],"picked":"DemoMod:ChanceBullets","floor":1.0},{"not_picked":["DemoMod:HuntsMan","DemoMod:PotionOfGunFriendShip","DemoMod:TeaPot","DemoMod:FastSwitch"],"picked":"DemoMod:HardPowerCard","floor":3.0},{"not_picked":["DemoMod:HuntsMan","DemoMod:SAA","DemoMod:FullFirepower","DemoMod:ProbeStrike"],"picked":"DemoMod:DoubleSwitch","floor":7.0},{"not_picked":["DemoMod:FeignSurrender","DemoMod:ConditionalReflex","DemoMod:Ejector","DemoMod:AC15"],"picked":"DemoMod:JK47","floor":11.0},{"not_picked":["DemoMod:PotionOfGunFriendShip","DemoMod:FullFirepower","DemoMod:AC15","DemoMod:HardPowerCard"],"picked":"DemoMod:GunstockTap","floor":12.0},{"not_picked":["DemoMod:JK47","DemoMod:GunShield","DemoMod:BoxingGlove","DemoMod:AbyssalTentacle"],"picked":"DemoMod:ThirdPartyController","floor":14.0},{"not_picked":["DemoMod:Slinger","DemoMod:Desperate","DemoMod:BulletBore","DemoMod:BalloonGun"],"picked":"DemoMod:FullFirepower","floor":16},{"not_picked":["DemoMod:ZorGun","DemoMod:GunShield","DemoMod:Unmoved+1","DemoMod:JK47"],"picked":"DemoMod:ShadowBullets","floor":18},{"not_picked":["DemoMod:DirectionalPad","DemoMod:FortunesFavor","DemoMod:SkilledReload+1","DemoMod:TeaPot","DemoMod:HighKaliber"],"picked":"SKIP","floor":19},{"not_picked":["DemoMod:RadGun","DemoMod:MachoBrace+1","DemoMod:Ejector","DemoMod:FullFirepower","DemoMod:FeignSurrender+1"],"picked":"SKIP","floor":22}],"player_experience":135525,"relics_obtained":[{"floor":1.0,"key":"SynthV:TestCard"},{"floor":1.0,"key":"Baka"},{"floor":3.0,"key":"Baka2"},{"floor":7.0,"key":"hubris:CuriousFeather"}],"event_choices":[],"is_beta":false,"boss_relics":[{"not_picked":["vexMod:MegatonBomb","NightmareShop"],"picked":"aspiration:PoetsPen_weak"}],"items_purged_floors":[],"is_endless":false,"potions_floor_spawned":[1,14,16,18],"killed_by":"conspire:SneckoGhost","ascension_level":0}}