{"host":"z7byfb4bpt09dh7e","time":1611246654,"event":{"mods":["Aspiration","BaseMod","BetterRewards","Displayed Cursed Tome","Downfall","Infinite Spire","Minty Spire (QoL Compilation)","StSLib","The Blue Laboratory","Uncapped"],"gold_per_floor":[99,112,127,140,125,143,143,143,143,143,174,190,209,19,33,33,33,33],"floor_reached":16,"language":"ENG","playtime":1253,"items_purged":[],"score":104,"play_id":"9a529836-e0d8-46c6-ad12-d68a3c0c245a","local_time":"20210121113054","is_ascension_mode":false,"campfire_choices":[{"floor":9,"key":"REST"}],"circlet_count":0,"master_deck":["sneckomod:Strike","sneckomod:Strike","sneckomod:Strike","sneckomod:Defend","sneckomod:Defend","sneckomod:Defend","sneckomod:TailWhip","sneckomod:SnekBite","sneckomod:Unknown","Night Terror","sneckomod:Unknown0Cost","sneckomod:Nope","sneckomod:Unknown1Cost","sneckomod:Unknown0Cost","sneckomod:UnknownBoss","Cleave","sneckomod:TrashToTreasure","sneckomod:SerpentIdol","sneckomod:Unknown1Cost","sneckomod:Unknown1Cost","sneckomod:WideSting","sneckomod:IronFang","sneckomod:QuickBite","sneckomod:ImprovisedGuard"],"relics":["sneckomod:SneckoSoul","The Courier","infinitespire:Lucky Rock","Darkstone Periapt","Akabeko"],"acts_visited":["Exordium"],"potions_floor_usage":[13,16,16],"damage_taken":[{"damage":13,"enemies":"infinitespire:Voidling","floor":2,"turns":3},{"damage":1,"enemies":"Cultist","floor":3,"turns":3},{"damage":6,"enemies":"2 Louse","floor":4,"turns":2},{"damage":1,"enemies":"downfall:FleeingMerchant","floor":5,"turns":4},{"damage":18,"enemies":"Blue Slaver","floor":6,"turns":4},{"damage":33,"enemies":"Lagavulin","floor":11,"turns":7},{"damage":20,"enemies":"Gremlin Gang","floor":12,"turns":4},{"damage":17,"enemies":"Large Slime","floor":13,"turns":6},{"damage":15,"enemies":"downfall:FleeingMerchant","floor":14,"turns":4},{"damage":7,"enemies":"Red Slaver","floor":15,"turns":3},{"damage":1,"enemies":"WA_ARCHETYPE_RETAIN","floor":16,"turns":2}],"seed_played":"-5460241032354288403","potions_obtained":[{"floor":4,"key":"Energy Potion"},{"floor":6,"key":"blueLaboratory:BubblePotion"},{"floor":15,"key":"blueLaboratory:BottleOfRum"}],"is_trial":false,"path_per_floor":["R","M","M","M","$","M","T","?","R","?","E","M","M","$","M","B"],"character_chosen":"THE_SNECKO","items_purchased":["sneckomod:IronFang","sneckomod:QuickBite","Akabeko"],"campfire_rested":1,"item_purchase_floors":[14,14,14],"current_hp_per_floor":[99,90,89,83,82,64,64,64,93,93,60,40,23,8,1,0,0,0],"gold":33,"neow_bonus":"TEN_PERCENT_HP_BONUS","is_daily":false,"chose_seed":false,"campfire_upgraded":0,"win_rate":0.0,"timestamp":1611246654,"path_taken":["R","M","M","?","?","?","T","?","R","?","E","M","?","$","M","BOSS"],"items_purchased_type":["Card","Card","Relic"],"build_version":"2020-12-22","purchased_purges":0,"victory":false,"max_hp_per_floor":[99,99,99,99,99,99,99,99,99,99,99,99,99,99,99,99,99,99],"card_choices":[{"not_picked":["sneckomod:WideSting","sneckomod:UnknownDraw"],"picked":"sneckomod:Unknown0Cost","floor":2},{"not_picked":["sneckomod:UnknownUncommonAttack","sneckomod:UnknownBlock"],"picked":"sneckomod:Nope","floor":3},{"not_picked":["sneckomod:DiceCrush","sneckomod:QuickMove"],"picked":"sneckomod:Unknown1Cost","floor":4},{"not_picked":["sneckomod:Unknown2Cost","sneckomod:Nope"],"picked":"sneckomod:Unknown0Cost","floor":5},{"not_picked":["sneckomod:UnknownExhaust","sneckomod:DiceCrush"],"picked":"sneckomod:UnknownBoss","floor":6},{"not_picked":["sneckomod:UnknownBlock","sneckomod:RainOfDice"],"picked":"sneckomod:SerpentIdol","floor":11},{"not_picked":["sneckomod:DiceBlock","sneckomod:ImprovisedGuard"],"picked":"sneckomod:Unknown1Cost","floor":12},{"not_picked":["sneckomod:DiceBoulder","sneckomod:UnknownCommonSkill"],"picked":"sneckomod:Unknown1Cost","floor":13},{"not_picked":["sneckomod:UnknownX","sneckomod:SnekBeam"],"picked":"sneckomod:WideSting","floor":14},{"not_picked":["sneckomod:SoulDraw","sneckomod:Nope"],"picked":"sneckomod:ImprovisedGuard","floor":15}],"player_experience":283173,"relics_obtained":[{"floor":7,"key":"The Courier"},{"floor":8,"key":"infinitespire:Lucky Rock"},{"floor":11,"key":"Darkstone Periapt"}],"event_choices":[],"is_beta":false,"boss_relics":[],"items_purged_floors":[],"is_endless":false,"potions_floor_spawned":[4,6,15],"killed_by":"WA_ARCHETYPE_RETAIN","ascension_level":0}}