{"host":"f0gpob8hq9vgebej","time":1611198151,"event":{"mods":["AchievementEnabler","BaseMod","Minty Spire (QoL Compilation)","Quick Restart","SuperFastMode"],"gold_per_floor":[118,131,143,143,163,163,37,47,96,110,130,180,192,202,202,299,299,264,314,61,131,181,215,215,26,26,39,188,204,266,284,284,389,389,403,453,464,483,533,565,565,615,615,314,364,414,414],"floor_reached":46,"language":"KOR","playtime":1101,"items_purged":["Defend_G","Strike_G","Strike_G"],"score":699,"play_id":"1e11b2b3-65e9-4848-bdb1-3330ae3b8124","local_time":"20210121120231","is_ascension_mode":true,"campfire_choices":[{"data":"Strike_G","floor":6.0,"key":"PURGE"},{"data":"Burst","floor":15.0,"key":"SMITH"},{"floor":24.0,"key":"REST"},{"floor":32.0,"key":"REST"},{"data":"Sadistic Nature","floor":41,"key":"SMITH"}],"circlet_count":0,"master_deck":["Strike_G+1","Defend_G+1","Defend_G","Defend_G","Defend_G","Survivor+1","Neutralize+1","Dodge and Roll","Footwork","Dagger Spray","Crippling Poison","Deadly Poison","Burst+1","Adrenaline","Prepared","Calculated Gamble+1","Sadistic Nature+1","Noxious Fumes+1","Acrobatics","Blade Dance","Tools of the Trade","Acrobatics+1","PiercingWail+1","Dodge and Roll+1","Chrysalis"],"relics":["Ring of the Snake","Peace Pipe","SsserpentHead","Ancient Tea Set","SlaversCollar","Snake Skull","Whetstone","Kunai","HoveringKite","StoneCalendar","StrikeDummy"],"acts_visited":["Exordium","TheCity","TheBeyond"],"potions_floor_usage":[40,40],"damage_taken":[{"damage":3.0,"enemies":"2 Louse","floor":1.0,"turns":3.0},{"damage":1.0,"enemies":"Cultist","floor":2.0,"turns":5.0},{"damage":0.0,"enemies":"Small Slimes","floor":3.0,"turns":4.0},{"damage":0.0,"enemies":"Looter","floor":5.0,"turns":4.0},{"damage":18.0,"enemies":"Gremlin Gang","floor":8.0,"turns":4.0},{"damage":7.0,"enemies":"3 Louse","floor":10.0,"turns":3.0},{"damage":3.0,"enemies":"Blue Slaver","floor":11.0,"turns":6.0},{"damage":0.0,"enemies":"Exordium Wildlife","floor":13.0,"turns":5.0},{"damage":3.0,"enemies":"Looter","floor":14.0,"turns":3.0},{"damage":0.0,"enemies":"The Guardian","floor":16.0,"turns":16.0},{"damage":22.0,"enemies":"2 Thieves","floor":18.0,"turns":5.0},{"damage":1.0,"enemies":"Spheric Guardian","floor":21.0,"turns":5.0},{"damage":15.0,"enemies":"Slavers","floor":23.0,"turns":8.0},{"damage":4.0,"enemies":"Snake Plant","floor":27.0,"turns":6.0},{"damage":8.0,"enemies":"Cultist and Chosen","floor":29.0,"turns":4.0},{"damage":15.0,"enemies":"Centurion and Healer","floor":30.0,"turns":5.0},{"damage":1.0,"enemies":"Snake Plant","floor":31.0,"turns":5.0},{"damage":18.0,"enemies":"Champ","floor":33.0,"turns":10.0},{"damage":16.0,"enemies":"Orb Walker","floor":35.0,"turns":5.0},{"damage":14.0,"enemies":"3 Shapes","floor":37.0,"turns":5.0},{"damage":14.0,"enemies":"3 Darklings","floor":38.0,"turns":4.0},{"damage":0,"enemies":"Nemesis","floor":40,"turns":9},{"damage":22,"enemies":"4 Shapes","floor":46,"turns":3}],"seed_played":"5900856087348024310","potions_obtained":[{"floor":3.0,"key":"Dexterity Potion"},{"floor":8.0,"key":"Dexterity Potion"},{"floor":13.0,"key":"LiquidMemories"},{"floor":18.0,"key":"SkillPotion"},{"floor":27.0,"key":"Strength Potion"},{"floor":29.0,"key":"ColorlessPotion"},{"floor":31.0,"key":"Strength Potion"},{"floor":33.0,"key":"Explosive Potion"},{"floor":35.0,"key":"EntropicBrew"}],"is_trial":false,"path_per_floor":["M","M","M","?","M","R","$","M","T","M","M","?","M","M","R","B",null,"M","?","$","M","?","E","R","$","T","M","?","M","M","M","R","B",null,"M","?","M","M","?","E","R","?","T","$","?","M"],"character_chosen":"THE_SILENT","items_purchased":["Dagger Spray","Snake Skull","Sadistic Nature","GhostInAJar","DistilledChaos"],"campfire_rested":2,"item_purchase_floors":[7,20,25,44,44],"current_hp_per_floor":[60,59,59,59,59,59,59,41,41,34,31,18,18,15,15,15,51,29,29,29,28,28,13,31,31,31,27,27,19,4,3,21,3,48,32,32,18,4,4,19,19,19,19,19,19,0,0],"gold":414,"neow_bonus":"ONE_RARE_RELIC","is_daily":false,"chose_seed":false,"campfire_upgraded":2,"win_rate":0.0,"timestamp":1611198151,"path_taken":["M","M","M","?","?","R","$","M","T","M","M","?","M","M","R","BOSS","M","?","$","?","?","E","R","$","T","M","?","M","?","M","R","BOSS","M","?","M","M","?","E","R","?","T","$","?","?"],"items_purchased_type":["Card","Relic","Card","Potion","Potion"],"build_version":"2020-12-22","purchased_purges":3,"victory":false,"max_hp_per_floor":[63,63,63,63,63,63,63,63,63,63,63,63,63,63,63,63,63,63,63,63,63,63,63,63,63,63,63,63,63,63,63,63,63,63,63,60,60,60,60,60,60,60,60,60,60,60,60],"card_choices":[{"not_picked":["Skewer","Cloak And Dagger"],"picked":"Dodge and Roll","floor":1.0},{"not_picked":["Skewer","Predator","Flechettes"],"picked":"SKIP","floor":2.0},{"not_picked":["Setup","Calculated Gamble"],"picked":"Footwork","floor":3.0},{"not_picked":["Slice","Dagger Throw","Choke"],"picked":"SKIP","floor":5.0},{"not_picked":["Distraction","Bane"],"picked":"Crippling Poison","floor":8.0},{"not_picked":["Flechettes","Dagger Spray"],"picked":"Deadly Poison","floor":10.0},{"not_picked":["Bane","Deadly Poison"],"picked":"Burst","floor":11.0},{"not_picked":["Underhanded Strike","Dagger Spray","Sucker Punch"],"picked":"SKIP","floor":13.0},{"not_picked":["Concentrate","Setup","Infinite Blades"],"picked":"SKIP","floor":14.0},{"not_picked":["Tools of the Trade","Unload"],"picked":"Adrenaline","floor":16.0},{"not_picked":["Dodge and Roll","Infinite Blades"],"picked":"Prepared","floor":18.0},{"not_picked":["Distraction","Well Laid Plans","Concentrate"],"picked":"SKIP","floor":21.0},{"not_picked":["Slice","PiercingWail"],"picked":"Calculated Gamble+1","floor":23.0},{"not_picked":["Dagger Spray","Dagger Throw+1"],"picked":"Noxious Fumes+1","floor":27.0},{"not_picked":["Riddle With Holes","Well Laid Plans"],"picked":"Acrobatics","floor":29.0},{"not_picked":["Well Laid Plans","Dash+1"],"picked":"Blade Dance","floor":30.0},{"not_picked":["Grand Finale","Dagger Spray","Acrobatics"],"picked":"SKIP","floor":31.0},{"not_picked":["Die Die Die","A Thousand Cuts"],"picked":"Tools of the Trade","floor":33.0},{"not_picked":["Quick Slash","Bane"],"picked":"Acrobatics+1","floor":35.0},{"not_picked":["Skewer","Leg Sweep"],"picked":"PiercingWail+1","floor":37.0},{"not_picked":["Concentrate","Quick Slash"],"picked":"Dodge and Roll+1","floor":38.0},{"not_picked":["Expertise","Cloak And Dagger","Leg Sweep+1"],"picked":"SKIP","floor":40},{"not_picked":["HandOfGreed","Madness"],"picked":"Chrysalis","floor":42}],"player_experience":193693,"relics_obtained":[{"floor":9.0,"key":"Ancient Tea Set"},{"floor":23.0,"key":"Whetstone"},{"floor":26.0,"key":"Kunai"},{"floor":40,"key":"StoneCalendar"},{"floor":43,"key":"StrikeDummy"}],"event_choices":[{"damage_healed":0.0,"max_hp_gain":0.0,"max_hp_loss":0.0,"gold_gain":0.0,"event_name":"FaceTrader","player_choice":"Trade","floor":4.0,"gold_loss":0.0,"damage_taken":0.0,"relics_obtained":["SsserpentHead"]},{"damage_healed":0.0,"max_hp_gain":0.0,"max_hp_loss":0.0,"gold_gain":0.0,"event_name":"Shining Light","player_choice":"Entered Light","floor":12.0,"gold_loss":0.0,"damage_taken":13.0,"cards_upgraded":["Defend_G","Survivor"]},{"damage_healed":0.0,"max_hp_gain":0.0,"max_hp_loss":0.0,"gold_gain":0.0,"event_name":"N\u0027loth","player_choice":"Ignored","floor":19.0,"gold_loss":0.0,"damage_taken":0.0},{"cards_removed":["Strike_G"],"damage_healed":0.0,"max_hp_gain":0.0,"max_hp_loss":0.0,"gold_gain":0.0,"event_name":"Back to Basics","player_choice":"Elegance","floor":22.0,"gold_loss":0.0,"damage_taken":0.0},{"damage_healed":0.0,"max_hp_gain":0.0,"max_hp_loss":0.0,"gold_gain":99.0,"event_name":"Nest","player_choice":"Stole From Cult","floor":28.0,"gold_loss":0.0,"damage_taken":0.0},{"damage_healed":0.0,"max_hp_gain":0.0,"max_hp_loss":3.0,"gold_gain":0.0,"event_name":"Winding Halls","player_choice":"Max HP","floor":36.0,"gold_loss":0.0,"damage_taken":0.0},{"damage_healed":0.0,"max_hp_gain":0.0,"max_hp_loss":0.0,"gold_gain":0.0,"event_name":"Tomb of Lord Red Mask","player_choice":"Ignored","floor":39.0,"gold_loss":0.0,"damage_taken":0.0},{"damage_healed":0,"gold_gain":0,"player_choice":"Memory 1","damage_taken":0,"max_hp_gain":0,"max_hp_loss":0,"event_name":"SensoryStone","floor":42,"gold_loss":0},{"damage_healed":0,"gold_gain":0,"player_choice":"Bought 0 Potions","damage_taken":0,"max_hp_gain":0,"max_hp_loss":0,"event_name":"The Woman in Blue","floor":45,"gold_loss":0}],"is_beta":false,"boss_relics":[{"not_picked":["Snecko Eye","Fusion Hammer"],"picked":"SlaversCollar"},{"not_picked":["Calling Bell","Busted Crown"],"picked":"HoveringKite"}],"items_purged_floors":[7,20,44],"is_endless":false,"potions_floor_spawned":[3,8,13,14,18,27,29,31,33,35],"killed_by":"4 Shapes","ascension_level":5}}