{"host":"7gewg82ormp6yt4e","time":1611232096,"event":{"mods":["BaseMod","Block Reminder","Colored Map","Colored Powertips","DeckTracker","Highlight Path","Minty Spire (QoL Compilation)","Relic Stats","StSLib","ojb\u0027s Info Mod"],"gold_per_floor":[116,191,341,53,53,53,88,88,139,169,182,182,213,228,228,306,306,316,333,53,53,0,34,34,34,61,94,37,65,65,65,65,139,139,156,1155,1174,770,782,810,810,843,890,890,902,301,301,316,316,316,316,316,316,36,65,65],"floor_reached":57,"language":"JPN","playtime":5165,"items_purged":["Doubt","Normality","Normality"],"score":2735,"play_id":"7e415c56-876a-4c17-8088-5af2c5802cbe","local_time":"20210121212816","is_ascension_mode":true,"campfire_choices":[{"data":"Biased Cognition","floor":6.0,"key":"SMITH"},{"floor":8.0,"key":"REST"},{"data":"Defragment","floor":15.0,"key":"SMITH"},{"floor":25.0,"key":"REST"},{"floor":30.0,"key":"REST"},{"data":"Defragment","floor":32.0,"key":"SMITH"},{"floor":41.0,"key":"REST"},{"floor":44.0,"key":"RECALL"},{"floor":49.0,"key":"REST"},{"data":"Panacea","floor":53,"key":"SMITH"}],"circlet_count":0,"master_deck":["AscendersBane","Strike_B","Defend_B","Defend_B","Defend_B","Zap","Dualcast","Clumsy","Biased Cognition+1","Sunder+1","Defragment+1","Biased Cognition","Conserve Battery","Hologram","White Noise","Hello World","Electrodynamics","Genetic Algorithm","Cold Snap","Glacier","Capacitor","Recycle+1","Coolheaded","Steam Power","Defragment+1","Reboot","Capacitor","Amplify","Hologram","Capacitor+1","Turbo","Coolheaded","Skim+1","Buffer","Hologram","Defragment","Panacea+1","Secret Technique","Deep Breath","Hologram","Buffer"],"relics":["Cracked Core","DollysMirror","Bronze Scales","Pen Nib","Akabeko","Art of War","Empty Cage","Orrery","Bottled Tornado","Regal Pillow","Bag of Preparation","White Beast Statue","Runic Pyramid","Orichalcum","Oddly Smooth Stone","Mummified Hand","Strange Spoon","Ancient Tea Set","Lee\u0027s Waffle","HornCleat"],"acts_visited":["Exordium","TheCity","TheBeyond","TheEnding"],"potions_floor_usage":[51,55,55,56,56],"damage_taken":[{"damage":7.0,"enemies":"Jaw Worm","floor":1.0,"turns":3.0},{"damage":21.0,"enemies":"Gremlin Nob","floor":7.0,"turns":4.0},{"damage":23.0,"enemies":"3 Sentries","floor":10.0,"turns":6.0},{"damage":2.0,"enemies":"2 Louse","floor":11.0,"turns":3.0},{"damage":8.0,"enemies":"Gremlin Nob","floor":13.0,"turns":3.0},{"damage":0.0,"enemies":"Cultist","floor":14.0,"turns":3.0},{"damage":29.0,"enemies":"The Guardian","floor":16.0,"turns":8.0},{"damage":3.0,"enemies":"Spheric Guardian","floor":18.0,"turns":3.0},{"damage":20.0,"enemies":"2 Thieves","floor":19.0,"turns":3.0},{"damage":12.0,"enemies":"Book of Stabbing","floor":23.0,"turns":3.0},{"damage":44.0,"enemies":"Slavers","floor":27.0,"turns":5.0},{"damage":1.0,"enemies":"Book of Stabbing","floor":29.0,"turns":5.0},{"damage":7.0,"enemies":"Automaton","floor":33.0,"turns":14.0},{"damage":8.0,"enemies":"3 Darklings","floor":35.0,"turns":5.0},{"damage":9.0,"enemies":"3 Shapes","floor":37.0,"turns":2.0},{"damage":40.0,"enemies":"3 Darklings","floor":39.0,"turns":3.0},{"damage":5.0,"enemies":"Nemesis","floor":40.0,"turns":9.0},{"damage":1.0,"enemies":"Reptomancer","floor":42.0,"turns":7.0},{"damage":1.0,"enemies":"Spire Growth","floor":45.0,"turns":3.0},{"damage":11.0,"enemies":"Writhing Mass","floor":48.0,"turns":4.0},{"damage":18,"enemies":"Awakened One","floor":50,"turns":18},{"damage":1,"enemies":"Donu and Deca","floor":51,"turns":8},{"damage":17,"enemies":"Shield and Spear","floor":55,"turns":6},{"damage":27,"enemies":"The Heart","floor":56,"turns":12}],"seed_played":"3982923238543934096","potions_obtained":[{"floor":1.0,"key":"Weak Potion"},{"floor":10.0,"key":"Regen Potion"},{"floor":16.0,"key":"Fire Potion"},{"floor":18.0,"key":"Energy Potion"},{"floor":27.0,"key":"DuplicationPotion"},{"floor":33.0,"key":"Swift Potion"},{"floor":35.0,"key":"BlessingOfTheForge"},{"floor":37.0,"key":"FearPotion"},{"floor":39.0,"key":"Swift Potion"},{"floor":40.0,"key":"PowerPotion"},{"floor":42.0,"key":"Swift Potion"},{"floor":48.0,"key":"BlessingOfTheForge"}],"is_trial":false,"path_per_floor":["M","?","?","$","?","R","E","R","T","E","M","?","E","M","R","B",null,"M","M","$","T","$","E","$","R","T","E","$","E","R","?","R","B",null,"M","?","M","$","M","E","R","E","T","R","M","$","?","M","R","B","B",null,"R","$","E","B",null],"character_chosen":"DEFECT","items_purchased":["Defragment","DollysMirror","Glacier","Capacitor","Orrery","ColorlessPotion","Block Potion","Turbo","Regen Potion","Orichalcum","Strange Spoon","Ancient Tea Set","Hologram","Defragment","Lee\u0027s Waffle","EntropicBrew"],"campfire_rested":5,"item_purchase_floors":[4,4,20,20,20,22,28,38,38,38,46,46,46,46,54,54],"current_hp_per_floor":[57,46,46,46,46,46,25,46,46,23,30,71,63,63,63,34,62,59,39,39,39,39,27,27,63,63,19,19,18,54,34,34,27,64,56,56,47,47,12,7,44,43,43,43,42,42,32,21,58,40,39,67,67,83,66,39],"gold":65,"neow_bonus":"TRANSFORM_TWO_CARDS","is_daily":false,"chose_seed":false,"campfire_upgraded":4,"win_rate":0.0,"timestamp":1611232096,"path_taken":["M","?","?","$","?","R","E","R","T","E","?","?","E","M","R","BOSS","M","M","?","?","$","E","$","R","T","E","?","E","R","?","R","BOSS","M","?","M","$","M","E","R","E","T","R","M","$","?","M","R","BOSS","BOSS","R","$","E","BOSS"],"items_purchased_type":["Card","Relic","Card","Card","Relic","Potion","Potion","Card","Potion","Relic","Relic","Relic","Card","Card","Relic","Potion"],"build_version":"2020-12-22","purchased_purges":3,"victory":true,"max_hp_per_floor":[71,71,71,71,71,71,71,71,71,71,71,71,71,71,71,71,71,71,71,71,71,71,71,71,71,71,71,71,71,71,76,76,76,76,76,76,76,76,76,76,76,76,76,76,76,76,76,76,76,76,76,76,76,83,83,83],"relic_stats":{"Strange Spoon":[26],"Regal Pillow":60,"Lee\u0027s Waffle":16,"counters":[24,140],"Mummified Hand":[97],"Bronze Scales":[545],"Pen Nib":[7],"Art of War":[59],"Bag of Preparation":[28],"Orichalcum":[108],"obtain_stats":[{"Regal Pillow":23,"Lee\u0027s Waffle":54,"Oddly Smooth Stone":40,"Pen Nib":9,"Bag of Preparation":26,"Bottled Tornado":21,"Orichalcum":38,"Empty Cage":17,"Ancient Tea Set":46,"Akabeko":10,"White Beast Statue":27,"Strange Spoon":46,"HornCleat":55,"DollysMirror":4,"Mummified Hand":42,"Bronze Scales":7,"Orrery":20,"Art of War":13,"Cracked Core":0,"Runic Pyramid":34},{"Regal Pillow":10,"Lee\u0027s Waffle":22,"Oddly Smooth Stone":17,"Pen Nib":2,"Bag of Preparation":10,"Bottled Tornado":9,"Orichalcum":15,"Empty Cage":7,"Ancient Tea Set":19,"Akabeko":3,"White Beast Statue":11,"Strange Spoon":19,"HornCleat":23,"DollysMirror":1,"Mummified Hand":18,"Bronze Scales":2,"Orrery":9,"Art of War":5,"Cracked Core":0,"Runic Pyramid":13},{"Regal Pillow":39,"Lee\u0027s Waffle":122,"Oddly Smooth Stone":82,"Pen Nib":7,"Bag of Preparation":39,"Bottled Tornado":36,"Orichalcum":70,"Empty Cage":30,"Ancient Tea Set":92,"Akabeko":13,"White Beast Statue":44,"Strange Spoon":92,"HornCleat":128,"DollysMirror":3,"Mummified Hand":89,"Bronze Scales":7,"Orrery":36,"Art of War":19,"Cracked Core":0,"Runic Pyramid":63}]},"card_choices":[{"not_picked":["Rip and Tear","Recycle"],"picked":"Sunder","floor":1.0},{"not_picked":["Compile Driver","Recycle"],"picked":"Conserve Battery","floor":7.0},{"not_picked":["Streamline","Lockon"],"picked":"Hologram","floor":10.0},{"not_picked":["Rebound","Leap","Steam"],"picked":"SKIP","floor":11.0},{"not_picked":["Stack","Redo"],"picked":"White Noise","floor":13.0},{"not_picked":["Stack","Gash"],"picked":"Hello World","floor":14.0},{"not_picked":["Meteor Strike","Hyperbeam"],"picked":"Electrodynamics","floor":16.0},{"not_picked":["Auto Shields","Reprogram"],"picked":"Genetic Algorithm","floor":18.0},{"not_picked":["Beam Cell","Scrape"],"picked":"Cold Snap","floor":19.0},{"not_picked":["Stack","Chill"],"picked":"Recycle+1","floor":20.0},{"not_picked":["Sweeping Beam+1","Compile Driver"],"picked":"Coolheaded","floor":20.0},{"not_picked":["Static Discharge","Tempest"],"picked":"Steam Power","floor":20.0},{"not_picked":["Leap","Stack"],"picked":"Defragment","floor":23.0},{"not_picked":["Heatsinks","Self Repair"],"picked":"Reboot","floor":27.0},{"not_picked":["White Noise","Leap"],"picked":"Capacitor","floor":29.0},{"not_picked":["Thunder Strike","Meteor Strike"],"picked":"Amplify","floor":33.0},{"not_picked":["Streamline","Beam Cell+1"],"picked":"Hologram","floor":35.0},{"not_picked":["Redo","Tempest+1"],"picked":"Capacitor+1","floor":37.0},{"not_picked":["Sweeping Beam","Gash+1"],"picked":"Coolheaded","floor":39.0},{"not_picked":["Storm+1","Sunder"],"picked":"Skim+1","floor":40.0},{"not_picked":["Static Discharge","Gash"],"picked":"Buffer","floor":42.0},{"not_picked":["Compile Driver","Redo","Barrage"],"picked":"SKIP","floor":45.0},{"not_picked":["Enlightenment","Good Instincts"],"picked":"Panacea","floor":47.0},{"not_picked":["Impatience","Bandage Up"],"picked":"Secret Technique","floor":47.0},{"not_picked":["Finesse","Good Instincts"],"picked":"Deep Breath","floor":47.0},{"not_picked":["Go for the Eyes","Static Discharge"],"picked":"Hologram","floor":48.0},{"not_picked":["Hyperbeam","Gash+1"],"picked":"Buffer","floor":55}],"player_experience":2639099,"relics_obtained":[{"floor":7.0,"key":"Bronze Scales"},{"floor":9.0,"key":"Pen Nib"},{"floor":10.0,"key":"Akabeko"},{"floor":13.0,"key":"Art of War"},{"floor":21.0,"key":"Bottled Tornado"},{"floor":23.0,"key":"Regal Pillow"},{"floor":26.0,"key":"Bag of Preparation"},{"floor":27.0,"key":"White Beast Statue"},{"floor":40.0,"key":"Oddly Smooth Stone"},{"floor":42.0,"key":"Mummified Hand"},{"floor":55,"key":"HornCleat"}],"event_choices":[{"damage_healed":0.0,"max_hp_gain":0.0,"max_hp_loss":0.0,"gold_gain":75.0,"event_name":"World of Goop","player_choice":"Gather Gold","floor":2.0,"gold_loss":0.0,"damage_taken":11.0},{"damage_healed":0.0,"max_hp_gain":0.0,"max_hp_loss":0.0,"gold_gain":150.0,"event_name":"Liars Game","player_choice":"AGREE","floor":3.0,"gold_loss":0.0,"damage_taken":0.0,"cards_obtained":["Doubt"]},{"damage_healed":0.0,"max_hp_gain":0.0,"max_hp_loss":0.0,"gold_gain":0.0,"event_name":"Accursed Blacksmith","player_choice":"Forge","floor":5.0,"gold_loss":0.0,"damage_taken":0.0,"cards_upgraded":["Sunder"]},{"cards_removed":["Auto Shields"],"damage_healed":41.0,"max_hp_gain":0.0,"max_hp_loss":0.0,"gold_gain":0.0,"event_name":"Bonfire Elementals","player_choice":"Offered Uncommon","floor":12.0,"gold_loss":0.0,"damage_taken":0.0},{"damage_healed":0.0,"max_hp_gain":5.0,"max_hp_loss":0.0,"gold_gain":0.0,"event_name":"Forgotten Altar","player_choice":"Shed Blood","floor":31.0,"gold_loss":0.0,"damage_taken":25.0},{"damage_healed":0.0,"max_hp_gain":0.0,"max_hp_loss":0.0,"gold_gain":999.0,"event_name":"MindBloom","player_choice":"Gold","floor":36.0,"gold_loss":0.0,"damage_taken":0.0,"cards_obtained":["Normality","Normality"]},{"damage_healed":0.0,"max_hp_gain":0.0,"max_hp_loss":0.0,"gold_gain":0.0,"event_name":"SensoryStone","player_choice":"Memory 3","floor":47.0,"gold_loss":0.0,"damage_taken":10.0}],"is_beta":false,"boss_relics":[{"not_picked":["Cursed Key","FrozenCore"],"picked":"Empty Cage"},{"not_picked":["Busted Crown","Fusion Hammer"],"picked":"Runic Pyramid"}],"items_purged_floors":[4,38,46],"is_endless":false,"potions_floor_spawned":[1,10,16,18,27,29,33,35,37,39,40,42,45,48,55],"ascension_level":20}}