{"host":"ooe12lh8pgcirntb","time":1611258145,"event":{"mods":["AchievementEnabler","Act Like it!","Bard","BaseMod","Beaked The Cultist","ChefMod","Colored Map","Colored Powertips","Downfall","Gremlin Mod","Hallownest","Hermit","Infinite Spire","Jorbs\u0027s Wanderer Trilogy","Minty Spire (QoL Compilation)","Robot Space Explorer","StSLib","The Animator","The Blackbeard","The Bug Knight","The Construct","The Cursed","The Disciple","The Hayseed","The Hierophant","The Problem Sleuth","TheVacant"],"gold_per_floor":[99,99,118,128,128,141,164,64,99,99,99,99,99,110,123,227,227,127,137,237,255,355,355,380,380,398,398,414,414,414,427,444,548,548,548,565,565,29,29,29,29,52,52,70,70,70,70],"floor_reached":45,"language":"ENG","playtime":7875,"items_purged":[],"score":436,"play_id":"097674ea-807d-4837-9521-daa4e4716dd0","local_time":"20210121144225","is_ascension_mode":false,"campfire_choices":[{"floor":1,"key":"RECALL"},{"data":"champ:BringItOn","floor":8,"key":"SMITH"},{"data":"champ:Taunt","floor":11,"key":"SMITH"},{"floor":13,"key":"REST"},{"data":"champ:LastStand","floor":18,"key":"SMITH"},{"data":"champ:FanOfKnives","floor":25,"key":"SMITH"},{"floor":27,"key":"REST"},{"floor":30,"key":"REST"},{"data":"champ:GladiatorForm","floor":35,"key":"SMITH"},{"data":"J.A.X.","floor":43,"key":"SMITH"}],"circlet_count":0,"master_deck":["champ:Strike+1","champ:Strike","champ:Strike","champ:Strike","champ:Defend","champ:Defend","champ:Defend","champ:Defend","champ:Execute+1","champ:Taunt+1","champ:Haymaker+1","champ:BringItOn+1","champ:Backstep+1","TheCursedMod:Dregs","champ:IronFortress","champ:PreciseThrust","champ:LastStand+1","champ:FaceSlap","champ:CrookedStrike","J.A.X.+1","champ:FanOfKnives+1","champ:AdrenalArmor+1","champ:BerserkerStyle","champ:Circumvent+1","champ:GutPunch","champ:GladiatorForm+1","champ:FaceSlap+1","expansioncontent:DashGenerateEvil","champ:StanceDance","expansioncontent:PrepareCrush","expansioncontent:HyperBeam","expansioncontent:AwakenDeath","Hallownest:curseDreamersLament","Shame","infinitespire:Gouge","champ:BerserkersShout+1"],"relics":["champ:ChampionCrown","Orichalcum","downfall:HeartBlessingRed","infinitespire:Golems Mask","Bottled Lightning","Black Star","downfall:HeartBlessingGreen","MutagenicStrength","champ:BlackKnightHelmet","Letter Opener","hexamod:BolsterEngine","sneckomod:SneckoTalon","theSleuth:SaltedMelon","theSleuth:SaltedMelon","Whetstone","Regal Pillow","Centennial Puzzle"],"acts_visited":["Exordium","TheCity","TheBeyond"],"potions_floor_usage":[16,16,22,33,33],"damage_taken":[{"damage":10,"enemies":"2 Louse","floor":3,"turns":3},{"damage":13,"enemies":"Jaw Worm","floor":4,"turns":3},{"damage":6,"enemies":"Cultist","floor":6,"turns":3},{"damage":51,"enemies":"Gremlin Nob","floor":9,"turns":5},{"damage":17,"enemies":"3 Louse","floor":14,"turns":4},{"damage":5,"enemies":"2 Fungi Beasts","floor":15,"turns":3},{"damage":42,"enemies":"IC_STATUS_ARCHETYPE","floor":16,"turns":6},{"damage":67,"enemies":"Shell Parasite","floor":19,"turns":5},{"damage":20,"enemies":"downfall:Augmenter","floor":20,"turns":6},{"damage":25,"enemies":"Snecko","floor":21,"turns":5},{"damage":50,"enemies":"Snecko","floor":22,"turns":7},{"damage":39,"enemies":"Snake Plant","floor":26,"turns":3},{"damage":3,"enemies":"Centurion and Healer","floor":28,"turns":3},{"damage":15,"enemies":"3 Cultists","floor":31,"turns":5},{"damage":27,"enemies":"Chosen and Byrds","floor":32,"turns":6},{"damage":24,"enemies":"SI_MIRROR_ARCHETYPE","floor":33,"turns":6},{"damage":12,"enemies":"3 Shapes","floor":36,"turns":1},{"damage":7,"enemies":"downfall:FleeingMerchant","floor":38,"turns":4},{"damage":36,"enemies":"3 Darklings","floor":44,"turns":4},{"damage":140,"enemies":"Nightmare","floor":45,"turns":5}],"seed_played":"7026275338710910466","potions_obtained":[{"floor":4,"key":"FairyPotion"},{"floor":9,"key":"FearPotion"},{"floor":15,"key":"bronze:BurnAndBuffPotion"},{"floor":19,"key":"SneckoOil"},{"floor":21,"key":"champ:CounterPotion"},{"floor":26,"key":"SteroidPotion"},{"floor":28,"key":"Ancient Potion"},{"floor":29,"key":"downfall:CursedFountainPotion"},{"floor":33,"key":"FairyPotion"},{"floor":44,"key":"bronze:BurnAndBuffPotion"}],"is_trial":false,"path_per_floor":["R","?","M","M","?","M","T","R","E","?","R","?","R","M","M","B",null,"R","M","?","M","?","?","T","R","M","R","M","?","R","M","M","B",null,"R","M","?","$","?","?","T","T","R","M","NM"],"character_chosen":"THE_CHAMP","items_purchased":["expansioncontent:DashGenerateEvil","Whetstone","Regal Pillow","champ:StanceDance"],"campfire_rested":3,"item_purchase_floors":[38,38,38,38],"current_hp_per_floor":[99,99,99,96,61,60,60,60,49,49,49,49,78,76,76,59,99,99,77,67,57,32,32,32,32,18,47,44,44,73,68,48,39,99,99,87,87,87,77,77,77,77,79,43,0,0,0],"gold":70,"neow_bonus":"TEN_PERCENT_HP_BONUS","is_daily":false,"chose_seed":false,"campfire_upgraded":6,"win_rate":0.0,"timestamp":1611258145,"path_taken":["R","?","M","M","?","?","T","R","E","?","R","?","R","?","M","BOSS","R","M","?","M","?","?","T","R","M","R","M","?","R","M","M","BOSS","R","M","?","$","?","?","T","?","R","M","NM"],"items_purchased_type":["Card","Relic","Relic","Card"],"build_version":"2020-12-22","purchased_purges":0,"victory":false,"max_hp_per_floor":[99,99,99,99,99,99,99,99,99,99,99,99,99,99,99,99,99,99,99,99,99,99,99,99,99,99,99,99,99,99,99,99,99,99,99,99,99,99,99,99,99,99,101,101,101,101,101],"card_choices":[{"not_picked":["champ:PreciseThrust","champ:BerserkersShout"],"picked":"champ:Haymaker","floor":3},{"not_picked":["champ:BerserkersShout","champ:Circumvent"],"picked":"champ:ShieldSigil","floor":4},{"not_picked":["champ:BladeFlurry","champ:RapidStrikes"],"picked":"champ:BringItOn","floor":6},{"not_picked":["champ:BerserkersShout","champ:FancyFootwork"],"picked":"champ:Backstep","floor":9},{"not_picked":["champ:PerfectedStrike","champ:BerserkersShout"],"picked":"champ:IronFortress","floor":14},{"not_picked":["champ:CrownThrow","champ:HeavySlash"],"picked":"champ:PreciseThrust","floor":15},{"not_picked":["champ:TripleStrike","champ:EnchantShield"],"picked":"champ:LastStand","floor":16},{"not_picked":["champ:PreemptiveStrike","champ:Haymaker+1"],"picked":"champ:Encircle","floor":19},{"not_picked":[],"picked":"J.A.X.","floor":20},{"not_picked":["champ:Shatter","champ:ShieldSigil"],"picked":"champ:FanOfKnives","floor":20},{"not_picked":["champ:TornadoPunch","champ:Haymaker"],"picked":"champ:AdrenalArmor+1","floor":21},{"not_picked":["champ:BringItOn","champ:DefensiveShout"],"picked":"champ:BerserkerStyle","floor":22},{"not_picked":["champ:Haymaker+1","champ:DefensiveStyle"],"picked":"champ:Circumvent+1","floor":26},{"not_picked":["champ:BerserkersShout","champ:PreciseThrust","champ:RecklessLeap"],"picked":"SKIP","floor":28},{"not_picked":["champ:CrownThrow","champ:Circumvent","champ:BringItOn"],"picked":"SKIP","floor":31},{"not_picked":["champ:IronFortress","champ:DeathBlow"],"picked":"champ:GutPunch","floor":32},{"not_picked":["champ:UltimateStance","champ:ShieldThrow"],"picked":"champ:GladiatorForm","floor":33},{"not_picked":["champ:CrookedStrike","champ:BladeFlurry","champ:ShieldSigil"],"picked":"SKIP","floor":36},{"not_picked":["champ:IgnorePain","champ:CrookedStrike+1"],"picked":"champ:FaceSlap+1","floor":38},{"not_picked":["expansioncontent:HyperBeam","expansioncontent:GuardianWhirl"],"picked":"expansioncontent:PrepareCrush","floor":39},{"not_picked":["expansioncontent:GuardianWhirl","expansioncontent:PrepareCrush"],"picked":"expansioncontent:HyperBeam","floor":39},{"not_picked":["expansioncontent:Chronoboost","expansioncontent:GuardianWhirl"],"picked":"expansioncontent:AwakenDeath","floor":39},{"not_picked":["infinitespire:TheBestDefense","infinitespire:FinalStrike"],"picked":"infinitespire:Gouge","floor":40},{"not_picked":["champ:DefensiveShout+1","champ:CrownThrow"],"picked":"champ:BerserkersShout+1","floor":44}],"player_experience":728235,"relics_obtained":[{"floor":7,"key":"Orichalcum"},{"floor":9,"key":"infinitespire:Golems Mask"},{"floor":10,"key":"Bottled Lightning"},{"floor":20,"key":"MutagenicStrength"},{"floor":22,"key":"champ:BlackKnightHelmet"},{"floor":22,"key":"Letter Opener"},{"floor":24,"key":"hexamod:BolsterEngine"},{"floor":42,"key":"Centennial Puzzle"}],"event_choices":[{"damage_healed":0,"gold_gain":0,"player_choice":"Ignored","damage_taken":0,"max_hp_gain":0,"max_hp_loss":0,"event_name":"Vampires","floor":23,"gold_loss":0}],"is_beta":false,"boss_relics":[{"not_picked":["construct:WeddingRing","Astrolabe"],"picked":"Black Star"},{"not_picked":["beaked:MawFillet","Snecko Eye"],"picked":"sneckomod:SneckoTalon"}],"items_purged_floors":[],"is_endless":false,"potions_floor_spawned":[4,9,15,19,21,26,28,33,44],"killed_by":"Nightmare","ascension_level":0}}