{"host":"auzdvixyoignpx0j","time":1611223153,"event":{"mods":["BaseMod","Better Altar","Better Skull","Better Third Choice","Colored Powertips","Googly Eyes","Minty Spire (QoL Compilation)","Spicy Shops","StSLib","The IronCluck"],"gold_per_floor":[117,117,130,58,68,103,114,229,254,268,268,295,295,295,295,398,398,416,416,416,416,326,326,344,60,129,229,263,263,281,312,312,414,414,429,429,779,779,536,566,566,579,579,598,627,641,652,661,670,670],"floor_reached":51,"language":"ENG","playtime":3100,"items_purged":["Fiend Fire","Feel No Pain"],"score":889,"play_id":"c9a3e110-cb35-43ff-b093-562ab93d4d4f","local_time":"20210121015913","is_ascension_mode":true,"campfire_choices":[{"floor":11,"key":"REST"},{"floor":13,"key":"REST"},{"data":"Bash","floor":15,"key":"SMITH"},{"data":"Limit Break","floor":23,"key":"SMITH"},{"floor":29,"key":"REST"},{"data":"Armaments","floor":32,"key":"SMITH"},{"data":"Bloodletting","floor":41,"key":"SMITH"},{"floor":49,"key":"REST"}],"circlet_count":0,"master_deck":["Bash+1","Dramatic Entrance","Clash","Combust+1","Iron Wave","Iron Wave","Pommel Strike","Rupture","Reaper","Headbutt","Rampage","Feed","Exhume","Limit Break+1","Impervious","Pummel","Bloodletting+1","Armaments+1","Sword Boomerang+1","Warcry","Dual Wield+1","Brutality+1","Heavy Blade+1","Parasite","Secret Weapon","Bloodletting+1"],"relics":["Burning Blood","Red Skull","Brimstone","Orichalcum","Bronze Scales","War Paint","Oddly Smooth Stone","MealTicket","Paper Frog","Pandora\u0027s Box","Ancient Tea Set","Membership Card","Meat on the Bone","Torii","Dream Catcher","SlaversCollar","Old Coin","Centennial Puzzle","Boot","Strange Spoon","CeramicFish","Gremlin Horn","Unceasing Top"],"acts_visited":["Exordium","TheCity","TheBeyond"],"potions_floor_usage":[6,25,31,44,45,47,50],"damage_taken":[{"damage":5,"enemies":"Small Slimes","floor":1,"turns":2},{"damage":0,"enemies":"Cultist","floor":3,"turns":2},{"damage":0,"enemies":"Jaw Worm","floor":5,"turns":1},{"damage":16,"enemies":"Lagavulin","floor":6,"turns":3},{"damage":0,"enemies":"Gremlin Gang","floor":7,"turns":1},{"damage":5,"enemies":"Large Slime","floor":10,"turns":3},{"damage":4,"enemies":"3 Sentries","floor":12,"turns":3},{"damage":10,"enemies":"Slime Boss","floor":16,"turns":5},{"damage":8,"enemies":"Spheric Guardian","floor":18,"turns":3},{"damage":5,"enemies":"2 Thieves","floor":24,"turns":2},{"damage":39,"enemies":"Book of Stabbing","floor":28,"turns":4},{"damage":19,"enemies":"Snake Plant","floor":30,"turns":3},{"damage":25,"enemies":"Gremlin Leader","floor":31,"turns":4},{"damage":38,"enemies":"Automaton","floor":33,"turns":6},{"damage":35,"enemies":"3 Darklings","floor":35,"turns":3},{"damage":28,"enemies":"2 Orb Walkers","floor":37,"turns":3},{"damage":5,"enemies":"Reptomancer","floor":40,"turns":3},{"damage":1,"enemies":"3 Shapes","floor":42,"turns":2},{"damage":4,"enemies":"Writhing Mass","floor":44,"turns":2},{"damage":15,"enemies":"Giant Head","floor":45,"turns":4},{"damage":13,"enemies":"Jaw Worm Horde","floor":46,"turns":2},{"damage":38,"enemies":"Transient","floor":47,"turns":5},{"damage":85,"enemies":"Time Eater","floor":50,"turns":5}],"seed_played":"-5776264480862626089","potions_obtained":[{"floor":1,"key":"SneckoOil"},{"floor":5,"key":"DistilledChaos"},{"floor":12,"key":"Regen Potion"},{"floor":28,"key":"Weak Potion"},{"floor":30,"key":"PowerPotion"},{"floor":37,"key":"Weak Potion"},{"floor":42,"key":"Swift Potion"},{"floor":44,"key":"ColorlessPotion"}],"is_trial":false,"path_per_floor":["M","?","M","$","M","E","M","?","T","M","R","E","R","?","R","B",null,"M","?","?","?","?","R","M","$","T","?","E","R","M","E","R","B",null,"M","?","?","?","$","E","R","M","T","M","E","M","M","?","R","B",null],"character_chosen":"IRONCLAD","items_purchased":["Brimstone","Membership Card","Armaments","Fruit Juice","Centennial Puzzle","Boot","Strange Spoon"],"campfire_rested":4,"item_purchase_floors":[4,25,25,25,39,39,39],"current_hp_per_floor":[80,80,80,80,80,70,76,7,7,8,32,34,58,80,80,76,80,80,80,80,80,80,80,80,85,85,85,57,82,69,88,88,59,88,63,63,53,53,68,83,83,88,88,92,83,79,59,49,77,24],"gold":670,"neow_bonus":"RANDOM_COLORLESS","is_daily":false,"chose_seed":false,"campfire_upgraded":4,"win_rate":0.0,"timestamp":1611223153,"path_taken":["M","?","M","$","M","E","?","?","T","?","R","E","R","?","R","BOSS","M","?","?","?","?","R","?","$","T","?","E","R","M","E","R","BOSS","M","?","?","?","$","E","R","M","T","M","E","?","M","?","R","BOSS"],"items_purchased_type":["Relic","Relic","Card","Potion","Relic","Relic","Relic"],"build_version":"2020-12-22","purchased_purges":2,"victory":true,"max_hp_per_floor":[80,80,80,80,80,80,80,80,80,80,80,80,80,80,80,80,80,80,80,80,80,80,80,80,85,85,85,85,85,85,88,88,88,88,88,88,88,88,88,88,88,88,88,92,92,95,95,95,95,95],"card_choices":[{"not_picked":["Good Instincts","Deep Breath"],"picked":"Dramatic Entrance","floor":0},{"not_picked":["Sword Boomerang","Feel No Pain"],"picked":"Clash","floor":1},{"not_picked":["True Grit","Perfected Strike","Shockwave"],"picked":"SKIP","floor":3},{"not_picked":["Wild Strike","Flex"],"picked":"Combust","floor":5},{"not_picked":["Inflame","Shockwave"],"picked":"Iron Wave","floor":6},{"not_picked":["Battle Trance","Anger"],"picked":"Iron Wave","floor":7},{"not_picked":["True Grit","Immolate"],"picked":"Pommel Strike","floor":10},{"not_picked":["Pommel Strike","Iron Wave"],"picked":"Rupture","floor":12},{"not_picked":["Exhume","Bludgeon"],"picked":"Reaper","floor":16},{"not_picked":["Flex","Twin Strike"],"picked":"Pummel","floor":18},{"not_picked":["Twin Strike","Second Wind"],"picked":"Bloodletting","floor":24},{"not_picked":["Reckless Charge","Iron Wave"],"picked":"Sword Boomerang+1","floor":28},{"not_picked":["Flex","Seeing Red"],"picked":"Warcry","floor":30},{"not_picked":["Spot Weakness+1","Sword Boomerang+1"],"picked":"Dual Wield+1","floor":31},{"not_picked":["Demon Form","Barricade"],"picked":"Brutality","floor":33},{"not_picked":["Searing Blow+1","Cleave"],"picked":"Heavy Blade+1","floor":35},{"not_picked":["Perfected Strike+1","Twin Strike+1","Dark Embrace+1"],"picked":"SKIP","floor":40},{"not_picked":["Rage+1","True Grit","Rampage+1"],"picked":"SKIP","floor":42},{"not_picked":["Dropkick+1","Clothesline","Sword Boomerang"],"picked":"SKIP","floor":44},{"not_picked":["Shrug It Off","Berserk","Feel No Pain+1"],"picked":"SKIP","floor":45},{"not_picked":["Clothesline","Power Through","Dark Embrace+1"],"picked":"SKIP","floor":46},{"not_picked":["Dark Embrace","Cleave","Armaments+1"],"picked":"SKIP","floor":47},{"not_picked":["Dark Shackles","PanicButton"],"picked":"Secret Weapon","floor":48},{"not_picked":["Reckless Charge+1","Iron Wave"],"picked":"Bloodletting+1","floor":49}],"player_experience":380674,"relics_obtained":[{"floor":6,"key":"Orichalcum"},{"floor":9,"key":"MealTicket"},{"floor":12,"key":"Paper Frog"},{"floor":26,"key":"Meat on the Bone"},{"floor":28,"key":"Torii"},{"floor":31,"key":"Dream Catcher"},{"floor":37,"key":"Old Coin"},{"floor":40,"key":"CeramicFish"},{"floor":43,"key":"Gremlin Horn"},{"floor":45,"key":"Unceasing Top"}],"event_choices":[{"damage_healed":0,"gold_gain":0,"player_choice":"Gave Potion","damage_taken":0,"relics_obtained":["Red Skull"],"max_hp_gain":0,"max_hp_loss":0,"event_name":"WeMeetAgain","floor":2,"gold_loss":0},{"damage_healed":0,"gold_gain":115,"player_choice":"RE GO RE RE ","damage_taken":76,"relics_obtained":["Bronze Scales","War Paint","Oddly Smooth Stone"],"max_hp_gain":0,"max_hp_loss":0,"event_name":"betterSkull:BetterSkull","floor":8,"gold_loss":0,"cards_upgraded":[]},{"damage_healed":26,"gold_gain":0,"player_choice":"Banana","damage_taken":0,"max_hp_gain":0,"max_hp_loss":0,"event_name":"Big Fish","floor":14,"gold_loss":0},{"damage_healed":0,"gold_gain":0,"player_choice":"Opened","damage_taken":0,"relics_obtained":["Ancient Tea Set"],"max_hp_gain":0,"max_hp_loss":0,"event_name":"The Mausoleum","floor":19,"gold_loss":0,"cards_obtained":["Writhe"]},{"damage_healed":0,"gold_gain":0,"cards_transformed":["Corruption","Feel No Pain"],"player_choice":"Became Test Subject","damage_taken":0,"max_hp_gain":0,"max_hp_loss":0,"event_name":"Drug Dealer","floor":20,"gold_loss":0,"cards_obtained":["Feel No Pain","Fiend Fire"]},{"damage_healed":0,"gold_gain":0,"player_choice":"Ignored","damage_taken":0,"max_hp_gain":0,"max_hp_loss":0,"event_name":"Vampires","floor":21,"gold_loss":0},{"cards_removed":["Writhe"],"damage_healed":0,"gold_gain":0,"player_choice":"Upgrade and Remove","damage_taken":0,"max_hp_gain":0,"max_hp_loss":0,"event_name":"Designer","floor":22,"gold_loss":90,"cards_upgraded":["Combust"]},{"damage_healed":0,"gold_gain":100,"player_choice":"Pray","damage_taken":0,"max_hp_gain":0,"max_hp_loss":0,"event_name":"Golden Shrine","floor":27,"gold_loss":0},{"cards_removed":["Inflame"],"damage_healed":0,"gold_gain":0,"player_choice":"Removed Power","damage_taken":0,"max_hp_gain":0,"max_hp_loss":0,"event_name":"Falling","floor":36,"gold_loss":0},{"damage_healed":0,"gold_gain":0,"player_choice":"Fight","damage_taken":0,"max_hp_gain":0,"max_hp_loss":0,"event_name":"Mysterious Sphere","floor":37,"gold_loss":0},{"damage_healed":0,"gold_gain":0,"player_choice":"Forge","damage_taken":0,"max_hp_gain":0,"max_hp_loss":0,"event_name":"Accursed Blacksmith","floor":38,"gold_loss":0,"cards_upgraded":["Brutality"]},{"damage_healed":0,"gold_gain":0,"player_choice":"Memory 3","damage_taken":10,"max_hp_gain":0,"max_hp_loss":0,"event_name":"SensoryStone","floor":48,"gold_loss":0}],"is_beta":false,"boss_relics":[{"not_picked":["Runic Pyramid","Snecko Eye"],"picked":"Pandora\u0027s Box"},{"not_picked":["Runic Cube","Tiny House"],"picked":"SlaversCollar"}],"items_purged_floors":[25,39],"is_endless":false,"potions_floor_spawned":[1,5,12,28,30,37,42,44],"ascension_level":1}}