{"host":"vhvubw4jk4f204qs","time":1611251389,"event":{"mods":["AchievementEnabler","BaseMod","DeckTracker","GifTheSpireLib","Minty Spire (QoL Compilation)","Permanent Neow","Quick Restart","StSLib","SuperFastMode","The IronCluck","slay the spire mod where everything is the same but ironclad has a cowboy hat"],"gold_per_floor":[111,131,146,221,234,234,265,265,312,71,103,122,134,167,167,239,239,250,43,43,60,60,60,60,60],"floor_reached":24,"language":"ENG","playtime":709,"items_purged":["Strike_R"],"score":432,"play_id":"959a781d-20ed-4dbd-a723-117b361c2b35","local_time":"20210121124949","is_ascension_mode":true,"campfire_choices":[{"data":"Cleave","floor":6,"key":"SMITH"},{"data":"Pommel Strike","floor":8,"key":"SMITH"},{"data":"Fire Breathing","floor":15,"key":"SMITH"},{"data":"Venomology","floor":23,"key":"SMITH"}],"circlet_count":0,"master_deck":["AscendersBane","Defend_R","Defend_R","Defend_R","Defend_R","Bash","Fire Breathing+1","Reckless Charge","Inflame","Cleave+1","Pommel Strike+1","Consecrate","FollowUp","Protect","Venomology+1","Cleave+1","Bloodletting+1","Halt","Power Through","Evolve","Reckless Charge","Hemokinesis","Double Tap","Perseverance","Shame"],"relics":["Burning Blood","CaptainsWheel","Pantograph","Centennial Puzzle","PrismaticShard","Tiny Chest","Ancient Tea Set","Astrolabe","White Beast Statue"],"acts_visited":["Exordium","TheCity"],"potions_floor_usage":[11,13,16,18,21],"damage_taken":[{"damage":5,"enemies":"Small Slimes","floor":1,"turns":4},{"damage":2,"enemies":"Jaw Worm","floor":2,"turns":4},{"damage":14,"enemies":"2 Louse","floor":3,"turns":3},{"damage":11,"enemies":"Blue Slaver","floor":5,"turns":4},{"damage":15,"enemies":"3 Sentries","floor":7,"turns":4},{"damage":6,"enemies":"Gremlin Nob","floor":11,"turns":3},{"damage":9,"enemies":"Exordium Thugs","floor":12,"turns":3},{"damage":5,"enemies":"3 Louse","floor":13,"turns":2},{"damage":12,"enemies":"Lagavulin","floor":14,"turns":5},{"damage":46,"enemies":"Hexaghost","floor":16,"turns":11},{"damage":12,"enemies":"Chosen","floor":18,"turns":4},{"damage":21,"enemies":"3 Byrds","floor":21,"turns":5},{"damage":37,"enemies":"Book of Stabbing","floor":24,"turns":4}],"seed_played":"-3789693616955827051","potions_obtained":[{"floor":1,"key":"SteroidPotion"},{"floor":2,"key":"Dexterity Potion"},{"floor":14,"key":"Energy Potion"},{"floor":16,"key":"AttackPotion"}],"is_trial":false,"path_per_floor":["M","M","M","?","M","R","E","R","T","$","E","M","M","E","R","B",null,"M","$","?","M","?","R","E"],"character_chosen":"IRONCLAD","items_purchased":["PrismaticShard","Power Through","Evolve","Reckless Charge"],"campfire_rested":0,"item_purchase_floors":[10,19,19,19],"current_hp_per_floor":[68,68,60,49,44,44,35,35,35,35,35,32,33,27,27,12,54,48,48,48,33,33,33,0,0],"gold":60,"neow_bonus":"ONE_RARE_RELIC","is_daily":false,"chose_seed":false,"campfire_upgraded":4,"win_rate":0.0,"timestamp":1611251389,"path_taken":["M","M","M","?","M","R","E","R","T","$","E","M","M","E","R","BOSS","M","$","?","M","?","R","E"],"items_purchased_type":["Relic","Card","Card","Card"],"build_version":"2020-12-22","purchased_purges":1,"victory":false,"max_hp_per_floor":[68,68,68,68,68,68,68,68,68,68,68,68,68,68,68,68,68,68,68,68,68,68,68,68,68],"card_choices":[{"not_picked":["Flame Barrier","Seeing Red"],"picked":"Fire Breathing","floor":1},{"not_picked":["Havoc","Clash"],"picked":"Reckless Charge","floor":2},{"not_picked":["Bloodletting","Twin Strike"],"picked":"Inflame","floor":3},{"not_picked":["Flex","Headbutt"],"picked":"Cleave","floor":5},{"not_picked":["Body Slam","Havoc"],"picked":"Pommel Strike","floor":7},{"not_picked":["Armaments","Body Slam"],"picked":"Consecrate","floor":11},{"not_picked":["Barrage","Sword Boomerang"],"picked":"FollowUp","floor":12},{"not_picked":["Whirlwind","Searing Blow","Sunder"],"picked":"SKIP","floor":13},{"not_picked":["Doppelganger","ConjureBlade"],"picked":"Protect","floor":14},{"not_picked":["Magnetism","ConjureBlade"],"picked":"Venomology","floor":16},{"not_picked":["EmptyBody","Underhanded Strike"],"picked":"Halt","floor":18},{"not_picked":["Ball Lightning","Nirvana"],"picked":"Perseverance","floor":21}],"player_experience":967029,"relics_obtained":[{"floor":7,"key":"Pantograph"},{"floor":9,"key":"Centennial Puzzle"},{"floor":11,"key":"Tiny Chest"},{"floor":14,"key":"Ancient Tea Set"}],"event_choices":[{"damage_healed":0,"gold_gain":75,"player_choice":"Gather Gold","damage_taken":11,"max_hp_gain":0,"max_hp_loss":0,"event_name":"World of Goop","floor":4,"gold_loss":0},{"damage_healed":0,"gold_gain":0,"cards_transformed":["Flex","Strike_R"],"player_choice":"Became Test Subject","damage_taken":0,"max_hp_gain":0,"max_hp_loss":0,"event_name":"Drug Dealer","floor":20,"gold_loss":0,"cards_obtained":["Hemokinesis","Double Tap"]},{"damage_healed":0,"gold_gain":0,"player_choice":"Stole Relic","damage_taken":0,"relics_obtained":["White Beast Statue"],"max_hp_gain":0,"max_hp_loss":0,"event_name":"Addict","floor":22,"gold_loss":0,"cards_obtained":["Shame"]}],"is_beta":false,"boss_relics":[{"not_picked":["Busted Crown","Black Star"],"picked":"Astrolabe"}],"items_purged_floors":[10],"is_endless":false,"potions_floor_spawned":[1,2,3,14,16],"killed_by":"Book of Stabbing","ascension_level":20}}