{"host":"f400onr2g6b8rzrw","time":1611228466,"event":{"mods":["AchievementEnabler","Aspiration","BaseMod","Better Altar","Better Match","Better Note","Better Sensory Stone","Better Skull","Better Third Choice","Block Reminder","Colored Powertips","Curses Come First","Hermit","Minty Spire (QoL Compilation)","Relic Stats","Replay The Spire","Robot Space Explorer","Spicy Shops","StSLib","The Blue Laboratory","Wandering Minibosses","vexMod"],"gold_per_floor":[116,134,0,0,0,0,0,0],"floor_reached":7,"language":"ENG","playtime":837,"items_purged":[],"score":49,"play_id":"2cfc8d75-e3dd-4be0-b167-4a68b905ee43","local_time":"20210121215746","is_ascension_mode":true,"campfire_choices":[{"data":"Demonic Infusion","floor":6,"key":"SMITH"}],"circlet_count":0,"master_deck":["Strike_R","Strike_R","Strike_R","Strike_R","Strike_R","Defend_R","Defend_R","Defend_R","Defend_R","Bash","Demonic Infusion+1","Iron Wave","Clothesline","Enlightenment","Replay:Sssssssssshield"],"relics":["Burning Blood","betterThird:SlimedRelic"],"acts_visited":["Exordium"],"potions_floor_usage":[],"damage_taken":[{"damage":4,"enemies":"Jaw Worm","floor":1,"turns":4},{"damage":7,"enemies":"2 Louse","floor":2,"turns":3},{"damage":55,"enemies":"3 Sentries","floor":7,"turns":12}],"seed_played":"908528991020564030","potions_obtained":[{"floor":2,"key":"blueLaboratory:Moonshine"}],"is_trial":false,"path_per_floor":["M","M","?","?","?","R","E"],"character_chosen":"IRONCLAD","items_purchased":[],"campfire_rested":0,"item_purchase_floors":[],"current_hp_per_floor":[58,57,63,52,52,52,0,0],"gold":0,"neow_bonus":"THREE_RARE_CARDS","is_daily":false,"chose_seed":false,"campfire_upgraded":1,"win_rate":0.0,"timestamp":1611228466,"path_taken":["M","M","?","?","?","R","E"],"items_purchased_type":[],"build_version":"2020-12-22","purchased_purges":0,"victory":false,"max_hp_per_floor":[80,80,86,86,86,86,86,86],"relic_stats":{"counters":[3,19],"obtain_stats":[{"betterThird:SlimedRelic":4,"Burning Blood":0},{"betterThird:SlimedRelic":2,"Burning Blood":0},{"betterThird:SlimedRelic":7,"Burning Blood":0}],"Burning Blood":12},"card_choices":[{"not_picked":["Fiend Fire","Corruption"],"picked":"Demonic Infusion","floor":0},{"not_picked":["Anger","Second Wind"],"picked":"Iron Wave","floor":1},{"not_picked":["Infernal Blade","Rampage"],"picked":"Clothesline","floor":2},{"not_picked":["Dark Shackles","Swift Strike"],"picked":"Replay:Sssssssssshield","floor":5}],"player_experience":513053,"relics_obtained":[],"event_choices":[{"damage_healed":0,"gold_gain":0,"player_choice":"RENOUNCE","damage_taken":134,"max_hp_gain":0,"max_hp_loss":0,"event_name":"betterThird:BetterSerpent","floor":3,"gold_loss":134,"cards_obtained":["Enlightenment"]},{"damage_healed":0,"gold_gain":0,"player_choice":"Slimed","damage_taken":11,"max_hp_gain":0,"max_hp_loss":0,"event_name":"betterThird:BetterGoop","floor":4,"gold_loss":0},{"damage_healed":0,"gold_gain":1,"player_choice":"1","damage_taken":0,"max_hp_gain":0,"max_hp_loss":0,"event_name":"betterStone:BetterStone","floor":5,"gold_loss":0}],"is_beta":false,"boss_relics":[],"items_purged_floors":[],"is_endless":false,"potions_floor_spawned":[2],"killed_by":"3 Sentries","ascension_level":5}}