{"host":"nbmmy2ys5j9alw05","time":1611214566,"event":{"mods":["AchievementEnabler","BaseMod","Bestiary","Better Vampires","Colored Map","Colored Powertips","Googly Eyes","Minty Spire (QoL Compilation)","Quick Restart","StSLib","The Hierophant","The IronCluck","everything is the same but u backflip on backflip"],"gold_per_floor":[111,125,90,90,4,34,34,62,62,62,75,105,125,143,143,143,143],"floor_reached":16,"language":"ENG","playtime":582,"items_purged":[],"score":180,"play_id":"0de58cb1-28ee-4491-9da6-7997878d7eab","local_time":"20210120233606","is_ascension_mode":true,"campfire_choices":[{"data":"Dagger Spray","floor":7,"key":"SMITH"},{"floor":10,"key":"REST"},{"data":"Caltrops","floor":15,"key":"SMITH"}],"circlet_count":0,"master_deck":["AscendersBane","Strike_G","Strike_G","Strike_G","Strike_G","Strike_G","Defend_G","Defend_G","Defend_G","Defend_G","Defend_G","Survivor","Neutralize+1","Crippling Poison","Backflip","Dagger Spray+1","Caltrops+1","Dash+1","Corpse Explosion","Bane+1","Caltrops","Dagger Throw+1"],"relics":["Black Star","Mummified Hand","Molten Egg 2","Bottled Lightning","Orichalcum","Oddly Smooth Stone","Art of War","Turnip"],"acts_visited":["Exordium"],"potions_floor_usage":[6,13],"damage_taken":[{"damage":3,"enemies":"2 Louse","floor":1,"turns":3},{"damage":7,"enemies":"Jaw Worm","floor":2,"turns":7},{"damage":16,"enemies":"3 Sentries","floor":6,"turns":7},{"damage":21,"enemies":"Lagavulin","floor":8,"turns":8},{"damage":1,"enemies":"Cultist","floor":11,"turns":4},{"damage":28,"enemies":"Gremlin Nob","floor":12,"turns":5},{"damage":0,"enemies":"Looter","floor":13,"turns":3},{"damage":0,"enemies":"Exordium Wildlife","floor":14,"turns":2},{"damage":12,"enemies":"Slime Boss","floor":16,"turns":5}],"seed_played":"500791869887795054","potions_obtained":[{"floor":1,"key":"SteroidPotion"},{"floor":12,"key":"CunningPotion"}],"is_trial":false,"path_per_floor":["M","M","?","?","$","E","R","E","T","R","M","E","M","M","R","B"],"character_chosen":"THE_SILENT","items_purchased":["Dagger Spray","Caltrops"],"campfire_rested":1,"item_purchase_floors":[5,5],"current_hp_per_floor":[60,53,70,70,70,54,54,33,33,54,53,25,25,25,25,13,13],"gold":143,"neow_bonus":"BOSS_RELIC","is_daily":false,"chose_seed":false,"campfire_upgraded":2,"win_rate":0.0,"timestamp":1611214566,"path_taken":["M","M","?","?","$","E","R","E","T","R","M","E","M","M","R","BOSS"],"items_purchased_type":["Card","Card"],"build_version":"2020-12-22","purchased_purges":0,"victory":false,"max_hp_per_floor":[70,70,70,70,70,70,70,70,70,70,70,70,70,70,70,70,70],"card_choices":[{"not_picked":["Acrobatics","Escape Plan"],"picked":"Crippling Poison","floor":1},{"not_picked":["Distraction","Outmaneuver"],"picked":"Backflip","floor":2},{"not_picked":["Poisoned Stab+1","After Image"],"picked":"Dash+1","floor":6},{"not_picked":["Accuracy","Dash+1"],"picked":"Corpse Explosion","floor":8},{"not_picked":["Deadly Poison","Outmaneuver","Deflect"],"picked":"SKIP","floor":11},{"not_picked":["Finisher+1","Eviscerate+1"],"picked":"Bane+1","floor":12},{"not_picked":["Underhanded Strike+1","Deflect"],"picked":"Caltrops","floor":13},{"not_picked":["Backflip","Tactician"],"picked":"Dagger Throw+1","floor":14}],"player_experience":516292,"relics_obtained":[{"floor":6,"key":"Mummified Hand"},{"floor":6,"key":"Molten Egg 2"},{"floor":8,"key":"Bottled Lightning"},{"floor":8,"key":"Orichalcum"},{"floor":9,"key":"Oddly Smooth Stone"},{"floor":12,"key":"Art of War"},{"floor":12,"key":"Turnip"}],"event_choices":[{"damage_healed":17,"gold_gain":0,"player_choice":"Healed","damage_taken":0,"max_hp_gain":0,"max_hp_loss":0,"event_name":"The Cleric","floor":3,"gold_loss":35},{"damage_healed":0,"gold_gain":0,"player_choice":"Forge","damage_taken":0,"max_hp_gain":0,"max_hp_loss":0,"event_name":"Accursed Blacksmith","floor":4,"gold_loss":0,"cards_upgraded":["Neutralize"]}],"is_beta":false,"boss_relics":[],"items_purged_floors":[],"is_endless":false,"potions_floor_spawned":[1,12],"killed_by":"Slime Boss","ascension_level":10}}