{"host":"m5rulkh6drl7qyc3","time":1611270959,"event":{"mods":["100% Spire Juice","2.2 Compatiblity","Act Like it!","Arknights The Spire","Aspiration","BaseMod","Better Silent Start","Better-Laid Plans","BetterRewards","Block Reminder","Curses Come First","Dark Map","Displayed Cursed Tome","Dota2Spire","Downfall","Emptier Cage","Friendly Minions","GifTheSpireLib","Hallownest","Ironclad Rager","Minty Spire (QoL Compilation)","Permanent Neow","Robot Space Explorer","Say the Spire","Spire Arcade","StSLib","Steal the Spire","The Dragon Tamer","The Marked","??????REMEMod"],"gold_per_floor":[111,14,14,32,46,46,46,46,71,71,71,90,90,118,118,221,221,232,244,169,179,179,179,179,179,179,189,33,50,50,65,65,169,169,179,229,229,58,76,76,110,124,124,124,135,10,21,21,21,21,21],"floor_reached":50,"language":"ENG","playtime":1824,"items_purged":["Defend_R","Writhe","Defend_R"],"score":495,"play_id":"88f1c697-f37d-4c40-bb5c-29ee797313fd","local_time":"20210121181559","is_ascension_mode":false,"campfire_choices":[{"data":"DTMod:ShadowImage","floor":6,"key":"SMITH"},{"data":"REME_ProfessionalPlagiarism","floor":8,"key":"SMITH"},{"data":"Sword Boomerang","floor":10,"key":"SMITH"},{"data":"Anger","floor":13,"key":"SMITH"},{"data":"Sword Boomerang","floor":32,"key":"SMITH"},{"data":"Inflame","floor":40,"key":"SMITH"},{"floor":49,"key":"REST"}],"circlet_count":0,"master_deck":["Strike_R","Strike_R","Strike_R","Strike_R","Strike_R","Bash","DTMod:ShadowImage+1","REME_ProfessionalPlagiarism+1","Twin Strike","Sword Boomerang+1","Cleave","Anger+1","Limit Break","Thunderclap+1","Sword Boomerang","Infernal Blade+1","DTMod:ShadowImage+1","Sword Boomerang+1","Sword Boomerang+1","Iron Wave","REME_ACTH+1","Twin Strike+1","Sword Boomerang+1","Secret Weapon+1","Inflame+1","Pummel+1","Double Tap+1","Pummel+1"],"relics":["Burning Blood","REME_ComplimentaryCards","Dota2Spire:CrimsonGuard","Anchor","aspiration:ArtOfWarUpgrade","Mark of Pain","aspiration:RitualStick","Prayer Wheel","Toxic Egg 2","REME_HourglassOfDeath","DollysMirror","Philosopher\u0027s Stone","Torii","Dota2Spire:EchoSabre","Nunchaku"],"acts_visited":["Exordium","TheCity","TheBeyond"],"potions_floor_usage":[16,33,33,33,42,45,50,50],"damage_taken":[{"damage":3,"enemies":"2 Louse","floor":1,"turns":2},{"damage":2,"enemies":"Cultist","floor":4,"turns":3},{"damage":6,"enemies":"Small Slimes","floor":5,"turns":3},{"damage":0,"enemies":"3 Louse","floor":12,"turns":2},{"damage":11,"enemies":"Lagavulin","floor":14,"turns":6},{"damage":17,"enemies":"The Guardian","floor":16,"turns":10},{"damage":5,"enemies":"Spheric Guardian","floor":18,"turns":3},{"damage":12,"enemies":"2 Thieves","floor":19,"turns":4},{"damage":25,"enemies":"Snecko","floor":21,"turns":6},{"damage":12,"enemies":"Centurion and Healer","floor":27,"turns":6},{"damage":19,"enemies":"Shelled Parasite and Fungi","floor":29,"turns":3},{"damage":2,"enemies":"Snecko","floor":31,"turns":4},{"damage":6,"enemies":"Champ","floor":33,"turns":7},{"damage":0,"enemies":"Orb Walker","floor":35,"turns":4},{"damage":4,"enemies":"Mind Bloom Boss Battle","floor":36,"turns":6},{"damage":10,"enemies":"3 Shapes","floor":39,"turns":3},{"damage":22,"enemies":"Reptomancer","floor":41,"turns":6},{"damage":0,"enemies":"Transient","floor":42,"turns":5},{"damage":11,"enemies":"Sphere and 2 Shapes","floor":45,"turns":3},{"damage":40,"enemies":"Writhing Mass","floor":47,"turns":6},{"damage":56,"enemies":"Time Eater","floor":50,"turns":2}],"seed_played":"8453976850828091033","potions_obtained":[{"floor":5,"key":"ColorlessPotion"},{"floor":12,"key":"SteroidPotion"},{"floor":14,"key":"DuplicationPotion"},{"floor":16,"key":"REME_GoldPotion"},{"floor":21,"key":"FearPotion"},{"floor":42,"key":"EntropicBrew"}],"is_trial":false,"path_per_floor":["M","$","?","M","M","R","T","R","T","R","?","M","R","E","R","B",null,"M","M","?","M","?","R","?","T","T","M","$","M","$","M","R","B",null,"M","?","?","$","M","R","E","M","T","?","M","$","M","$","R","B"],"character_chosen":"IRONCLAD","items_purchased":["Twin Strike","DollysMirror","Inflame"],"campfire_rested":1,"item_purchase_floors":[2,28,38],"current_hp_per_floor":[59,59,80,80,80,80,80,80,80,80,85,85,85,80,80,69,85,85,79,79,60,43,43,43,43,43,37,37,24,24,28,28,28,85,85,85,75,75,71,71,55,61,61,61,56,56,22,22,46,0,0],"gold":21,"neow_bonus":"RANDOM_COLORLESS_2","is_daily":false,"chose_seed":false,"campfire_upgraded":6,"win_rate":0.0,"timestamp":1611270959,"path_taken":["M","$","?","?","M","R","?","R","T","R","?","M","R","E","R","BOSS","M","M","?","M","?","R","?","?","T","M","$","M","$","M","R","BOSS","M","?","?","?","M","R","E","M","T","?","M","$","?","?","R","BOSS"],"items_purchased_type":["Card","Relic","Card"],"build_version":"2020-12-22","purchased_purges":3,"victory":false,"max_hp_per_floor":[80,80,80,80,80,80,80,80,80,80,85,85,85,85,85,85,85,85,85,85,85,85,85,85,85,85,85,85,85,85,85,85,85,85,85,85,85,85,85,85,85,85,85,81,81,81,81,81,81,81,81],"card_choices":[{"not_picked":["REME_EyeOfCthun","Chrysalis"],"picked":"REME_ProfessionalPlagiarism","floor":0},{"not_picked":["Carnage","Second Wind","Wild Strike"],"picked":"SKIP","floor":1},{"not_picked":["Flame Barrier","Body Slam"],"picked":"Sword Boomerang","floor":4},{"not_picked":["Seeing Red","Shrug It Off"],"picked":"Cleave","floor":5},{"not_picked":["Heavy Blade","True Grit"],"picked":"Anger","floor":12},{"not_picked":["Second Wind","Hemokinesis","REME_SingleHolding"],"picked":"SKIP","floor":14},{"not_picked":["Brutality","REME_TheLastStrike"],"picked":"Limit Break","floor":16},{"not_picked":["Dropkick","Wild Strike","Heavy Blade"],"picked":"SKIP","floor":18},{"not_picked":["Body Slam+1","Reckless Charge"],"picked":"Thunderclap+1","floor":19},{"not_picked":["Pommel Strike","Sever Soul"],"picked":"Sword Boomerang","floor":21},{"not_picked":["Dropkick","Second Wind+1"],"picked":"Infernal Blade+1","floor":27},{"not_picked":["Heavy Blade","Thunderclap","Flame Barrier+1"],"picked":"SKIP","floor":27},{"not_picked":["Twin Strike","Uppercut"],"picked":"Sword Boomerang","floor":29},{"not_picked":["Carnage","Heavy Blade"],"picked":"Sword Boomerang+1","floor":29},{"not_picked":["Shrug It Off+1","Rampage+1"],"picked":"Iron Wave","floor":31},{"not_picked":["Clothesline+1","Flame Barrier+1","Perfected Strike"],"picked":"SKIP","floor":31},{"not_picked":["Berserk","Fiend Fire"],"picked":"REME_ACTH+1","floor":33},{"not_picked":["Sword Boomerang","Pommel Strike+1"],"picked":"Twin Strike+1","floor":35},{"not_picked":["Body Slam","Thunderclap+1","Cleave"],"picked":"SKIP","floor":35},{"not_picked":["Heavy Blade","Battle Trance+1"],"picked":"Sword Boomerang+1","floor":36},{"not_picked":["Dark Shackles+1","Chrysalis+1"],"picked":"Secret Weapon+1","floor":37},{"not_picked":["Clash","Clothesline+1"],"picked":"Pummel+1","floor":39},{"not_picked":["Warcry+1","Heavy Blade","Battle Trance+1"],"picked":"SKIP","floor":39},{"not_picked":["Wild Strike+1","REME_Scribble+1","Feel No Pain"],"picked":"SKIP","floor":41},{"not_picked":["Uppercut+1","Feel No Pain","Sever Soul+1"],"picked":"SKIP","floor":42},{"not_picked":["Thunderclap+1","Shockwave+1","Clash"],"picked":"SKIP","floor":42},{"not_picked":["Body Slam+1","Shrug It Off+1"],"picked":"Double Tap+1","floor":45},{"not_picked":["Wild Strike","Burning Pact+1","Warcry+1"],"picked":"SKIP","floor":45},{"not_picked":["Flame Barrier+1","Thunderclap"],"picked":"Pummel+1","floor":47},{"not_picked":["Havoc+1","Clothesline","REME_FearOfPain"],"picked":"SKIP","floor":47}],"player_experience":766474,"relics_obtained":[{"floor":7,"key":"Dota2Spire:CrimsonGuard"},{"floor":9,"key":"Anchor"},{"floor":14,"key":"Art of War"},{"floor":25,"key":"Toxic Egg 2"},{"floor":26,"key":"REME_HourglassOfDeath"},{"floor":36,"key":"Torii"},{"floor":41,"key":"Dota2Spire:EchoSabre"},{"floor":43,"key":"Nunchaku"}],"event_choices":[{"damage_healed":21,"gold_gain":0,"player_choice":"Full Heal","damage_taken":0,"max_hp_gain":0,"max_hp_loss":0,"event_name":"Wheel of Change","floor":3,"gold_loss":0},{"damage_healed":0,"gold_gain":0,"player_choice":"Donut","damage_taken":0,"max_hp_gain":5,"max_hp_loss":0,"event_name":"Big Fish","floor":11,"gold_loss":0},{"cards_removed":["Defend_R"],"damage_healed":0,"gold_gain":0,"player_choice":"Gave Gold","damage_taken":0,"max_hp_gain":0,"max_hp_loss":0,"event_name":"Beggar","floor":20,"gold_loss":75},{"damage_healed":0,"gold_gain":0,"player_choice":"Opened","damage_taken":0,"relics_obtained":["Prayer Wheel"],"max_hp_gain":0,"max_hp_loss":0,"event_name":"The Mausoleum","floor":24,"gold_loss":0,"cards_obtained":["Writhe"]},{"damage_healed":0,"gold_gain":0,"player_choice":"Fight","damage_taken":0,"max_hp_gain":0,"max_hp_loss":0,"event_name":"MindBloom","floor":36,"gold_loss":0},{"damage_healed":0,"gold_gain":0,"player_choice":"Memory 3","damage_taken":10,"max_hp_gain":0,"max_hp_loss":0,"event_name":"SensoryStone","floor":37,"gold_loss":0},{"damage_healed":0,"gold_gain":0,"player_choice":"Max HP","damage_taken":0,"max_hp_gain":0,"max_hp_loss":4,"event_name":"Winding Halls","floor":44,"gold_loss":0}],"is_beta":false,"boss_relics":[{"not_picked":["Snecko Eye","aspiration:SilentSkillbook"],"picked":"Mark of Pain"},{"not_picked":["REME_DuelDisc","bronze:MakeshiftBattery"],"picked":"Philosopher\u0027s Stone"}],"items_purged_floors":[2,38,46],"is_endless":false,"potions_floor_spawned":[5,12,14,16,21,42,45],"killed_by":"Time Eater","ascension_level":0}}