{"host":"1a3cjta80tad0aqj","time":1611257152,"event":{"mods":["2.2 Compatiblity","AchievementEnabler","BaseMod","Colored Map","DeckTracker","KOR Keyword Fix","Keyboard Shortcuts","Minty Spire (QoL Compilation)","Permanent Neow","Quick Restart","Random Character Button","StSLib","SuperFastMode","everything is the same but u backflip on backflip"],"gold_per_floor":[115,43,54,71,91,117,133,133,133,0,20,69,69,95,95,200,200,210,227,177,187,23,49,49,81,81,81,81,98,126,139,139,241,241,254,254,254,7,27,57,57,77,77,95,95,105,105,117,117,117],"floor_reached":51,"language":"KOR","playtime":2416,"items_purged":["Defend_R","Defend_R"],"score":994,"play_id":"ade6faab-5200-4dab-9078-3942785f8313","local_time":"20210122042552","is_ascension_mode":true,"campfire_choices":[{"data":"Perfected Strike","floor":8.0,"key":"SMITH"},{"data":"Armaments","floor":13.0,"key":"SMITH"},{"data":"True Grit","floor":15.0,"key":"SMITH"},{"data":"Berserk","floor":24.0,"key":"SMITH"},{"data":"Body Slam","floor":28.0,"key":"SMITH"},{"data":"Shockwave","floor":32.0,"key":"SMITH"},{"data":"Barricade","floor":41.0,"key":"SMITH"},{"floor":47,"key":"REST"},{"data":"Second Wind","floor":49,"key":"SMITH"}],"circlet_count":0,"master_deck":["Strike_R","Strike_R","Strike_R","Strike_R","Strike_R","Defend_R","Defend_R","Bash","Berserk+1","Shrug It Off","Body Slam+1","Perfected Strike+1","Armaments+1","Cleave","Pommel Strike","Battle Trance","Second Wind+1","True Grit+1","Wild Strike","Limit Break","Wild Strike","Wild Strike","Shockwave+1","Swift Strike","Spot Weakness","Disarm+1","Shrug It Off+1","Barricade+1","Perfected Strike","Perfected Strike+1","Second Wind"],"relics":["Burning Blood","Eternal Feather","Matryoshka","Orichalcum","Bottled Lightning","Anchor","Sozu","PreservedInsect","Bottled Flame","Pear","Blue Candle","Mercury Hourglass","Runic Pyramid","Nunchaku","Bronze Scales","Letter Opener"],"acts_visited":["Exordium","TheCity","TheBeyond"],"potions_floor_usage":[50,50,50],"damage_taken":[{"damage":0.0,"enemies":"Cultist","floor":1.0,"turns":4.0},{"damage":6.0,"enemies":"Jaw Worm","floor":3.0,"turns":5.0},{"damage":0.0,"enemies":"Small Slimes","floor":4.0,"turns":3.0},{"damage":13.0,"enemies":"Blue Slaver","floor":5.0,"turns":3.0},{"damage":37.0,"enemies":"Lagavulin","floor":6.0,"turns":8.0},{"damage":5.0,"enemies":"Red Slaver","floor":7.0,"turns":3.0},{"damage":3.0,"enemies":"Looter","floor":11.0,"turns":2.0},{"damage":2.0,"enemies":"3 Sentries","floor":14.0,"turns":6.0},{"damage":45.0,"enemies":"Slime Boss","floor":16.0,"turns":12.0},{"damage":15.0,"enemies":"Shell Parasite","floor":18.0,"turns":5.0},{"damage":1.0,"enemies":"Spheric Guardian","floor":19.0,"turns":3.0},{"damage":12.0,"enemies":"Snecko","floor":21.0,"turns":3.0},{"damage":13.0,"enemies":"Book of Stabbing","floor":23.0,"turns":4.0},{"damage":21.0,"enemies":"Gremlin Leader","floor":25.0,"turns":4.0},{"damage":0.0,"enemies":"Chosen and Byrds","floor":29.0,"turns":4.0},{"damage":8.0,"enemies":"Slavers","floor":30.0,"turns":3.0},{"damage":0.0,"enemies":"Centurion and Healer","floor":31.0,"turns":4.0},{"damage":64.0,"enemies":"Champ","floor":33.0,"turns":8.0},{"damage":0.0,"enemies":"3 Shapes","floor":35.0,"turns":5.0},{"damage":3.0,"enemies":"Orb Walker","floor":39.0,"turns":3.0},{"damage":3.0,"enemies":"Giant Head","floor":40.0,"turns":5.0},{"damage":24.0,"enemies":"Writhing Mass","floor":42.0,"turns":5.0},{"damage":40.0,"enemies":"Spire Growth","floor":44.0,"turns":4.0},{"damage":10,"enemies":"Jaw Worm Horde","floor":46,"turns":4},{"damage":2,"enemies":"3 Darklings","floor":48,"turns":3},{"damage":4,"enemies":"Time Eater","floor":50,"turns":8}],"seed_played":"3203828280886172415","potions_obtained":[{"floor":3.0,"key":"ElixirPotion"},{"floor":5.0,"key":"EssenceOfSteel"},{"floor":14.0,"key":"EntropicBrew"}],"is_trial":false,"path_per_floor":["M","$","M","M","M","E","M","R","T","$","M","T","R","E","R","B",null,"M","M","?","M","$","E","R","E","T","$","R","M","E","M","R","B",null,"M","?","?","$","M","E","R","M","T","M","?","M","R","M","R","B",null],"character_chosen":"IRONCLAD","items_purchased":["Explosive Potion","Body Slam","Second Wind","SteroidPotion","Swift Strike","Nunchaku"],"campfire_rested":1,"item_purchase_floors":[2,2,10,10,22,38],"current_hp_per_floor":[78,78,78,80,73,42,43,52,52,52,55,55,67,71,80,41,70,61,66,66,60,60,53,68,53,63,63,78,84,82,88,90,32,76,82,82,82,82,85,85,85,67,67,33,33,29,72,76,85,85],"gold":117,"neow_bonus":"ONE_RANDOM_RARE_CARD","is_daily":false,"chose_seed":false,"campfire_upgraded":8,"win_rate":0.0,"timestamp":1611257152,"path_taken":["M","?","M","M","?","E","?","R","T","$","M","?","R","E","R","BOSS","M","M","?","?","$","E","R","E","T","$","R","M","E","M","R","BOSS","M","?","?","$","M","E","R","?","T","M","?","M","R","M","R","BOSS"],"items_purchased_type":["Potion","Card","Card","Potion","Card","Relic"],"build_version":"2020-12-22","purchased_purges":2,"victory":true,"max_hp_per_floor":[80,80,80,80,80,80,80,80,80,80,80,80,80,80,80,80,80,80,80,80,80,80,80,80,80,90,90,90,90,90,90,90,90,90,90,85,85,85,85,85,85,85,85,85,85,85,85,85,85,85],"card_choices":[{"not_picked":["Sword Boomerang","Dual Wield"],"picked":"Shrug It Off","floor":1.0},{"not_picked":["Evolve","Wild Strike"],"picked":"Perfected Strike","floor":3.0},{"not_picked":["Rage","Havoc"],"picked":"Armaments","floor":4.0},{"not_picked":["Pommel Strike","Dual Wield"],"picked":"Cleave","floor":5.0},{"not_picked":["Sword Boomerang","Warcry"],"picked":"Pommel Strike","floor":6.0},{"not_picked":["Fiend Fire","Intimidate"],"picked":"Battle Trance","floor":7.0},{"not_picked":["Headbutt","Body Slam"],"picked":"True Grit","floor":11.0},{"not_picked":["Sword Boomerang","Brutality"],"picked":"Wild Strike","floor":14.0},{"not_picked":["Fiend Fire","Juggernaut"],"picked":"Limit Break","floor":16.0},{"not_picked":["Havoc","Warcry"],"picked":"Wild Strike","floor":18.0},{"not_picked":["Warcry","Combust"],"picked":"Wild Strike","floor":19.0},{"not_picked":["Rage+1","Disarm+1"],"picked":"Shockwave","floor":21.0},{"not_picked":["True Grit","Sword Boomerang+1"],"picked":"Spot Weakness","floor":23.0},{"not_picked":["Battle Trance","Berserk","Second Wind"],"picked":"SKIP","floor":25.0},{"not_picked":["Twin Strike","Shockwave+1"],"picked":"Disarm+1","floor":29.0},{"not_picked":["Spot Weakness+1","Sword Boomerang","Uppercut"],"picked":"SKIP","floor":30.0},{"not_picked":["Sword Boomerang","Body Slam"],"picked":"Shrug It Off+1","floor":31.0},{"not_picked":["Fiend Fire","Bludgeon"],"picked":"Barricade","floor":33.0},{"not_picked":["Iron Wave","Heavy Blade+1"],"picked":"Perfected Strike","floor":35.0},{"not_picked":["Pommel Strike","Shrug It Off","Berserk"],"picked":"SKIP","floor":39.0},{"not_picked":["Fire Breathing","Thunderclap+1","Rupture+1"],"picked":"SKIP","floor":40.0},{"not_picked":["Dark Embrace","Disarm","Clash"],"picked":"SKIP","floor":42.0},{"not_picked":["Heavy Blade+1","Rage","True Grit+1"],"picked":"SKIP","floor":44.0},{"not_picked":["Headbutt+1","Cleave+1"],"picked":"Perfected Strike+1","floor":46},{"not_picked":["Headbutt+1","Seeing Red+1"],"picked":"Second Wind","floor":48}],"player_experience":858939,"relics_obtained":[{"floor":6.0,"key":"Eternal Feather"},{"floor":9.0,"key":"Matryoshka"},{"floor":12.0,"key":"Orichalcum"},{"floor":12.0,"key":"Bottled Lightning"},{"floor":14.0,"key":"Anchor"},{"floor":23.0,"key":"PreservedInsect"},{"floor":25.0,"key":"Bottled Flame"},{"floor":26.0,"key":"Pear"},{"floor":26.0,"key":"Blue Candle"},{"floor":30.0,"key":"Mercury Hourglass"},{"floor":40.0,"key":"Bronze Scales"},{"floor":43.0,"key":"Letter Opener"}],"event_choices":[{"damage_healed":0.0,"max_hp_gain":0.0,"max_hp_loss":0.0,"gold_gain":0.0,"event_name":"The Joust","player_choice":"Bet on Owner","floor":20.0,"gold_loss":50.0,"damage_taken":0.0},{"damage_healed":0.0,"max_hp_gain":0.0,"max_hp_loss":5.0,"gold_gain":0.0,"event_name":"Winding Halls","player_choice":"Max HP","floor":36.0,"gold_loss":0.0,"damage_taken":0.0},{"damage_healed":0.0,"max_hp_gain":0.0,"max_hp_loss":0.0,"gold_gain":0.0,"event_name":"SecretPortal","player_choice":"Ignored","floor":37.0,"gold_loss":0.0,"damage_taken":0.0},{"damage_healed":0.0,"max_hp_gain":0.0,"max_hp_loss":0.0,"gold_gain":0.0,"event_name":"Mysterious Sphere","player_choice":"Ignored","floor":45.0,"gold_loss":0.0,"damage_taken":0.0}],"is_beta":false,"boss_relics":[{"not_picked":["Fusion Hammer","Runic Cube"],"picked":"Sozu"},{"not_picked":["Pandora\u0027s Box","Black Star"],"picked":"Runic Pyramid"}],"items_purged_floors":[22,38],"is_endless":false,"potions_floor_spawned":[3,5,14,18,23,29,35,42],"ascension_level":7}}