{"host":"Rich","time":1611199794,"event":{"mods":["AchievementEnabler","BaseMod","Highlight Path","Minty Spire (QoL Compilation)","Relic Stats"],"gold_per_floor":[113,127,2,21,38,38,38,38,65,115,148,158,4,36,36,109,109,122,47,67,67,81,111,111,125,125,158,158,172,11,31,31,108,108,128,147,147,55,74,106,106,125,202,124,124,176,176,190,190,190,190],"floor_reached":50,"language":"ENG","playtime":1964,"items_purged":["Strike_G","Strike_G"],"score":1119,"play_id":"1771e73a-b3af-452a-9c85-b720e290e0d4","local_time":"20210120222954","is_ascension_mode":true,"campfire_choices":[{"data":"Blade Dance","floor":6.0,"key":"SMITH"},{"data":"Blade Dance","floor":8.0,"key":"SMITH"},{"data":"Terror","floor":15.0,"key":"SMITH"},{"floor":24.0,"key":"REST"},{"floor":28.0,"key":"REST"},{"floor":32.0,"key":"REST"},{"floor":41,"key":"REST"},{"floor":47,"key":"RECALL"},{"data":"A Thousand Cuts","floor":49,"key":"SMITH"}],"circlet_count":0,"master_deck":["AscendersBane","Strike_G","Strike_G","Defend_G","Defend_G","Defend_G","Defend_G","Survivor","Neutralize","Unload","Blade Dance+1","Backflip","Blade Dance+1","Blade Dance","Terror+1","Footwork","Deflect","PiercingWail","Crippling Poison","A Thousand Cuts+1","Prepared","Choke","Accuracy","Blade Dance+1","Malaise","Tactician","Corpse Explosion","Finisher+1","Swift Strike","Backflip+1","Concentrate","PiercingWail","Slice+1"],"relics":["Ring of the Snake","Happy Flower","Ancient Tea Set","Mercury Hourglass","Runic Pyramid","Letter Opener","Lantern","Gremlin Horn","Bag of Marbles","WristBlade","Pocketwatch","Paper Crane","Turnip"],"acts_visited":["Exordium","TheCity","TheBeyond"],"potions_floor_usage":[40],"damage_taken":[{"damage":3.0,"enemies":"Cultist","floor":1.0,"turns":4.0},{"damage":2.0,"enemies":"2 Louse","floor":2.0,"turns":3.0},{"damage":3.0,"enemies":"Small Slimes","floor":4.0,"turns":3.0},{"damage":10.0,"enemies":"Gremlin Gang","floor":5.0,"turns":4.0},{"damage":12.0,"enemies":"3 Sentries","floor":11.0,"turns":5.0},{"damage":11.0,"enemies":"3 Louse","floor":12.0,"turns":4.0},{"damage":4.0,"enemies":"Lagavulin","floor":14.0,"turns":6.0},{"damage":7.0,"enemies":"Hexaghost","floor":16.0,"turns":8.0},{"damage":12.0,"enemies":"Shell Parasite","floor":18.0,"turns":4.0},{"damage":0.0,"enemies":"3 Byrds","floor":20.0,"turns":3.0},{"damage":22.0,"enemies":"Shelled Parasite and Fungi","floor":22.0,"turns":4.0},{"damage":15.0,"enemies":"Slavers","floor":23.0,"turns":4.0},{"damage":0.0,"enemies":"Chosen and Byrds","floor":25.0,"turns":4.0},{"damage":16.0,"enemies":"Book of Stabbing","floor":27.0,"turns":4.0},{"damage":11.0,"enemies":"Snake Plant","floor":29.0,"turns":3.0},{"damage":0.0,"enemies":"Cultist and Chosen","floor":31.0,"turns":2.0},{"damage":5.0,"enemies":"Automaton","floor":33.0,"turns":6.0},{"damage":1,"enemies":"3 Darklings","floor":35,"turns":4},{"damage":0,"enemies":"3 Shapes","floor":36,"turns":2},{"damage":0,"enemies":"Jaw Worm Horde","floor":39,"turns":1},{"damage":29,"enemies":"Giant Head","floor":40,"turns":5},{"damage":1,"enemies":"Maw","floor":42,"turns":7},{"damage":1,"enemies":"2 Orb Walkers","floor":46,"turns":2},{"damage":3,"enemies":"Writhing Mass","floor":48,"turns":6},{"damage":62,"enemies":"Awakened One","floor":50,"turns":5}],"seed_played":"-8370698661674413238","potions_obtained":[{"floor":2.0,"key":"Fruit Juice"},{"floor":5.0,"key":"Strength Potion"},{"floor":12.0,"key":"Swift Potion"},{"floor":16.0,"key":"Strength Potion"},{"floor":20.0,"key":"PowerPotion"},{"floor":22.0,"key":"FearPotion"},{"floor":27.0,"key":"Explosive Potion"},{"floor":31.0,"key":"Swift Potion"},{"floor":36,"key":"Poison Potion"},{"floor":39,"key":"LiquidMemories"}],"is_trial":false,"path_per_floor":["M","M","$","M","M","R","?","R","T","?","E","M","$","E","R","B",null,"M","?","M","?","M","E","R","M","T","E","R","M","$","M","R","B",null,"M","M","?","$","M","E","R","M","T","$","?","?","R","M","R","B"],"character_chosen":"THE_SILENT","items_purchased":["Blade Dance","Energy Potion","Bag of Marbles","Swift Strike","Concentrate"],"campfire_rested":4,"item_purchase_floors":[3,13,30,38,44],"current_hp_per_floor":[56,54,54,51,41,41,41,41,41,41,29,18,23,19,19,12,56,44,44,44,58,36,21,42,42,42,26,47,36,36,36,57,52,66,65,65,65,65,65,36,57,56,56,56,56,55,55,52,52,0,0],"gold":190,"neow_bonus":"ONE_RANDOM_RARE_CARD","is_daily":false,"chose_seed":false,"campfire_upgraded":4,"win_rate":0.0,"timestamp":1611199794,"path_taken":["M","M","$","M","?","R","?","R","T","?","E","?","$","E","R","BOSS","M","?","M","?","M","E","R","M","T","E","R","M","$","M","R","BOSS","M","M","?","$","?","E","R","M","T","$","?","?","R","M","R","BOSS"],"items_purchased_type":["Card","Potion","Relic","Card","Card"],"build_version":"2020-12-18","purchased_purges":2,"victory":false,"max_hp_per_floor":[66,66,66,66,66,66,66,66,66,66,66,66,71,71,71,71,71,71,71,71,71,71,71,71,71,71,71,71,71,71,71,71,71,71,71,71,71,71,71,71,71,71,71,71,67,67,67,67,67,67,67],"relic_stats":{"Happy Flower":[29],"Gremlin Horn":[11,13],"counters":[25,103],"Turnip":[0],"Letter Opener":[205],"obtain_stats":[{"Lantern":26,"Happy Flower":9,"Gremlin Horn":27,"Letter Opener":23,"Paper Crane":40,"Ancient Tea Set":11,"Mercury Hourglass":14,"WristBlade":34,"Turnip":46,"Bag of Marbles":30,"Ring of the Snake":0,"Runic Pyramid":17,"Pocketwatch":37},{"Lantern":13,"Happy Flower":4,"Gremlin Horn":14,"Letter Opener":12,"Paper Crane":21,"Ancient Tea Set":5,"Mercury Hourglass":7,"WristBlade":17,"Turnip":23,"Bag of Marbles":15,"Ring of the Snake":0,"Runic Pyramid":8,"Pocketwatch":19},{"Lantern":56,"Happy Flower":14,"Gremlin Horn":60,"Letter Opener":52,"Paper Crane":83,"Ancient Tea Set":19,"Mercury Hourglass":29,"WristBlade":71,"Turnip":92,"Bag of Marbles":63,"Ring of the Snake":0,"Runic Pyramid":37,"Pocketwatch":77}],"Ring of the Snake":[50],"Mercury Hourglass":[283],"Pocketwatch":[4]},"card_choices":[{"not_picked":["Deflect","Dodge and Roll"],"picked":"Blade Dance","floor":1.0},{"not_picked":["Masterful Stab","Prepared"],"picked":"Backflip","floor":2.0},{"not_picked":["Deflect","Slice"],"picked":"Blade Dance","floor":4.0},{"not_picked":["Flying Knee","Prepared"],"picked":"Terror","floor":5.0},{"not_picked":["Bouncing Flask","Unload"],"picked":"Deflect","floor":11.0},{"not_picked":["Flying Knee","Setup"],"picked":"PiercingWail","floor":12.0},{"not_picked":["Backflip","Eviscerate"],"picked":"Crippling Poison","floor":14.0},{"not_picked":["Tools of the Trade","Die Die Die"],"picked":"A Thousand Cuts","floor":16.0},{"not_picked":["Quick Slash","Backflip"],"picked":"Prepared","floor":18.0},{"not_picked":["Predator+1","Dagger Throw+1"],"picked":"Choke","floor":20.0},{"not_picked":["Prepared","Quick Slash"],"picked":"Accuracy","floor":22.0},{"not_picked":["Dagger Throw","Deadly Poison","Sucker Punch"],"picked":"SKIP","floor":23.0},{"not_picked":["Outmaneuver+1","Prepared"],"picked":"Blade Dance+1","floor":25.0},{"not_picked":["Sucker Punch+1","Underhanded Strike"],"picked":"Malaise","floor":27.0},{"not_picked":["Poisoned Stab","Bane"],"picked":"Tactician","floor":29.0},{"not_picked":["Bouncing Flask","Acrobatics","Bane"],"picked":"SKIP","floor":31.0},{"not_picked":["Unload","Doppelganger"],"picked":"Corpse Explosion","floor":33.0},{"not_picked":["Footwork+1","Underhanded Strike"],"picked":"Finisher+1","floor":35},{"not_picked":["Dash","Bane","Expertise+1"],"picked":"SKIP","floor":36},{"not_picked":["Acrobatics+1","Dagger Spray"],"picked":"Backflip+1","floor":39},{"not_picked":["Poisoned Stab","Outmaneuver","Backflip"],"picked":"SKIP","floor":40},{"not_picked":["Underhanded Strike","Footwork","Acrobatics"],"picked":"SKIP","floor":42},{"not_picked":["Choke+1","Masterful Stab+1"],"picked":"PiercingWail","floor":46},{"not_picked":["Distraction","Noxious Fumes"],"picked":"Slice+1","floor":48}],"player_experience":2002945,"relics_obtained":[{"floor":9.0,"key":"Happy Flower"},{"floor":11.0,"key":"Ancient Tea Set"},{"floor":14.0,"key":"Mercury Hourglass"},{"floor":23.0,"key":"Letter Opener"},{"floor":26.0,"key":"Lantern"},{"floor":27.0,"key":"Gremlin Horn"},{"floor":40,"key":"Paper Crane"},{"floor":46,"key":"Turnip"}],"event_choices":[{"damage_healed":0.0,"max_hp_gain":0.0,"max_hp_loss":0.0,"gold_gain":0.0,"cards_transformed":["Strike_G"],"event_name":"Living Wall","player_choice":"Change","floor":7.0,"gold_loss":0.0,"damage_taken":0.0,"cards_obtained":["Footwork"]},{"damage_healed":0.0,"max_hp_gain":0.0,"max_hp_loss":0.0,"gold_gain":50.0,"event_name":"Golden Shrine","player_choice":"Pray","floor":10.0,"gold_loss":0.0,"damage_taken":0.0},{"cards_removed":["Defend_G"],"damage_healed":0.0,"max_hp_gain":0.0,"max_hp_loss":0.0,"gold_gain":0.0,"event_name":"Beggar","player_choice":"Gave Gold","floor":19.0,"gold_loss":75.0,"damage_taken":0.0},{"damage_healed":14.0,"max_hp_gain":0.0,"max_hp_loss":0.0,"gold_gain":0.0,"event_name":"The Library","player_choice":"Heal","floor":21.0,"gold_loss":0.0,"damage_taken":0.0},{"damage_healed":0,"gold_gain":0,"player_choice":"Gave Potion","damage_taken":0,"relics_obtained":["Pocketwatch"],"max_hp_gain":0,"max_hp_loss":0,"event_name":"WeMeetAgain","floor":37,"gold_loss":0},{"damage_healed":0,"gold_gain":0,"player_choice":"Max HP","damage_taken":0,"max_hp_gain":0,"max_hp_loss":4,"event_name":"Winding Halls","floor":45,"gold_loss":0},{"damage_healed":0,"gold_gain":0,"player_choice":"Fight","damage_taken":0,"max_hp_gain":0,"max_hp_loss":0,"event_name":"Mysterious Sphere","floor":46,"gold_loss":0}],"is_beta":true,"boss_relics":[{"not_picked":["Pandora\u0027s Box","Tiny House"],"picked":"Runic Pyramid"},{"not_picked":["Calling Bell","Fusion Hammer"],"picked":"WristBlade"}],"items_purged_floors":[3,13],"is_endless":false,"potions_floor_spawned":[2,5,12,16,20,22,27,31,36,39],"killed_by":"Awakened One","ascension_level":20}}