{"host":"vumwfieg2b2mnrfl","time":1611191292,"event":{"mods":["AchievementEnabler","BaseMod","Minty Spire (QoL Compilation)","Rare Cards Sparkle","Relic Stats"],"gold_per_floor":[110,110,110,35,45,45,71,32,32,32,32,32,32,50,50,50,50],"floor_reached":16,"language":"ENG","playtime":342,"items_purged":["Regret"],"score":187,"play_id":"928d9109-ac03-4a7f-a4dd-0a349c02ec9a","local_time":"20210120190812","is_ascension_mode":true,"campfire_choices":[{"data":"Burst","floor":6.0,"key":"SMITH"},{"floor":11,"key":"REST"},{"data":"Noxious Fumes","floor":13,"key":"SMITH"},{"data":"Calculated Gamble","floor":15,"key":"SMITH"}],"circlet_count":0,"master_deck":["AscendersBane","Strike_G","Strike_G","Strike_G","Strike_G","Defend_G","Defend_G","Defend_G","Defend_G","Defend_G","Survivor","Neutralize","Parasite","Burst+1","Calculated Gamble+1","Dagger Throw","Predator","Noxious Fumes+1","PiercingWail"],"relics":["Ring of the Snake","Strawberry","Singing Bowl","Bronze Scales","Centennial Puzzle"],"acts_visited":["Exordium"],"potions_floor_usage":[7,16],"damage_taken":[{"damage":8.0,"enemies":"Jaw Worm","floor":1.0,"turns":8.0},{"damage":1.0,"enemies":"2 Louse","floor":5.0,"turns":4.0},{"damage":36,"enemies":"Gremlin Nob","floor":7,"turns":4},{"damage":2,"enemies":"Small Slimes","floor":14,"turns":3},{"damage":44,"enemies":"The Guardian","floor":16,"turns":10}],"seed_played":"2345699115668055302","potions_obtained":[{"floor":5.0,"key":"Strength Potion"},{"floor":14,"key":"Regen Potion"}],"is_trial":false,"path_per_floor":["M","?","?","$","M","R","E","?","T","?","R","$","R","M","R","B"],"character_chosen":"THE_SILENT","items_purchased":[],"campfire_rested":1,"item_purchase_floors":[],"current_hp_per_floor":[51,58,47,47,46,46,10,10,10,10,31,31,31,29,29,0,0],"gold":50,"neow_bonus":"THREE_RARE_CARDS","is_daily":false,"chose_seed":false,"campfire_upgraded":3,"win_rate":0.0,"timestamp":1611191292,"path_taken":["M","?","?","$","M","R","E","?","T","?","R","?","R","M","R","BOSS"],"items_purchased_type":[],"build_version":"2020-12-22","purchased_purges":1,"victory":false,"max_hp_per_floor":[66,73,73,73,73,73,73,73,73,73,73,73,73,73,73,73,73],"relic_stats":{"Centennial Puzzle":[6],"Singing Bowl":0,"counters":[5,29],"Bronze Scales":[42],"obtain_stats":[{"Centennial Puzzle":9,"Singing Bowl":3,"Strawberry":2,"Bronze Scales":7,"Ring of the Snake":0},{"Centennial Puzzle":3,"Singing Bowl":1,"Strawberry":1,"Bronze Scales":3,"Ring of the Snake":0},{"Centennial Puzzle":16,"Singing Bowl":8,"Strawberry":8,"Bronze Scales":16,"Ring of the Snake":0}],"Ring of the Snake":[10]},"card_choices":[{"not_picked":["Wraith Form v2","Bullet Time"],"picked":"Burst","floor":0.0},{"not_picked":["Cloak And Dagger","Escape Plan"],"picked":"Calculated Gamble","floor":1.0},{"not_picked":["Reflex","Dodge and Roll"],"picked":"Dagger Throw","floor":5.0},{"not_picked":["Dagger Throw","Backflip"],"picked":"Predator","floor":7},{"not_picked":["Eviscerate","Expertise"],"picked":"PiercingWail","floor":14}],"player_experience":446802,"relics_obtained":[{"floor":7,"key":"Bronze Scales"},{"floor":9,"key":"Centennial Puzzle"}],"event_choices":[{"damage_healed":0.0,"max_hp_gain":0.0,"max_hp_loss":0.0,"gold_gain":0.0,"event_name":"Big Fish","player_choice":"Box","floor":2.0,"gold_loss":0.0,"damage_taken":0.0,"relics_obtained":["Strawberry"],"cards_obtained":["Regret"]},{"damage_healed":0.0,"max_hp_gain":0.0,"max_hp_loss":0.0,"gold_gain":0.0,"event_name":"Scrap Ooze","player_choice":"Success","floor":3.0,"gold_loss":0.0,"damage_taken":11.0,"relics_obtained":["Singing Bowl"]},{"damage_healed":0,"gold_gain":0,"player_choice":"Left Gold","damage_taken":0,"max_hp_gain":0,"max_hp_loss":0,"event_name":"World of Goop","floor":8,"gold_loss":39},{"damage_healed":0,"gold_gain":0,"cards_transformed":["Strike_G"],"player_choice":"Change","damage_taken":0,"max_hp_gain":0,"max_hp_loss":0,"event_name":"Living Wall","floor":10,"gold_loss":0,"cards_obtained":["Noxious Fumes"]}],"is_beta":false,"boss_relics":[],"items_purged_floors":[4],"is_endless":false,"potions_floor_spawned":[5,14],"killed_by":"The Guardian","ascension_level":19}}