{"host":"ml2ro5l6hu6y0pll","time":1611265253,"event":{"mods":["AchievementEnabler","BaseMod","Colored Map","Colored Powertips","Custom Start","Googly Eyes","Minty Spire (QoL Compilation)","Quick Restart","Rare Cards Sparkle","Relic Stats","StSLib","everything is the same but u backflip on backflip"],"gold_per_floor":[111,130,148,168,178,208,238,238,238,151,151,180,198,216,216,293,293,312,233,245,245,32,63,63,88,88,118,146,174,205,238,238,309,309,328,156,168,5,18,50,50,75,75,75,102,127,157,188,188,188,188],"floor_reached":50,"language":"ENG","playtime":2333,"items_purged":[],"score":1898,"play_id":"9e418951-128a-48a4-adad-a6d762ca50f2","local_time":"20210121214053","daily_mods":["Flight","Elite Swarm"],"is_ascension_mode":true,"campfire_choices":[{"floor":8,"key":"REST"},{"data":"Biased Cognition","floor":11,"key":"SMITH"},{"data":"Defragment","floor":15,"key":"SMITH"},{"data":"Fission","floor":24,"key":"SMITH"},{"data":"Seek","floor":32,"key":"SMITH"},{"data":"Amplify","floor":41,"key":"SMITH"},{"floor":44,"key":"REST"},{"data":"Reinforced Body","floor":49,"key":"SMITH"}],"circlet_count":0,"master_deck":["Coolheaded","Conserve Battery","Sweeping Beam+1","Ball Lightning+1","Cold Snap","Zap","Dualcast","Core Surge","Capacitor","Self Repair","Biased Cognition+1","Reinforced Body","Defragment+1","Loop","Turbo","Hyperbeam","Electrodynamics","Reinforced Body+1","Hologram","Tempest","Reboot","Fission+1","Amplify+1","Creative AI","Echo Form","Seek+1","Echo Form","Coolheaded","FTL","Consume","Core Surge+1","Injury"],"relics":["Cracked Core","Membership Card","Blood Vial","Turnip","Question Card","Chemical X","Matryoshka","Cursed Key","ClockworkSouvenir","Orrery","Cables","Mummified Hand","Bag of Marbles","Mercury Hourglass","StoneCalendar","MealTicket","Prayer Wheel","Pen Nib","SlaversCollar","Bird Faced Urn","Bag of Preparation","Whetstone","Strawberry","Molten Egg 2","Boot","Incense Burner","Singing Bowl","Oddly Smooth Stone","TungstenRod"],"acts_visited":["Exordium","TheCity","TheBeyond"],"potions_floor_usage":[],"damage_taken":[{"damage":8,"enemies":"Jaw Worm","floor":1,"turns":3},{"damage":4,"enemies":"Small Slimes","floor":2,"turns":3},{"damage":0,"enemies":"2 Louse","floor":3,"turns":3},{"damage":12,"enemies":"Looter","floor":4,"turns":3},{"damage":10,"enemies":"Exordium Wildlife","floor":5,"turns":4},{"damage":14,"enemies":"Gremlin Nob","floor":6,"turns":4},{"damage":33,"enemies":"Lagavulin","floor":7,"turns":5},{"damage":4,"enemies":"Gremlin Nob","floor":12,"turns":3},{"damage":0,"enemies":"3 Louse","floor":13,"turns":1},{"damage":0,"enemies":"Lots of Slimes","floor":14,"turns":2},{"damage":18,"enemies":"Hexaghost","floor":16,"turns":8},{"damage":0,"enemies":"3 Byrds","floor":18,"turns":2},{"damage":1,"enemies":"2 Thieves","floor":20,"turns":3},{"damage":10,"enemies":"Slavers","floor":23,"turns":3},{"damage":5,"enemies":"Book of Stabbing","floor":25,"turns":3},{"damage":9,"enemies":"Gremlin Leader","floor":27,"turns":6},{"damage":0,"enemies":"Book of Stabbing","floor":28,"turns":3},{"damage":0,"enemies":"Slavers","floor":29,"turns":1},{"damage":16,"enemies":"Gremlin Leader","floor":30,"turns":5},{"damage":0,"enemies":"Book of Stabbing","floor":31,"turns":3},{"damage":14,"enemies":"Collector","floor":33,"turns":6},{"damage":12,"enemies":"3 Darklings","floor":35,"turns":3},{"damage":0,"enemies":"Orb Walker","floor":37,"turns":1},{"damage":0,"enemies":"Writhing Mass","floor":39,"turns":3},{"damage":0,"enemies":"Giant Head","floor":40,"turns":5},{"damage":34,"enemies":"Reptomancer","floor":42,"turns":3},{"damage":0,"enemies":"Giant Head","floor":45,"turns":6},{"damage":45,"enemies":"Nemesis","floor":46,"turns":3},{"damage":11,"enemies":"Giant Head","floor":47,"turns":6},{"damage":0,"enemies":"Reptomancer","floor":48,"turns":3},{"damage":106,"enemies":"Awakened One","floor":50,"turns":9}],"seed_played":"1833530208672232958","potions_obtained":[{"floor":3,"key":"Energy Potion"},{"floor":5,"key":"Swift Potion"},{"floor":14,"key":"PotionOfCapacity"},{"floor":18,"key":"FocusPotion"},{"floor":28,"key":"DuplicationPotion"}],"is_trial":true,"path_per_floor":["M","M","M","M","M","E","E","R","T","$","R","E","M","M","R","B",null,"M","$","M","$","$","E","R","E","T","E","E","E","E","E","R","B",null,"M","$","M","$","M","E","R","E","T","R","E","E","E","E","R","B"],"character_chosen":"DEFECT","items_purchased":["Chemical X","ClockworkSouvenir","Orrery","Cables","Bird Faced Urn","Bag of Preparation","Whetstone"],"campfire_rested":2,"item_purchase_floors":[10,19,22,22,36,38,38],"current_hp_per_floor":[63,66,71,66,63,56,32,53,53,53,53,58,60,69,69,60,68,70,70,71,71,71,61,61,65,65,65,67,69,62,71,71,64,69,59,71,71,71,71,78,78,55,55,78,78,46,82,84,84,0,0],"gold":188,"neow_bonus":"","is_daily":false,"chose_seed":false,"campfire_upgraded":6,"win_rate":0.0,"timestamp":1611265253,"path_taken":["M","M","M","M","M","E","E","R","T","$","R","E","M","M","R","BOSS","M","$","M","$","$","E","R","E","T","E","E","E","E","E","R","BOSS","M","$","M","$","M","E","R","E","T","R","E","E","E","E","R","BOSS"],"items_purchased_type":["Relic","Relic","Relic","Relic","Relic","Relic","Relic"],"build_version":"2020-12-22","purchased_purges":0,"victory":false,"max_hp_per_floor":[71,71,71,71,71,71,71,71,71,71,71,71,71,71,71,71,71,71,71,71,71,71,71,71,71,71,71,71,71,71,71,71,71,71,71,71,71,71,71,78,78,78,78,78,78,80,82,84,84,84,84],"relic_stats":{"Singing Bowl":6,"counters":[31,113],"StoneCalendar":[0],"Pen Nib":[6],"Bag of Preparation":[16],"Whetstone":["Sweeping Beam","Ball Lightning"],"Question Card":31,"Cursed Key":1,"Boot":[4],"Cables":[59,47,12,0,0],"Mercury Hourglass":[253],"Blood Vial":29,"Mummified Hand":[183],"Bird Faced Urn":[60],"MealTicket":12,"Prayer Wheel":3,"Turnip":[6],"Chemical X":[57],"obtain_stats":[{"Singing Bowl":46,"StoneCalendar":28,"Bag of Preparation":38,"Incense Burner":45,"Whetstone":38,"Cursed Key":17,"Boot":43,"ClockworkSouvenir":19,"Blood Vial":6,"Matryoshka":12,"Mummified Hand":23,"Strawberry":40,"MealTicket":29,"Prayer Wheel":30,"Chemical X":10,"Cracked Core":0,"Oddly Smooth Stone":47,"Pen Nib":31,"Question Card":9,"Cables":22,"Mercury Hourglass":27,"SlaversCollar":34,"Bird Faced Urn":36,"Orrery":22,"Molten Egg 2":42,"Turnip":7,"Bag of Marbles":25,"Membership Card":0,"TungstenRod":48},{"Singing Bowl":28,"StoneCalendar":17,"Bag of Preparation":23,"Incense Burner":27,"Whetstone":23,"Cursed Key":11,"Boot":26,"ClockworkSouvenir":12,"Blood Vial":6,"Matryoshka":8,"Mummified Hand":14,"Strawberry":25,"MealTicket":18,"Prayer Wheel":19,"Chemical X":7,"Cracked Core":0,"Oddly Smooth Stone":29,"Pen Nib":20,"Question Card":7,"Cables":13,"Mercury Hourglass":16,"SlaversCollar":21,"Bird Faced Urn":22,"Orrery":13,"Molten Egg 2":26,"Turnip":7,"Bag of Marbles":15,"Membership Card":0,"TungstenRod":30},{"Singing Bowl":95,"StoneCalendar":59,"Bag of Preparation":76,"Incense Burner":92,"Whetstone":76,"Cursed Key":39,"Boot":87,"ClockworkSouvenir":41,"Blood Vial":20,"Matryoshka":28,"Mummified Hand":47,"Strawberry":84,"MealTicket":60,"Prayer Wheel":64,"Chemical X":25,"Cracked Core":0,"Oddly Smooth Stone":101,"Pen Nib":67,"Question Card":25,"Cables":44,"Mercury Hourglass":56,"SlaversCollar":72,"Bird Faced Urn":75,"Orrery":44,"Molten Egg 2":87,"Turnip":25,"Bag of Marbles":50,"Membership Card":0,"TungstenRod":104}],"TungstenRod":6},"card_choices":[{"not_picked":["Stack","Coolheaded"],"picked":"Reinforced Body","floor":1},{"not_picked":["Conserve Battery","Go for the Eyes"],"picked":"Defragment","floor":2},{"not_picked":["Coolheaded","Gash"],"picked":"Loop","floor":3},{"not_picked":["Redo","Streamline"],"picked":"Turbo","floor":4},{"not_picked":["Sweeping Beam","Beam Cell","Redo"],"picked":"SKIP","floor":5},{"not_picked":["Thunder Strike","Creative AI"],"picked":"Hyperbeam","floor":6},{"not_picked":["Buffer","Biased Cognition","Fission"],"picked":"SKIP","floor":7},{"not_picked":["Echo Form","Thunder Strike","Buffer"],"picked":"Electrodynamics","floor":12},{"not_picked":["Compile Driver","Melter","Redo"],"picked":"Reinforced Body","floor":13},{"not_picked":["Turbo","Steam","Sweeping Beam","Redo"],"picked":"SKIP","floor":14},{"not_picked":["Gash","Doom and Gloom+1","Darkness"],"picked":"Hologram","floor":18},{"not_picked":["Redo","Conserve Battery","Rebound"],"picked":"Tempest","floor":20},{"not_picked":["Loop","Steam Power+1","Coolheaded"],"picked":"Reboot","floor":22},{"not_picked":["Thunder Strike","Hyperbeam","Rainbow"],"picked":"Fission","floor":23},{"not_picked":["Fission","Buffer","Core Surge"],"picked":"Amplify","floor":25},{"not_picked":["Reboot","Fission","Amplify"],"picked":"Creative AI","floor":27},{"not_picked":["All For One","Meteor Strike","Core Surge"],"picked":"Echo Form","floor":28},{"not_picked":["Buffer","Reboot","All For One","Biased Cognition"],"picked":"SKIP","floor":29},{"not_picked":["Thunder Strike","All For One","Core Surge","Buffer"],"picked":"SKIP","floor":30},{"not_picked":["Biased Cognition","Machine Learning","Thunder Strike"],"picked":"Seek","floor":31},{"not_picked":["Multi-Cast","Rainbow","All For One"],"picked":"Echo Form","floor":33},{"not_picked":["Cold Snap","Ball Lightning","Chaos+1"],"picked":"Coolheaded","floor":35},{"not_picked":["Blizzard","Barrage","Steam","Compile Driver"],"picked":"SKIP","floor":35},{"not_picked":["Blizzard","Barrage","Steam","Compile Driver"],"picked":"SKIP","floor":35},{"not_picked":["Capacitor+1","Static Discharge","Sweeping Beam"],"picked":"FTL","floor":37},{"not_picked":["Ball Lightning","Conserve Battery","Genetic Algorithm+1","Fusion"],"picked":"SKIP","floor":37},{"not_picked":["Ball Lightning","Double Energy","Reprogram"],"picked":"Consume","floor":39},{"not_picked":["Storm+1","Ball Lightning+1","Hologram","Steam"],"picked":"SKIP","floor":39},{"not_picked":["Core Surge","Amplify","All For One","Rainbow"],"picked":"SKIP","floor":40},{"not_picked":["Amplify","Rainbow","Creative AI"],"picked":"Core Surge+1","floor":42},{"not_picked":["Hyperbeam+1","Fission","Meteor Strike+1","Machine Learning"],"picked":"SKIP","floor":45},{"not_picked":["All For One+1","Creative AI","Reboot","Biased Cognition"],"picked":"Singing Bowl","floor":46},{"not_picked":["Hyperbeam+1","Machine Learning","Amplify","Echo Form"],"picked":"Singing Bowl","floor":47},{"not_picked":["Thunder Strike+1","Buffer","Fission","Reboot"],"picked":"Singing Bowl","floor":48}],"player_experience":837354,"relics_obtained":[{"floor":6,"key":"Blood Vial"},{"floor":7,"key":"Turnip"},{"floor":9,"key":"Question Card"},{"floor":12,"key":"Matryoshka"},{"floor":23,"key":"Mummified Hand"},{"floor":25,"key":"Bag of Marbles"},{"floor":27,"key":"Mercury Hourglass"},{"floor":28,"key":"StoneCalendar"},{"floor":29,"key":"MealTicket"},{"floor":30,"key":"Prayer Wheel"},{"floor":31,"key":"Pen Nib"},{"floor":40,"key":"Strawberry"},{"floor":42,"key":"Molten Egg 2"},{"floor":43,"key":"Boot"},{"floor":45,"key":"Incense Burner"},{"floor":46,"key":"Singing Bowl"},{"floor":47,"key":"Oddly Smooth Stone"},{"floor":48,"key":"TungstenRod"}],"event_choices":[],"is_beta":false,"boss_relics":[{"not_picked":["Calling Bell","Tiny House"],"picked":"Cursed Key"},{"not_picked":["FrozenCore","SacredBark"],"picked":"SlaversCollar"}],"items_purged_floors":[],"is_endless":false,"potions_floor_spawned":[3,5,7,12,13,14,18,23,28,30,40,45,46,47],"killed_by":"Awakened One","ascension_level":20}}