{"host":"sav7uxregyirlf69","time":1611227002,"event":{"mods":["AchievementEnabler","BaseMod","Colored Map","DeckTracker","Keyboard Shortcuts","Minty Spire (QoL Compilation)","READ ME - Guardian Mod","StSLib","SuperFastMode"],"gold_per_floor":[119,119,44,44,55,88,88,88,88,88,115,134,165,179,179,179,179],"floor_reached":16,"language":"KOR","playtime":198,"items_purged":["Strike_R"],"score":286,"play_id":"13b24426-1b07-4969-bde5-d5a7b5584a44","local_time":"20210121200322","is_ascension_mode":true,"campfire_choices":[{"data":"Wild Strike","floor":8,"key":"SMITH"},{"data":"Bash","floor":10,"key":"SMITH"},{"data":"Evolve","floor":15,"key":"SMITH"}],"circlet_count":0,"master_deck":["AscendersBane","Strike_R","Strike_R","Strike_R","Strike_R","Defend_R","Defend_R","Defend_R","Defend_R","Bash+1","Wild Strike+1","Evolve+1","Reckless Charge","Uppercut"],"relics":["Burning Blood","NeowsBlessing","Bag of Preparation","Tiny Chest","Nunchaku","Letter Opener","Happy Flower"],"acts_visited":["Exordium"],"potions_floor_usage":[11,16],"damage_taken":[{"damage":0,"enemies":"Small Slimes","floor":1,"turns":1},{"damage":0,"enemies":"Jaw Worm","floor":5,"turns":1},{"damage":0,"enemies":"3 Sentries","floor":6,"turns":2},{"damage":25,"enemies":"Lagavulin","floor":11,"turns":5},{"damage":7,"enemies":"2 Louse","floor":12,"turns":3},{"damage":32,"enemies":"Gremlin Nob","floor":13,"turns":4},{"damage":13,"enemies":"Exordium Thugs","floor":14,"turns":4},{"damage":24,"enemies":"The Guardian","floor":16,"turns":8}],"seed_played":"7015548362492100386","potions_obtained":[{"floor":5,"key":"AttackPotion"},{"floor":13,"key":"Block Potion"}],"is_trial":false,"path_per_floor":["M","?","$","?","M","E","T","R","T","R","E","M","E","M","R","B"],"character_chosen":"IRONCLAD","items_purchased":[],"campfire_rested":0,"item_purchase_floors":[],"current_hp_per_floor":[74,74,74,74,75,75,75,75,75,75,56,55,29,22,22,0,0],"gold":179,"neow_bonus":"THREE_ENEMY_KILL","is_daily":false,"chose_seed":false,"campfire_upgraded":3,"win_rate":0.0,"timestamp":1611227002,"path_taken":["M","?","$","?","M","E","?","R","T","R","E","M","E","M","R","BOSS"],"items_purchased_type":[],"build_version":"2020-12-22","purchased_purges":1,"victory":false,"max_hp_per_floor":[75,75,75,75,75,75,75,75,75,75,75,75,75,75,75,75,75],"card_choices":[{"not_picked":["Heavy Blade","Feel No Pain"],"picked":"Wild Strike","floor":1},{"not_picked":["Whirlwind","True Grit","Body Slam"],"picked":"SKIP","floor":5},{"not_picked":["Iron Wave","Juggernaut","Thunderclap"],"picked":"SKIP","floor":6},{"not_picked":["Armaments","Infernal Blade"],"picked":"Evolve","floor":11},{"not_picked":["Bloodletting","Clothesline"],"picked":"Reckless Charge","floor":12},{"not_picked":["Thunderclap","Flex"],"picked":"Uppercut","floor":13},{"not_picked":["Warcry","Heavy Blade","Havoc"],"picked":"SKIP","floor":14}],"player_experience":1346517,"relics_obtained":[{"floor":6,"key":"Bag of Preparation"},{"floor":7,"key":"Tiny Chest"},{"floor":9,"key":"Nunchaku"},{"floor":11,"key":"Letter Opener"},{"floor":13,"key":"Happy Flower"}],"event_choices":[{"damage_healed":0,"gold_gain":0,"player_choice":"Ignored","damage_taken":0,"max_hp_gain":0,"max_hp_loss":0,"event_name":"Liars Game","floor":2,"gold_loss":0},{"damage_healed":0,"gold_gain":0,"player_choice":"Leave","damage_taken":0,"max_hp_gain":0,"max_hp_loss":0,"event_name":"The Cleric","floor":4,"gold_loss":0}],"is_beta":false,"boss_relics":[],"items_purged_floors":[3],"is_endless":false,"potions_floor_spawned":[5,13],"killed_by":"The Guardian","ascension_level":20}}