{"host":"crmowuwgj9wiiaqp","time":1611265371,"event":{"mods":["BaseMod","Colored Map","Minty Spire (QoL Compilation)","Relic Stats","StSLib"],"gold_per_floor":[115,43,56,56,56,56,70,70,70,94,94,128,78,78,78,202,202,223,241,260,274,292,292,330,330,356,356,356],"floor_reached":27,"language":"ENG","playtime":1382,"items_purged":[],"score":315,"play_id":"78fc1e5e-ccd0-4779-aa04-b59a4b598f0c","local_time":"20210121144251","is_ascension_mode":true,"campfire_choices":[{"data":"Neutralize","floor":6.0,"key":"SMITH"},{"data":"Catalyst","floor":8.0,"key":"SMITH"},{"data":"Wraith Form v2","floor":11.0,"key":"SMITH"},{"data":"Terror","floor":15.0,"key":"SMITH"},{"data":"Wraith Form v2","floor":23.0,"key":"SMITH"},{"data":"Catalyst","floor":25,"key":"SMITH"}],"circlet_count":0,"master_deck":["Strike_G","Strike_G+1","Strike_G","Strike_G","Defend_G","Defend_G","Defend_G","Defend_G","Defend_G","Survivor","Neutralize+1","Deadly Poison+1","Dash","Infinite Blades","Catalyst+1","Wraith Form v2+1","Terror+1","Wraith Form v2+1","Catalyst+1","Prepared+1","Dash","PiercingWail+1","Deadly Poison"],"relics":["Ring of the Snake","Vajra","Golden Idol","Bottled Tornado","MealTicket","Ornamental Fan","Coffee Dripper","Bag of Preparation","PreservedInsect"],"acts_visited":["Exordium","TheCity"],"potions_floor_usage":[24],"damage_taken":[{"damage":2.0,"enemies":"Jaw Worm","floor":1.0,"turns":5.0},{"damage":1.0,"enemies":"2 Louse","floor":3.0,"turns":3.0},{"damage":1.0,"enemies":"Small Slimes","floor":7.0,"turns":3.0},{"damage":0.0,"enemies":"3 Louse","floor":10.0,"turns":3.0},{"damage":12.0,"enemies":"Gremlin Nob","floor":12.0,"turns":5.0},{"damage":18.0,"enemies":"Hexaghost","floor":16.0,"turns":8.0},{"damage":1.0,"enemies":"Spheric Guardian","floor":18.0,"turns":6.0},{"damage":0.0,"enemies":"Chosen","floor":19.0,"turns":3.0},{"damage":12.0,"enemies":"Centurion and Healer","floor":20.0,"turns":9.0},{"damage":3.0,"enemies":"Chosen and Byrds","floor":21.0,"turns":6.0},{"damage":0.0,"enemies":"Snake Plant","floor":22.0,"turns":4.0},{"damage":11,"enemies":"Slavers","floor":24,"turns":8},{"damage":27,"enemies":"Gremlin Leader","floor":27,"turns":4}],"seed_played":"4787311521064286460","potions_obtained":[{"floor":3.0,"key":"CunningPotion"},{"floor":7.0,"key":"Weak Potion"},{"floor":10.0,"key":"Weak Potion"},{"floor":16.0,"key":"SpeedPotion"},{"floor":18.0,"key":"Ancient Potion"}],"is_trial":false,"path_per_floor":["M","$","M","?","?","R","M","R","T","M","R","E","?","T","R","B",null,"M","M","M","M","M","R","E","R","T","E"],"character_chosen":"THE_SILENT","items_purchased":["Dash"],"campfire_rested":0,"item_purchase_floors":[2],"current_hp_per_floor":[61,61,60,46,46,46,45,45,45,45,45,33,33,33,33,15,53,52,52,40,37,37,37,26,26,26,0,0],"gold":356,"neow_bonus":"RANDOM_COMMON_RELIC","is_daily":false,"chose_seed":false,"campfire_upgraded":6,"win_rate":0.0,"timestamp":1611265371,"path_taken":["M","$","M","?","?","R","M","R","T","M","R","E","?","?","R","BOSS","M","M","M","M","M","R","E","R","T","E"],"items_purchased_type":["Card"],"build_version":"2020-12-22","purchased_purges":0,"victory":false,"max_hp_per_floor":[70,70,70,70,65,65,65,65,65,65,65,65,65,65,65,65,65,65,65,65,65,65,65,65,65,65,65,65],"relic_stats":{"counters":[13,67],"Golden Idol":67,"Ornamental Fan":[84],"MealTicket":0,"PreservedInsect":47,"Bag of Preparation":[2],"obtain_stats":[{"Golden Idol":5,"Ornamental Fan":14,"Vajra":0,"MealTicket":12,"PreservedInsect":26,"Coffee Dripper":17,"Bag of Preparation":24,"Bottled Tornado":9,"Ring of the Snake":0},{"Golden Idol":2,"Ornamental Fan":5,"Vajra":0,"MealTicket":5,"PreservedInsect":12,"Coffee Dripper":6,"Bag of Preparation":12,"Bottled Tornado":3,"Ring of the Snake":0},{"Golden Idol":8,"Ornamental Fan":19,"Vajra":0,"MealTicket":19,"PreservedInsect":63,"Coffee Dripper":27,"Bag of Preparation":63,"Bottled Tornado":11,"Ring of the Snake":0}],"Ring of the Snake":[26]},"card_choices":[{"not_picked":["Bane","PiercingWail"],"picked":"Deadly Poison","floor":1.0},{"not_picked":["Blur","Dodge and Roll"],"picked":"Infinite Blades","floor":3.0},{"not_picked":["Outmaneuver","Quick Slash"],"picked":"Catalyst","floor":7.0},{"not_picked":["Calculated Gamble","All Out Attack"],"picked":"Wraith Form v2","floor":10.0},{"not_picked":["Dagger Throw","Sucker Punch"],"picked":"Terror","floor":12.0},{"not_picked":["Doppelganger","Glass Knife"],"picked":"Wraith Form v2","floor":16.0},{"not_picked":["Dagger Throw","Underhanded Strike"],"picked":"Catalyst","floor":18.0},{"not_picked":["Footwork","Choke"],"picked":"Prepared+1","floor":19.0},{"not_picked":["Tools of the Trade","Tactician","Riddle With Holes+1"],"picked":"SKIP","floor":20.0},{"not_picked":["Slice","Crippling Poison+1"],"picked":"Dash","floor":21.0},{"not_picked":["Blur","Skewer"],"picked":"PiercingWail+1","floor":22.0},{"not_picked":["Skewer","Caltrops"],"picked":"Deadly Poison","floor":24}],"player_experience":1323434,"relics_obtained":[{"floor":9.0,"key":"Bottled Tornado"},{"floor":12.0,"key":"MealTicket"},{"floor":14.0,"key":"Ornamental Fan"},{"floor":24,"key":"Bag of Preparation"},{"floor":26,"key":"PreservedInsect"}],"event_choices":[{"damage_healed":0.0,"max_hp_gain":0.0,"max_hp_loss":0.0,"gold_gain":0.0,"event_name":"Shining Light","player_choice":"Entered Light","floor":4.0,"gold_loss":0.0,"damage_taken":14.0,"cards_upgraded":["Deadly Poison","Strike_G"]},{"damage_healed":0.0,"max_hp_gain":0.0,"max_hp_loss":5.0,"gold_gain":0.0,"event_name":"Golden Idol","player_choice":"Lose Max HP","floor":5.0,"gold_loss":0.0,"damage_taken":0.0,"relics_obtained":["Golden Idol"]},{"cards_removed":["Strike_G"],"damage_healed":0.0,"max_hp_gain":0.0,"max_hp_loss":0.0,"gold_gain":0.0,"event_name":"The Cleric","player_choice":"Card Removal","floor":13.0,"gold_loss":50.0,"damage_taken":0.0}],"is_beta":false,"boss_relics":[{"not_picked":["Runic Dome","SlaversCollar"],"picked":"Coffee Dripper"}],"items_purged_floors":[],"is_endless":false,"potions_floor_spawned":[3,7,10,16,18],"killed_by":"Gremlin Leader","ascension_level":7}}