{"host":"usrgk25etjl0nf5i","time":1611204051,"event":{"mods":["2.2 Compatiblity","BaseMod","Downfall","Hubris","Minty Spire (QoL Compilation)","StSLib","SuperFastMode"],"gold_per_floor":[109,109,127,127,142,142,175,175,199,226,226,246,246,271,271,368,368,383,383,383,237,249,283,283,283,283,308,308,334,334,334,334,429,429,443,57,72,92,116,116,142,142,188,16,16,43,43,53,53,53],"floor_reached":51,"language":"ENG","playtime":1592,"items_purged":["downfall:Bewildered","Strike_B"],"score":1224,"play_id":"d1b2f5db-b3a6-4bcd-be27-52ccbc54f711","local_time":"20210120204051","is_ascension_mode":true,"campfire_choices":[{"data":"Zap","floor":6,"key":"SMITH"},{"floor":8,"key":"REST"},{"floor":11,"key":"REST"},{"data":"hubris:EnhanceAbility","floor":15,"key":"SMITH"},{"floor":25,"key":"REST"},{"floor":30,"key":"REST"},{"data":"Redo","floor":32,"key":"SMITH"},{"floor":40,"key":"RECALL"},{"floor":45,"key":"REST"},{"floor":47,"key":"REST"},{"floor":49,"key":"REST"}],"circlet_count":0,"master_deck":["AscendersBane","Strike_B","Strike_B","Defend_B","Defend_B","Defend_B","Zap+1","Dualcast","hubris:EnhanceAbility+1","Beam Cell","Storm","hubris:Ukulele","Static Discharge","Leap","Biased Cognition","Hologram+1","Ball Lightning","Seek","Redo+1","Seek","Redo","Defragment+1","Force Field","Go for the Eyes","Hologram+1","FTL","Electrodynamics+1","Glacier+1"],"relics":["Cracked Core","Regal Pillow","Anchor","Guardian:PocketSentry","GremlinMask","sneckomod:BlankCard","hubris:Stopwatch","Matryoshka","hubris:Towel","Oddly Smooth Stone","Tiny Chest","sneckomod:BabySnecko","Frozen Egg 2","hubris:RGBLights","PreservedInsect","hubris:SoftwareUpdate","hubris:BallOfYels","Juzu Bracelet","Fusion Hammer","Runic Capacitor","Vajra","DataDisk","hubris:Icosahedron","MealTicket","Happy Flower"],"acts_visited":["Exordium","TheCity","TheBeyond"],"potions_floor_usage":[7,23,23,27,50],"damage_taken":[{"damage":0,"enemies":"Jaw Worm","floor":1,"turns":4},{"damage":0,"enemies":"Cultist","floor":3,"turns":3},{"damage":3,"enemies":"2 Louse","floor":5,"turns":3},{"damage":20,"enemies":"Lagavulin","floor":7,"turns":6},{"damage":30,"enemies":"3 Sentries","floor":10,"turns":6},{"damage":0,"enemies":"2 Fungi Beasts","floor":12,"turns":2},{"damage":15,"enemies":"Lagavulin","floor":14,"turns":4},{"damage":23,"enemies":"The Guardian","floor":16,"turns":8},{"damage":0,"enemies":"Chosen","floor":18,"turns":3},{"damage":12,"enemies":"2 Thieves","floor":22,"turns":4},{"damage":17,"enemies":"Slavers","floor":23,"turns":4},{"damage":28,"enemies":"Gremlin Leader","floor":27,"turns":5},{"damage":5,"enemies":"Book of Stabbing","floor":29,"turns":3},{"damage":49,"enemies":"Collector","floor":33,"turns":6},{"damage":28,"enemies":"Orb Walker","floor":35,"turns":3},{"damage":0,"enemies":"3 Shapes","floor":37,"turns":4},{"damage":0,"enemies":"Writhing Mass","floor":38,"turns":4},{"damage":33,"enemies":"Nemesis","floor":41,"turns":5},{"damage":24,"enemies":"Reptomancer","floor":46,"turns":3},{"damage":0,"enemies":"Transient","floor":48,"turns":5},{"damage":20,"enemies":"Donu and Deca","floor":50,"turns":5}],"seed_played":"-8594878401235792704","potions_obtained":[{"floor":3,"key":"AttackPotion"},{"floor":10,"key":"SpeedPotion"},{"floor":16,"key":"FocusPotion"},{"floor":23,"key":"Swift Potion"},{"floor":29,"key":"SteroidPotion"},{"floor":33,"key":"Regen Potion"}],"is_trial":false,"path_per_floor":["M","?","M","?","M","R","E","R","T","E","R","M","?","E","R","B",null,"M","T","?","$","M","E","?","R","T","E","?","E","R","T","R","B",null,"M","$","M","M","T","R","E","?","T","$","R","E","R","M","R","B",null],"character_chosen":"DEFECT","items_purchased":["Oddly Smooth Stone","Defragment+1","Runic Capacitor","Force Field","Electrodynamics+1"],"campfire_rested":7,"item_purchase_floors":[21,36,36,36,44],"current_hp_per_floor":[50,50,50,43,40,40,20,57,57,27,64,64,64,49,49,26,63,63,63,63,63,51,34,34,71,71,43,43,38,75,75,75,26,63,35,35,35,35,35,35,2,2,2,17,54,30,67,67,75,61],"gold":53,"neow_bonus":"RANDOM_COLORLESS_2","is_daily":false,"chose_seed":false,"campfire_upgraded":3,"win_rate":0.0,"timestamp":1611204051,"path_taken":["M","?","?","?","M","R","E","R","T","E","R","M","?","E","R","BOSS","M","?","?","?","M","E","?","R","T","E","?","E","R","?","R","BOSS","M","$","M","M","?","R","E","?","T","$","R","E","R","M","R","BOSS"],"items_purchased_type":["Relic","Card","Relic","Card","Card"],"build_version":"2020-12-22","purchased_purges":2,"victory":true,"max_hp_per_floor":[75,75,75,75,75,75,75,75,75,75,75,75,75,75,75,75,75,75,75,75,75,75,75,75,75,75,75,75,75,75,75,75,75,75,75,75,75,75,75,75,75,75,75,75,75,75,75,75,75,75],"card_choices":[{"not_picked":["Thinking Ahead","Magnetism"],"picked":"hubris:EnhanceAbility","floor":0},{"not_picked":["Redo","Cold Snap"],"picked":"Beam Cell","floor":1},{"not_picked":["Compile Driver","Rebound"],"picked":"Storm","floor":3},{"not_picked":["Scrape","Fission"],"picked":"hubris:Ukulele","floor":5},{"not_picked":["All For One","Scrape","Barrage"],"picked":"SKIP","floor":7},{"not_picked":["Hyperbeam","Beam Cell"],"picked":"Static Discharge","floor":10},{"not_picked":["Compile Driver","Stack","Rebound"],"picked":"SKIP","floor":12},{"not_picked":["Fusion","Chaos"],"picked":"Leap","floor":14},{"not_picked":["Fission","Meteor Strike"],"picked":"Biased Cognition","floor":16},{"not_picked":["Compile Driver","Beam Cell+1"],"picked":"Hologram+1","floor":18},{"not_picked":["Coolheaded","Redo+1"],"picked":"Ball Lightning","floor":22},{"not_picked":["Redo+1","Hello World"],"picked":"Seek","floor":23},{"not_picked":["Aggregate","Darkness","Skim"],"picked":"SKIP","floor":27},{"not_picked":["Go for the Eyes","Aggregate"],"picked":"Redo","floor":29},{"not_picked":["All For One","Fission"],"picked":"Seek","floor":33},{"not_picked":["Skim","Beam Cell"],"picked":"Redo","floor":35},{"not_picked":["Gash","Aggregate+1"],"picked":"Go for the Eyes","floor":37},{"not_picked":["Streamline+1","Beam Cell+1"],"picked":"Hologram+1","floor":38},{"not_picked":["Go for the Eyes","Genetic Algorithm+1"],"picked":"FTL","floor":41},{"not_picked":["Coolheaded+1","Beam Cell+1"],"picked":"Glacier+1","floor":46},{"not_picked":["Rebound+1","Blizzard+1","Tempest+1"],"picked":"SKIP","floor":48}],"player_experience":656449,"relics_obtained":[{"floor":7,"key":"Regal Pillow"},{"floor":9,"key":"Anchor"},{"floor":10,"key":"Guardian:PocketSentry"},{"floor":14,"key":"sneckomod:BlankCard"},{"floor":19,"key":"Matryoshka"},{"floor":23,"key":"Tiny Chest"},{"floor":26,"key":"Frozen Egg 2"},{"floor":26,"key":"hubris:RGBLights"},{"floor":27,"key":"PreservedInsect"},{"floor":29,"key":"hubris:SoftwareUpdate"},{"floor":31,"key":"hubris:BallOfYels"},{"floor":31,"key":"Juzu Bracelet"},{"floor":39,"key":"Vajra"},{"floor":41,"key":"DataDisk"},{"floor":43,"key":"MealTicket"},{"floor":46,"key":"Happy Flower"}],"event_choices":[{"cards_removed":["Strike_B"],"damage_healed":0,"gold_gain":0,"player_choice":"Offered Basic","damage_taken":0,"max_hp_gain":0,"max_hp_loss":0,"event_name":"Bonfire Elementals","floor":2,"gold_loss":0},{"cards_removed":["Defend_B"],"damage_healed":0,"gold_gain":0,"player_choice":"Card Removal","damage_taken":7,"max_hp_gain":0,"max_hp_loss":0,"event_name":"Golden Wing","floor":4,"gold_loss":0},{"damage_healed":0,"gold_gain":0,"player_choice":"Trade","damage_taken":0,"relics_obtained":["GremlinMask"],"max_hp_gain":0,"max_hp_loss":0,"event_name":"FaceTrader","floor":13,"gold_loss":0},{"damage_healed":0,"gold_gain":0,"player_choice":"Ignored","damage_taken":0,"max_hp_gain":0,"max_hp_loss":0,"event_name":"Vampires","floor":28,"gold_loss":0}],"is_beta":false,"boss_relics":[{"not_picked":["Empty Cage","Coffee Dripper"],"picked":"hubris:Stopwatch"},{"not_picked":["hubris:HollowSoul","Snecko Eye"],"picked":"Fusion Hammer"}],"items_purged_floors":[36,44],"is_endless":false,"potions_floor_spawned":[3,10,16,22,23,29,33,38,46],"ascension_level":11}}