{"host":"zxd7sxkt31l2m2hb","time":1611247614,"event":{"mods":["AchievementEnabler","BaseMod","BetterRewards","Colored Map","Colored Powertips","Highlight Path","Minty Spire (QoL Compilation)","StSLib","SuperFastMode","The Jungle","slay the spire mod where everything is the same but ironclad has a cowboy hat"],"gold_per_floor":[115,115,115,130,141,141,160,170,170,170,245,265,230,240,240,240,240],"floor_reached":16,"language":"DEU","playtime":1204,"items_purged":[],"score":94,"play_id":"0c5c9e13-273b-4dbc-bbfe-568109600c5d","local_time":"20210121174654","is_ascension_mode":false,"campfire_choices":[{"data":"Cleave","floor":6,"key":"SMITH"},{"data":"Shrug It Off","floor":10,"key":"SMITH"},{"data":"Shrug It Off","floor":15,"key":"SMITH"}],"circlet_count":0,"master_deck":["Strike_R","Strike_R","Strike_R","Strike_R","Defend_R","Defend_R","Defend_R","Defend_R","Bash","Pummel","Clothesline","Cleave+1","Flex","Shrug It Off+1","Offering","Shrug It Off+1"],"relics":["Burning Blood","Nunchaku","Eternal Feather"],"acts_visited":["Exordium"],"potions_floor_usage":[16,16,16],"damage_taken":[{"damage":2,"enemies":"Small Slimes","floor":1,"turns":4},{"damage":1,"enemies":"Cultist","floor":4,"turns":5},{"damage":4,"enemies":"Jaw Worm","floor":5,"turns":5},{"damage":10,"enemies":"Large Slime","floor":7,"turns":6},{"damage":24,"enemies":"Exordium Wildlife","floor":8,"turns":6},{"damage":5,"enemies":"3 Louse","floor":12,"turns":3},{"damage":7,"enemies":"2 Fungi Beasts","floor":14,"turns":2},{"damage":83,"enemies":"Hexaghost","floor":16,"turns":14}],"seed_played":"-7943391549111453977","potions_obtained":[{"floor":1,"key":"LiquidMemories"},{"floor":7,"key":"DistilledChaos"},{"floor":8,"key":"FearPotion"}],"is_trial":false,"path_per_floor":["M","?","?","M","M","R","M","M","T","R","?","M","?","M","R","B"],"character_chosen":"IRONCLAD","items_purchased":[],"campfire_rested":0,"item_purchase_floors":[],"current_hp_per_floor":[80,80,80,80,80,80,76,58,58,64,53,54,74,73,80,0,0],"gold":240,"neow_bonus":"RANDOM_COMMON_RELIC","is_daily":false,"chose_seed":false,"campfire_upgraded":3,"win_rate":0.0,"timestamp":1611247614,"path_taken":["M","?","?","M","M","R","?","M","T","R","?","M","?","M","R","BOSS"],"items_purchased_type":[],"build_version":"2020-12-22","purchased_purges":0,"victory":false,"max_hp_per_floor":[80,80,80,80,80,80,80,80,80,80,80,80,80,80,80,80,80],"card_choices":[{"not_picked":["Fire Breathing","Twin Strike"],"picked":"Pummel","floor":1},{"not_picked":["Carnage","Headbutt"],"picked":"Clothesline","floor":4},{"not_picked":["Sword Boomerang","Rampage"],"picked":"Cleave","floor":5},{"not_picked":["True Grit","Clothesline"],"picked":"Flex","floor":7},{"not_picked":["Sword Boomerang","Blood for Blood"],"picked":"Shrug It Off","floor":8},{"not_picked":["Perfected Strike","Cleave"],"picked":"Offering","floor":12},{"not_picked":["Armaments","Uppercut"],"picked":"Shrug It Off","floor":14}],"player_experience":51289,"relics_obtained":[{"floor":9,"key":"Eternal Feather"}],"event_choices":[{"damage_healed":0,"gold_gain":0,"player_choice":"Fled","damage_taken":0,"max_hp_gain":0,"max_hp_loss":0,"event_name":"Scrap Ooze","floor":2,"gold_loss":0},{"cards_removed":["Strike_R"],"damage_healed":0,"gold_gain":0,"player_choice":"Purged","damage_taken":0,"max_hp_gain":0,"max_hp_loss":0,"event_name":"Purifier","floor":3,"gold_loss":0},{"damage_healed":0,"gold_gain":75,"player_choice":"Gather Gold","damage_taken":11,"max_hp_gain":0,"max_hp_loss":0,"event_name":"World of Goop","floor":11,"gold_loss":0},{"damage_healed":20,"gold_gain":0,"player_choice":"Healed","damage_taken":0,"max_hp_gain":0,"max_hp_loss":0,"event_name":"The Cleric","floor":13,"gold_loss":35}],"is_beta":false,"boss_relics":[],"items_purged_floors":[],"is_endless":false,"potions_floor_spawned":[1,7,8],"killed_by":"Hexaghost","ascension_level":0}}