{"host":"zrg8yzdwi219jxzu","time":1611271743,"event":{"mods":["BaseMod","Minty Spire (QoL Compilation)","The IronCluck","slay the spire mod where everything is the same but ironclad has a cowboy hat"],"gold_per_floor":[109,109,129,54,54,89,109,149,149,149,174,174,174,187,187,313,313,327,327,343,361,361,361,395,395,468,468,506,522,522,522,522],"floor_reached":31,"language":"ENG","playtime":1046,"items_purged":["Injury"],"score":395,"play_id":"0eef610e-c512-4c99-b5ae-d8dc5eee6e30","local_time":"20210121182903","is_ascension_mode":true,"campfire_choices":[{"data":"Entrench","floor":10,"key":"SMITH"},{"data":"Iron Wave","floor":13,"key":"SMITH"},{"data":"Armaments","floor":15,"key":"SMITH"},{"data":"Demon Form","floor":23,"key":"SMITH"},{"data":"Bludgeon","floor":25,"key":"SMITH"},{"data":"Shrug It Off","floor":27,"key":"SMITH"}],"circlet_count":0,"master_deck":["Strike_R","Strike_R","Strike_R","Strike_R","Defend_R","Defend_R","Defend_R","Defend_R","Bash","Shrug It Off","Iron Wave","Bludgeon+1","Iron Wave+1","Entrench+1","Armaments+1","Demon Form+1","Spot Weakness","Shrug It Off+1","True Grit"],"relics":["Burning Blood","NeowsBlessing","Golden Idol","FaceOfCleric","PreservedInsect","Mercury Hourglass","StoneCalendar","Empty Cage","Prayer Wheel","InkBottle","Paper Frog","Nloth\u0027s Gift"],"acts_visited":["Exordium","TheCity"],"potions_floor_usage":[6,11,18,18,21,24,29,29],"damage_taken":[{"damage":0,"enemies":"Jaw Worm","floor":1,"turns":1},{"damage":0,"enemies":"2 Louse","floor":3,"turns":1},{"damage":0,"enemies":"Lagavulin","floor":6,"turns":2},{"damage":0,"enemies":"Cultist","floor":7,"turns":3},{"damage":20,"enemies":"3 Sentries","floor":8,"turns":8},{"damage":0,"enemies":"Looter","floor":11,"turns":2},{"damage":2,"enemies":"Exordium Wildlife","floor":14,"turns":3},{"damage":69,"enemies":"Slime Boss","floor":16,"turns":7},{"damage":8,"enemies":"Spheric Guardian","floor":18,"turns":7},{"damage":10,"enemies":"Shell Parasite","floor":20,"turns":7},{"damage":0,"enemies":"Snake Plant","floor":21,"turns":3},{"damage":9,"enemies":"Slavers","floor":24,"turns":7},{"damage":38,"enemies":"Gremlin Leader","floor":28,"turns":4},{"damage":19,"enemies":"Snecko","floor":29,"turns":4},{"damage":28,"enemies":"Slavers","floor":31,"turns":4}],"seed_played":"7921584951598791910","potions_obtained":[{"floor":1,"key":"PowerPotion"},{"floor":7,"key":"ColorlessPotion"},{"floor":16,"key":"EntropicBrew"},{"floor":18,"key":"BlessingOfTheForge"},{"floor":20,"key":"LiquidMemories"},{"floor":28,"key":"Explosive Potion"}],"is_trial":false,"path_per_floor":["M","?","M","$","?","E","M","E","T","R","M","?","R","M","R","B",null,"M","?","M","M","?","R","E","R","T","R","E","M","?","E"],"character_chosen":"IRONCLAD","items_purchased":[],"campfire_rested":0,"item_purchase_floors":[],"current_hp_per_floor":[80,80,80,80,80,81,82,69,69,69,76,76,76,81,81,19,86,85,68,65,72,72,72,70,70,70,70,39,27,27,0,0],"gold":522,"neow_bonus":"THREE_ENEMY_KILL","is_daily":false,"chose_seed":false,"campfire_upgraded":6,"win_rate":0.0,"timestamp":1611271743,"path_taken":["M","?","M","$","?","E","?","E","T","R","M","?","R","M","R","BOSS","M","?","M","M","?","R","E","R","T","R","E","M","?","E"],"items_purchased_type":[],"build_version":"2020-12-22","purchased_purges":1,"victory":false,"max_hp_per_floor":[80,80,80,80,80,81,82,83,83,83,84,84,84,85,85,86,86,87,92,93,94,94,94,95,95,95,95,96,97,97,97,97],"card_choices":[{"not_picked":["Iron Wave","Anger"],"picked":"Shrug It Off","floor":1},{"not_picked":["Headbutt","Flex"],"picked":"Iron Wave","floor":3},{"not_picked":["Wild Strike","Berserk"],"picked":"Bludgeon","floor":6},{"not_picked":["Anger","Sword Boomerang"],"picked":"Iron Wave","floor":7},{"not_picked":["Cleave","Sever Soul"],"picked":"Entrench","floor":8},{"not_picked":["Blood for Blood","Pommel Strike","Perfected Strike"],"picked":"SKIP","floor":11},{"not_picked":["Dropkick","Perfected Strike"],"picked":"Armaments","floor":14},{"not_picked":["Brutality","Immolate"],"picked":"Demon Form","floor":16},{"not_picked":["Wild Strike","Twin Strike"],"picked":"Spot Weakness","floor":18},{"not_picked":["Pommel Strike+1","Pummel","Cleave+1"],"picked":"SKIP","floor":20},{"not_picked":["Sword Boomerang","Pommel Strike"],"picked":"Shrug It Off","floor":21},{"not_picked":["Blood for Blood","Havoc+1","Wild Strike+1"],"picked":"SKIP","floor":24},{"not_picked":["Clothesline","Pummel","Wild Strike+1"],"picked":"SKIP","floor":28},{"not_picked":["Pommel Strike","Bloodletting"],"picked":"True Grit","floor":29},{"not_picked":["Thunderclap","Body Slam","Cleave"],"picked":"SKIP","floor":29}],"player_experience":116355,"relics_obtained":[{"floor":6,"key":"HornCleat"},{"floor":8,"key":"PreservedInsect"},{"floor":9,"key":"Mercury Hourglass"},{"floor":24,"key":"Prayer Wheel"},{"floor":26,"key":"InkBottle"},{"floor":28,"key":"Paper Frog"}],"event_choices":[{"damage_healed":0,"gold_gain":0,"player_choice":"Take Wound","damage_taken":0,"relics_obtained":["Golden Idol"],"max_hp_gain":0,"max_hp_loss":0,"event_name":"Golden Idol","floor":2,"gold_loss":0,"cards_obtained":["Injury"]},{"damage_healed":0,"gold_gain":0,"player_choice":"Trade","damage_taken":0,"relics_obtained":["FaceOfCleric"],"max_hp_gain":0,"max_hp_loss":0,"event_name":"FaceTrader","floor":5,"gold_loss":0},{"damage_healed":0,"gold_gain":0,"player_choice":"Box","damage_taken":0,"relics_obtained":["StoneCalendar"],"max_hp_gain":0,"max_hp_loss":0,"event_name":"Big Fish","floor":12,"gold_loss":0,"cards_obtained":["Regret"]},{"damage_healed":0,"gold_gain":0,"player_choice":"Shed Blood","damage_taken":22,"max_hp_gain":5,"max_hp_loss":0,"event_name":"Forgotten Altar","floor":19,"gold_loss":0},{"damage_healed":0,"gold_gain":0,"player_choice":"Ignored","damage_taken":0,"max_hp_gain":0,"max_hp_loss":0,"event_name":"Vampires","floor":22,"gold_loss":0},{"damage_healed":0,"gold_gain":0,"player_choice":"Traded Relic","damage_taken":0,"relics_obtained":["Nloth\u0027s Gift"],"max_hp_gain":0,"max_hp_loss":0,"event_name":"N\u0027loth","floor":30,"relics_lost":["HornCleat"],"gold_loss":0}],"is_beta":false,"boss_relics":[{"not_picked":["Sozu","Velvet Choker"],"picked":"Empty Cage"}],"items_purged_floors":[4],"is_endless":false,"potions_floor_spawned":[1,7,16,18,20,28],"killed_by":"Slavers","ascension_level":4}}