{"host":"phniwng9zo19jwdb","time":1611265925,"event":{"mods":["AchievementEnabler","BaseMod","Colored Powertips","Dark Map","Faster Ascension Climbing","GifTheSpireLib","Minty Spire (QoL Compilation)","Permanent Neow","Rare Cards Sparkle","StSLib"],"gold_per_floor":[17,34,51,63,90,102,149,178,213,251,263,306,338,370,382,470,482,513,551,579,591,603,615,658,29,29,58,58,68,68,68,68,141,141,152,152,172,184,194,220,220,246,272,298,298,310,310,6,6,6,6,6,6,34,34,34],"floor_reached":55,"language":"ENG","playtime":4491,"items_purged":[],"score":1531,"play_id":"5dd2c7a4-f41b-4cb0-bf10-0982fd3d9939","local_time":"20210121225205","is_ascension_mode":true,"campfire_choices":[{"data":"Eviscerate","floor":6.0,"key":"SMITH"},{"data":"Envenom","floor":11.0,"key":"SMITH"},{"data":"Noxious Fumes","floor":15.0,"key":"SMITH"},{"data":"Tools of the Trade","floor":23,"key":"SMITH"},{"data":"Adrenaline","floor":28,"key":"SMITH"},{"data":"Well Laid Plans","floor":30,"key":"SMITH"},{"floor":32,"key":"RECALL"},{"data":"Apotheosis","floor":41,"key":"SMITH"},{"data":"Burst","floor":45,"key":"SMITH"},{"data":"Chrysalis","floor":49,"key":"SMITH"},{"data":"Noxious Fumes","floor":52,"key":"SMITH"}],"circlet_count":0,"master_deck":["AscendersBane","Defend_G+1","Defend_G","Defend_G","Survivor","Neutralize","Backflip","Eviscerate+1","Reflex+1","Dash","Dagger Throw","Envenom+1","Underhanded Strike","Well Laid Plans+1","Noxious Fumes+1","Tools of the Trade+1","Deflect","Backflip","Bite","Bite","Bite","Bite","Adrenaline+1","Flash of Steel","Backflip+1","Noxious Fumes+1","Burst+1","Backflip+1","Apotheosis+1","Master of Strategy","Chrysalis+1","Slice","Endless Agony"],"relics":["Ring of the Snake","Thread and Needle","MawBank","Potion Belt","Bag of Marbles","MealTicket","Strawberry","Black Star","Red Mask","Eternal Feather","War Paint","Centennial Puzzle","Strange Spoon","Ancient Tea Set","Happy Flower","Smiling Mask","MutagenicStrength","Empty Cage","InkBottle","Blood Vial","Toy Ornithopter","PreservedInsect","Nunchaku","Boot","Bag of Preparation","Oddly Smooth Stone","Letter Opener"],"acts_visited":["Exordium","TheCity","TheBeyond","TheEnding"],"potions_floor_usage":[19,20,24,27,27,35,40,54,55],"damage_taken":[{"damage":2.0,"enemies":"Cultist","floor":1.0,"turns":4.0},{"damage":0.0,"enemies":"2 Louse","floor":2.0,"turns":5.0},{"damage":0.0,"enemies":"Jaw Worm","floor":3.0,"turns":7.0},{"damage":7.0,"enemies":"3 Louse","floor":4.0,"turns":7.0},{"damage":1.0,"enemies":"Gremlin Nob","floor":7.0,"turns":4.0},{"damage":3.0,"enemies":"2 Fungi Beasts","floor":8.0,"turns":4.0},{"damage":5.0,"enemies":"3 Sentries","floor":10.0,"turns":13.0},{"damage":0.0,"enemies":"Gremlin Nob","floor":12.0,"turns":3.0},{"damage":3.0,"enemies":"Exordium Thugs","floor":13.0,"turns":5.0},{"damage":0.0,"enemies":"Looter","floor":14.0,"turns":4.0},{"damage":14.0,"enemies":"The Guardian","floor":16.0,"turns":12.0},{"damage":13.0,"enemies":"2 Thieves","floor":18.0,"turns":5.0},{"damage":20,"enemies":"Masked Bandits","floor":19,"turns":5},{"damage":1,"enemies":"Spheric Guardian","floor":20,"turns":5},{"damage":27,"enemies":"Book of Stabbing","floor":24,"turns":7},{"damage":31,"enemies":"Gremlin Leader","floor":27,"turns":10},{"damage":0,"enemies":"3 Cultists","floor":29,"turns":5},{"damage":21,"enemies":"Automaton","floor":33,"turns":9},{"damage":15,"enemies":"3 Darklings","floor":35,"turns":13},{"damage":1,"enemies":"Orb Walker","floor":37,"turns":4},{"damage":10,"enemies":"Transient","floor":38,"turns":6},{"damage":5,"enemies":"4 Shapes","floor":39,"turns":7},{"damage":14,"enemies":"Nemesis","floor":40,"turns":7},{"damage":7,"enemies":"Reptomancer","floor":44,"turns":6},{"damage":0,"enemies":"Spire Growth","floor":46,"turns":4},{"damage":28,"enemies":"Awakened One","floor":50,"turns":17},{"damage":45,"enemies":"Shield and Spear","floor":54,"turns":6},{"damage":37,"enemies":"The Heart","floor":55,"turns":2}],"seed_played":"-5551176466039539991","potions_obtained":[{"floor":3.0,"key":"BlessingOfTheForge"},{"floor":4.0,"key":"BlessingOfTheForge"},{"floor":7.0,"key":"Swift Potion"},{"floor":10.0,"key":"Energy Potion"},{"floor":13.0,"key":"Regen Potion"},{"floor":16.0,"key":"GhostInAJar"},{"floor":18.0,"key":"BlessingOfTheForge"},{"floor":20,"key":"AttackPotion"},{"floor":27,"key":"SpeedPotion"},{"floor":29,"key":"AttackPotion"},{"floor":38,"key":"DistilledChaos"},{"floor":39,"key":"Fruit Juice"}],"is_trial":false,"path_per_floor":["M","M","M","M","T","R","E","M","T","E","R","E","M","M","R","B",null,"M","?","M","T","?","R","E","$","T","E","R","M","R","?","R","B",null,"M","?","M","M","M","E","R","T","T","E","R","M","?","$","R","B",null,"R","$","E","B"],"character_chosen":"THE_SILENT","items_purchased":["Adrenaline","Strange Spoon","Flash of Steel","Ancient Tea Set","Dexterity Potion","Bag of Preparation","Regen Potion","Swift Potion"],"campfire_rested":0,"item_purchase_floors":[25,25,25,25,25,48,48,48],"current_hp_per_floor":[57,57,57,50,50,50,49,46,46,41,41,48,45,45,45,31,63,50,30,29,29,29,44,19,34,34,38,51,51,51,51,51,48,50,51,41,46,51,51,54,56,56,56,56,56,56,56,56,56,56,56,56,56,20,0,0],"gold":34,"neow_bonus":"ONE_RARE_RELIC","is_daily":false,"chose_seed":false,"campfire_upgraded":10,"win_rate":0.0,"timestamp":1611265925,"path_taken":["M","M","M","?","?","R","E","?","T","E","R","E","M","M","R","BOSS","M","?","M","?","?","R","E","$","T","E","R","M","R","?","R","BOSS","M","?","M","M","M","E","R","?","T","E","R","M","?","$","R","BOSS","R","$","E","BOSS"],"items_purchased_type":["Card","Relic","Card","Relic","Potion","Relic","Potion","Potion"],"build_version":"2020-12-22","purchased_purges":0,"victory":false,"max_hp_per_floor":[66,66,66,66,66,66,66,66,66,66,66,73,73,73,73,73,73,73,73,73,73,51,51,51,51,51,51,51,51,51,51,51,51,51,51,51,51,51,51,56,56,56,56,56,56,56,56,56,56,56,56,56,56,56,56,56],"card_choices":[{"not_picked":["PiercingWail","Leg Sweep"],"picked":"Backflip","floor":1.0},{"not_picked":["All Out Attack","Sucker Punch"],"picked":"Eviscerate","floor":2.0},{"not_picked":["Quick Slash","Dagger Spray"],"picked":"Reflex","floor":3.0},{"not_picked":["Dagger Spray","Distraction"],"picked":"Dash","floor":4.0},{"not_picked":["Catalyst","Flechettes"],"picked":"Dagger Throw","floor":7.0},{"not_picked":["Dodge and Roll","Acrobatics"],"picked":"Envenom","floor":8.0},{"not_picked":["All Out Attack","Flying Knee"],"picked":"Underhanded Strike","floor":10.0},{"not_picked":["Dodge and Roll","Bane","All Out Attack"],"picked":"SKIP","floor":12.0},{"not_picked":["Quick Slash","Deadly Poison"],"picked":"Well Laid Plans","floor":13.0},{"not_picked":["Crippling Poison","Underhanded Strike"],"picked":"Noxious Fumes","floor":14.0},{"not_picked":["Malaise","Unload"],"picked":"Tools of the Trade","floor":16.0},{"not_picked":["Blur","Skewer"],"picked":"Deflect","floor":18.0},{"not_picked":["Deflect","PiercingWail+1"],"picked":"Backflip","floor":19},{"not_picked":["Deadly Poison+1","Skewer","Blade Dance"],"picked":"SKIP","floor":20},{"not_picked":["Crippling Poison","Quick Slash","Bane"],"picked":"SKIP","floor":24},{"not_picked":["Unload","Endless Agony"],"picked":"Backflip+1","floor":27},{"not_picked":["Blade Dance","Slice"],"picked":"Noxious Fumes","floor":29},{"not_picked":["Storm of Steel","Glass Knife"],"picked":"Burst","floor":33},{"not_picked":["Slice+1","Flying Knee"],"picked":"Backflip+1","floor":35},{"not_picked":["Trip","Swift Strike"],"picked":"Apotheosis","floor":36},{"not_picked":["Chrysalis","Blind"],"picked":"Master of Strategy","floor":36},{"not_picked":["Magnetism","Discovery"],"picked":"Chrysalis","floor":36},{"not_picked":["Sucker Punch","Bouncing Flask","PiercingWail"],"picked":"SKIP","floor":37},{"not_picked":["Bane","Quick Slash"],"picked":"Slice","floor":38},{"not_picked":["Masterful Stab","Terror","Heel Hook+1"],"picked":"SKIP","floor":39},{"not_picked":["Dash+1","Expertise","Underhanded Strike"],"picked":"SKIP","floor":40},{"not_picked":["Flying Knee+1","Sucker Punch+1","Distraction"],"picked":"SKIP","floor":44},{"not_picked":["Dodge and Roll","Deadly Poison"],"picked":"Endless Agony","floor":46},{"not_picked":["Slice+1","Burst","Blade Dance+1"],"picked":"SKIP","floor":54}],"player_experience":51321,"relics_obtained":[{"floor":5.0,"key":"MawBank"},{"floor":7.0,"key":"Potion Belt"},{"floor":9.0,"key":"Bag of Marbles"},{"floor":10.0,"key":"MealTicket"},{"floor":12.0,"key":"Strawberry"},{"floor":19,"key":"Red Mask"},{"floor":21,"key":"Eternal Feather"},{"floor":24,"key":"War Paint"},{"floor":24,"key":"Centennial Puzzle"},{"floor":27,"key":"Happy Flower"},{"floor":27,"key":"Smiling Mask"},{"floor":40,"key":"InkBottle"},{"floor":40,"key":"Blood Vial"},{"floor":42,"key":"Toy Ornithopter"},{"floor":43,"key":"PreservedInsect"},{"floor":44,"key":"Nunchaku"},{"floor":44,"key":"Boot"},{"floor":54,"key":"Oddly Smooth Stone"},{"floor":54,"key":"Letter Opener"}],"event_choices":[{"damage_healed":0,"gold_gain":0,"player_choice":"Fought Bandits","damage_taken":0,"max_hp_gain":0,"max_hp_loss":0,"event_name":"Masked Bandits","floor":19,"gold_loss":0},{"damage_healed":0,"gold_gain":0,"player_choice":"Became a vampire","damage_taken":0,"max_hp_gain":0,"max_hp_loss":22,"event_name":"Vampires","floor":22,"gold_loss":0,"cards_obtained":["Bite","Bite","Bite","Bite","Bite"]},{"damage_healed":0,"gold_gain":0,"player_choice":"Inject Mutagens","damage_taken":0,"relics_obtained":["MutagenicStrength"],"max_hp_gain":0,"max_hp_loss":0,"event_name":"Drug Dealer","floor":31,"gold_loss":0},{"damage_healed":0,"gold_gain":0,"player_choice":"Memory 3","damage_taken":10,"max_hp_gain":0,"max_hp_loss":0,"event_name":"SensoryStone","floor":36,"gold_loss":0},{"cards_removed":["Bite"],"damage_healed":0,"gold_gain":0,"player_choice":"Removed Attack","damage_taken":0,"max_hp_gain":0,"max_hp_loss":0,"event_name":"Falling","floor":47,"gold_loss":0}],"is_beta":false,"boss_relics":[{"not_picked":["Fusion Hammer","SacredBark"],"picked":"Black Star"},{"not_picked":["WristBlade","Runic Pyramid"],"picked":"Empty Cage"}],"items_purged_floors":[],"is_endless":false,"potions_floor_spawned":[3,4,7,10,13,16,18,20,27,29,38,39],"killed_by":"The Heart","ascension_level":17}}