{"host":"19qo8qle2l71a8qw","time":1611248207,"event":{"mods":["BaseMod","Beaked The Cultist","BetterRewards","Colored Map","Colored Powertips","Conspire","Custom Start","Energized Spire","Friendly Minions","Halation","Hubris","Infinite Spire","Mimic Mod","Minty Spire (QoL Compilation)","Random Character Button","Random Character Mod","Replay The Spire","Reworked Bosses","Shop Mod","StSLib","Synergy Search","The Construct","The Druid","The Jungle","The Necromancer","The Runesmith","The Sage"],"gold_per_floor":[126,126,1,1,17,43,67,79,79],"floor_reached":8,"language":"ENG","playtime":466,"items_purged":[],"score":62,"play_id":"8eb03e5a-51b4-42fe-87e7-efdedd29b5f2","local_time":"20210121175647","is_ascension_mode":true,"campfire_choices":[],"circlet_count":0,"master_deck":["beaked:Strike_Y","beaked:Strike_Y","beaked:Strike_Y","beaked:Strike_Y","beaked:Strike_Y","beaked:Strike_Y","beaked:Defend_Y","beaked:Defend_Y+1","beaked:Defend_Y","beaked:Defend_Y","beaked:Ceremony+1","beaked:Ceremony","beaked:Ceremony","beaked:CrazyRituals","beaked:VigorBurst","beaked:FeelMyPain","beaked:Brace","beaked:WildInstinct","beaked:Resilience"],"relics":["beaked:MendingPlumage","Replay:Bandana","construct:FoamFinger","infinitespire:Midas Blood"],"acts_visited":["Exordium"],"potions_floor_usage":[],"damage_taken":[{"damage":11,"enemies":"Cultist","floor":1,"turns":4},{"damage":24,"enemies":"conspire:RoseBush","floor":5,"turns":4},{"damage":39,"enemies":"Lagavulin","floor":6,"turns":6},{"damage":7,"enemies":"2 Louse","floor":7,"turns":3},{"damage":100000,"enemies":"Replay:BlueRogue","floor":8,"turns":4}],"seed_played":"8935710441502811068","potions_obtained":[],"is_trial":false,"path_per_floor":["M","?","$","?","M","E","M","E"],"character_chosen":"BEAKED_THE_CULTIST","items_purchased":["beaked:VigorBurst","beaked:FeelMyPain"],"campfire_rested":0,"item_purchase_floors":[3,3],"current_hp_per_floor":[43,33,38,38,29,10,13,0,0],"gold":79,"neow_bonus":"RANDOM_COMMON_RELIC","is_daily":false,"chose_seed":false,"campfire_upgraded":0,"win_rate":0.0,"timestamp":1611248207,"path_taken":["M","?","$","?","M","E","M","E"],"items_purchased_type":["Card","Card"],"build_version":"2020-12-22","purchased_purges":0,"victory":false,"max_hp_per_floor":[50,50,55,55,55,55,55,55,55],"card_choices":[{"not_picked":["beaked:FeelMyPain","beaked:Redirect"],"picked":"beaked:CrazyRituals","floor":1},{"not_picked":["beaked:Cower","beaked:CursingBlood"],"picked":"beaked:Brace","floor":5},{"not_picked":["beaked:Negation","beaked:MimicMachine"],"picked":"beaked:WildInstinct","floor":6},{"not_picked":["beaked:TuckingFeathers","beaked:Overpower"],"picked":"beaked:Resilience","floor":7}],"player_experience":564960,"relics_obtained":[{"floor":4,"key":"construct:FoamFinger"},{"floor":6,"key":"infinitespire:Midas Blood"}],"event_choices":[{"damage_healed":0,"gold_gain":0,"player_choice":"Entered Light","damage_taken":10,"max_hp_gain":0,"max_hp_loss":0,"event_name":"Shining Light","floor":2,"gold_loss":0,"cards_upgraded":["beaked:Defend_Y","beaked:Ceremony"]}],"is_beta":false,"boss_relics":[],"items_purged_floors":[],"is_endless":false,"potions_floor_spawned":[],"killed_by":"Replay:BlueRogue","ascension_level":2}}