{"host":"ELF","time":1611254561,"event":{"mods":["BaseMod","Bestiary","Minty Spire (QoL Compilation)","Relic Stats","Slay the Relics Exporter"],"gold_per_floor":[119,119,136,156,173,203,219,219,219,43,57,3,3,19,19,92,92,110,130,130,55,69,69,69],"floor_reached":23,"language":"ENG","playtime":1041,"items_purged":["Strike_G"],"score":390,"play_id":"0529c554-99fd-443d-9e17-8bab9676b8f6","local_time":"20210121124241","is_ascension_mode":true,"campfire_choices":[{"floor":8.0,"key":"REST"},{"data":"Bouncing Flask","floor":15.0,"key":"SMITH"}],"circlet_count":0,"master_deck":["AscendersBane","Strike_G","Strike_G","Strike_G","Defend_G","Defend_G","Defend_G","Defend_G","Defend_G","Survivor","Neutralize","Deadly Poison","Acrobatics","Bane","Bouncing Flask+1","Adrenaline","Backflip","Corpse Explosion","Backflip","Footwork","A Thousand Cuts","Crippling Poison","Underhanded Strike"],"relics":["Ring of the Snake","Lantern","Mercury Hourglass","Centennial Puzzle","Strawberry","Snecko Eye"],"acts_visited":["Exordium","TheCity"],"potions_floor_usage":[23],"damage_taken":[{"damage":2.0,"enemies":"Small Slimes","floor":1.0,"turns":5.0},{"damage":6.0,"enemies":"Cultist","floor":3.0,"turns":3.0},{"damage":2.0,"enemies":"Jaw Worm","floor":4.0,"turns":4.0},{"damage":12.0,"enemies":"3 Louse","floor":5.0,"turns":4.0},{"damage":34.0,"enemies":"Gremlin Nob","floor":6.0,"turns":4.0},{"damage":0.0,"enemies":"Large Slime","floor":7.0,"turns":2.0},{"damage":4.0,"enemies":"Lots of Slimes","floor":11.0,"turns":2.0},{"damage":0.0,"enemies":"3 Louse","floor":14.0,"turns":2.0},{"damage":19.0,"enemies":"The Guardian","floor":16.0,"turns":9.0},{"damage":12.0,"enemies":"Spheric Guardian","floor":18.0,"turns":5.0},{"damage":10.0,"enemies":"Shell Parasite","floor":19.0,"turns":5.0},{"damage":19.0,"enemies":"Sentry and Sphere","floor":22.0,"turns":5.0},{"damage":22,"enemies":"Book of Stabbing","floor":23,"turns":5}],"seed_played":"3533614530839283218","potions_obtained":[{"floor":4.0,"key":"Explosive Potion"},{"floor":5.0,"key":"ColorlessPotion"},{"floor":7.0,"key":"EssenceOfSteel"},{"floor":11.0,"key":"Block Potion"},{"floor":19.0,"key":"Dexterity Potion"}],"is_trial":false,"path_per_floor":["M","?","M","M","M","E","M","R","T","$","M","?","?","M","R","B",null,"M","M","?","$","M","E"],"character_chosen":"THE_SILENT","items_purchased":["Corpse Explosion"],"campfire_rested":1,"item_purchase_floors":[10],"current_hp_per_floor":[57,57,51,49,37,3,3,22,29,29,25,25,49,49,49,30,62,50,40,40,40,21,0,0],"gold":69,"neow_bonus":"RANDOM_COMMON_RELIC","is_daily":false,"chose_seed":false,"campfire_upgraded":1,"win_rate":0.0,"timestamp":1611254561,"path_taken":["M","?","M","?","M","E","M","R","T","$","M","?","?","M","R","BOSS","M","M","?","$","M","E"],"items_purchased_type":["Card"],"build_version":"2020-12-18","purchased_purges":1,"victory":false,"max_hp_per_floor":[66,66,66,66,66,66,66,66,73,73,73,73,73,73,73,73,73,73,73,73,73,73,73,73],"relic_stats":{"Centennial Puzzle":[18],"counters":[13,54],"Snecko Eye":[47,47,52,51],"obtain_stats":[{"Lantern":0,"Centennial Puzzle":6,"Strawberry":9,"Snecko Eye":17,"Ring of the Snake":0,"Mercury Hourglass":2},{"Lantern":0,"Centennial Puzzle":5,"Strawberry":6,"Snecko Eye":9,"Ring of the Snake":0,"Mercury Hourglass":1},{"Lantern":0,"Centennial Puzzle":19,"Strawberry":21,"Snecko Eye":34,"Ring of the Snake":0,"Mercury Hourglass":5}],"Ring of the Snake":[26],"Mercury Hourglass":[150]},"card_choices":[{"not_picked":["Quick Slash","Cloak And Dagger"],"picked":"Deadly Poison","floor":1.0},{"not_picked":["PiercingWail","Doppelganger"],"picked":"Acrobatics","floor":3.0},{"not_picked":["PiercingWail","Calculated Gamble"],"picked":"Bane","floor":4.0},{"not_picked":["Slice","Dagger Throw"],"picked":"Bouncing Flask","floor":5.0},{"not_picked":["Blur","After Image"],"picked":"Adrenaline","floor":6.0},{"not_picked":["Outmaneuver","Underhanded Strike"],"picked":"Backflip","floor":7.0},{"not_picked":["Deflect","Dagger Throw"],"picked":"Backflip","floor":11.0},{"not_picked":["Sucker Punch","Slice"],"picked":"Footwork","floor":14.0},{"not_picked":["Die Die Die","Unload"],"picked":"A Thousand Cuts","floor":16.0},{"not_picked":["Blur+1","Dagger Spray"],"picked":"Crippling Poison","floor":18.0},{"not_picked":["Dagger Throw","Slice","Prepared"],"picked":"SKIP","floor":19.0},{"not_picked":["Cloak And Dagger+1","Flying Knee"],"picked":"Underhanded Strike","floor":22.0}],"player_experience":3260018,"relics_obtained":[{"floor":2.0,"key":"Mercury Hourglass"},{"floor":6.0,"key":"Centennial Puzzle"},{"floor":9.0,"key":"Strawberry"}],"event_choices":[{"damage_healed":0.0,"max_hp_gain":0.0,"max_hp_loss":0.0,"gold_gain":0.0,"event_name":"Wheel of Change","player_choice":"Relic","floor":2.0,"gold_loss":0.0,"damage_taken":0.0},{"damage_healed":0.0,"max_hp_gain":0.0,"max_hp_loss":0.0,"gold_gain":0.0,"event_name":"World of Goop","player_choice":"Left Gold","floor":12.0,"gold_loss":54.0,"damage_taken":0.0},{"damage_healed":24.0,"max_hp_gain":0.0,"max_hp_loss":0.0,"gold_gain":0.0,"event_name":"Big Fish","player_choice":"Banana","floor":13.0,"gold_loss":0.0,"damage_taken":0.0},{"cards_removed":["Strike_G"],"damage_healed":0.0,"max_hp_gain":0.0,"max_hp_loss":0.0,"gold_gain":0.0,"event_name":"Purifier","player_choice":"Purged","floor":20.0,"gold_loss":0.0,"damage_taken":0.0}],"is_beta":true,"boss_relics":[{"not_picked":["WristBlade","Cursed Key"],"picked":"Snecko Eye"}],"items_purged_floors":[21],"is_endless":false,"potions_floor_spawned":[4,5,7,11,19],"killed_by":"Book of Stabbing","ascension_level":20}}