{"host":"amnup8uv961nil3y","time":1611238440,"event":{"mods":["Act Like it!","Aspiration","BaseMod","Bestiary","Better Altar","Better Match","Better Sensory Stone","Better Synergies","Better Third Choice","Block Reminder","Challenge The Spire","Colored Map","Colored Powertips","Colorless Booster Pack","Conspire","DeckTracker","Disable Question Mark Monsters","Elementarium","Energized Spire","Evolution","GifTheSpireLib","Halation","HexUI Lib","Highlight Path","Hubris","Infinite Spire","Lotus Mark","Menagerie","Minty Spire (QoL Compilation)","Pale of the Ancients","Potion Indicator Mod","Quarter Circle Forward PUNCH!","Relic Stats","Replay The Spire","Reworked Bosses","Shop Mod","Small Relic Pack","Somnambulant","Spicy Shops","Spikes Relics","StSLib","Stuff the Spire","Swap Starting Deck Mod","Trackpad","Useless Jewels Mod","Wandering Minibosses","vexMod"],"gold_per_floor":[112,112,112,123,137,165,90,129,129,129,156,20,48,66,66,172,172,185,212,79,88,98,140,199,297,315,360,369,382,422,443,443,580,580,594,594,675,675,812,859,859,892,937,987,1037,57,79,119,119,119],"floor_reached":51,"language":"ENG","playtime":7136,"items_purged":["somnambulantmod: SomnambulantStrike","lotusMarks:SeasonOfFire","Grand Finale","Writhe","ReplayTheSpireMod:Restless Dread"],"score":1373,"play_id":"b9b00434-6834-4df5-918f-4588246e8ba4","local_time":"20210121141400","is_ascension_mode":true,"campfire_choices":[{"data":"somnambulantmod: SomnambulantStrike","floor":15,"key":"PURGE"},{"data":"somnambulantmod: PrimingPunch","floor":32,"key":"SMITH"},{"data":"somnambulantmod: LoseForm","floor":41,"key":"SMITH"},{"data":"Elementarium:IceblessedBlade","floor":49,"key":"SMITH"}],"circlet_count":0,"master_deck":["somnambulantmod: Defend_Somnambulant","somnambulantmod: Defend_Somnambulant","somnambulantmod: Defend_Somnambulant","somnambulantmod: Defend_Somnambulant","somnambulantmod: QuickNap","somnambulantmod: PrimingPunch+1","somnambulantmod: Repression","somnambulantmod: LayeredDefense","somnambulantmod: AllForNothing","somnambulantmod: LayeredDefense","somnambulantmod: BrainFeeder+1","somnambulantmod: DeeperSleep","somnambulantmod: Hush","somnambulantmod: Remember","somnambulantmod: Remember","somnambulantmod: Unknow","somnambulantmod: Ignorance","aspiration:Lunge","somnambulantmod: ShimmeringVeil","somnambulantmod: ShimmeringVeil","infinitespire:Gouge","somnambulantmod: Relive","Hallucinations","somnambulantmod: Repression+1","somnambulantmod: DreamBig","Elementarium:IceblessedBlade+1","somnambulantmod: HappyThoughts","CloudedMind","somnambulantmod: LoseForm+1","somnambulantmod: MuscleMemory","somnambulantmod: Harden+1","hubris:Lust","somnambulantmod: LightSleeper+1","somnambulantmod: SleepingBody+1","Injury","somnambulantmod: InLimbo+1","Midas Touch","Deep Breath","CommonCold","somnambulantmod: Wake+1"],"relics":["somnambulantmod: DreamJournal","EVO:Axolotl","infinitespire:Broken Mirror","hubris:Icosahedron","trackpad:ZombieHeart","CeramicFish","somnambulantmod: CiphersPen","relicPack:DSword","SlaversCollar","StuffTheSpire:Experiment12","Cursed Key","Lizard Tail","ReplayTheSpireMod:Ring of Collecting","Ring of Greed","Golden Idol","hubris:MobiusCoin","StuffTheSpire:Experiment12","trackpad:ByrdBGone","CrustySpines","Boot","Elementarium:ElementariumTrophy","StuffTheSpire:RunicHypercube","hubris:GlazedTorus","relicPack:OneForAll","qcfpunch:Unceasing_Flame","qcfpunch:Wrestler\u0027s_Cloak","somnambulantmod: MemoryHouse","ReplayTheSpireMod:Ring of Addiction","SacredBark","Chameleon Ring","BrokenLever","Empty Cage","Anchor","Blue Candle","hubris:TinFlute"],"acts_visited":["Menagerie:Menagerie","Elementarium:Elementarium","TheBeyond"],"potions_floor_usage":[23,25,27,50,50,50],"damage_taken":[{"damage":5,"enemies":"Menagerie:MonstrousExperiment","floor":1,"turns":6},{"damage":0,"enemies":"Menagerie:WhisperingWraith","floor":4,"turns":4},{"damage":0,"enemies":"Menagerie:StygianBoar","floor":5,"turns":3},{"damage":0,"enemies":"Menagerie:MaskedSummoner","floor":6,"turns":8},{"damage":5,"enemies":"Menagerie:VoidReaper","floor":8,"turns":5},{"damage":5,"enemies":"Menagerie:Hexasnake","floor":11,"turns":4},{"damage":2,"enemies":"Menagerie:STYGIAN_BOAR_AND_RABBIT","floor":13,"turns":4},{"damage":3,"enemies":"Menagerie:MENAGERIE_WILDLIFE","floor":14,"turns":3},{"damage":1,"enemies":"Menagerie:Chimera","floor":16,"turns":7},{"damage":2,"enemies":"Elementarium:VoidCorruption","floor":18,"turns":7},{"damage":0,"enemies":"Elementarium:Cyclone","floor":22,"turns":4},{"damage":0,"enemies":"Elementarium:WarGolem","floor":23,"turns":3},{"damage":14,"enemies":"Elementarium:FIRE_NOBILITY","floor":25,"turns":8},{"damage":10,"enemies":"Elementarium:ElementalPortal","floor":27,"turns":7},{"damage":0,"enemies":"Elementarium:RubyGolem","floor":29,"turns":2},{"damage":9,"enemies":"Elementarium:WarGolem","floor":30,"turns":3},{"damage":6,"enemies":"Elementarium:VoidBeast","floor":31,"turns":6},{"damage":0,"enemies":"Elementarium:GoldenDragon","floor":33,"turns":8},{"damage":0,"enemies":"3 Shapes","floor":35,"turns":2},{"damage":0,"enemies":"Mind Bloom Boss Battle","floor":37,"turns":4},{"damage":0,"enemies":"2 Orb Walkers","floor":39,"turns":4},{"damage":0,"enemies":"R_Hoarder","floor":40,"turns":5},{"damage":0,"enemies":"Orb Walker","floor":42,"turns":3},{"damage":0,"enemies":"Reptomancer","floor":45,"turns":6},{"damage":0,"enemies":"Transient","floor":47,"turns":5},{"damage":0,"enemies":"R_Hoarder","floor":48,"turns":7},{"damage":0,"enemies":"hubris:GrandSnecko","floor":50,"turns":6}],"seed_played":"-5486761711855396184","potions_obtained":[{"floor":6,"key":"Elixir"},{"floor":11,"key":"SpeedPotion"},{"floor":13,"key":"Dexterity Potion"},{"floor":14,"key":"Languid Potion"},{"floor":16,"key":"LifebloodPotion"},{"floor":23,"key":"Explosive Potion"},{"floor":27,"key":"PowerPotion"},{"floor":33,"key":"SkillPotion"},{"floor":37,"key":"LiquidMemories"},{"floor":43,"key":"somnambulantmod: BottledDream"},{"floor":45,"key":"Block Potion"}],"is_trial":false,"path_per_floor":["M","T","?","M","M","E","?","E","T","?","M","$","M","M","R_BF","B",null,"M","?","$","AVR","M","E","?","E","T","E","?","M","E","M","R","B",null,"M","?","?","?","?","E","R","M","T","AVR","E","$","M","E","R","B",null],"character_chosen":"THE_SOMNAMBULANT","items_purchased":["somnambulantmod: Remember","somnambulantmod: ShimmeringVeil","Blue Candle","Midas Touch","Deep Breath"],"campfire_rested":0,"item_purchase_floors":[12,20,46,46,46],"current_hp_per_floor":[72,72,72,72,72,72,72,68,68,33,29,29,29,29,29,29,85,84,84,84,84,85,86,86,74,74,65,65,66,58,53,53,54,95,98,98,99,99,101,102,102,103,103,103,104,104,103,104,104,103],"gold":119,"neow_bonus":"TEN_PERCENT_HP_BONUS","is_daily":false,"chose_seed":false,"campfire_upgraded":3,"win_rate":0.0,"timestamp":1611238440,"path_taken":["M","?","?","M","?","E","?","E","T","?","M","$","M","?","R_BF","BOSS","M","?","?","AVR","M","E","?","E","T","E","?","?","E","M","R","BOSS","M","?","?","?","?","E","R","?","T","AVR","E","$","M","E","R","BOSS"],"items_purchased_type":["Card","Card","Relic","Card","Card"],"build_version":"2020-12-22","purchased_purges":5,"victory":true,"max_hp_per_floor":[77,77,77,77,77,77,77,78,78,78,79,79,81,84,84,85,85,86,86,86,86,87,88,88,90,90,91,91,92,93,94,94,95,95,98,98,99,99,101,102,102,103,103,103,104,104,103,104,104,103],"relic_stats":{"Lizard Tail":0,"counters":[27,134],"Golden Idol":137,"CeramicFish":315,"Blue Candle":[2],"Cursed Key":2,"Boot":[88],"obtain_stats":[{"relicPack:DSword":10,"somnambulantmod: CiphersPen":9,"CeramicFish":8,"SacredBark":43,"BrokenLever":44,"trackpad:ByrdBGone":26,"EVO:Axolotl":0,"Cursed Key":21,"Boot":30,"qcfpunch:Unceasing_Flame":39,"Empty Cage":44,"relicPack:OneForAll":38,"StuffTheSpire:Experiment12":21,"trackpad:ZombieHeart":6,"Lizard Tail":23,"somnambulantmod: MemoryHouse":43,"hubris:Icosahedron":3,"Chameleon Ring":43,"somnambulantmod: DreamJournal":0,"qcfpunch:Wrestler\u0027s_Cloak":40,"hubris:TinFlute":48,"hubris:GlazedTorus":37,"hubris:MobiusCoin":24,"StuffTheSpire:RunicHypercube":34,"Golden Idol":24,"ReplayTheSpireMod:Ring of Addiction":43,"Blue Candle":46,"Ring of Greed":24,"SlaversCollar":17,"Anchor":45,"Elementarium:ElementariumTrophy":33,"infinitespire:Broken Mirror":2,"ReplayTheSpireMod:Ring of Collecting":24,"CrustySpines":27},{"relicPack:DSword":5,"somnambulantmod: CiphersPen":5,"CeramicFish":5,"SacredBark":23,"BrokenLever":23,"trackpad:ByrdBGone":13,"EVO:Axolotl":0,"Cursed Key":10,"Boot":16,"qcfpunch:Unceasing_Flame":21,"Empty Cage":23,"relicPack:OneForAll":20,"StuffTheSpire:Experiment12":10,"trackpad:ZombieHeart":4,"Lizard Tail":12,"somnambulantmod: MemoryHouse":23,"hubris:Icosahedron":1,"Chameleon Ring":23,"somnambulantmod: DreamJournal":0,"qcfpunch:Wrestler\u0027s_Cloak":22,"hubris:TinFlute":26,"hubris:GlazedTorus":20,"hubris:MobiusCoin":12,"StuffTheSpire:RunicHypercube":18,"Golden Idol":12,"ReplayTheSpireMod:Ring of Addiction":23,"Blue Candle":24,"Ring of Greed":12,"SlaversCollar":9,"Anchor":24,"Elementarium:ElementariumTrophy":18,"infinitespire:Broken Mirror":1,"ReplayTheSpireMod:Ring of Collecting":12,"CrustySpines":14},{"relicPack:DSword":26,"somnambulantmod: CiphersPen":26,"CeramicFish":26,"SacredBark":110,"BrokenLever":110,"trackpad:ByrdBGone":66,"EVO:Axolotl":0,"Cursed Key":51,"Boot":78,"qcfpunch:Unceasing_Flame":102,"Empty Cage":110,"relicPack:OneForAll":98,"StuffTheSpire:Experiment12":51,"trackpad:ZombieHeart":21,"Lizard Tail":58,"somnambulantmod: MemoryHouse":110,"hubris:Icosahedron":6,"Chameleon Ring":110,"somnambulantmod: DreamJournal":0,"qcfpunch:Wrestler\u0027s_Cloak":107,"hubris:TinFlute":128,"hubris:GlazedTorus":98,"hubris:MobiusCoin":58,"StuffTheSpire:RunicHypercube":92,"Golden Idol":58,"ReplayTheSpireMod:Ring of Addiction":110,"Blue Candle":116,"Ring of Greed":58,"SlaversCollar":44,"Anchor":116,"Elementarium:ElementariumTrophy":92,"infinitespire:Broken Mirror":6,"ReplayTheSpireMod:Ring of Collecting":58,"CrustySpines":73}]},"card_choices":[{"not_picked":["somnambulantmod: OpeningUp","somnambulantmod: ViralIdea"],"picked":"somnambulantmod: Repression","floor":1},{"not_picked":["somnambulantmod: MindWave","somnambulantmod: NightmareFuel"],"picked":"somnambulantmod: LayeredDefense","floor":4},{"not_picked":["somnambulantmod: ViralIdea","somnambulantmod: Trauma"],"picked":"somnambulantmod: AllForNothing","floor":5},{"not_picked":["somnambulantmod: Unmake","somnambulantmod: Mindlessness"],"picked":"somnambulantmod: LayeredDefense","floor":6},{"not_picked":["somnambulantmod: Hush+1","somnambulantmod: NightmareFuel+1"],"picked":"somnambulantmod: BrainFeeder+1","floor":7},{"not_picked":["somnambulantmod: MindWave","somnambulantmod: AllForNothing"],"picked":"somnambulantmod: DeeperSleep","floor":8},{"not_picked":["somnambulantmod: SleepingBody","somnambulantmod: HorrificThought"],"picked":"somnambulantmod: Hush","floor":11},{"not_picked":["somnambulantmod: Pinch","somnambulantmod: Cower"],"picked":"somnambulantmod: Unknow","floor":13},{"not_picked":["somnambulantmod: RecurringDream","somnambulantmod: UnthoughtKnown","somnambulantmod: AllForNothing"],"picked":"SKIP","floor":14},{"not_picked":["somnambulantmod: Narcolepsy","somnambulantmod: Refracture"],"picked":"somnambulantmod: Ignorance","floor":16},{"not_picked":["somnambulantmod: LayeredDefense","somnambulantmod: LeechFears+1","somnambulantmod: SnuggleUp+1"],"picked":"SKIP","floor":18},{"not_picked":["somnambulantmod: AllForNothing","somnambulantmod: Unknow","somnambulantmod: Bruise"],"picked":"SKIP","floor":22},{"not_picked":["somnambulantmod: HeadSmack","somnambulantmod: NightmareFuel"],"picked":"somnambulantmod: Relive","floor":23},{"not_picked":["somnambulantmod: Unknow","somnambulantmod: Unmake"],"picked":"somnambulantmod: Repression+1","floor":25},{"not_picked":["somnambulantmod: BrainFeeder","somnambulantmod: Bruise"],"picked":"somnambulantmod: DreamBig","floor":27},{"not_picked":["somnambulantmod: Reject","somnambulantmod: OpeningUp","somnambulantmod: ShowerThought"],"picked":"SKIP","floor":29},{"not_picked":["somnambulantmod: Cower","somnambulantmod: BrainFeeder"],"picked":"somnambulantmod: HappyThoughts","floor":30},{"not_picked":["somnambulantmod: ShowerThought","somnambulantmod: Blink","somnambulantmod: TrepanningBlow+1"],"picked":"SKIP","floor":31},{"not_picked":["somnambulantmod: Narcolepsy","somnambulantmod: Refracture"],"picked":"somnambulantmod: LoseForm","floor":33},{"not_picked":["somnambulantmod: HeadSmack+1","somnambulantmod: TrepanningBlow+1","somnambulantmod: Cower+1"],"picked":"SKIP","floor":35},{"not_picked":["somnambulantmod: SleepParalysis","somnambulantmod: TrepanningBlow"],"picked":"somnambulantmod: MuscleMemory","floor":37},{"not_picked":["somnambulantmod: MindWave+1","somnambulantmod: Sleepyhead+1"],"picked":"somnambulantmod: Harden+1","floor":39},{"not_picked":["somnambulantmod: Stumble+1","somnambulantmod: DeeperSleep"],"picked":"somnambulantmod: LightSleeper+1","floor":40},{"not_picked":["somnambulantmod: HeavyLids","somnambulantmod: Unknow+1"],"picked":"somnambulantmod: SleepingBody+1","floor":42},{"not_picked":["somnambulantmod: DreamBig","somnambulantmod: LoseForm"],"picked":"somnambulantmod: InLimbo+1","floor":45},{"not_picked":["somnambulantmod: Repression","somnambulantmod: UnthoughtKnown","somnambulantmod: Remember"],"picked":"SKIP","floor":47},{"not_picked":["somnambulantmod: LeechFears+1","somnambulantmod: Cower"],"picked":"somnambulantmod: Wake+1","floor":48}],"player_experience":386014,"relics_obtained":[{"floor":2,"key":"infinitespire:Broken Mirror"},{"floor":6,"key":"trackpad:ZombieHeart"},{"floor":8,"key":"CeramicFish"},{"floor":9,"key":"somnambulantmod: CiphersPen"},{"floor":23,"key":"Lizard Tail"},{"floor":24,"key":"ReplayTheSpireMod:Ring of Collecting"},{"floor":24,"key":"Ring of Greed"},{"floor":24,"key":"Golden Idol"},{"floor":24,"key":"hubris:MobiusCoin"},{"floor":25,"key":"StuffTheSpire:Experiment12"},{"floor":26,"key":"trackpad:ByrdBGone"},{"floor":27,"key":"CrustySpines"},{"floor":30,"key":"Boot"},{"floor":37,"key":"hubris:GlazedTorus"},{"floor":39,"key":"qcfpunch:Unceasing_Flame"},{"floor":40,"key":"qcfpunch:Wrestler\u0027s_Cloak"},{"floor":43,"key":"somnambulantmod: MemoryHouse"},{"floor":43,"key":"ReplayTheSpireMod:Ring of Addiction"},{"floor":43,"key":"SacredBark"},{"floor":43,"key":"Chameleon Ring"},{"floor":45,"key":"Anchor"},{"floor":48,"key":"hubris:TinFlute"}],"event_choices":[{"damage_healed":0,"gold_gain":0,"player_choice":"2","damage_taken":0,"max_hp_gain":0,"max_hp_loss":0,"event_name":"betterMatch:BetterMatch","floor":7,"gold_loss":0,"cards_obtained":["betterMatch:UncommonCard"]},{"damage_healed":0,"gold_gain":0,"player_choice":"Take","damage_taken":0,"max_hp_gain":0,"max_hp_loss":0,"event_name":"Elementarium:BladeSeller","floor":28,"gold_loss":0,"cards_obtained":["Elementarium:IceblessedBlade"]},{"cards_removed":["somnambulantmod: Defend_Somnambulant"],"damage_healed":0,"gold_gain":0,"player_choice":"Removed Skill","damage_taken":0,"max_hp_gain":0,"max_hp_loss":0,"event_name":"Falling","floor":36,"gold_loss":0},{"damage_healed":0,"gold_gain":0,"player_choice":"Fight","damage_taken":0,"max_hp_gain":0,"max_hp_loss":0,"event_name":"MindBloom","floor":37,"gold_loss":0},{"damage_healed":0,"gold_gain":0,"player_choice":"Fight","damage_taken":0,"max_hp_gain":0,"max_hp_loss":0,"event_name":"Mysterious Sphere","floor":39,"gold_loss":0}],"is_beta":false,"boss_relics":[{"not_picked":["relicPack:KazumaCape","vexMod:ImprovementManual"],"picked":"SlaversCollar"},{"not_picked":["qcfpunch:Dark_Gi","hubris:TerracottaHorce"],"picked":"StuffTheSpire:RunicHypercube"}],"items_purged_floors":[12,20,21,44,46],"is_endless":false,"potions_floor_spawned":[6,11,13,14,16,18,23,27,33,37,39,45],"ascension_level":1}}