{"host":"0ricjaa7rfq9v76t","time":1611221810,"event":{"mods":["AchievementEnabler","Aspiration","BaseMod","Better Vampires","BetterRewards","Colored Powertips","Highlight Path","Hubris","Infinite Spire","Minty Spire (QoL Compilation)","Quick Restart","Rare Cards Sparkle","Relic Sorter","Replay The Spire","StSLib","SuperFastMode","Synergy Search","The Cursed","The Disciple","The Jungle","The Marked","The Runesmith","Uncapped"],"gold_per_floor":[114,134,134,147,147,147,175,75,75,85,85,103,118,134,134,237,237,257,172,172,191,191,191,209,229,256,268,268,268,268,143,143,143,143],"floor_reached":33,"language":"ENG","playtime":1677,"items_purged":["Strike_B","Defend_B","Defend_B","Strike_B"],"score":349,"play_id":"5cfaf993-c708-426c-8503-05758bcb2ce1","local_time":"20210121173650","is_ascension_mode":false,"campfire_choices":[{"data":"Storm","floor":6,"key":"SMITH"},{"floor":11,"key":"REST"},{"floor":15,"key":"REST"},{"floor":23,"key":"REST"},{"floor":28,"key":"REST"},{"data":"Electrodynamics","floor":30,"key":"SMITH"},{"floor":32,"key":"DIG"}],"circlet_count":0,"master_deck":["Strike_B","Defend_B","Defend_B","Zap","Dualcast+1","Gash","Storm+1","Reinforced Body","ReplayGash+1","Rebound","Biased Cognition","Genetic Algorithm+1","Conserve Battery","Machine Learning","Electrodynamics+1","Self Repair+1","infinitespire:Oblivion","infinitespire:TheBestDefense","Genetic Algorithm+1","Turbo"],"relics":["Cracked Core","infinitespire:FocusingShard","Eternal Feather","aspiration:Stellarator","Onion Ring","Medical Kit","War Paint","MutagenicStrength","infinitespire:EmpoweringShard"],"acts_visited":["Exordium","TheCity"],"potions_floor_usage":[10,16,16,16,21,33,33],"damage_taken":[{"damage":0,"enemies":"2 Louse","floor":1,"turns":2},{"damage":10,"enemies":"Cultist","floor":2,"turns":4},{"damage":3,"enemies":"Jaw Worm","floor":4,"turns":3},{"damage":22,"enemies":"3 Sentries","floor":7,"turns":6},{"damage":9,"enemies":"Gremlin Gang","floor":10,"turns":3},{"damage":0,"enemies":"2 Fungi Beasts","floor":12,"turns":3},{"damage":9,"enemies":"3 Louse","floor":13,"turns":4},{"damage":13,"enemies":"Exordium Wildlife","floor":14,"turns":4},{"damage":29,"enemies":"The Guardian","floor":16,"turns":12},{"damage":12,"enemies":"Spheric Guardian","floor":18,"turns":5},{"damage":17,"enemies":"Chosen","floor":21,"turns":5},{"damage":8,"enemies":"Snecko","floor":24,"turns":4},{"damage":21,"enemies":"Cultist and Chosen","floor":25,"turns":5},{"damage":39,"enemies":"Snake Plant","floor":27,"turns":4},{"damage":81,"enemies":"hubris:MusketHawk","floor":33,"turns":9}],"seed_played":"6495811365614340629","potions_obtained":[{"floor":1,"key":"Strength Potion"},{"floor":4,"key":"Adrenaline Potion"},{"floor":13,"key":"Block Potion"},{"floor":14,"key":"Reflective Coating"},{"floor":16,"key":"Swift Potion"},{"floor":18,"key":"SkillPotion"},{"floor":21,"key":"FearPotion"}],"is_trial":false,"path_per_floor":["M","M","?","M","?","R","E","$","T","M","R","M","M","M","R","B",null,"M","?","?","M","AVR","R","M","M","T","M","R","?","R","$","R","B"],"character_chosen":"DEFECT","items_purchased":["Gash","Storm","Reinforced Body"],"campfire_rested":4,"item_purchase_floors":[0,0,0],"current_hp_per_floor":[63,53,53,50,50,50,28,28,28,19,47,47,38,25,56,27,75,63,63,49,32,32,65,67,56,56,27,63,63,75,75,80,0,0],"gold":143,"neow_bonus":"","is_daily":false,"chose_seed":false,"campfire_upgraded":2,"win_rate":0.0,"timestamp":1611221810,"path_taken":["M","M","?","?","?","R","E","$","T","?","R","M","?","M","R","BOSS","M","?","?","M","AVR","R","M","M","T","M","R","?","R","$","R","BOSS"],"items_purchased_type":["Card","Card","Card"],"build_version":"2020-12-22","purchased_purges":4,"victory":false,"max_hp_per_floor":[75,75,75,75,75,75,75,75,75,75,75,75,75,75,75,75,75,75,75,80,80,80,80,80,80,80,80,80,80,80,80,80,80,80],"card_choices":[{"not_picked":["Panic Button","Chill"],"picked":"ReplayGash","floor":1},{"not_picked":["Stack","BasicCrystalCard"],"picked":"Rebound","floor":2},{"not_picked":["Cold Snap","aspiration:Polymerization","Leap"],"picked":"SKIP","floor":4},{"not_picked":["Blizzard","Leap","Panic Button"],"picked":"SKIP","floor":7},{"not_picked":["Cold Snap","Redo","Steam"],"picked":"SKIP","floor":10},{"not_picked":["Coolheaded","Melter"],"picked":"Genetic Algorithm","floor":12},{"not_picked":["Rebound","FTL"],"picked":"Conserve Battery","floor":13},{"not_picked":["Redo","Double Energy"],"picked":"Machine Learning","floor":14},{"not_picked":["Seek","Fission"],"picked":"Electrodynamics","floor":16},{"not_picked":["Steam","Stack","Recycle+1"],"picked":"SKIP","floor":18},{"not_picked":["ReplaySolidLightProjector+1","Streamline+1"],"picked":"Self Repair+1","floor":21},{"not_picked":["Rip and Tear+1","Skim","Lockon"],"picked":"SKIP","floor":24},{"not_picked":["Streamline","Chaos"],"picked":"Genetic Algorithm+1","floor":25},{"not_picked":["Ball Lightning","BasicCrystalCard"],"picked":"Turbo","floor":27}],"player_experience":176343,"relics_obtained":[{"floor":7,"key":"infinitespire:FocusingShard"},{"floor":9,"key":"Eternal Feather"},{"floor":26,"key":"War Paint"},{"floor":32,"key":"infinitespire:EmpoweringShard"}],"event_choices":[{"damage_healed":0,"gold_gain":0,"cards_transformed":["Strike_B"],"player_choice":"Transformed","damage_taken":0,"max_hp_gain":0,"max_hp_loss":0,"event_name":"Transmorgrifier","floor":3,"gold_loss":0,"cards_obtained":["Biased Cognition"]},{"damage_healed":0,"gold_gain":0,"player_choice":"Upgraded","damage_taken":0,"max_hp_gain":0,"max_hp_loss":0,"event_name":"Upgrade Shrine","floor":5,"gold_loss":0,"cards_upgraded":["ReplayGash"]},{"damage_healed":0,"gold_gain":0,"player_choice":"Obtained Relic","damage_taken":0,"relics_obtained":["Onion Ring"],"max_hp_gain":0,"max_hp_loss":0,"event_name":"Addict","floor":19,"gold_loss":85},{"damage_healed":0,"gold_gain":0,"player_choice":"Shed Blood","damage_taken":19,"max_hp_gain":5,"max_hp_loss":0,"event_name":"Forgotten Altar","floor":20,"gold_loss":0},{"damage_healed":0,"gold_gain":0,"player_choice":"Inject Mutagens","damage_taken":0,"relics_obtained":["MutagenicStrength"],"max_hp_gain":0,"max_hp_loss":0,"event_name":"Drug Dealer","floor":29,"gold_loss":0}],"is_beta":false,"boss_relics":[{"not_picked":["infinitespire:Cupcake","ReplayTheSpireMod:DimensionalGlitch"],"picked":"aspiration:Stellarator"}],"items_purged_floors":[0,8,22,31],"is_endless":false,"potions_floor_spawned":[1,4,13,14,16,18,21],"killed_by":"hubris:MusketHawk","ascension_level":0}}