{"host":"k5ce38i4ey85p5tz","time":1611224639,"event":{"mods":["BaseMod","Colored Map","Colored Powertips","Downfall","Highlight Path","Marisa£®ÏF”Í°°ƒß¿Ì…≥£©","Minty Spire (QoL Compilation)","Quick Restart","StSLib","Td1madao Mod","The Bug Knight","The Servant 0.9.4","°æ“≈ŒÔø®≈∆°øREMEMod"],"gold_per_floor":[111,122,132,132,307,307,65,65,65,96,96,115,127,142,142,261,261,291,52,52,52,0,0,31,31,56,66,66,101,128,154,154,154,154],"floor_reached":33,"language":"ZHS","playtime":3274,"items_purged":["Doubt"],"score":325,"play_id":"205dbb64-ccb3-4ce6-9bdc-5a55250ca9c4","local_time":"20210121182359","is_ascension_mode":false,"campfire_choices":[{"data":"AlicesGift","floor":6,"key":"SMITH"},{"data":"PowerUp","floor":11,"key":"SMITH"},{"data":"MysteriousBeam","floor":15,"key":"SMITH"},{"data":"EnergyFlow","floor":23,"key":"SMITH"},{"data":"BinaryStars","floor":25,"key":"SMITH"},{"data":"ChargingUp","floor":32,"key":"SMITH"}],"circlet_count":0,"master_deck":["Defend_MRS","Defend_MRS","Defend_MRS","Defend_MRS","MasterSpark","UpSweep","AlicesGift+1","MachineGunSpark","PowerUp+1","MysteriousBeam+1","WitchOfGreed","MilkyWay","Acceleration","DC","SporeBomb","AsteroidBelt","OortCloud","StarBarrage","MaximisePower","WitchLeyline+1","PulseMagic","EnergyFlow+1","MysteriousBeam","MagicChant","Necronomicurse","Bite","Bite","Bite","Bite","Bite","BinaryStars+1","WitchLeyline+1","RitualDagger","ChargingUp+1","Singularity+1"],"relics":["MiniHakkero","REME_ComplimentaryCards","Bag of Marbles","Darkstone Periapt","Runic Pyramid","Necronomicon","Centennial Puzzle","REME_HandOfSuture","CaptainsWheel","PreservedInsect"],"acts_visited":["Exordium","TheCity"],"potions_floor_usage":[16,16,16,29,33,33,33],"damage_taken":[{"damage":1,"enemies":"Cultist","floor":1,"turns":4},{"damage":1,"enemies":"Jaw Worm","floor":2,"turns":3},{"damage":0,"enemies":"2 Louse","floor":3,"turns":2},{"damage":4,"enemies":"Blue Slaver","floor":10,"turns":3},{"damage":0,"enemies":"Lots of Slimes","floor":12,"turns":3},{"damage":5,"enemies":"3 Louse","floor":13,"turns":2},{"damage":6,"enemies":"Exordium Wildlife","floor":14,"turns":5},{"damage":20,"enemies":"The Guardian","floor":16,"turns":7},{"damage":10,"enemies":"Chosen","floor":18,"turns":3},{"damage":6,"enemies":"Book of Stabbing","floor":24,"turns":2},{"damage":0,"enemies":"Spheric Guardian","floor":27,"turns":2},{"damage":11,"enemies":"HollowMod:Nosk","floor":29,"turns":4},{"damage":3,"enemies":"Snake Plant","floor":30,"turns":4},{"damage":68,"enemies":"Automaton","floor":33,"turns":10}],"seed_played":"-6984932774203155790","potions_obtained":[{"floor":1,"key":"Weak Potion"},{"floor":8,"key":"ShroomBrew"},{"floor":8,"key":"SpeedPotion"},{"floor":10,"key":"DuplicationPotion"},{"floor":10,"key":"PowerPotion"},{"floor":18,"key":"SpeedPotion"},{"floor":27,"key":"SteroidPotion"},{"floor":29,"key":"SpeedPotion"},{"floor":30,"key":"Block Potion"}],"is_trial":false,"path_per_floor":["M","M","M","T","?","R","$","?","T","M","R","M","M","M","R","B",null,"M","$","?","?","?","R","E","R","T","M","?","E","M","T","R","B"],"character_chosen":"MARISA","items_purchased":["WitchOfGreed","MilkyWay","Acceleration","DC","PulseMagic","EnergyFlow","MysteriousBeam","MagicChant"],"campfire_rested":0,"item_purchase_floors":[7,7,7,7,19,19,19,19],"current_hp_per_floor":[81,80,80,80,80,80,80,80,80,76,76,76,71,65,65,45,82,72,72,62,61,61,61,55,55,55,55,49,42,41,41,41,0,0],"gold":154,"neow_bonus":"TEN_PERCENT_HP_BONUS","is_daily":false,"chose_seed":false,"campfire_upgraded":6,"win_rate":0.0,"timestamp":1611224639,"path_taken":["M","?","?","?","?","R","$","?","T","?","R","M","M","M","R","BOSS","M","$","?","?","?","R","E","R","T","M","?","E","M","?","R","BOSS"],"items_purchased_type":["Card","Card","Card","Card","Card","Card","Card","Card"],"build_version":"2020-12-22","purchased_purges":1,"victory":false,"max_hp_per_floor":[82,82,82,82,82,82,82,82,82,82,82,82,82,82,82,82,82,82,82,88,61,61,61,61,61,61,61,61,61,61,61,61,61,61],"card_choices":[{"not_picked":["DragonMeteor","GravityBeat"],"picked":"MachineGunSpark","floor":1},{"not_picked":["MachineGunSpark","UnstableBomb"],"picked":"PowerUp","floor":2},{"not_picked":["GravityBeat","NonDirectionalLaser"],"picked":"MysteriousBeam","floor":3},{"not_picked":["UnstableBomb","ShootingEcho"],"picked":"SporeBomb","floor":10},{"not_picked":["OneTimeOff","BigCrunch"],"picked":"AsteroidBelt","floor":12},{"not_picked":["PowerUp","NonDirectionalLaser"],"picked":"OortCloud","floor":13},{"not_picked":["DragonMeteor","DoubleSpark"],"picked":"StarBarrage","floor":14},{"not_picked":["SatelliteIllusion","BlazingStar"],"picked":"MaximisePower","floor":16},{"not_picked":["GalacticHalo+1","UnstableBomb"],"picked":"WitchLeyline+1","floor":18},{"not_picked":["WitchLeyline","DC"],"picked":"BinaryStars","floor":24},{"not_picked":["UnstableBomb+1","NonDirectionalLaser"],"picked":"WitchLeyline+1","floor":27},{"not_picked":["6A+1","EarthLightRay"],"picked":"ChargingUp","floor":29},{"not_picked":["PropBag","MeteoricShower"],"picked":"Singularity+1","floor":30}],"player_experience":30582,"relics_obtained":[{"floor":4,"key":"Bag of Marbles"},{"floor":9,"key":"Darkstone Periapt"},{"floor":20,"key":"Necronomicon"},{"floor":24,"key":"Centennial Puzzle"},{"floor":26,"key":"REME_HandOfSuture"},{"floor":29,"key":"CaptainsWheel"},{"floor":31,"key":"PreservedInsect"}],"event_choices":[{"damage_healed":0,"gold_gain":175,"player_choice":"AGREE","damage_taken":0,"max_hp_gain":0,"max_hp_loss":0,"event_name":"Liars Game","floor":5,"gold_loss":0,"cards_obtained":["Doubt"]},{"damage_healed":0,"gold_gain":0,"player_choice":"Got Potions","damage_taken":0,"max_hp_gain":0,"max_hp_loss":0,"event_name":"Lab","floor":8,"gold_loss":0},{"damage_healed":0,"gold_gain":0,"player_choice":"Obtained Book","damage_taken":16,"max_hp_gain":0,"max_hp_loss":0,"event_name":"Cursed Tome","floor":20,"gold_loss":0},{"damage_healed":0,"gold_gain":0,"player_choice":"Became a vampire","damage_taken":0,"max_hp_gain":0,"max_hp_loss":27,"event_name":"Vampires","floor":21,"gold_loss":0,"cards_obtained":["Bite","Bite","Bite","Bite","Bite"]},{"damage_healed":0,"gold_gain":0,"player_choice":"Paid Fearfully","damage_taken":0,"max_hp_gain":0,"max_hp_loss":0,"event_name":"Masked Bandits","floor":22,"gold_loss":52},{"damage_healed":0,"gold_gain":0,"player_choice":"Joined the Cult","damage_taken":6,"max_hp_gain":0,"max_hp_loss":0,"event_name":"Nest","floor":28,"gold_loss":0,"cards_obtained":["RitualDagger"]}],"is_beta":false,"boss_relics":[{"not_picked":["RampagingMagicTools","Velvet Choker"],"picked":"Runic Pyramid"}],"items_purged_floors":[7],"is_endless":false,"potions_floor_spawned":[1,10,12,27,29,30],"killed_by":"Automaton","ascension_level":0}}