{"host":"qgpqu878cmwvz894","time":1611226129,"event":{"mods":["AchievementEnabler","BaseMod","Colored Map","Minty Spire (QoL Compilation)","Rare Cards Sparkle","SuperFastMode"],"gold_per_floor":[117,117,117,117,133,133,147,147,147,161,161,185,185,203,203,203,203],"floor_reached":16,"language":"KOR","playtime":680,"items_purged":[],"score":97,"play_id":"305517f9-a10b-4a3f-bee2-b071ceb67c9d","local_time":"20210121194849","is_ascension_mode":true,"campfire_choices":[{"floor":6,"key":"RECALL"},{"data":"Thunderclap","floor":8,"key":"SMITH"},{"data":"Bash","floor":11,"key":"SMITH"},{"data":"Perfected Strike","floor":13,"key":"SMITH"},{"data":"Uppercut","floor":15,"key":"SMITH"}],"circlet_count":0,"master_deck":["Strike_R","Strike_R","Strike_R+1","Strike_R","Strike_R+1","Defend_R","Defend_R","Defend_R+1","Defend_R+1","Bash+1","Uppercut+1","Thunderclap+1","Heavy Blade","Burning Pact","Perfected Strike+1","Intimidate"],"relics":["Burning Blood","Whetstone","Golden Idol"],"acts_visited":["Exordium"],"potions_floor_usage":[12,14],"damage_taken":[{"damage":6,"enemies":"Cultist","floor":1,"turns":4},{"damage":0,"enemies":"Jaw Worm","floor":5,"turns":4},{"damage":6,"enemies":"2 Louse","floor":7,"turns":3},{"damage":20,"enemies":"Lots of Slimes","floor":10,"turns":3},{"damage":5,"enemies":"Large Slime","floor":12,"turns":4},{"damage":10,"enemies":"Gremlin Gang","floor":14,"turns":3},{"damage":58,"enemies":"Slime Boss","floor":16,"turns":8}],"seed_played":"6992571266552913250","potions_obtained":[{"floor":5,"key":"SteroidPotion"},{"floor":10,"key":"Explosive Potion"}],"is_trial":false,"path_per_floor":["M","?","?","?","M","R","M","R","T","M","R","M","R","M","R","B"],"character_chosen":"IRONCLAD","items_purchased":[],"campfire_rested":0,"item_purchase_floors":[],"current_hp_per_floor":[80,64,64,64,70,70,70,70,70,56,56,57,57,53,53,0,0],"gold":203,"neow_bonus":"RANDOM_COMMON_RELIC","is_daily":false,"chose_seed":false,"campfire_upgraded":4,"win_rate":0.0,"timestamp":1611226129,"path_taken":["M","?","?","?","?","R","M","R","T","M","R","M","R","M","R","BOSS"],"items_purchased_type":[],"build_version":"2020-12-22","purchased_purges":0,"victory":false,"max_hp_per_floor":[80,80,80,80,80,80,80,80,80,80,80,80,80,80,80,80,80],"card_choices":[{"not_picked":["Twin Strike","Warcry"],"picked":"Uppercut","floor":1},{"not_picked":["Combust","Barricade"],"picked":"Thunderclap","floor":5},{"not_picked":["Pommel Strike","Sentinel"],"picked":"Heavy Blade","floor":7},{"not_picked":["Reckless Charge","Warcry"],"picked":"Burning Pact","floor":10},{"not_picked":["Anger","Sentinel"],"picked":"Perfected Strike","floor":12},{"not_picked":["Ghostly Armor","Headbutt"],"picked":"Intimidate","floor":14}],"player_experience":105104,"relics_obtained":[],"event_choices":[{"damage_healed":0,"gold_gain":0,"player_choice":"Entered Light","damage_taken":16,"max_hp_gain":0,"max_hp_loss":0,"event_name":"Shining Light","floor":2,"gold_loss":0,"cards_upgraded":["Defend_R","Defend_R"]},{"damage_healed":0,"gold_gain":0,"player_choice":"Take Wound","damage_taken":0,"relics_obtained":["Golden Idol"],"max_hp_gain":0,"max_hp_loss":0,"event_name":"Golden Idol","floor":3,"gold_loss":0,"cards_obtained":["Injury"]},{"cards_removed":["Injury"],"damage_healed":0,"gold_gain":0,"player_choice":"Removed Curses","damage_taken":0,"max_hp_gain":0,"max_hp_loss":0,"event_name":"Fountain of Cleansing","floor":4,"gold_loss":0}],"is_beta":false,"boss_relics":[],"items_purged_floors":[],"is_endless":false,"potions_floor_spawned":[5,10],"killed_by":"Slime Boss","ascension_level":1}}