{"host":"d61fcf2p3sjwe6yo","time":1611244797,"event":{"mods":["AchievementEnabler","BaseMod","Colored Map","Downfall","Minty Spire (QoL Compilation)","StSLib","SuperFastMode"],"gold_per_floor":[99,116,127,145,164,164,164,164],"floor_reached":6,"language":"ENG","playtime":320,"items_purged":[],"score":57,"play_id":"e4c358bd-4326-4b70-902e-ff90b1e7b1e9","local_time":"20210121185957","is_ascension_mode":true,"campfire_choices":[{"floor":1,"key":"RECALL"}],"circlet_count":0,"master_deck":["AscendersBane","sneckomod:Strike","sneckomod:Strike","sneckomod:Strike","sneckomod:Defend","sneckomod:Defend","sneckomod:Defend","sneckomod:TailWhip","sneckomod:SnekBite","sneckomod:Unknown","sneckomod:Unknown","sneckomod:ImprovisedGuard","sneckomod:UnknownCommonAttack","sneckomod:UnknownExhaust","sneckomod:UnknownExhaust"],"relics":["sneckomod:SneckoSoul"],"acts_visited":["Exordium"],"potions_floor_usage":[6],"damage_taken":[{"damage":6,"enemies":"2 Louse","floor":2,"turns":3},{"damage":11,"enemies":"Cultist","floor":3,"turns":4},{"damage":14,"enemies":"Jaw Worm","floor":4,"turns":3},{"damage":32,"enemies":"3 Louse","floor":5,"turns":5},{"damage":22,"enemies":"3 Sentries","floor":6,"turns":4}],"seed_played":"4184726400633747635","potions_obtained":[{"floor":4,"key":"PowerPotion"},{"floor":5,"key":"GamblersBrew"}],"is_trial":false,"path_per_floor":["R","M","M","M","M","E"],"character_chosen":"THE_SNECKO","items_purchased":[],"campfire_rested":0,"item_purchase_floors":[],"current_hp_per_floor":[90,84,73,59,27,5,5,5],"gold":164,"neow_bonus":"TEN_PERCENT_HP_BONUS","is_daily":false,"chose_seed":false,"campfire_upgraded":0,"win_rate":0.0,"timestamp":1611244797,"path_taken":["R","M","M","M","M","E"],"items_purchased_type":[],"build_version":"2020-12-22","purchased_purges":0,"victory":false,"max_hp_per_floor":[99,99,99,99,99,99,99,99],"card_choices":[{"not_picked":["sneckomod:SoulRoll","sneckomod:WideSting"],"picked":"sneckomod:ImprovisedGuard","floor":2},{"not_picked":["sneckomod:SoulDraw","sneckomod:RainOfDice"],"picked":"sneckomod:UnknownCommonAttack","floor":3},{"not_picked":["sneckomod:UnknownColorless","sneckomod:Nope"],"picked":"sneckomod:UnknownExhaust","floor":4},{"not_picked":["sneckomod:SoulCleanse","sneckomod:UnknownCommonAttack"],"picked":"sneckomod:UnknownExhaust","floor":5}],"player_experience":648112,"relics_obtained":[],"event_choices":[],"is_beta":false,"boss_relics":[],"items_purged_floors":[],"is_endless":false,"potions_floor_spawned":[4,5],"killed_by":"3 Sentries","ascension_level":10}}