{"host":"z9811rt50ti81n54","time":1611231295,"event":{"mods":["BaseMod","Better Match","Better Skull","Better Third Choice","Minty Spire (QoL Compilation)","Permanent Neow","StSLib","SuperFastMode"],"gold_per_floor":[117,11,11,11,31,31,31,31,31,31,31,31,47,11,11,116,116,127,143,68,68,85,85,103,103,128,128,142,67,86,12,12,114,114,132,32,51,51,69,69,85,85,161,1,13,13,13,13,13,13],"floor_reached":51,"language":"ENG","playtime":2279,"items_purged":["Strike_B","Strike_B","Strike_B"],"score":633,"play_id":"e5b1d4f3-e566-4bcf-8708-56a521ae2fb5","local_time":"20210121211455","is_ascension_mode":false,"campfire_choices":[{"data":"Zap","floor":6.0,"key":"SMITH"},{"data":"White Noise","floor":8.0,"key":"SMITH"},{"data":"Dualcast","floor":11.0,"key":"SMITH"},{"data":"Self Repair","floor":15.0,"key":"SMITH"},{"data":"Biased Cognition","floor":23,"key":"SMITH"},{"data":"Static Discharge","floor":25,"key":"SMITH"},{"data":"Capacitor","floor":27,"key":"SMITH"},{"data":"Amplify","floor":32,"key":"SMITH"},{"floor":40,"key":"REST"},{"floor":42,"key":"RECALL"},{"floor":47,"key":"REST"},{"floor":49,"key":"REST"}],"circlet_count":0,"master_deck":["Defend_B","Defend_B","Defend_B","Zap+1","Dualcast+1","Scrape","White Noise+1","Sweeping Beam","Self Repair+1","Cold Snap","Capacitor+1","Static Discharge+1","Biased Cognition+1","Hologram+1","Gash","Barrage+1","Amplify+1","Steam Power","Hello World","Core Surge","Recycle+1","Recycle","Reinforced Body+1","Fusion+1","Undo"],"relics":["Cracked Core","FaceOfCleric","Bird Faced Urn","Omamori","WarpedTongs","Inserter","Necronomicon","Happy Flower","Fusion Hammer","Letter Opener"],"acts_visited":["Exordium","TheCity","TheBeyond"],"potions_floor_usage":[33],"damage_taken":[{"damage":1.0,"enemies":"Cultist","floor":1.0,"turns":3.0},{"damage":2.0,"enemies":"Small Slimes","floor":5.0,"turns":3.0},{"damage":6.0,"enemies":"Jaw Worm","floor":13.0,"turns":2.0},{"damage":59.0,"enemies":"Slime Boss","floor":16.0,"turns":10.0},{"damage":3.0,"enemies":"Spheric Guardian","floor":18.0,"turns":4.0},{"damage":11,"enemies":"Shell Parasite","floor":19,"turns":5},{"damage":8,"enemies":"Cultist and Chosen","floor":22,"turns":4},{"damage":4,"enemies":"Snecko","floor":24,"turns":5},{"damage":36,"enemies":"Shelled Parasite and Fungi","floor":28,"turns":4},{"damage":10,"enemies":"Chosen and Byrds","floor":30,"turns":6},{"damage":16,"enemies":"Champ","floor":33,"turns":8},{"damage":11,"enemies":"3 Shapes","floor":35,"turns":2},{"damage":11,"enemies":"Orb Walker","floor":37,"turns":3},{"damage":22,"enemies":"Maw","floor":39,"turns":6},{"damage":23,"enemies":"Writhing Mass","floor":41,"turns":5},{"damage":9,"enemies":"Transient","floor":45,"turns":5},{"damage":80,"enemies":"Donu and Deca","floor":50,"turns":6}],"seed_played":"3335744596298265216","potions_obtained":[{"floor":1.0,"key":"PotionOfCapacity"},{"floor":18.0,"key":"Swift Potion"},{"floor":19,"key":"BlessingOfTheForge"},{"floor":28,"key":"SpeedPotion"},{"floor":39,"key":"Weak Potion"},{"floor":45,"key":"Strength Potion"}],"is_trial":false,"path_per_floor":["M","$","$","?","M","R","?","R","T","?","R","$","M","$","R","B",null,"M","M","?","?","M","R","M","R","T","R","M","$","M","$","R","B",null,"M","$","M","?","M","R","M","R","T","$","M","?","R","?","R","B",null],"character_chosen":"DEFECT","items_purchased":["Sweeping Beam","Self Repair","Static Discharge","Hello World","Undo"],"campfire_rested":3,"item_purchase_floors":[2,2,14,31,44],"current_hp_per_floor":[74,74,74,74,76,76,76,76,76,76,76,76,73,73,73,33,78,79,80,80,64,77,77,80,80,80,80,61,61,82,82,82,79,85,86,86,87,87,82,88,89,89,89,89,90,85,85,85,85,26],"gold":13,"neow_bonus":"THREE_CARDS","is_daily":false,"chose_seed":false,"campfire_upgraded":8,"win_rate":0.0,"timestamp":1611231295,"path_taken":["M","?","$","?","?","R","?","R","T","?","R","$","M","$","R","BOSS","M","?","?","?","M","R","M","R","T","R","M","$","M","$","R","BOSS","M","$","M","?","M","R","M","R","T","$","M","?","R","?","R","BOSS"],"items_purchased_type":["Card","Card","Card","Card","Card"],"build_version":"2020-12-22","purchased_purges":3,"victory":true,"max_hp_per_floor":[75,75,75,75,76,76,76,76,76,76,76,76,77,77,77,78,78,79,80,80,80,81,81,82,82,82,82,83,83,84,84,84,85,85,86,86,87,87,88,88,89,89,89,89,90,85,85,85,85,86],"card_choices":[{"not_picked":["Gash","Conserve Battery"],"picked":"Scrape","floor":0.0},{"not_picked":["Skim","Rebound"],"picked":"White Noise","floor":1.0},{"not_picked":["Compile Driver","Steam"],"picked":"Cold Snap","floor":5.0},{"not_picked":["Conserve Battery","Tempest"],"picked":"Capacitor","floor":13.0},{"not_picked":["Multi-Cast","Thunder Strike"],"picked":"Biased Cognition","floor":16.0},{"not_picked":["Gash","Redo+1"],"picked":"Hologram+1","floor":18.0},{"not_picked":["Doom and Gloom","Beam Cell","Auto Shields"],"picked":"SKIP","floor":19},{"not_picked":["Redo+1","Steam Power"],"picked":"Gash","floor":22},{"not_picked":["Rebound","Aggregate"],"picked":"Barrage+1","floor":24},{"not_picked":["Blizzard","Leap"],"picked":"Amplify","floor":28},{"not_picked":["Auto Shields+1","Beam Cell"],"picked":"Steam Power","floor":30},{"not_picked":["Buffer","Machine Learning"],"picked":"Core Surge","floor":33},{"not_picked":["Steam+1","Redo"],"picked":"Recycle+1","floor":35},{"not_picked":["Coolheaded","Cold Snap+1"],"picked":"Recycle","floor":37},{"not_picked":["Gash","Cold Snap+1"],"picked":"Reinforced Body+1","floor":39},{"not_picked":["Gash","Tempest"],"picked":"Fusion+1","floor":41},{"not_picked":["Blizzard+1","Rebound","Leap"],"picked":"SKIP","floor":45}],"player_experience":404328,"relics_obtained":[{"floor":9.0,"key":"Omamori"},{"floor":21,"key":"Necronomicon"},{"floor":26,"key":"Happy Flower"},{"floor":43,"key":"Letter Opener"}],"event_choices":[{"damage_healed":0.0,"max_hp_gain":0.0,"max_hp_loss":0.0,"gold_gain":0.0,"event_name":"FaceTrader","player_choice":"Trade","floor":4.0,"gold_loss":0.0,"damage_taken":0.0,"relics_obtained":["FaceOfCleric"]},{"damage_healed":0.0,"max_hp_gain":0.0,"max_hp_loss":0.0,"gold_gain":0.0,"event_name":"Dead Adventurer","player_choice":"Searched \u00271\u0027 times","floor":7.0,"gold_loss":0.0,"damage_taken":0.0,"relics_obtained":["Bird Faced Urn"]},{"damage_healed":0.0,"max_hp_gain":0.0,"max_hp_loss":0.0,"gold_gain":0.0,"event_name":"Accursed Blacksmith","player_choice":"Rummage","floor":10.0,"gold_loss":0.0,"damage_taken":0.0,"relics_obtained":["WarpedTongs"],"cards_obtained":["Pain"]},{"cards_removed":["Strike_B"],"damage_healed":0,"gold_gain":0,"player_choice":"Gave Gold","damage_taken":0,"max_hp_gain":0,"max_hp_loss":0,"event_name":"Beggar","floor":20,"gold_loss":75},{"damage_healed":0,"gold_gain":0,"player_choice":"Obtained Book","damage_taken":16,"max_hp_gain":0,"max_hp_loss":0,"event_name":"Cursed Tome","floor":21,"gold_loss":0},{"cards_removed":["Defend_B"],"damage_healed":0,"gold_gain":0,"player_choice":"Removed Skill","damage_taken":0,"max_hp_gain":0,"max_hp_loss":0,"event_name":"Falling","floor":38,"gold_loss":0},{"damage_healed":0,"gold_gain":0,"player_choice":"Max HP","damage_taken":0,"max_hp_gain":0,"max_hp_loss":5,"event_name":"Winding Halls","floor":46,"gold_loss":0},{"damage_healed":0,"gold_gain":0,"player_choice":"Ignored","damage_taken":0,"max_hp_gain":0,"max_hp_loss":0,"event_name":"Mysterious Sphere","floor":48,"gold_loss":0}],"is_beta":false,"boss_relics":[{"not_picked":["Cursed Key","Busted Crown"],"picked":"Inserter"},{"not_picked":["Runic Pyramid","Tiny House"],"picked":"Fusion Hammer"}],"items_purged_floors":[29,36,44],"is_endless":false,"potions_floor_spawned":[1,18,19,28,39,45],"ascension_level":0}}