{"host":"vyjryxuuuxkt43k4","time":1611215060,"event":{"mods":["AchievementEnabler","BaseMod","Colored Map","DeckTracker","Keyboard Shortcuts","Minty Spire (QoL Compilation)","Permanent Neow","Quick Restart","StSLib","SuperFastMode","everything is the same but u backflip on backflip"],"gold_per_floor":[369,383,393,393,403,403,96,129,129,149,1,1,1,16,16,113,113,124,139,54,74,74,74,74,74,74,74,93,93,119,136,136,136,136],"floor_reached":33,"language":"KOR","playtime":1523,"items_purged":["Strike_G","Strike_G"],"score":412,"play_id":"00093733-26d2-4fc4-a753-62616d395148","local_time":"20210121164420","is_ascension_mode":true,"campfire_choices":[{"data":"Dash","floor":6.0,"key":"SMITH"},{"floor":13.0,"key":"REST"},{"floor":15,"key":"REST"},{"floor":23,"key":"REST"},{"floor":27,"key":"REST"},{"floor":29,"key":"REST"},{"floor":32,"key":"REST"}],"circlet_count":0,"master_deck":["Strike_G","Strike_G","Strike_G","Defend_G","Defend_G","Defend_G","Defend_G","Defend_G","Survivor","Neutralize","Dash+1","Bouncing Flask","Footwork","Blade Dance","Accuracy","Backflip","Impatience","Unload","Blade Dance","Well Laid Plans","Burst","Skewer","Cloak And Dagger+1","PiercingWail","Decay","Ghostly","Ghostly","Ghostly","Ghostly","Ghostly","All Out Attack+1","Dodge and Roll","Deadly Poison+1"],"relics":["Ring of the Snake","Juzu Bracelet","Bottled Lightning","Fusion Hammer","Molten Egg 2","Regal Pillow","Mercury Hourglass"],"acts_visited":["Exordium","TheCity"],"potions_floor_usage":[14,16,16,30,31,33],"damage_taken":[{"damage":15.0,"enemies":"Cultist","floor":1.0,"turns":6.0},{"damage":0.0,"enemies":"Small Slimes","floor":2.0,"turns":3.0},{"damage":2.0,"enemies":"2 Louse","floor":3.0,"turns":2.0},{"damage":7.0,"enemies":"Large Slime","floor":5.0,"turns":11.0},{"damage":39.0,"enemies":"Gremlin Nob","floor":8.0,"turns":5.0},{"damage":1.0,"enemies":"Looter","floor":10.0,"turns":4.0},{"damage":8,"enemies":"Exordium Thugs","floor":14,"turns":5},{"damage":14,"enemies":"The Guardian","floor":16,"turns":10},{"damage":19,"enemies":"Shell Parasite","floor":18,"turns":6},{"damage":27,"enemies":"3 Byrds","floor":19,"turns":5},{"damage":10,"enemies":"Centurion and Healer","floor":21,"turns":12},{"damage":21,"enemies":"Snake Plant","floor":28,"turns":7},{"damage":6,"enemies":"Book of Stabbing","floor":30,"turns":6},{"damage":5,"enemies":"Cultist and Chosen","floor":31,"turns":8},{"damage":35,"enemies":"Automaton","floor":33,"turns":10}],"seed_played":"-110324069567954507","potions_obtained":[{"floor":2.0,"key":"SpeedPotion"},{"floor":10.0,"key":"BlessingOfTheForge"},{"floor":14,"key":"Ancient Potion"},{"floor":21,"key":"Poison Potion"},{"floor":30,"key":"Ancient Potion"}],"is_trial":false,"path_per_floor":["M","M","M","?","M","R","$","E","T","M","$","?","R","M","R","B",null,"M","M","?","M","?","R","?","?","T","R","M","R","E","M","R","B"],"character_chosen":"THE_SILENT","items_purchased":["Accuracy","Backflip","Impatience","PowerPotion","Poison Potion"],"campfire_rested":6,"item_purchase_floors":[7,7,7,7,11],"current_hp_per_floor":[48,48,46,51,44,44,44,5,5,4,4,4,24,16,36,22,57,38,11,11,1,1,21,21,21,21,34,13,34,28,23,34,0,0],"gold":136,"neow_bonus":"TWO_FIFTY_GOLD","is_daily":false,"chose_seed":false,"campfire_upgraded":1,"win_rate":0.0,"timestamp":1611215060,"path_taken":["M","M","M","?","M","R","$","E","T","M","$","?","R","M","R","BOSS","M","M","?","M","?","R","?","?","T","R","M","R","E","M","R","BOSS"],"items_purchased_type":["Card","Card","Card","Potion","Potion"],"build_version":"2020-12-22","purchased_purges":2,"victory":false,"max_hp_per_floor":[63,63,63,68,68,68,68,68,68,68,68,68,68,68,68,68,68,68,68,68,68,68,68,68,34,34,34,34,34,34,34,34,34,34],"card_choices":[{"not_picked":["Cloak And Dagger","Dagger Throw"],"picked":"Dash","floor":1.0},{"not_picked":["Terror","Prepared"],"picked":"Bouncing Flask","floor":2.0},{"not_picked":["Blade Dance","Deflect"],"picked":"Footwork","floor":3.0},{"not_picked":["Flying Knee","Quick Slash"],"picked":"Blade Dance","floor":5.0},{"not_picked":["Backflip","Outmaneuver"],"picked":"Unload","floor":8.0},{"not_picked":["Poisoned Stab","Slice"],"picked":"Blade Dance","floor":10.0},{"not_picked":["Masterful Stab","Slice"],"picked":"Well Laid Plans","floor":14},{"not_picked":["Venomology","A Thousand Cuts"],"picked":"Burst","floor":16},{"not_picked":["Choke","Deflect"],"picked":"Skewer","floor":18},{"not_picked":["Blade Dance+1","Poisoned Stab+1"],"picked":"Cloak And Dagger+1","floor":19},{"not_picked":["Dagger Throw+1","Quick Slash+1"],"picked":"PiercingWail","floor":21},{"not_picked":["Backflip","Bouncing Flask"],"picked":"All Out Attack+1","floor":28},{"not_picked":["Dagger Spray+1","Quick Slash+1"],"picked":"Dodge and Roll","floor":30},{"not_picked":["Prepared","Slice+1"],"picked":"Deadly Poison+1","floor":31}],"player_experience":197995,"relics_obtained":[{"floor":8.0,"key":"Juzu Bracelet"},{"floor":9.0,"key":"Bottled Lightning"},{"floor":26,"key":"Regal Pillow"},{"floor":30,"key":"Mercury Hourglass"}],"event_choices":[{"damage_healed":0.0,"max_hp_gain":5.0,"max_hp_loss":0.0,"gold_gain":0.0,"event_name":"Big Fish","player_choice":"Donut","floor":4.0,"gold_loss":0.0,"damage_taken":0.0},{"damage_healed":0.0,"max_hp_gain":0.0,"max_hp_loss":0.0,"gold_gain":0.0,"event_name":"Liars Game","player_choice":"Ignored","floor":12.0,"gold_loss":0.0,"damage_taken":0.0},{"damage_healed":0,"gold_gain":0,"player_choice":"Obtained Relic","damage_taken":0,"relics_obtained":["Molten Egg 2"],"max_hp_gain":0,"max_hp_loss":0,"event_name":"Addict","floor":20,"gold_loss":85},{"damage_healed":0,"gold_gain":0,"player_choice":"Smashed Altar","damage_taken":0,"max_hp_gain":0,"max_hp_loss":0,"event_name":"Forgotten Altar","floor":22,"gold_loss":0,"cards_obtained":["Decay"]},{"damage_healed":0,"gold_gain":0,"player_choice":"Ignored","damage_taken":0,"max_hp_gain":0,"max_hp_loss":0,"event_name":"Vampires","floor":24,"gold_loss":0},{"damage_healed":0,"gold_gain":0,"player_choice":"Became a Ghost","damage_taken":0,"max_hp_gain":0,"max_hp_loss":34,"event_name":"Ghosts","floor":25,"gold_loss":0,"cards_obtained":["Ghostly","Ghostly","Ghostly","Ghostly","Ghostly"]}],"is_beta":false,"boss_relics":[{"not_picked":["Busted Crown","Runic Dome"],"picked":"Fusion Hammer"}],"items_purged_floors":[7,11],"is_endless":false,"potions_floor_spawned":[2,10,14,21,30],"killed_by":"Automaton","ascension_level":9}}