{"host":"8aoim7owc9xd4zca","time":1611202242,"event":{"mods":["AchievementEnabler","BaseMod","Better Altar","Better Match","Better Note","Better Sensory Stone","Better Skull","Colored Powertips","Highlight Path","Minty Spire (QoL Compilation)","Permanent Neow","Quick Restart","RNG Fix","Rare Cards Sparkle","Replay The Spire","StSLib","SuperFastMode","The Jungle"],"gold_per_floor":[362,362,2,13,27,27,60,60,60,88,108,338,392,392,392,392,392],"floor_reached":16,"language":"ENG","playtime":702,"items_purged":[],"score":113,"play_id":"a4579a65-47f9-437f-8f06-19dbd1e415b8","local_time":"20210120201042","is_ascension_mode":true,"campfire_choices":[{"floor":6,"key":"RECALL"},{"floor":15,"key":"REST"}],"circlet_count":0,"master_deck":["Strike_R","Strike_R","Strike_R","Strike_R","Strike_R","Defend_R","Defend_R","Defend_R","Defend_R","Bash","Strike_G","Heavy Blade+1","Thinking Ahead+1","Bloodletting","Fire Breathing","Heavy Blade","ReplayTheSpireMod:Muscle Training","Flex","Brutality","Armaments","Pummel","Flex"],"relics":["Burning Blood","Happy Flower","Bird Faced Urn","Bag of Marbles","Dream Catcher","ReplayTheSpireMod:Lightbulb"],"acts_visited":["Exordium"],"potions_floor_usage":[7,10,10],"damage_taken":[{"damage":10,"enemies":"Cultist","floor":1,"turns":4},{"damage":0,"enemies":"Small Slimes","floor":4,"turns":3},{"damage":4,"enemies":"2 Louse","floor":5,"turns":2},{"damage":9,"enemies":"Replay:BlueRogue","floor":7,"turns":4},{"damage":17,"enemies":"3 Sentries","floor":10,"turns":6},{"damage":11,"enemies":"Looter","floor":11,"turns":3},{"damage":50,"enemies":"Hexaghost","floor":16,"turns":7}],"seed_played":"-8294562368017881127","potions_obtained":[{"floor":1,"key":"Explosive Potion"},{"floor":4,"key":"FearPotion"},{"floor":5,"key":"LifebloodPotion"}],"is_trial":false,"path_per_floor":["M","?","$","M","M","R","E","?","T","E","M","?","T","?","R","B"],"character_chosen":"IRONCLAD","items_purchased":["Bloodletting","Fire Breathing","Heavy Blade","Happy Flower"],"campfire_rested":1,"item_purchase_floors":[3,3,3,3],"current_hp_per_floor":[76,76,76,80,80,80,77,77,77,70,67,34,34,18,42,0,0],"gold":392,"neow_bonus":"TWO_FIFTY_GOLD","is_daily":false,"chose_seed":false,"campfire_upgraded":0,"win_rate":0.0,"timestamp":1611202242,"path_taken":["M","?","?","M","M","R","E","?","T","E","?","?","?","?","R","BOSS"],"items_purchased_type":["Card","Card","Card","Relic"],"build_version":"2020-12-22","purchased_purges":0,"victory":false,"max_hp_per_floor":[80,80,80,80,80,80,80,80,80,80,80,80,80,80,80,80,80],"card_choices":[{"not_picked":["Sentinel","Perfected Strike"],"picked":"Heavy Blade","floor":1},{"not_picked":["The Bomb","ReplayUltimateDefense"],"picked":"Thinking Ahead","floor":2},{"not_picked":["Cleave","Abandon","Perfected Strike"],"picked":"SKIP","floor":4},{"not_picked":["Run Through","Havoc"],"picked":"ReplayTheSpireMod:Muscle Training","floor":5},{"not_picked":["Demonic Infusion","Heavy Blade"],"picked":"Flex","floor":7},{"not_picked":["True Grit","Defy Death"],"picked":"Armaments","floor":10},{"not_picked":["Pommel Strike","Armaments"],"picked":"Pummel","floor":11},{"not_picked":["Clothesline","ReplayTheSpireMod:Limb From Limb"],"picked":"Flex","floor":15}],"player_experience":282412,"relics_obtained":[{"floor":7,"key":"Bird Faced Urn"},{"floor":10,"key":"Bag of Marbles"},{"floor":13,"key":"ReplayTheSpireMod:Lightbulb"}],"event_choices":[{"damage_healed":0,"gold_gain":1,"player_choice":"1","damage_taken":0,"max_hp_gain":0,"max_hp_loss":0,"event_name":"betterStone:BetterStone","floor":2,"gold_loss":0},{"damage_healed":0,"gold_gain":0,"cards_transformed":["Strike_B"],"player_choice":"Change","damage_taken":0,"max_hp_gain":0,"max_hp_loss":0,"event_name":"Living Wall","floor":8,"gold_loss":0,"cards_obtained":["Brutality"]},{"damage_healed":0,"gold_gain":230,"player_choice":"GO GO RE ","damage_taken":37,"relics_obtained":["Dream Catcher"],"max_hp_gain":0,"max_hp_loss":0,"event_name":"betterSkull:BetterSkull","floor":12,"gold_loss":0,"cards_upgraded":[]},{"damage_healed":0,"gold_gain":0,"player_choice":"Entered Light","damage_taken":16,"max_hp_gain":0,"max_hp_loss":0,"event_name":"Shining Light","floor":14,"gold_loss":0,"cards_upgraded":["Thinking Ahead","Heavy Blade"]}],"is_beta":false,"boss_relics":[],"items_purged_floors":[],"is_endless":false,"potions_floor_spawned":[1,4,5],"killed_by":"Hexaghost","ascension_level":1}}