{"host":"6a9c3xws62y7efyw","time":1611198803,"event":{"mods":["BaseMod","Minty Spire (QoL Compilation)","Relic Stats","StSLib"],"gold_per_floor":[119,130,38,38,51,51,84,84,109,129,129,154,154,42,42,115,115,125,125,125,143,169,203,203,220,220,220,220,220],"floor_reached":28,"language":"ENG","playtime":747,"items_purged":["Strike_B"],"score":488,"play_id":"39cfd7f4-2736-4c6a-874a-e17de42e2429","local_time":"20210120191323","is_ascension_mode":true,"campfire_choices":[{"data":"Zap","floor":6,"key":"SMITH"},{"data":"Capacitor","floor":8,"key":"SMITH"},{"data":"1","floor":13,"key":"LIFT"},{"data":"2","floor":15,"key":"LIFT"},{"data":"3","floor":24,"key":"LIFT"},{"floor":27,"key":"REST"}],"circlet_count":0,"master_deck":["AscendersBane","Strike_B","Defend_B","Defend_B","Defend_B","Defend_B","Zap+1","Dualcast","Melter","Gash","Capacitor+1","Cold Snap","Ball Lightning","Compile Driver","Barrage","Static Discharge","Aggregate","Consume"],"relics":["Cracked Core","NeowsBlessing","PreservedInsect","DataDisk","Juzu Bracelet","Girya","Snecko Eye","Omamori","Happy Flower","Question Card"],"acts_visited":["Exordium","TheCity"],"potions_floor_usage":[7,12,23,23,28],"damage_taken":[{"damage":0,"enemies":"Cultist","floor":1,"turns":1},{"damage":0,"enemies":"Small Slimes","floor":2,"turns":1},{"damage":0,"enemies":"Jaw Worm","floor":5,"turns":1},{"damage":16,"enemies":"Lagavulin","floor":7,"turns":7},{"damage":13,"enemies":"Large Slime","floor":10,"turns":3},{"damage":4,"enemies":"3 Sentries","floor":12,"turns":5},{"damage":12,"enemies":"Hexaghost","floor":16,"turns":8},{"damage":14,"enemies":"2 Thieves","floor":18,"turns":3},{"damage":0,"enemies":"Spheric Guardian","floor":21,"turns":1},{"damage":25,"enemies":"Slavers","floor":23,"turns":4},{"damage":13,"enemies":"Snecko","floor":25,"turns":5},{"damage":43,"enemies":"Book of Stabbing","floor":28,"turns":3}],"seed_played":"6680492578829067777","potions_obtained":[{"floor":1,"key":"Weak Potion"},{"floor":2,"key":"Strength Potion"},{"floor":10,"key":"SkillPotion"},{"floor":12,"key":"Fire Potion"},{"floor":21,"key":"Energy Potion"},{"floor":23,"key":"AttackPotion"}],"is_trial":false,"path_per_floor":["M","M","$","?","M","R","E","R","T","M","?","E","R","$","R","B",null,"M","?","?","M","T","E","R","M","T","R","E"],"character_chosen":"DEFECT","items_purchased":["Capacitor","Cold Snap","Static Discharge"],"campfire_rested":1,"item_purchase_floors":[3,3,14],"current_hp_per_floor":[64,64,64,64,64,64,48,48,48,35,17,13,13,13,13,1,54,40,40,40,40,40,15,15,2,2,23,0,0],"gold":220,"neow_bonus":"THREE_ENEMY_KILL","is_daily":false,"chose_seed":false,"campfire_upgraded":2,"win_rate":0.0,"timestamp":1611198803,"path_taken":["M","M","$","?","?","R","E","R","T","M","?","E","R","?","R","BOSS","M","?","?","M","?","E","R","M","T","R","E"],"items_purchased_type":["Card","Card","Card"],"build_version":"2020-12-22","purchased_purges":1,"victory":false,"max_hp_per_floor":[71,71,71,71,71,71,71,71,71,71,71,71,71,71,71,71,71,71,71,71,71,71,71,71,71,71,71,71,71],"relic_stats":{"Happy Flower":[2],"counters":[12,42],"Snecko Eye":[27,25,35,26],"PreservedInsect":116,"Juzu Bracelet":0,"Question Card":0,"obtain_stats":[{"Girya":12,"DataDisk":9,"NeowsBlessing":0,"Happy Flower":23,"Snecko Eye":17,"PreservedInsect":7,"Juzu Bracelet":11,"Omamori":22,"Cracked Core":0,"Question Card":26},{"Girya":6,"DataDisk":4,"NeowsBlessing":0,"Happy Flower":10,"Snecko Eye":7,"PreservedInsect":4,"Juzu Bracelet":5,"Omamori":9,"Cracked Core":0,"Question Card":11},{"Girya":18,"DataDisk":10,"NeowsBlessing":0,"Happy Flower":34,"Snecko Eye":26,"PreservedInsect":10,"Juzu Bracelet":13,"Omamori":30,"Cracked Core":0,"Question Card":39}]},"card_choices":[{"not_picked":["Redo","Hologram"],"picked":"Melter","floor":1},{"not_picked":["Steam Power","BootSequence"],"picked":"Gash","floor":2},{"not_picked":["Beam Cell","Lockon"],"picked":"Ball Lightning","floor":5},{"not_picked":["Rebound","Beam Cell","Creative AI"],"picked":"SKIP","floor":7},{"not_picked":["Stack","Consume"],"picked":"Compile Driver","floor":10},{"not_picked":["Tempest","Skim"],"picked":"Barrage","floor":12},{"not_picked":["Beam Cell","Scrape"],"picked":"Aggregate","floor":18},{"not_picked":["Rebound","Melter+1","Turbo"],"picked":"SKIP","floor":21},{"not_picked":["Cold Snap","Skim"],"picked":"Consume","floor":23},{"not_picked":["Beam Cell","Scrape","Steam"],"picked":"SKIP","floor":25}],"player_experience":1384176,"relics_obtained":[{"floor":7,"key":"PreservedInsect"},{"floor":9,"key":"DataDisk"},{"floor":12,"key":"Girya"},{"floor":22,"key":"Omamori"},{"floor":23,"key":"Happy Flower"},{"floor":26,"key":"Question Card"}],"event_choices":[{"cards_removed":["Strike_B"],"damage_healed":0,"gold_gain":0,"player_choice":"Purged","damage_taken":0,"max_hp_gain":0,"max_hp_loss":0,"event_name":"Purifier","floor":4,"gold_loss":0},{"damage_healed":0,"gold_gain":0,"player_choice":"Success","damage_taken":18,"relics_obtained":["Juzu Bracelet"],"max_hp_gain":0,"max_hp_loss":0,"event_name":"Scrap Ooze","floor":11,"gold_loss":0},{"cards_removed":["Strike_B"],"damage_healed":0,"gold_gain":0,"player_choice":"Elegance","damage_taken":0,"max_hp_gain":0,"max_hp_loss":0,"event_name":"Back to Basics","floor":19,"gold_loss":0},{"damage_healed":0,"gold_gain":0,"player_choice":"Ignored","damage_taken":0,"max_hp_gain":0,"max_hp_loss":0,"event_name":"Vampires","floor":20,"gold_loss":0}],"is_beta":false,"boss_relics":[{"not_picked":["Philosopher\u0027s Stone","Cursed Key"],"picked":"Snecko Eye"}],"items_purged_floors":[14],"is_endless":false,"potions_floor_spawned":[1,2,10,12,21,23],"killed_by":"Book of Stabbing","ascension_level":20}}