{"host":"2lo6hma6kymb0g9i","time":1611212472,"event":{"mods":["BaseMod","Colored Map","DeckTracker","Minty Spire (QoL Compilation)"],"gold_per_floor":[119,44,94,111,111,111,137,137,215,232,132,149,149,181,181,252,252,270,270,305,305,305,305,338,358,358,392,403,403,416,26,26,105,105,124,134,1133,701,715,744,758,758,782,782,796,825,571,584,584,584,584,584,584,82,112,112,112],"floor_reached":56,"language":"JPN","playtime":4338,"items_purged":["Strike_B","Strike_B","Zap","Reprogram+1","Dualcast","Electrodynamics+1"],"score":2031,"play_id":"b6c7041a-fbbd-4e2e-a12c-2e7b984f0c7a","local_time":"20210121160112","is_ascension_mode":true,"campfire_choices":[{"data":"Defragment","floor":6.0,"key":"SMITH"},{"data":"Electrodynamics","floor":8.0,"key":"SMITH"},{"data":"Conserve Battery","floor":15.0,"key":"SMITH"},{"data":"Defragment","floor":23.0,"key":"SMITH"},{"data":"Defragment","floor":29.0,"key":"SMITH"},{"data":"Capacitor","floor":32.0,"key":"SMITH"},{"floor":42.0,"key":"REST"},{"floor":44.0,"key":"RECALL"},{"floor":49.0,"key":"REST"},{"data":"Leap","floor":53,"key":"SMITH"}],"circlet_count":0,"master_deck":["AscendersBane","Defend_B","Defend_B","Defragment+1","Turbo","Conserve Battery+1","Echo Form","Capacitor+1","Defragment+1","BootSequence","Defragment+1","Cold Snap+1","Cold Snap+1","Core Surge+1","Hologram+1","Undo+1","Go for the Eyes+1","Force Field","The Bomb","Barrage+1","Conserve Battery","Leap+1","Defragment","Beam Cell+1"],"relics":["Cracked Core","NeowsBlessing","Strawberry","White Beast Statue","Nunchaku","Nuclear Battery","Red Mask","Blue Candle","Molten Egg 2","Omamori","Membership Card","Incense Burner","Astrolabe","HandDrill","Ornamental Fan","Bag of Marbles","Blood Vial","Mercury Hourglass","Runic Capacitor","Mummified Hand","Vajra","Anchor"],"acts_visited":["Exordium","TheCity","TheBeyond","TheEnding"],"potions_floor_usage":[51,51,55,55,56],"damage_taken":[{"damage":0.0,"enemies":"Small Slimes","floor":1.0,"turns":1.0},{"damage":0.0,"enemies":"Cultist","floor":4.0,"turns":1.0},{"damage":0.0,"enemies":"Gremlin Nob","floor":7.0,"turns":1.0},{"damage":2.0,"enemies":"Jaw Worm","floor":10.0,"turns":4.0},{"damage":9.0,"enemies":"Gremlin Gang","floor":12.0,"turns":3.0},{"damage":15.0,"enemies":"3 Sentries","floor":14.0,"turns":3.0},{"damage":2.0,"enemies":"The Guardian","floor":16.0,"turns":11.0},{"damage":8.0,"enemies":"Spheric Guardian","floor":18.0,"turns":4.0},{"damage":0.0,"enemies":"Masked Bandits","floor":20.0,"turns":1.0},{"damage":7.0,"enemies":"Slavers","floor":24.0,"turns":3.0},{"damage":10.0,"enemies":"Chosen","floor":25.0,"turns":5.0},{"damage":0.0,"enemies":"Gremlin Leader","floor":27.0,"turns":6.0},{"damage":7.0,"enemies":"Snake Plant","floor":28.0,"turns":4.0},{"damage":0.0,"enemies":"3 Cultists","floor":30.0,"turns":2.0},{"damage":14.0,"enemies":"Collector","floor":33.0,"turns":11.0},{"damage":13.0,"enemies":"Orb Walker","floor":35.0,"turns":6.0},{"damage":3.0,"enemies":"3 Shapes","floor":36.0,"turns":4.0},{"damage":6.0,"enemies":"Writhing Mass","floor":39.0,"turns":6.0},{"damage":44.0,"enemies":"Reptomancer","floor":40.0,"turns":6.0},{"damage":0.0,"enemies":"Maw","floor":41.0,"turns":10.0},{"damage":14.0,"enemies":"3 Darklings","floor":45.0,"turns":5.0},{"damage":13.0,"enemies":"Nemesis","floor":46.0,"turns":9.0},{"damage":3.0,"enemies":"Writhing Mass","floor":48.0,"turns":7.0},{"damage":11.0,"enemies":"Donu and Deca","floor":50.0,"turns":8.0},{"damage":30,"enemies":"Awakened One","floor":51,"turns":17},{"damage":58,"enemies":"Shield and Spear","floor":55,"turns":10},{"damage":53,"enemies":"The Heart","floor":56,"turns":2}],"seed_played":"7899108074596864235","potions_obtained":[{"floor":4.0,"key":"Ancient Potion"},{"floor":7.0,"key":"Swift Potion"},{"floor":10.0,"key":"ColorlessPotion"},{"floor":12.0,"key":"Regen Potion"},{"floor":14.0,"key":"Explosive Potion"},{"floor":16.0,"key":"PowerPotion"},{"floor":18.0,"key":"Block Potion"},{"floor":20.0,"key":"DuplicationPotion"},{"floor":24.0,"key":"Explosive Potion"},{"floor":25.0,"key":"BlessingOfTheForge"},{"floor":27.0,"key":"Strength Potion"},{"floor":28.0,"key":"EssenceOfSteel"},{"floor":30.0,"key":"Fruit Juice"},{"floor":33.0,"key":"Fruit Juice"},{"floor":35.0,"key":"Dexterity Potion"},{"floor":36.0,"key":"Fruit Juice"},{"floor":39.0,"key":"Fire Potion"},{"floor":40.0,"key":"Block Potion"},{"floor":45.0,"key":"GamblersBrew"},{"floor":48.0,"key":"SneckoOil"},{"floor":55,"key":"Swift Potion"}],"is_trial":false,"path_per_floor":["M","$","?","M","?","R","E","R","T","M","$","M","?","E","R","B",null,"M","?","?","?","?","R","E","M","T","E","M","R","M","$","R","B",null,"M","M","?","$","M","E","M","R","T","R","M","E","$","M","R","B","B",null,"R","$","E","B"],"character_chosen":"DEFECT","items_purchased":["Membership Card","Incense Burner","HandDrill","Force Field","Ornamental Fan","The Bomb","Mercury Hourglass","Leap","Runic Capacitor","Mummified Hand","Vajra","SkillPotion","Swift Potion","Defragment"],"campfire_rested":2,"item_purchase_floors":[31,31,38,38,38,38,47,47,54,54,54,54,54,54],"current_hp_per_floor":[64,64,64,64,64,64,71,71,71,69,69,60,60,54,54,52,72,64,64,64,64,42,42,35,25,25,25,18,18,23,23,23,14,73,60,62,62,62,56,12,12,41,41,41,27,14,14,13,42,33,5,75,75,75,19,0,0],"gold":112,"neow_bonus":"THREE_ENEMY_KILL","is_daily":false,"chose_seed":false,"campfire_upgraded":7,"win_rate":0.0,"timestamp":1611212472,"path_taken":["M","$","?","?","?","R","E","R","T","?","$","M","?","E","R","BOSS","M","?","?","?","?","R","E","M","T","E","M","R","M","$","R","BOSS","M","M","?","$","M","E","M","R","T","R","M","E","$","M","R","BOSS","BOSS","R","$","E","BOSS"],"items_purchased_type":["Relic","Relic","Relic","Card","Relic","Card","Relic","Card","Relic","Relic","Relic","Potion","Potion","Card"],"build_version":"2020-12-22","purchased_purges":6,"victory":false,"max_hp_per_floor":[71,71,71,71,71,71,78,78,78,78,78,78,78,78,78,78,78,78,78,78,78,83,83,83,83,83,83,83,83,88,88,88,93,93,93,98,98,98,98,98,98,98,98,98,98,98,98,98,98,98,98,98,98,98,98,98,98],"card_choices":[{"not_picked":["Hologram","White Noise","Sweeping Beam"],"picked":"SKIP","floor":1.0},{"not_picked":["Steam","Gash"],"picked":"Defragment","floor":4.0},{"not_picked":["Ball Lightning","Genetic Algorithm"],"picked":"Electrodynamics","floor":7.0},{"not_picked":["Compile Driver","Darkness"],"picked":"Turbo","floor":10.0},{"not_picked":["Sunder","Barrage"],"picked":"Conserve Battery","floor":12.0},{"not_picked":["Scrape","Sweeping Beam","Fusion"],"picked":"SKIP","floor":14.0},{"not_picked":["Core Surge","Reboot"],"picked":"Echo Form","floor":16.0},{"not_picked":["Compile Driver","Barrage+1"],"picked":"Capacitor","floor":18.0},{"not_picked":["Sunder","Capacitor"],"picked":"BootSequence","floor":20.0},{"not_picked":["Stack+1","Scrape","Melter+1"],"picked":"SKIP","floor":24.0},{"not_picked":["Coolheaded","Aggregate"],"picked":"Defragment","floor":25.0},{"not_picked":["Compile Driver+1","Leap"],"picked":"Lockon+1","floor":27.0},{"not_picked":["Redo","Go for the Eyes+1"],"picked":"Cold Snap+1","floor":28.0},{"not_picked":["Hologram","Streamline+1"],"picked":"Cold Snap+1","floor":30.0},{"not_picked":["Echo Form","Hyperbeam+1"],"picked":"Core Surge+1","floor":33.0},{"not_picked":["BootSequence","Sweeping Beam+1"],"picked":"Go for the Eyes+1","floor":35.0},{"not_picked":["Undo","Gash+1","Beam Cell+1"],"picked":"SKIP","floor":36.0},{"not_picked":["Auto Shields+1","Static Discharge+1","Ball Lightning+1"],"picked":"SKIP","floor":39.0},{"not_picked":["Auto Shields+1","Static Discharge+1","Ball Lightning+1"],"picked":"SKIP","floor":39.0},{"not_picked":["Cold Snap+1","Go for the Eyes+1","Meteor Strike+1"],"picked":"SKIP","floor":40.0},{"not_picked":["Recycle","Ball Lightning+1"],"picked":"Barrage+1","floor":41.0},{"not_picked":["Rip and Tear+1","Coolheaded"],"picked":"Conserve Battery","floor":45.0},{"not_picked":["Gash+1","Sweeping Beam+1","All For One+1"],"picked":"SKIP","floor":46.0},{"not_picked":["Hologram","Conserve Battery+1","Steam Power"],"picked":"SKIP","floor":48.0},{"not_picked":["Redo+1","Barrage+1"],"picked":"Beam Cell+1","floor":55}],"player_experience":1108229,"relics_obtained":[{"floor":7.0,"key":"Strawberry"},{"floor":9.0,"key":"White Beast Statue"},{"floor":14.0,"key":"Nunchaku"},{"floor":20.0,"key":"Red Mask"},{"floor":24.0,"key":"Blue Candle"},{"floor":26.0,"key":"Molten Egg 2"},{"floor":27.0,"key":"Omamori"},{"floor":40.0,"key":"Bag of Marbles"},{"floor":46.0,"key":"Blood Vial"},{"floor":55,"key":"Anchor"}],"event_choices":[{"damage_healed":0.0,"max_hp_gain":0.0,"max_hp_loss":0.0,"gold_gain":50.0,"event_name":"Golden Shrine","player_choice":"Pray","floor":3.0,"gold_loss":0.0,"damage_taken":0.0},{"cards_removed":["Strike_B"],"damage_healed":0.0,"max_hp_gain":0.0,"max_hp_loss":0.0,"gold_gain":0.0,"event_name":"Purifier","player_choice":"Purged","floor":5.0,"gold_loss":0.0,"damage_taken":0.0},{"cards_removed":["Strike_B"],"damage_healed":0.0,"max_hp_gain":0.0,"max_hp_loss":0.0,"gold_gain":0.0,"event_name":"Living Wall","player_choice":"Forget","floor":13.0,"gold_loss":0.0,"damage_taken":0.0},{"damage_healed":0.0,"max_hp_gain":0.0,"max_hp_loss":0.0,"gold_gain":0.0,"event_name":"The Library","player_choice":"Read","floor":19.0,"gold_loss":0.0,"damage_taken":0.0,"cards_obtained":["Defragment"]},{"damage_healed":0.0,"max_hp_gain":0.0,"max_hp_loss":0.0,"gold_gain":0.0,"event_name":"Masked Bandits","player_choice":"Fought Bandits","floor":20.0,"gold_loss":0.0,"damage_taken":0.0},{"damage_healed":0.0,"max_hp_gain":0.0,"max_hp_loss":0.0,"gold_gain":0.0,"event_name":"Vampires","player_choice":"Ignored","floor":21.0,"gold_loss":0.0,"damage_taken":0.0},{"damage_healed":0.0,"max_hp_gain":5.0,"max_hp_loss":0.0,"gold_gain":0.0,"event_name":"Forgotten Altar","player_choice":"Shed Blood","floor":22.0,"gold_loss":0.0,"damage_taken":27.0},{"damage_healed":0.0,"max_hp_gain":0.0,"max_hp_loss":0.0,"gold_gain":999.0,"event_name":"MindBloom","player_choice":"Gold","floor":37.0,"gold_loss":0.0,"damage_taken":0.0,"cards_obtained":["Normality","Normality"]}],"is_beta":false,"boss_relics":[{"not_picked":["Runic Pyramid","Empty Cage"],"picked":"Nuclear Battery"},{"not_picked":["Coffee Dripper","Pandora\u0027s Box"],"picked":"Astrolabe"}],"items_purged_floors":[2,11,31,38,47,54],"is_endless":false,"potions_floor_spawned":[4,7,10,12,14,16,18,20,24,25,27,28,30,33,35,36,39,40,41,45,46,48,55],"killed_by":"The Heart","ascension_level":20}}