{"host":"4qt77pm52ljaz00q","time":1611234551,"event":{"mods":["2.2 Compatiblity","BaseMod","Colored Map","Downfall","Minty Spire (QoL Compilation)","Relic Sorter","StSLib","Unknown Chances"],"gold_per_floor":[99,113,131,131,581,615,615,628,428,440,440,239,253,278,294,398,398,398,398,93,110,120,148,148,173,73,91,119,119,119,129,149,149,149,149],"floor_reached":33,"language":"ENG","playtime":1766,"items_purged":[],"score":384,"play_id":"4cce11aa-ebbf-4201-bc3d-62581378a87a","local_time":"20210121080911","is_ascension_mode":true,"campfire_choices":[{"floor":1.0,"key":"RECALL"},{"data":"bronze:BugBarrage","floor":9.0,"key":"SMITH"},{"data":"bronze:BuggyMess","floor":18.0,"key":"SMITH"},{"data":"bronze:ShipIt","floor":26.0,"key":"SMITH"},{"data":"bronze:ItsAFeature","floor":29.0,"key":"SMITH"}],"circlet_count":11,"master_deck":["bronze:Strike","bronze:Strike","bronze:Strike","bronze:Strike","bronze:Defend","bronze:Defend","bronze:Defend","bronze:Defend","bronze:Replicate","bronze:Goto","bronze:DarkDash","bronze:DarkDash","bronze:Explode","bronze:BuggyMess+1","downfall:Icky","downfall:Icky","downfall:Icky","bronze:DarkDash","bronze:BugBarrage+1","bronze:BugBarrage","expansioncontent:Chronoboost","bronze:WildBeam","bronze:ShipIt+1","bronze:WhirlingStrike","bronze:Allocate","bronze:ShipIt","bronze:BugBarrage+1","bronze:ItsAFeature","bronze:RecursiveStrike","bronze:Shield","bronze:HyperBeam","bronze:OilSpill","bronze:Shield+1","bronze:ItsAFeature+1","bronze:Boost+1","bronze:ItsAFeature"],"relics":["bronze:BronzeCore","bronze:MakeshiftBattery","Medical Kit","bronze:DonusWashers","bronze:DecasWashers","bronze:BronzeIdol","Circlet"],"acts_visited":["Exordium","TheCity"],"potions_floor_usage":[32,32,33],"damage_taken":[{"damage":0.0,"enemies":"2 Louse","floor":2.0,"turns":3.0},{"damage":0.0,"enemies":"Small Slimes","floor":3.0,"turns":2.0},{"damage":0.0,"enemies":"Small Slimes","floor":4.0,"turns":1.0},{"damage":22.0,"enemies":"Lagavulin","floor":6.0,"turns":5.0},{"damage":0.0,"enemies":"Jaw Worm","floor":8.0,"turns":2.0},{"damage":0.0,"enemies":"Blue Slaver","floor":10.0,"turns":1.0},{"damage":2.0,"enemies":"downfall:FleeingMerchant","floor":12.0,"turns":4.0},{"damage":0.0,"enemies":"Exordium Wildlife","floor":13.0,"turns":2.0},{"damage":0.0,"enemies":"Gremlin Nob","floor":14.0,"turns":1.0},{"damage":0.0,"enemies":"2 Fungi Beasts","floor":15.0,"turns":1.0},{"damage":29.0,"enemies":"WA_ARCHETYPE_RETAIN","floor":16.0,"turns":6.0},{"damage":0.0,"enemies":"downfall:FleeingMerchant","floor":20.0,"turns":4.0},{"damage":2.0,"enemies":"Shell Parasite","floor":21.0,"turns":3.0},{"damage":0.0,"enemies":"Shelled Parasite and Fungi","floor":22.0,"turns":3.0},{"damage":18.0,"enemies":"Book of Stabbing","floor":23.0,"turns":4.0},{"damage":2.0,"enemies":"Gremlin Leader","floor":25.0,"turns":3.0},{"damage":0.0,"enemies":"Snecko","floor":27.0,"turns":2.0},{"damage":5.0,"enemies":"Book of Stabbing","floor":28.0,"turns":3.0},{"damage":0.0,"enemies":"Centurion and Healer","floor":31.0,"turns":2.0},{"damage":20,"enemies":"3 Cultists","floor":32,"turns":6},{"damage":9,"enemies":"IC_MUSHROOM_ARCHETYPE","floor":33,"turns":1}],"seed_played":"8938932741030750857","potions_obtained":[{"floor":2.0,"key":"EssenceOfSteel"},{"floor":3.0,"key":"PowerPotion"},{"floor":6.0,"key":"DuplicationPotion"},{"floor":21.0,"key":"SteroidPotion"},{"floor":25.0,"key":"GamblersBrew"},{"floor":27.0,"key":"bronze:BurnAndBuffPotion"}],"is_trial":true,"path_per_floor":["R","M","M","?","?","E","T","M","R","M","?","$","M","E","M","B",null,"R","?","$","M","M","E","T","E","R","M","E","R","?","M","M","B"],"character_chosen":"THE_AUTOMATON","items_purchased":["bronze:BugBarrage","expansioncontent:Chronoboost","bronze:WildBeam","bronze:ItsAFeature","PowerPotion","bronze:RecursiveStrike"],"campfire_rested":0,"item_purchase_floors":[12,12,12,20,20,20],"current_hp_per_floor":[70,70,70,70,70,48,48,48,48,48,48,46,46,46,46,17,60,60,50,50,48,48,30,30,28,28,28,23,23,23,23,3,0,0,0],"gold":149,"neow_bonus":"","is_daily":false,"chose_seed":false,"campfire_upgraded":4,"win_rate":0.0,"timestamp":1611234551,"path_taken":["R","M","M","?","?","E","T","M","R","M","?","?","?","E","M","BOSS","R","?","$","M","M","E","T","E","R","M","E","R","?","M","M","BOSS"],"items_purchased_type":["Card","Card","Card","Card","Potion","Card"],"build_version":"2020-12-22","purchased_purges":0,"victory":false,"max_hp_per_floor":[70,70,70,70,70,70,70,70,70,70,60,60,60,60,60,60,60,60,65,65,65,65,65,65,65,65,65,65,65,65,65,65,65,65,65],"card_choices":[{"not_picked":["bronze:ForLoop","bronze:Shield"],"picked":"bronze:DarkDash","floor":2.0},{"not_picked":["bronze:Fortify","bronze:InfiniteBeams"],"picked":"bronze:DarkDash","floor":3.0},{"not_picked":[],"picked":"bronze:Explode","floor":4.0},{"not_picked":["bronze:Invalidate","bronze:AlphaBuild"],"picked":"bronze:BuggyMess","floor":4.0},{"not_picked":["bronze:DelayedGuard","bronze:BuggyMess"],"picked":"bronze:DarkDash","floor":6.0},{"not_picked":["bronze:BitShift","bronze:Constructor"],"picked":"bronze:BugBarrage","floor":8.0},{"not_picked":["bronze:Separator","bronze:Terminator","bronze:BronzeArmor"],"picked":"SKIP","floor":10.0},{"not_picked":["bronze:Backtrace","bronze:CutThrough","bronze:Turbo"],"picked":"SKIP","floor":12.0},{"not_picked":["bronze:Separator","bronze:WildBeam"],"picked":"bronze:ShipIt","floor":13.0},{"not_picked":["bronze:Shield","bronze:Safeguard"],"picked":"bronze:WhirlingStrike","floor":14.0},{"not_picked":["bronze:Deprecate","bronze:Philosophize"],"picked":"bronze:Allocate","floor":15.0},{"not_picked":["bronze:AlphaBuild","bronze:HyperBeam"],"picked":"bronze:ShipIt","floor":16.0},{"not_picked":["bronze:WhirlingStrike+1","bronze:Invalidate"],"picked":"bronze:BugBarrage+1","floor":20.0},{"not_picked":["bronze:DelayedGuard+1","bronze:Turbo"],"picked":"bronze:Shield","floor":21.0},{"not_picked":["bronze:Shield","bronze:Frontload"],"picked":"bronze:HyperBeam","floor":22.0},{"not_picked":["bronze:Assembly","bronze:ForLoop"],"picked":"bronze:OilSpill","floor":23.0},{"not_picked":["bronze:Turbo","bronze:Separator","bronze:Invalidate"],"picked":"SKIP","floor":25.0},{"not_picked":["bronze:DigitalCarnage","bronze:DelayedSlice"],"picked":"bronze:Shield+1","floor":27.0},{"not_picked":["bronze:Repair","bronze:Overheat+1"],"picked":"bronze:ItsAFeature","floor":28.0},{"not_picked":["bronze:Constructor+1","bronze:BronzeOrb"],"picked":"bronze:Boost+1","floor":31.0},{"not_picked":["bronze:CutThrough+1","bronze:BronzeOrb"],"picked":"bronze:ItsAFeature","floor":32}],"player_experience":207669,"relics_obtained":[{"floor":6.0,"key":"Circlet"},{"floor":14.0,"key":"Circlet"},{"floor":23.0,"key":"Circlet"},{"floor":24.0,"key":"Circlet"},{"floor":25.0,"key":"Circlet"},{"floor":28.0,"key":"Circlet"}],"event_choices":[],"is_beta":false,"boss_relics":[{"not_picked":["Circlet","Circlet"],"picked":"Circlet"}],"items_purged_floors":[],"is_endless":false,"potions_floor_spawned":[2,3,6,13,14,15,21,25,27],"killed_by":"IC_MUSHROOM_ARCHETYPE","ascension_level":1}}