{"host":"szp1d6dso4pv7ddl","time":1611191456,"event":{"mods":["AchievementEnabler","Alarm Clock","BaseMod","Bestiary","Block Reminder","Colored Map","Colored Powertips","Curses Come First","Dark Map","Displayed Cursed Tome","Highlight Path","Minty Spire (QoL Compilation)","Permanent Neow","Quick Restart","Relic Sorter","Relic Stats","StSLib","Synergy Search"],"gold_per_floor":[113,133,133,5,20,20,36,50,50,79,44,44,56,68,68,141,191,210,110,122,133,133,133,133,133],"floor_reached":24,"language":"ENG","playtime":1119,"items_purged":["Shame","Strike_R"],"score":350,"play_id":"c88c5a6f-3613-42e9-b0ed-c41a61dcbb4a","local_time":"20210120171056","is_ascension_mode":true,"campfire_choices":[{"data":"Anger","floor":6,"key":"SMITH"},{"floor":12,"key":"REST"},{"floor":15,"key":"REST"},{"data":"Anger","floor":23,"key":"SMITH"}],"circlet_count":0,"master_deck":["AscendersBane","Strike_R+1","Strike_R+1","Strike_R+1","Strike_R+1","Defend_R+1","Defend_R+1","Defend_R+1","Defend_R+1","Bash","Double Tap+1","Sword Boomerang","Anger+1","Anger+1","Flame Barrier","Rage","Clash","Dual Wield","Impervious","Flame Barrier","Headbutt"],"relics":["Burning Blood","Pen Nib","White Beast Statue","Tiny House"],"acts_visited":["Exordium","TheCity"],"potions_floor_usage":[8,16,21,24,24,24,24],"damage_taken":[{"damage":10,"enemies":"Small Slimes","floor":1,"turns":3},{"damage":11,"enemies":"Cultist","floor":2,"turns":4},{"damage":14,"enemies":"Jaw Worm","floor":5,"turns":3},{"damage":19,"enemies":"Exordium Thugs","floor":7,"turns":5},{"damage":0,"enemies":"Large Slime","floor":8,"turns":4},{"damage":32,"enemies":"Gremlin Nob","floor":10,"turns":4},{"damage":18,"enemies":"Lots of Slimes","floor":13,"turns":4},{"damage":1,"enemies":"Blue Slaver","floor":14,"turns":3},{"damage":28,"enemies":"Hexaghost","floor":16,"turns":7},{"damage":0,"enemies":"Spheric Guardian","floor":18,"turns":1},{"damage":20,"enemies":"3 Byrds","floor":20,"turns":6},{"damage":28,"enemies":"Centurion and Healer","floor":21,"turns":7},{"damage":77,"enemies":"Slavers","floor":24,"turns":11}],"seed_played":"-1900920098349844259","potions_obtained":[{"floor":2,"key":"SpeedPotion"},{"floor":5,"key":"Energy Potion"},{"floor":10,"key":"SkillPotion"},{"floor":14,"key":"CultistPotion"},{"floor":16,"key":"Explosive Potion"},{"floor":20,"key":"Regen Potion"},{"floor":21,"key":"EntropicBrew"}],"is_trial":false,"path_per_floor":["M","M","?","$","M","R","M","M","T","E","?","R","M","M","R","B",null,"M","$","M","M","?","R","E"],"character_chosen":"IRONCLAD","items_purchased":["Anger"],"campfire_rested":2,"item_purchase_floors":[4],"current_hp_per_floor":[64,59,59,59,51,51,38,44,44,18,18,40,28,33,55,33,70,76,76,62,55,55,55,0,0],"gold":133,"neow_bonus":"THREE_RARE_CARDS","is_daily":false,"chose_seed":false,"campfire_upgraded":2,"win_rate":0.0,"timestamp":1611191456,"path_taken":["M","M","?","?","?","R","?","M","T","E","?","R","M","M","R","BOSS","M","$","M","M","?","R","E"],"items_purchased_type":["Card"],"build_version":"2020-12-22","purchased_purges":2,"victory":false,"max_hp_per_floor":[75,75,75,75,75,75,75,75,75,75,75,75,75,75,75,75,80,80,80,80,80,80,80,80,80],"relic_stats":{"counters":[13,62],"Pen Nib":[8],"obtain_stats":[{"Tiny House":17,"Pen Nib":10,"Burning Blood":0,"White Beast Statue":9},{"Tiny House":9,"Pen Nib":6,"Burning Blood":0,"White Beast Statue":5},{"Tiny House":37,"Pen Nib":23,"Burning Blood":0,"White Beast Statue":19}],"Burning Blood":72},"card_choices":[{"not_picked":["Impervious","Corruption"],"picked":"Double Tap","floor":0},{"not_picked":["Dark Embrace","Shockwave","Intimidate"],"picked":"SKIP","floor":1},{"not_picked":["Body Slam","Sentinel"],"picked":"Sword Boomerang","floor":2},{"not_picked":["Twin Strike","Thunderclap"],"picked":"Anger","floor":5},{"not_picked":["Infernal Blade","Armaments","Clash"],"picked":"SKIP","floor":7},{"not_picked":["Immolate","Clothesline"],"picked":"Flame Barrier","floor":8},{"not_picked":["Inflame","Heavy Blade"],"picked":"Rage","floor":10},{"not_picked":["Pommel Strike","Hemokinesis"],"picked":"Clash","floor":13},{"not_picked":["Heavy Blade","Reckless Charge"],"picked":"Dual Wield","floor":14},{"not_picked":["Exhume","Double Tap"],"picked":"Impervious","floor":16},{"not_picked":["Searing Blow","Warcry"],"picked":"Flame Barrier","floor":17},{"not_picked":["Twin Strike+1","Uppercut","Rampage"],"picked":"SKIP","floor":18},{"not_picked":["Cleave+1","Whirlwind+1","Perfected Strike"],"picked":"SKIP","floor":20},{"not_picked":["Heavy Blade","Thunderclap"],"picked":"Headbutt","floor":21}],"player_experience":1245246,"relics_obtained":[{"floor":9,"key":"White Beast Statue"},{"floor":10,"key":"Pen Nib"}],"event_choices":[{"damage_healed":0,"gold_gain":0,"player_choice":"Upgraded","damage_taken":0,"max_hp_gain":0,"max_hp_loss":0,"event_name":"Upgrade Shrine","floor":3,"gold_loss":0,"cards_upgraded":["Double Tap"]},{"damage_healed":0,"gold_gain":0,"player_choice":"Left Gold","damage_taken":0,"max_hp_gain":0,"max_hp_loss":0,"event_name":"World of Goop","floor":11,"gold_loss":35},{"damage_healed":0,"gold_gain":0,"player_choice":"Simplicity","damage_taken":0,"max_hp_gain":0,"max_hp_loss":0,"event_name":"Back to Basics","floor":22,"gold_loss":0,"cards_upgraded":["Strike_R","Strike_R","Strike_R","Defend_R","Defend_R","Defend_R","Defend_R"]}],"is_beta":false,"boss_relics":[{"not_picked":["Philosopher\u0027s Stone","Black Star"],"picked":"Tiny House"}],"items_purged_floors":[4,19],"is_endless":false,"potions_floor_spawned":[2,5,10,13,14,16,18,20,21],"killed_by":"Slavers","ascension_level":15}}