{"host":"hszimsrtxxc2k25w","time":1611266141,"event":{"mods":["AchievementEnabler","BaseMod","Colored Map","DeckTracker","Minty Spire (QoL Compilation)","Rare Cards Sparkle","SuperFastMode"],"gold_per_floor":[17,17,34,34,34,34,49,49,49,64,79,91,91,109,109,186,186,206,146,165,62,82,108,126,126,153,165,185,185,202,202,202,202,202],"floor_reached":33,"language":"KOR","playtime":978,"items_purged":["Defend_R"],"score":526,"play_id":"25b5ca10-0958-4b8e-87b9-a2066d63e66b","local_time":"20210122065541","is_ascension_mode":true,"campfire_choices":[{"data":"Bash","floor":6.0,"key":"SMITH"},{"data":"Body Slam","floor":8.0,"key":"SMITH"},{"floor":15.0,"key":"REST"},{"data":"Immolate","floor":25.0,"key":"SMITH"},{"floor":29,"key":"REST"},{"data":"Burning Pact","floor":32,"key":"SMITH"}],"circlet_count":0,"master_deck":["AscendersBane","Defend_R","Defend_R","Bash+1","Shrug It Off","Offering","Body Slam+1","Flame Barrier","Dropkick","Immolate+1","Burning Pact+1","Feel No Pain","Pommel Strike"],"relics":["Burning Blood","Incense Burner","Mummified Hand","The Courier","Empty Cage","Gremlin Horn","Orichalcum","Molten Egg 2"],"acts_visited":["Exordium","TheCity"],"potions_floor_usage":[33],"damage_taken":[{"damage":7.0,"enemies":"2 Louse","floor":1.0,"turns":4.0},{"damage":15.0,"enemies":"Small Slimes","floor":3.0,"turns":4.0},{"damage":15.0,"enemies":"Cultist","floor":7.0,"turns":4.0},{"damage":2.0,"enemies":"2 Fungi Beasts","floor":10.0,"turns":3.0},{"damage":23.0,"enemies":"Gremlin Gang","floor":11.0,"turns":6.0},{"damage":23.0,"enemies":"Exordium Thugs","floor":12.0,"turns":7.0},{"damage":6.0,"enemies":"Red Slaver","floor":14.0,"turns":2.0},{"damage":11.0,"enemies":"The Guardian","floor":16.0,"turns":16.0},{"damage":6.0,"enemies":"Chosen","floor":18.0,"turns":3.0},{"damage":10.0,"enemies":"Shell Parasite","floor":20.0,"turns":4.0},{"damage":6.0,"enemies":"Centurion and Healer","floor":22.0,"turns":4.0},{"damage":26.0,"enemies":"Slavers","floor":23.0,"turns":6.0},{"damage":31.0,"enemies":"Snecko","floor":24.0,"turns":4.0},{"damage":1.0,"enemies":"3 Cultists","floor":27.0,"turns":2.0},{"damage":14,"enemies":"Centurion and Healer","floor":28,"turns":3},{"damage":1,"enemies":"Snake Plant","floor":30,"turns":2},{"damage":39,"enemies":"Automaton","floor":33,"turns":8}],"seed_played":"4394096087813323760","potions_obtained":[{"floor":3.0,"key":"Fire Potion"},{"floor":12.0,"key":"Weak Potion"},{"floor":14.0,"key":"SkillPotion"},{"floor":16.0,"key":"BlessingOfTheForge"},{"floor":20.0,"key":"Explosive Potion"},{"floor":28,"key":"LiquidMemories"}],"is_trial":false,"path_per_floor":["M","?","M","?","?","R","M","R","T","M","M","M","?","M","R","B",null,"M","$","M","$","M","E","M","R","T","M","M","R","M","T","R","B"],"character_chosen":"IRONCLAD","items_purchased":["Burning Pact","Feel No Pain"],"campfire_rested":2,"item_purchase_floors":[21,21],"current_hp_per_floor":[67,67,58,51,51,51,42,42,42,46,29,12,12,12,34,29,64,64,64,60,60,60,40,15,15,15,20,12,34,39,39,39,0,0],"gold":202,"neow_bonus":"REMOVE_TWO","is_daily":false,"chose_seed":false,"campfire_upgraded":4,"win_rate":0.0,"timestamp":1611266141,"path_taken":["M","?","M","?","?","R","?","R","T","M","M","M","?","M","R","BOSS","M","$","M","$","M","E","M","R","T","M","M","R","?","?","R","BOSS"],"items_purchased_type":["Card","Card"],"build_version":"2020-12-22","purchased_purges":1,"victory":false,"max_hp_per_floor":[75,75,75,75,75,75,75,75,75,75,75,75,75,75,75,75,75,75,75,75,75,75,75,75,75,75,75,75,75,75,75,75,75,75],"card_choices":[{"not_picked":["Dropkick","Havoc"],"picked":"Shrug It Off","floor":1.0},{"not_picked":["Havoc","Infernal Blade","Warcry"],"picked":"SKIP","floor":3.0},{"not_picked":["Flex","Clash"],"picked":"Body Slam","floor":7.0},{"not_picked":["Body Slam","Sentinel","Heavy Blade"],"picked":"SKIP","floor":10.0},{"not_picked":["Havoc","Body Slam"],"picked":"Flame Barrier","floor":11.0},{"not_picked":["Whirlwind","Spot Weakness"],"picked":"Dropkick","floor":12.0},{"not_picked":["Whirlwind","Body Slam","Warcry"],"picked":"SKIP","floor":14.0},{"not_picked":["Double Tap","Impervious"],"picked":"Immolate","floor":16.0},{"not_picked":["Iron Wave","Uppercut","Dual Wield"],"picked":"SKIP","floor":18.0},{"not_picked":["Searing Blow","Body Slam","Clash"],"picked":"SKIP","floor":20.0},{"not_picked":["Sentinel","Uppercut+1","Anger"],"picked":"SKIP","floor":22.0},{"not_picked":["Twin Strike","Bloodletting"],"picked":"Pommel Strike","floor":23.0},{"not_picked":["Dual Wield","Cleave+1","Pummel"],"picked":"SKIP","floor":24.0},{"not_picked":["Heavy Blade","True Grit","Infernal Blade"],"picked":"SKIP","floor":27.0},{"not_picked":["Anger","True Grit","Dropkick"],"picked":"SKIP","floor":28},{"not_picked":["Juggernaut","Clothesline+1","Body Slam"],"picked":"SKIP","floor":30}],"player_experience":632736,"relics_obtained":[{"floor":9.0,"key":"Mummified Hand"},{"floor":13.0,"key":"The Courier"},{"floor":23.0,"key":"Gremlin Horn"},{"floor":26.0,"key":"Orichalcum"},{"floor":31,"key":"Molten Egg 2"}],"event_choices":[{"damage_healed":0.0,"max_hp_gain":0.0,"max_hp_loss":0.0,"gold_gain":0.0,"cards_transformed":["Strike_R"],"event_name":"Living Wall","player_choice":"Change","floor":2.0,"gold_loss":0.0,"damage_taken":0.0,"cards_obtained":["Offering"]},{"cards_removed":["Strike_R"],"damage_healed":0.0,"max_hp_gain":0.0,"max_hp_loss":0.0,"gold_gain":0.0,"event_name":"Golden Wing","player_choice":"Card Removal","floor":4.0,"gold_loss":0.0,"damage_taken":7.0},{"damage_healed":0.0,"max_hp_gain":0.0,"max_hp_loss":0.0,"gold_gain":0.0,"event_name":"WeMeetAgain","player_choice":"Gave Potion","floor":5.0,"gold_loss":0.0,"damage_taken":0.0,"relics_obtained":["Incense Burner"]},{"damage_healed":0.0,"max_hp_gain":0.0,"max_hp_loss":0.0,"gold_gain":0.0,"event_name":"Wheel of Change","player_choice":"Relic","floor":13.0,"gold_loss":0.0,"damage_taken":0.0}],"is_beta":false,"boss_relics":[{"not_picked":["Black Blood","SlaversCollar"],"picked":"Empty Cage"}],"items_purged_floors":[19],"is_endless":false,"potions_floor_spawned":[3,12,14,16,20,22,28],"killed_by":"Automaton","ascension_level":20}}