{"host":"jlk2k69f9c6o7b3e","time":1611228142,"event":{"mods":["BaseMod","Minty Spire (QoL Compilation)","StSLib"],"gold_per_floor":[417,417,367,387,9,39,39,74,155,0,12,44,44,78,78,177,177,194,194,205,230,230,262,262,262],"floor_reached":24,"language":"ZHS","playtime":11286,"items_purged":["Strike_P"],"score":331,"play_id":"0b3c4518-150f-4ca0-81a8-3aabc7eefd2b","local_time":"20210121192222","is_ascension_mode":true,"campfire_choices":[{"data":"BattleHymn","floor":7.0,"key":"SMITH"},{"data":"Eruption","floor":15.0,"key":"SMITH"}],"circlet_count":0,"master_deck":["Strike_P+1","Strike_P","Strike_P+1","Defend_P","Defend_P","Eruption+1","Vigilance","LikeWater","Wireheading","Adaptation","BattleHymn+1","BattleHymn","FearNoEvil","Establishment","LikeWater","Wallop","MasterReality","Regret","Omniscience+1","Wallop+1","Writhe","DeceiveReality"],"relics":["PureWater","Old Coin","Juzu Bracelet","Happy Flower","Boot","Bottled Tornado","Smiling Mask","Regal Pillow","Astrolabe","Singing Bowl","Red Mask","Omamori"],"acts_visited":[],"potions_floor_usage":[24],"damage_taken":[{"damage":8.0,"enemies":"Small Slimes","floor":1.0,"turns":6.0},{"damage":3.0,"enemies":"2 Louse","floor":4.0,"turns":2.0},{"damage":0.0,"enemies":"Lagavulin","floor":6.0,"turns":6.0},{"damage":13.0,"enemies":"3 Sentries","floor":8.0,"turns":6.0},{"damage":6.0,"enemies":"Jaw Worm","floor":11.0,"turns":3.0},{"damage":18.0,"enemies":"Gremlin Nob","floor":12.0,"turns":3.0},{"damage":2.0,"enemies":"Lagavulin","floor":14.0,"turns":4.0},{"damage":0.0,"enemies":"Slime Boss","floor":16.0,"turns":3.0},{"damage":10.0,"enemies":"Shell Parasite","floor":18.0,"turns":4.0},{"damage":36.0,"enemies":"3 Byrds","floor":20.0,"turns":6.0},{"damage":4.0,"enemies":"Masked Bandits","floor":21.0,"turns":4.0},{"damage":24.0,"enemies":"Book of Stabbing","floor":23.0,"turns":5.0},{"damage":14,"enemies":"3 Cultists","floor":24,"turns":3}],"seed_played":"2509297331149475852","potions_obtained":[{"floor":1.0,"key":"FairyPotion"},{"floor":6.0,"key":"Explosive Potion"},{"floor":11.0,"key":"ColorlessPotion"},{"floor":12.0,"key":"Weak Potion"},{"floor":16.0,"key":"SkillPotion"},{"floor":20.0,"key":"SneckoOil"},{"floor":21.0,"key":"Fire Potion"}],"is_trial":false,"path_per_floor":["M","?","?","M","$","E","R","E","T","$","M","E","?","E","R","B",null,"M","?","M","?","?","E","M"],"character_chosen":"WATCHER","items_purchased":["Juzu Bracelet","Happy Flower","Adaptation","FearNoEvil"],"campfire_rested":0,"item_purchase_floors":[5,5,5,10],"current_hp_per_floor":[64,50,50,47,47,47,47,34,34,34,28,10,10,8,8,8,72,62,62,28,26,12,12,0,0],"gold":262,"neow_bonus":"ONE_RARE_RELIC","is_daily":false,"chose_seed":false,"campfire_upgraded":2,"win_rate":0.0,"timestamp":1611228142,"path_taken":["M","?","?","M","?","E","R","E","T","?","M","E","?","E","R","BOSS","M","?","M","?","?","E","M"],"items_purchased_type":["Relic","Relic","Card","Card"],"build_version":"2020-12-22","purchased_purges":1,"victory":false,"max_hp_per_floor":[72,72,72,72,72,72,72,72,72,72,72,72,72,72,72,72,72,72,72,74,76,81,81,81,81],"card_choices":[{"not_picked":["PathToVictory","Halt"],"picked":"LikeWater","floor":1.0},{"not_picked":["ThirdEye","PathToVictory"],"picked":"Wireheading","floor":4.0},{"not_picked":["WheelKick","ReachHeaven"],"picked":"BattleHymn","floor":6.0},{"not_picked":["Prostrate","CarveReality"],"picked":"BattleHymn","floor":8.0},{"not_picked":["JustLucky","EmptyBody"],"picked":"Establishment","floor":11.0},{"not_picked":["FollowUp","SashWhip"],"picked":"LikeWater","floor":12.0},{"not_picked":["Perseverance","Consecrate"],"picked":"Wallop","floor":14.0},{"not_picked":["Devotion","Vault"],"picked":"MasterReality","floor":16.0},{"not_picked":["JustLucky","Prostrate","BowlingBash"],"picked":"SKIP","floor":18.0},{"not_picked":["FlurryOfBlows","Prostrate","PathToVictory"],"picked":"Singing Bowl","floor":20.0},{"not_picked":["Worship","Evaluate","CutThroughFate"],"picked":"Singing Bowl","floor":21.0},{"not_picked":["SashWhip+1","Fasting2"],"picked":"DeceiveReality","floor":23.0}],"player_experience":253028,"relics_obtained":[{"floor":6.0,"key":"Boot"},{"floor":8.0,"key":"Bottled Tornado"},{"floor":12.0,"key":"Smiling Mask"},{"floor":14.0,"key":"Regal Pillow"},{"floor":21.0,"key":"Red Mask"},{"floor":23.0,"key":"Omamori"}],"event_choices":[{"damage_healed":0.0,"max_hp_gain":0.0,"max_hp_loss":0.0,"gold_gain":0.0,"event_name":"Shining Light","player_choice":"Entered Light","floor":2.0,"gold_loss":0.0,"damage_taken":14.0,"cards_upgraded":["Strike_P","Strike_P"]},{"cards_removed":["Pain"],"damage_healed":0.0,"max_hp_gain":0.0,"max_hp_loss":0.0,"gold_gain":0.0,"event_name":"The Cleric","player_choice":"Card Removal","floor":3.0,"gold_loss":50.0,"damage_taken":0.0},{"damage_healed":0.0,"max_hp_gain":0.0,"max_hp_loss":0.0,"gold_gain":0.0,"event_name":"Wheel of Change","player_choice":"Cursed","floor":13.0,"gold_loss":0.0,"damage_taken":0.0,"cards_obtained":["Decay"]},{"damage_healed":0.0,"max_hp_gain":0.0,"max_hp_loss":0.0,"gold_gain":0.0,"event_name":"The Mausoleum","player_choice":"Opened","floor":19.0,"gold_loss":0.0,"damage_taken":0.0,"relics_obtained":["Singing Bowl"],"cards_obtained":["Writhe"]},{"damage_healed":0.0,"max_hp_gain":0.0,"max_hp_loss":0.0,"gold_gain":0.0,"event_name":"Masked Bandits","player_choice":"Fought Bandits","floor":21.0,"gold_loss":0.0,"damage_taken":0.0},{"damage_healed":0.0,"max_hp_gain":5.0,"max_hp_loss":0.0,"gold_gain":0.0,"event_name":"Forgotten Altar","player_choice":"Shed Blood","floor":22.0,"gold_loss":0.0,"damage_taken":19.0}],"is_beta":false,"boss_relics":[{"not_picked":["Empty Cage","HolyWater"],"picked":"Astrolabe"}],"items_purged_floors":[10],"is_endless":false,"potions_floor_spawned":[1,6,11,12,16,20,21],"killed_by":"3 Cultists","ascension_level":1}}