{"host":"qekv59dthhdg54sz","time":1611215361,"event":{"mods":["AchievementEnabler","BaseMod","Colored Map","DeckTracker","KOR Keyword Fix","Minty Spire (QoL Compilation)","Rare Cards Sparkle","StSLib","SuperFastMode"],"gold_per_floor":[110,110,120,1,1,1,14,48,48,83,101,101,121,46,46,120,120,138,150,168,179,179,179,79,79,79,79,108,118,118,118],"floor_reached":30,"language":"KOR","playtime":774,"items_purged":["Strike_P","Strike_P"],"score":670,"play_id":"f981bd1b-ee27-4534-9d6c-b61f8d157d5e","local_time":"20210121164921","is_ascension_mode":true,"campfire_choices":[{"data":"MentalFortress","floor":6.0,"key":"SMITH"},{"data":"BattleHymn","floor":12.0,"key":"SMITH"},{"data":"InnerPeace","floor":15.0,"key":"SMITH"},{"floor":23.0,"key":"REST"},{"data":"Vengeance","floor":25.0,"key":"SMITH"},{"data":"Ragnarok","floor":27.0,"key":"SMITH"}],"circlet_count":0,"master_deck":["AscendersBane","Strike_P","Strike_P","Defend_P","Defend_P","Defend_P","Defend_P","Eruption+1","Vigilance","FlyingSleeves+1","MentalFortress+1","BattleHymn+1","Halt","Vengeance+1","InnerPeace+1","Ragnarok+1","EmptyBody","WreathOfFlame"],"relics":["Cursed Key","CloakClasp","Du-Vu Doll","MealTicket","VioletLotus","Oddly Smooth Stone"],"acts_visited":["Exordium","TheCity"],"potions_floor_usage":[28,28],"damage_taken":[{"damage":0.0,"enemies":"Jaw Worm","floor":1.0,"turns":3.0},{"damage":0.0,"enemies":"2 Louse","floor":3.0,"turns":3.0},{"damage":0.0,"enemies":"Small Slimes","floor":7.0,"turns":2.0},{"damage":8.0,"enemies":"Gremlin Nob","floor":8.0,"turns":3.0},{"damage":0.0,"enemies":"Lagavulin","floor":10.0,"turns":4.0},{"damage":2.0,"enemies":"Red Slaver","floor":11.0,"turns":4.0},{"damage":5.0,"enemies":"Blue Slaver","floor":13.0,"turns":4.0},{"damage":0.0,"enemies":"Hexaghost","floor":16.0,"turns":5.0},{"damage":15.0,"enemies":"Shell Parasite","floor":18.0,"turns":3.0},{"damage":8.0,"enemies":"Spheric Guardian","floor":19.0,"turns":4.0},{"damage":11.0,"enemies":"Snecko","floor":20.0,"turns":5.0},{"damage":2.0,"enemies":"Cultist and Chosen","floor":21.0,"turns":5.0},{"damage":50,"enemies":"Slavers","floor":28,"turns":6},{"damage":3,"enemies":"Centurion and Healer","floor":29,"turns":4},{"damage":0,"enemies":"Chosen and Byrds","floor":30,"turns":2}],"seed_played":"1970025704173410147","potions_obtained":[{"floor":1.0,"key":"PowerPotion"},{"floor":8.0,"key":"Block Potion"},{"floor":11.0,"key":"FearPotion"},{"floor":18.0,"key":"SkillPotion"},{"floor":19.0,"key":"Swift Potion"},{"floor":28,"key":"DuplicationPotion"}],"is_trial":false,"path_per_floor":["M","?","M","$","?","R","M","E","T","E","M","R","M","?","R","B",null,"M","M","M","M","?","R","$","R","T","R","E","M","M"],"character_chosen":"WATCHER","items_purchased":["BattleHymn"],"campfire_rested":1,"item_purchase_floors":[4],"current_hp_per_floor":[61,41,41,41,46,46,46,38,38,38,36,36,31,31,31,31,63,48,40,29,27,27,48,63,63,63,63,13,10,10,10],"gold":118,"neow_bonus":"BOSS_RELIC","is_daily":false,"chose_seed":false,"campfire_upgraded":5,"win_rate":0.0,"timestamp":1611215361,"path_taken":["M","?","M","$","?","R","M","E","T","E","M","R","M","?","R","BOSS","M","M","M","M","?","R","$","R","T","R","E","M","M"],"items_purchased_type":["Card"],"build_version":"2020-12-22","purchased_purges":2,"victory":false,"max_hp_per_floor":[68,68,68,68,73,73,73,73,73,73,73,73,73,73,73,73,73,73,73,73,73,73,73,73,73,73,73,73,73,73,73],"card_choices":[{"not_picked":["Sanctity","JustLucky"],"picked":"FlyingSleeves","floor":1.0},{"not_picked":["Evaluate","Halt"],"picked":"MentalFortress","floor":3.0},{"not_picked":["JustLucky","ReachHeaven"],"picked":"Halt","floor":7.0},{"not_picked":["FlurryOfBlows","Crescendo"],"picked":"Vengeance","floor":8.0},{"not_picked":["Weave","Crescendo","Prostrate"],"picked":"SKIP","floor":10.0},{"not_picked":["Ragnarok","PathToVictory"],"picked":"InnerPeace","floor":11.0},{"not_picked":["Prostrate","PathToVictory","CutThroughFate"],"picked":"SKIP","floor":13.0},{"not_picked":["MasterReality","LessonLearned"],"picked":"Ragnarok","floor":16.0},{"not_picked":["BowlingBash","ClearTheMind","Evaluate"],"picked":"SKIP","floor":18.0},{"not_picked":["Crescendo","SashWhip","PathToVictory"],"picked":"SKIP","floor":19.0},{"not_picked":["PathToVictory","SandsOfTime"],"picked":"EmptyBody","floor":20.0},{"not_picked":["CarveReality","Indignation","FlurryOfBlows"],"picked":"SKIP","floor":21.0},{"not_picked":["Wireheading","Nirvana"],"picked":"WreathOfFlame","floor":28},{"not_picked":["Crescendo","PathToVictory","FlyingSleeves"],"picked":"SKIP","floor":29}],"player_experience":792524,"relics_obtained":[{"floor":8.0,"key":"CloakClasp"},{"floor":9.0,"key":"Du-Vu Doll"},{"floor":10.0,"key":"MealTicket"},{"floor":28,"key":"Oddly Smooth Stone"}],"event_choices":[{"damage_healed":0.0,"max_hp_gain":0.0,"max_hp_loss":0.0,"gold_gain":0.0,"event_name":"Shining Light","player_choice":"Entered Light","floor":2.0,"gold_loss":0.0,"damage_taken":20.0,"cards_upgraded":["Eruption","FlyingSleeves"]},{"damage_healed":0.0,"max_hp_gain":5.0,"max_hp_loss":0.0,"gold_gain":0.0,"event_name":"Big Fish","player_choice":"Donut","floor":5.0,"gold_loss":0.0,"damage_taken":0.0},{"cards_removed":["Doubt"],"damage_healed":0.0,"max_hp_gain":0.0,"max_hp_loss":0.0,"gold_gain":0.0,"event_name":"The Cleric","player_choice":"Card Removal","floor":14.0,"gold_loss":75.0,"damage_taken":0.0},{"damage_healed":0.0,"max_hp_gain":0.0,"max_hp_loss":0.0,"gold_gain":0.0,"event_name":"The Mausoleum","player_choice":"Ignored","floor":22.0,"gold_loss":0.0,"damage_taken":0.0}],"is_beta":false,"boss_relics":[{"not_picked":["Fusion Hammer","Astrolabe"],"picked":"VioletLotus"}],"items_purged_floors":[4,24],"is_endless":false,"potions_floor_spawned":[1,8,11,13,18,19,21,28],"killed_by":"Chosen and Byrds","ascension_level":20}}