{"host":"p7cjtxxrilhp4dw7","time":1611216812,"event":{"mods":["BaseMod","Block Reminder","Colored Map","Highlight Path","Minty Spire (QoL Compilation)","Replay The Spire","StSLib","The Hierophant"],"gold_per_floor":[13,59,59,69,69,69,111,86,112,112,134,134,134,174,174,278,278,297,322,341,375,375,418,418,462,532,532,541,581,581,591,591,699,758,779,636,734,734,748,748,475,475,500,516,533,574,574,429,429,429,429,429,127,162,162,162],"floor_reached":55,"language":"ENG","playtime":4821,"items_purged":["ReplayTheSpireMod:Splinters"],"score":1034,"play_id":"699fa332-f9d2-4ca6-bd98-1db3ee7df2eb","local_time":"20210121011332","is_ascension_mode":true,"campfire_choices":[{"data":"1","floor":6,"key":"LIFT"},{"data":"2","floor":10,"key":"LIFT"},{"data":"3","floor":12,"key":"LIFT"},{"floor":15,"key":"REST"},{"floor":24,"key":"REST"},{"floor":27,"key":"REST"},{"data":"Replay:AllIn","floor":32,"key":"SMITH"},{"data":"Eruption","floor":40,"key":"SMITH"},{"floor":42,"key":"REST"},{"data":"WaveOfTheHand","floor":47,"key":"SMITH"},{"floor":49,"key":"RECALL"},{"data":"EmptyBody","floor":52,"key":"SMITH"}],"circlet_count":0,"master_deck":["Strike_P","Strike_P","Strike_P+1","Defend_P","Defend_P+1","Defend_P","Defend_P","Eruption+1","Vigilance","TalkToTheHand+1","Consecrate+1","JustLucky","Weave+1","CutThroughFate","WaveOfTheHand+1","LessonLearned+1","Swivel+1","CrushJoints+1","Replay:AtTheReady+1","FlurryOfBlows+1","Wallop","Replay:BluntJabs+1","RitualDagger","Replay:AllIn+1","Ragnarok+1","Indignation+1","FollowUp","Weave+1","JustLucky+1","EmptyBody+1","Tantrum","EmptyBody+1"],"relics":["PureWater","Girya","Boot","CeramicFish","Blood Vial","Bag of Preparation","Sozu","Red Mask","Darkstone Periapt","InkBottle","Yang","ReplayTheSpireMod:TigerMarble","Tiny House","Guide Book","ReplayFunnel","Pen Nib","Replay:Wax Seal","Meat on the Bone","Vajra","Sling","Art of War","Eternal Feather"],"acts_visited":["Exordium","TheCity","TheBeyond","TheEnding"],"potions_floor_usage":[7,7,50],"damage_taken":[{"damage":0,"enemies":"Cultist","floor":1,"turns":4},{"damage":3,"enemies":"Small Slimes","floor":4,"turns":2},{"damage":0,"enemies":"Gremlin Nob","floor":7,"turns":2},{"damage":0,"enemies":"2 Louse","floor":11,"turns":2},{"damage":0,"enemies":"Lagavulin","floor":14,"turns":2},{"damage":18,"enemies":"Fading Forest","floor":16,"turns":11},{"damage":0,"enemies":"Spheric Guardian","floor":18,"turns":1},{"damage":2,"enemies":"Shell Parasite","floor":19,"turns":3},{"damage":12,"enemies":"Centurion and Healer","floor":20,"turns":5},{"damage":0,"enemies":"Masked Bandits","floor":21,"turns":2},{"damage":13,"enemies":"Gremlin Leader","floor":23,"turns":6},{"damage":27,"enemies":"Book of Stabbing","floor":25,"turns":6},{"damage":3,"enemies":"Slavers","floor":29,"turns":3},{"damage":0,"enemies":"Snake Plant","floor":31,"turns":3},{"damage":53,"enemies":"Champ","floor":33,"turns":8},{"damage":17,"enemies":"3 Shapes","floor":35,"turns":4},{"damage":0,"enemies":"3 Darklings","floor":39,"turns":2},{"damage":0,"enemies":"4 Shapes","floor":44,"turns":5},{"damage":0,"enemies":"Sphere and 2 Shapes","floor":45,"turns":1},{"damage":6,"enemies":"R_Hoarder","floor":46,"turns":4},{"damage":22,"enemies":"Time Eater","floor":50,"turns":7},{"damage":14,"enemies":"Shield and Spear","floor":54,"turns":3},{"damage":67,"enemies":"The Heart","floor":55,"turns":5}],"seed_played":"729590729885871409","potions_obtained":[{"floor":1,"key":"Fire Potion"},{"floor":4,"key":"Fire Potion"},{"floor":16,"key":"Doom Potion"}],"is_trial":false,"path_per_floor":["M","T","?","M","$","R","E","$","T","R","M","R","?","E","R","B",null,"M","M","M","?","?","E","R","E","T","R","?","E","?","M","R","B",null,"M","$","?","?","M","R","$","R","T","M","M","E","R","$","R","B",null,"R","$","E","B"],"character_chosen":"WATCHER","items_purchased":["Weave","Guide Book","Pen Nib","EmptyBody","Vajra","Sling","Art of War"],"campfire_rested":4,"item_purchase_floors":[8,36,41,41,48,53,53],"current_hp_per_floor":[65,65,65,62,62,62,62,62,62,62,62,62,50,52,72,70,72,72,70,60,62,62,51,72,45,45,66,60,59,59,61,61,10,62,47,47,53,53,55,55,55,79,79,81,83,77,77,77,77,57,77,77,77,65,0,0],"gold":162,"neow_bonus":"ONE_RARE_RELIC","is_daily":false,"chose_seed":false,"campfire_upgraded":4,"win_rate":0.0,"timestamp":1611216812,"path_taken":["M","?","?","?","?","R","E","$","T","R","M","R","?","E","R","BOSS","M","M","M","?","?","E","R","E","T","R","?","E","?","?","R","BOSS","M","$","?","?","?","R","$","R","T","?","M","E","R","?","R","BOSS","R","$","E","BOSS"],"items_purchased_type":["Card","Relic","Relic","Card","Relic","Relic","Relic"],"build_version":"2020-12-22","purchased_purges":1,"victory":false,"max_hp_per_floor":[72,72,72,72,72,72,72,72,72,72,72,72,72,72,72,72,72,72,72,72,72,72,72,72,72,72,72,72,72,72,72,72,72,77,77,77,83,83,83,83,83,83,83,83,83,83,83,83,83,83,83,83,83,83,83,83],"card_choices":[{"not_picked":["Weave","Replay:ManipulateFuture"],"picked":"TalkToTheHand","floor":1},{"not_picked":["Replay:AtTheReady","Devotion"],"picked":"Consecrate","floor":4},{"not_picked":["Protect","CarveReality"],"picked":"JustLucky","floor":7},{"not_picked":["MasterReality","WreathOfFlame"],"picked":"CutThroughFate","floor":11},{"not_picked":["ClearTheMind","Prostrate"],"picked":"WaveOfTheHand","floor":14},{"not_picked":["Wish","Alpha"],"picked":"LessonLearned","floor":16},{"not_picked":["Tantrum","ClearTheMind"],"picked":"Swivel+1","floor":18},{"not_picked":["BattleHymn","TalkToTheHand"],"picked":"CrushJoints","floor":19},{"not_picked":["CarveReality","Replay:ManipulateFuture"],"picked":"Replay:AtTheReady","floor":20},{"not_picked":["ForeignInfluence","Consecrate+1"],"picked":"FlurryOfBlows+1","floor":21},{"not_picked":["Replay:LoomingThreat","FlurryOfBlows+1"],"picked":"Wallop","floor":23},{"not_picked":["FlyingSleeves","Replay:ManipulateFuture"],"picked":"Replay:BluntJabs+1","floor":25},{"not_picked":["SashWhip","ClearTheMind"],"picked":"Replay:AllIn","floor":29},{"not_picked":["LikeWater","Consecrate","CrushJoints+1"],"picked":"SKIP","floor":31},{"not_picked":["Blasphemy","Judgement"],"picked":"Ragnarok","floor":33},{"not_picked":["Prostrate","Replay:BluntJabs"],"picked":"Indignation+1","floor":34},{"not_picked":["ClearTheMind+1","Prostrate"],"picked":"FollowUp","floor":35},{"not_picked":["Ragnarok","FollowUp+1"],"picked":"Weave+1","floor":37},{"not_picked":["PathToVictory","Collect"],"picked":"JustLucky+1","floor":37},{"not_picked":["FlurryOfBlows+1","Replay:Battleflow+1","Replay:AtTheReady+1"],"picked":"SKIP","floor":39},{"not_picked":["FlurryOfBlows","Prostrate+1","SashWhip+1"],"picked":"SKIP","floor":44},{"not_picked":["SandsOfTime+1","Evaluate+1","Adaptation"],"picked":"SKIP","floor":45},{"not_picked":["Brilliance","ThirdEye"],"picked":"Tantrum","floor":46},{"not_picked":["SignatureMove+1","FearNoEvil"],"picked":"EmptyBody+1","floor":54}],"player_experience":528183,"relics_obtained":[{"floor":2,"key":"Boot"},{"floor":7,"key":"CeramicFish"},{"floor":14,"key":"Bag of Preparation"},{"floor":21,"key":"Red Mask"},{"floor":23,"key":"Darkstone Periapt"},{"floor":25,"key":"InkBottle"},{"floor":26,"key":"Yang"},{"floor":29,"key":"ReplayTheSpireMod:TigerMarble"},{"floor":37,"key":"ReplayFunnel"},{"floor":43,"key":"Replay:Wax Seal"},{"floor":46,"key":"Meat on the Bone"},{"floor":54,"key":"Eternal Feather"}],"event_choices":[{"damage_healed":0,"gold_gain":0,"player_choice":"Leave","damage_taken":0,"max_hp_gain":0,"max_hp_loss":0,"event_name":"FaceTrader","floor":3,"gold_loss":0},{"damage_healed":0,"gold_gain":0,"player_choice":"Success","damage_taken":12,"relics_obtained":["Blood Vial"],"max_hp_gain":0,"max_hp_loss":0,"event_name":"Scrap Ooze","floor":13,"gold_loss":0},{"damage_healed":0,"gold_gain":0,"player_choice":"Fought Bandits","damage_taken":0,"max_hp_gain":0,"max_hp_loss":0,"event_name":"Masked Bandits","floor":21,"gold_loss":0},{"damage_healed":0,"gold_gain":0,"player_choice":"Ignored","damage_taken":0,"max_hp_gain":0,"max_hp_loss":0,"event_name":"Beggar","floor":22,"gold_loss":0},{"damage_healed":0,"gold_gain":0,"player_choice":"Joined the Cult","damage_taken":6,"max_hp_gain":0,"max_hp_loss":0,"event_name":"Nest","floor":28,"gold_loss":0,"cards_obtained":["RitualDagger"]},{"cards_removed":["Strike_P"],"damage_healed":0,"gold_gain":0,"player_choice":"Purged","damage_taken":0,"max_hp_gain":0,"max_hp_loss":0,"event_name":"Purifier","floor":30,"gold_loss":0},{"damage_healed":0,"gold_gain":0,"player_choice":"Upgraded","damage_taken":0,"max_hp_gain":0,"max_hp_loss":0,"event_name":"Upgrade Shrine","floor":38,"gold_loss":0,"cards_upgraded":["Replay:AtTheReady"]}],"is_beta":false,"boss_relics":[{"not_picked":["Philosopher\u0027s Stone","Fusion Hammer"],"picked":"Sozu"},{"not_picked":["Velvet Choker","Snecko Eye"],"picked":"Tiny House"}],"items_purged_floors":[41],"is_endless":false,"potions_floor_spawned":[1,4,16,18,21,25,33,39,44,54],"killed_by":"The Heart","ascension_level":6}}