{"host":"0awa854l6bexpjrv","time":1611211221,"event":{"mods":["BaseMod","Block Reminder","Colored Map","Colored Powertips","Downfall","Highlight Path","Minty Spire (QoL Compilation)","Quick Restart","Rare Cards Sparkle","StSLib","SuperFastMode"],"gold_per_floor":[119,138,157,157,4,4,16,34,34,48,68,68,90,90,90,191,191,201,201,215,29,29,29,40,40,66,79,99,99,99,99,99,195,195,210,85,0,0,0,0],"floor_reached":39,"language":"ENG","playtime":2302,"items_purged":["Strike_G","Strike_G","Decay"],"score":433,"play_id":"430e2e8e-7ad9-4623-a461-dba754d2c038","local_time":"20210120224021","is_ascension_mode":true,"campfire_choices":[{"data":"Neutralize","floor":6,"key":"SMITH"},{"floor":12,"key":"REST"},{"floor":15,"key":"REST"},{"floor":23,"key":"REST"},{"floor":25,"key":"REST"},{"data":"After Image","floor":32,"key":"SMITH"}],"circlet_count":0,"master_deck":["Defend_G","Defend_G","Defend_G","Defend_G","Defend_G","Survivor","Neutralize+1","Noxious Fumes","All Out Attack","After Image","Noxious Fumes","Backflip","Sucker Punch","Poisoned Stab","Calculated Gamble","Caltrops","After Image+1","Terror","Glass Knife","Noxious Fumes","Flechettes+1","Blind","Necronomicurse","Backflip+1","Outmaneuver+1","Bite","Bite","Bite","Bite","Bite","Slimebound:CheckThePlaybook","Bullet Time","Bouncing Flask"],"relics":["Runic Pyramid","FossilizedHelix","Odd Mushroom","Letter Opener","Sozu","Necronomicon","Strawberry","Fusion Hammer","Red Mask"],"acts_visited":["Exordium","TheCity","TheBeyond"],"potions_floor_usage":[11,16],"damage_taken":[{"damage":0,"enemies":"2 Louse","floor":1,"turns":3},{"damage":2,"enemies":"Jaw Worm","floor":2,"turns":6},{"damage":3,"enemies":"Small Slimes","floor":3,"turns":4},{"damage":5,"enemies":"3 Louse","floor":7,"turns":4},{"damage":4,"enemies":"2 Fungi Beasts","floor":8,"turns":4},{"damage":0,"enemies":"Large Slime","floor":10,"turns":6},{"damage":8,"enemies":"3 Louse","floor":11,"turns":4},{"damage":8,"enemies":"The Mushroom Lair","floor":13,"turns":4},{"damage":19,"enemies":"Hexaghost","floor":16,"turns":9},{"damage":16,"enemies":"3 Byrds","floor":18,"turns":4},{"damage":1,"enemies":"Spheric Guardian","floor":20,"turns":4},{"damage":20,"enemies":"3 Cultists","floor":24,"turns":5},{"damage":0,"enemies":"Snake Plant","floor":27,"turns":5},{"damage":19,"enemies":"Shelled Parasite and Fungi","floor":28,"turns":5},{"damage":24,"enemies":"Champ","floor":33,"turns":12},{"damage":6,"enemies":"3 Shapes","floor":35,"turns":6},{"damage":47,"enemies":"3 Darklings","floor":39,"turns":4}],"seed_played":"5884139086622637344","potions_obtained":[{"floor":1,"key":"hexamod:SoulburnPotion"},{"floor":7,"key":"SkillPotion"},{"floor":11,"key":"GamblersBrew"}],"is_trial":false,"path_per_floor":["M","M","M","?","$","R","M","M","T","M","M","R","?","?","R","B",null,"M","?","M","$","?","R","M","R","T","M","M","?","?","?","R","B",null,"M","$","?","?","M"],"character_chosen":"THE_SILENT","items_purchased":["Noxious Fumes","Blind"],"campfire_rested":4,"item_purchase_floors":[5,21],"current_hp_per_floor":[70,68,65,58,58,58,53,49,49,49,41,62,54,47,68,49,70,54,54,53,53,37,58,38,59,66,66,47,47,47,47,47,32,48,46,46,46,42,0,0],"gold":0,"neow_bonus":"BOSS_RELIC","is_daily":false,"chose_seed":false,"campfire_upgraded":2,"win_rate":0.0,"timestamp":1611211221,"path_taken":["M","M","M","?","$","R","M","M","T","M","M","R","?","?","R","BOSS","M","?","M","$","?","R","M","R","T","M","M","?","?","?","R","BOSS","M","$","?","?","M"],"items_purchased_type":["Card","Card"],"build_version":"2020-12-22","purchased_purges":3,"victory":false,"max_hp_per_floor":[70,70,70,70,70,70,70,70,70,70,70,70,70,70,70,70,70,70,70,70,70,70,70,70,70,77,77,77,53,53,48,48,48,48,48,48,48,48,48,48],"card_choices":[{"not_picked":["Dagger Throw","Dodge and Roll"],"picked":"Noxious Fumes","floor":1},{"not_picked":["Deadly Poison","Poisoned Stab"],"picked":"All Out Attack","floor":2},{"not_picked":["Slice","PiercingWail"],"picked":"After Image","floor":3},{"not_picked":["Finisher","Underhanded Strike"],"picked":"Backflip","floor":7},{"not_picked":["Setup","Blade Dance"],"picked":"Sucker Punch","floor":8},{"not_picked":["Choke","Expertise"],"picked":"Poisoned Stab","floor":10},{"not_picked":["Dagger Spray","Slice"],"picked":"Calculated Gamble","floor":11},{"not_picked":["Acrobatics","Dagger Spray"],"picked":"Caltrops","floor":13},{"not_picked":["Malaise","Doppelganger"],"picked":"After Image","floor":16},{"not_picked":["Distraction","Well Laid Plans+1"],"picked":"Terror","floor":18},{"not_picked":["Dagger Throw","Prepared+1"],"picked":"Flechettes+1","floor":20},{"not_picked":["Masterful Stab+1","Poisoned Stab"],"picked":"Backflip+1","floor":24},{"not_picked":["Cloak And Dagger","Dagger Throw","Dodge and Roll"],"picked":"SKIP","floor":27},{"not_picked":["Skewer","Acrobatics"],"picked":"Outmaneuver+1","floor":28},{"not_picked":["Adrenaline","Die Die Die"],"picked":"Bullet Time","floor":33},{"not_picked":["Dagger Spray","Outmaneuver+1"],"picked":"Bouncing Flask","floor":35}],"player_experience":599695,"relics_obtained":[{"floor":9,"key":"FossilizedHelix"},{"floor":13,"key":"Odd Mushroom"},{"floor":22,"key":"Necronomicon"},{"floor":26,"key":"Strawberry"}],"event_choices":[{"cards_removed":["Strike_G"],"damage_healed":0,"gold_gain":0,"player_choice":"Card Removal","damage_taken":7,"max_hp_gain":0,"max_hp_loss":0,"event_name":"Golden Wing","floor":4,"gold_loss":0},{"damage_healed":0,"gold_gain":0,"player_choice":"Fought Mushrooms","damage_taken":0,"max_hp_gain":0,"max_hp_loss":0,"event_name":"Mushrooms","floor":13,"gold_loss":0},{"damage_healed":0,"gold_gain":0,"player_choice":"Success","damage_taken":7,"relics_obtained":["Letter Opener"],"max_hp_gain":0,"max_hp_loss":0,"event_name":"Scrap Ooze","floor":14,"gold_loss":0},{"damage_healed":0,"gold_gain":0,"cards_transformed":["Strike_G","Strike_G"],"player_choice":"Became Test Subject","damage_taken":0,"max_hp_gain":0,"max_hp_loss":0,"event_name":"Drug Dealer","floor":19,"gold_loss":0,"cards_obtained":["Glass Knife","Noxious Fumes"]},{"damage_healed":0,"gold_gain":0,"player_choice":"Obtained Book","damage_taken":16,"max_hp_gain":0,"max_hp_loss":0,"event_name":"Cursed Tome","floor":22,"gold_loss":0},{"damage_healed":0,"gold_gain":0,"player_choice":"Became a vampire","damage_taken":0,"max_hp_gain":0,"max_hp_loss":24,"event_name":"Vampires","floor":29,"gold_loss":0,"cards_obtained":["Bite","Bite","Bite","Bite","Bite"]},{"damage_healed":0,"gold_gain":0,"player_choice":"Smashed Altar","damage_taken":0,"max_hp_gain":0,"max_hp_loss":0,"event_name":"Forgotten Altar","floor":30,"gold_loss":0,"cards_obtained":["Decay"]},{"damage_healed":0,"gold_gain":0,"player_choice":"Paid","damage_taken":0,"relics_obtained":["Red Mask"],"max_hp_gain":0,"max_hp_loss":0,"event_name":"Tomb of Lord Red Mask","floor":37,"gold_loss":85},{"damage_healed":0,"gold_gain":0,"player_choice":"Damaged","damage_taken":4,"max_hp_gain":0,"max_hp_loss":0,"event_name":"Wheel of Change","floor":38,"gold_loss":0}],"is_beta":false,"boss_relics":[{"not_picked":["Busted Crown","bronze:MakeshiftBattery"],"picked":"Sozu"},{"not_picked":["Runic Dome","SacredBark"],"picked":"Fusion Hammer"}],"items_purged_floors":[5,21,36],"is_endless":false,"potions_floor_spawned":[1,7,11,18,28,33,35],"killed_by":"3 Darklings","ascension_level":2}}