{"host":"i09pxcjttd31eh4q","time":1611246044,"event":{"mods":["AchievementEnabler","BaseMod","Colored Map","Keyboard Shortcuts","Minty Spire (QoL Compilation)","StSLib","SuperFastMode"],"gold_per_floor":[114,40,115,115,132,132,160,171,171,191,210,242,242,268,268,342,342,353,366,381,398,415,415,430,355,355,355,366,392,392,392],"floor_reached":30,"language":"KOR","playtime":707,"items_purged":["Strike_P"],"score":748,"play_id":"9dc6457f-4a0c-4835-ba15-908e21bb5bfc","local_time":"20210122012044","is_ascension_mode":true,"campfire_choices":[{"data":"Adaptation","floor":13.0,"key":"SMITH"},{"data":"Tantrum","floor":15.0,"key":"SMITH"},{"floor":23.0,"key":"REST"},{"data":"CrushJoints","floor":27.0,"key":"SMITH"}],"circlet_count":0,"master_deck":["AscendersBane","Strike_P","Defend_P","Defend_P","Eruption+1","Vigilance","Adaptation+1","CrushJoints+1","Tantrum+1","WindmillStrike+1","ClearTheMind+1","Weave+1"],"relics":["PureWater","NeowsBlessing","CloakClasp","Incense Burner","Kunai","Pen Nib","Astrolabe","Turnip","Toy Ornithopter"],"acts_visited":["Exordium","TheCity"],"potions_floor_usage":[30],"damage_taken":[{"damage":0.0,"enemies":"Jaw Worm","floor":1.0,"turns":1.0},{"damage":0.0,"enemies":"Small Slimes","floor":5.0,"turns":1.0},{"damage":0.0,"enemies":"3 Sentries","floor":7.0,"turns":1.0},{"damage":0.0,"enemies":"Cultist","floor":8.0,"turns":2.0},{"damage":3.0,"enemies":"Gremlin Gang","floor":10.0,"turns":4.0},{"damage":3.0,"enemies":"3 Louse","floor":11.0,"turns":2.0},{"damage":0.0,"enemies":"Gremlin Nob","floor":12.0,"turns":2.0},{"damage":0.0,"enemies":"Lagavulin","floor":14.0,"turns":4.0},{"damage":25.0,"enemies":"Hexaghost","floor":16.0,"turns":7.0},{"damage":17.0,"enemies":"2 Thieves","floor":18.0,"turns":3.0},{"damage":0.0,"enemies":"Spheric Guardian","floor":19.0,"turns":2.0},{"damage":0.0,"enemies":"Chosen and Byrds","floor":20.0,"turns":3.0},{"damage":0.0,"enemies":"3 Cultists","floor":21.0,"turns":4.0},{"damage":29.0,"enemies":"Shelled Parasite and Fungi","floor":22.0,"turns":3.0},{"damage":0.0,"enemies":"Cultist and Chosen","floor":24.0,"turns":3.0},{"damage":16.0,"enemies":"Centurion and Healer","floor":28.0,"turns":4.0},{"damage":0.0,"enemies":"Gremlin Leader","floor":29.0,"turns":3.0},{"damage":0,"enemies":"Shelled Parasite and Fungi","floor":30,"turns":1}],"seed_played":"-4247099113438606994","potions_obtained":[{"floor":1.0,"key":"SteroidPotion"},{"floor":5.0,"key":"DuplicationPotion"},{"floor":11.0,"key":"BottledMiracle"},{"floor":12.0,"key":"Regen Potion"},{"floor":16.0,"key":"Energy Potion"},{"floor":19.0,"key":"BlessingOfTheForge"},{"floor":24.0,"key":"Energy Potion"},{"floor":28.0,"key":"EssenceOfSteel"},{"floor":29.0,"key":"ColorlessPotion"}],"is_trial":false,"path_per_floor":["M","$","?","?","M","?","E","M","T","M","M","E","R","E","R","B",null,"M","M","M","M","M","R","M","$","T","R","M","E","M"],"character_chosen":"WATCHER","items_purchased":["Adaptation"],"campfire_rested":1,"item_purchase_floors":[2],"current_hp_per_floor":[61,61,50,43,43,43,43,43,43,40,37,37,37,49,49,24,57,40,40,40,40,11,31,31,31,31,31,15,15,20,20],"gold":392,"neow_bonus":"THREE_ENEMY_KILL","is_daily":false,"chose_seed":false,"campfire_upgraded":3,"win_rate":0.0,"timestamp":1611246044,"path_taken":["M","$","?","?","M","?","E","M","T","M","?","E","R","E","R","BOSS","M","M","M","M","M","R","?","$","T","R","M","E","M"],"items_purchased_type":["Card"],"build_version":"2020-12-22","purchased_purges":1,"victory":false,"max_hp_per_floor":[68,68,68,68,68,68,68,68,68,68,68,68,68,68,68,68,68,68,68,68,68,68,68,68,68,68,68,68,68,68,68],"card_choices":[{"not_picked":["Perseverance","EmptyBody","Consecrate"],"picked":"SKIP","floor":1.0},{"not_picked":["SashWhip","Blasphemy","ClearTheMind"],"picked":"SKIP","floor":5.0},{"not_picked":["ReachHeaven","CutThroughFate","Consecrate"],"picked":"SKIP","floor":7.0},{"not_picked":["Swivel","EmptyBody"],"picked":"CrushJoints","floor":8.0},{"not_picked":["EmptyFist","FollowUp"],"picked":"Tantrum","floor":10.0},{"not_picked":["FlyingSleeves","JustLucky","EmptyMind"],"picked":"SKIP","floor":11.0},{"not_picked":["EmptyBody","SashWhip","ClearTheMind"],"picked":"SKIP","floor":12.0},{"not_picked":["LessonLearned","Indignation","CutThroughFate"],"picked":"SKIP","floor":14.0},{"not_picked":["FlurryOfBlows","Wireheading","Consecrate"],"picked":"SKIP","floor":18.0},{"not_picked":["EmptyFist","FlyingSleeves","Crescendo"],"picked":"SKIP","floor":19.0},{"not_picked":["FollowUp","BattleHymn","ReachHeaven"],"picked":"SKIP","floor":20.0},{"not_picked":["Consecrate","ForeignInfluence","WaveOfTheHand"],"picked":"SKIP","floor":21.0},{"not_picked":["Crescendo","EmptyFist","Evaluate"],"picked":"SKIP","floor":22.0},{"not_picked":["Protect","ClearTheMind","BowlingBash+1"],"picked":"SKIP","floor":24.0},{"not_picked":["Crescendo","FlurryOfBlows","Pray"],"picked":"SKIP","floor":28.0},{"not_picked":["SashWhip+1","DevaForm","CrushJoints"],"picked":"SKIP","floor":29.0}],"player_experience":872482,"relics_obtained":[{"floor":7.0,"key":"CloakClasp"},{"floor":9.0,"key":"Incense Burner"},{"floor":12.0,"key":"Kunai"},{"floor":14.0,"key":"Pen Nib"},{"floor":26.0,"key":"Turnip"},{"floor":29.0,"key":"Toy Ornithopter"}],"event_choices":[{"damage_healed":0.0,"max_hp_gain":0.0,"max_hp_loss":0.0,"gold_gain":75.0,"event_name":"World of Goop","player_choice":"Gather Gold","floor":3.0,"gold_loss":0.0,"damage_taken":11.0},{"cards_removed":["Defend_P"],"damage_healed":0.0,"max_hp_gain":0.0,"max_hp_loss":0.0,"gold_gain":0.0,"event_name":"Golden Wing","player_choice":"Card Removal","floor":4.0,"gold_loss":0.0,"damage_taken":7.0},{"damage_healed":0.0,"max_hp_gain":0.0,"max_hp_loss":0.0,"gold_gain":0.0,"event_name":"Upgrade Shrine","player_choice":"Upgraded","floor":6.0,"gold_loss":0.0,"damage_taken":0.0,"cards_upgraded":["Eruption"]}],"is_beta":false,"boss_relics":[{"not_picked":["Velvet Choker","Snecko Eye"],"picked":"Astrolabe"}],"items_purged_floors":[25],"is_endless":false,"potions_floor_spawned":[1,5,8,11,12,16,19,20,24,28,29],"killed_by":"Shelled Parasite and Fungi","ascension_level":20}}