{"host":"i391n33tccqevi90","time":1611261431,"event":{"mods":["2.2 Compatiblity","AchievementEnabler","BaseMod","Better Third Choice","Conspire","Emptier Cage","Filter the Spire","Hero for Fun","Minty Spire (QoL Compilation)","Remove Card Discount Mod","Spicy Shops","StSLib"],"gold_per_floor":[117,59,75,75,30,30,57,80,107,134,32,32,49,68,68,168,168,178,196,215,215,233,233,252,284,309,224,224,277,277,305,305,305,305],"floor_reached":33,"language":"ENG","playtime":1659,"items_purged":[],"score":293,"play_id":"5431afab-acb7-47dd-b8f8-55da630a47c6","local_time":"20210121143711","is_ascension_mode":false,"campfire_choices":[{"data":"Deadly Poison","floor":6,"key":"SMITH"},{"floor":12,"key":"REST"},{"floor":15,"key":"REST"},{"data":"Footwork","floor":23,"key":"SMITH"},{"floor":30,"key":"REST"},{"floor":32,"key":"REST"}],"circlet_count":0,"master_deck":["Strike_G","Strike_G","Strike_G","Strike_G","Strike_G","Defend_G","Defend_G","Defend_G","Defend_G","Defend_G","Survivor","Neutralize","After Image","Blade Dance","Deadly Poison+1","PiercingWail","Deadly Poison","Terror","Footwork+1","Bane","Envenom+1","Adrenaline","Catalyst","Dagger Throw+1","Dodge and Roll+1","conspire:PoisonWeapons+1","Poisoned Stab"],"relics":["Ring of the Snake","betterThird:SlimedRelic","Question Card","Vajra","Centennial Puzzle","Bronze Scales","conspire:RoyalGoblet","Dream Catcher","Juzu Bracelet","Ornamental Fan","MutagenicStrength","Toy Ornithopter","Omamori"],"acts_visited":["Exordium","TheCity"],"potions_floor_usage":[16,16,22,22,25,25],"damage_taken":[{"damage":1,"enemies":"Jaw Worm","floor":1,"turns":6},{"damage":0,"enemies":"Small Slimes","floor":3,"turns":3},{"damage":20,"enemies":"Lagavulin","floor":7,"turns":6},{"damage":19,"enemies":"Gremlin Nob","floor":10,"turns":4},{"damage":0,"enemies":"Cultist","floor":13,"turns":4},{"damage":1,"enemies":"3 Louse","floor":14,"turns":4},{"damage":14,"enemies":"Slime Boss","floor":16,"turns":9},{"damage":10,"enemies":"Shell Parasite","floor":18,"turns":5},{"damage":3,"enemies":"3 Byrds","floor":19,"turns":4},{"damage":3,"enemies":"Shelled Parasite and Fungi","floor":20,"turns":5},{"damage":1,"enemies":"3 Cultists","floor":22,"turns":5},{"damage":15,"enemies":"Snecko","floor":24,"turns":3},{"damage":3,"enemies":"Slavers","floor":25,"turns":6},{"damage":27,"enemies":"Gremlin Leader","floor":31,"turns":4},{"damage":54,"enemies":"Champ","floor":33,"turns":8}],"seed_played":"-2468572948996931255","potions_obtained":[{"floor":7,"key":"Explosive Potion"},{"floor":13,"key":"FearPotion"},{"floor":14,"key":"DuplicationPotion"},{"floor":19,"key":"GamblersBrew"},{"floor":20,"key":"PowerPotion"},{"floor":24,"key":"EssenceOfSteel"}],"is_trial":false,"path_per_floor":["M","$","M","?","?","R","E","T","T","E","$","R","M","M","R","B",null,"M","M","M","?","M","R","M","E","T","?","?","T","R","E","R","B"],"character_chosen":"THE_SILENT","items_purchased":["Deadly Poison","Footwork"],"campfire_rested":4,"item_purchase_floors":[2,11],"current_hp_per_floor":[69,69,69,69,58,58,38,38,38,19,19,40,40,39,60,46,70,60,57,54,54,53,53,38,35,35,35,35,35,56,29,50,0,0],"gold":305,"neow_bonus":"ONE_RANDOM_RARE_CARD","is_daily":false,"chose_seed":false,"campfire_upgraded":2,"win_rate":0.0,"timestamp":1611261431,"path_taken":["M","$","M","?","?","R","E","?","T","E","$","R","?","M","R","BOSS","M","M","M","?","M","R","M","E","T","?","?","?","R","E","R","BOSS"],"items_purchased_type":["Card","Card"],"build_version":"2020-12-22","purchased_purges":0,"victory":false,"max_hp_per_floor":[70,70,70,70,70,70,70,70,70,70,70,70,70,70,70,70,70,70,70,70,70,70,70,70,70,70,70,70,70,70,70,70,70,70],"card_choices":[{"not_picked":["Well Laid Plans","Calculated Gamble"],"picked":"Blade Dance","floor":1},{"not_picked":["Slice","Dagger Spray"],"picked":"PiercingWail","floor":3},{"not_picked":["Concentrate","Blade Dance"],"picked":"Deadly Poison","floor":7},{"not_picked":["Backflip","Dagger Spray","Endless Agony"],"picked":"Terror","floor":10},{"not_picked":["Sucker Punch","Flechettes","Slice"],"picked":"Bane","floor":13},{"not_picked":["Riddle With Holes","Finisher","Choke"],"picked":"Envenom","floor":14},{"not_picked":["Phantasmal Killer","Malaise","Venomology"],"picked":"Adrenaline","floor":16},{"not_picked":["Outmaneuver+1","Finisher","Dodge and Roll"],"picked":"Catalyst","floor":18},{"not_picked":["Reflex+1","Flying Knee","Underhanded Strike","Acrobatics"],"picked":"SKIP","floor":19},{"not_picked":["Concentrate","Underhanded Strike+1","Reflex","All Out Attack"],"picked":"SKIP","floor":20},{"not_picked":["Prepared","Blade Dance","Deadly Poison"],"picked":"Dagger Throw+1","floor":22},{"not_picked":["Adrenaline","conspire:DoublingDagger","Prepared+1"],"picked":"Dodge and Roll+1","floor":24},{"not_picked":["Dodge and Roll","Slice","Blade Dance","Reflex"],"picked":"SKIP","floor":25},{"not_picked":["Prepared","Dodge and Roll+1","Sucker Punch+1"],"picked":"conspire:PoisonWeapons+1","floor":31},{"not_picked":["Prepared+1","Choke","Reflex"],"picked":"Poisoned Stab","floor":32}],"player_experience":551661,"relics_obtained":[{"floor":7,"key":"Question Card"},{"floor":8,"key":"Vajra"},{"floor":9,"key":"Centennial Puzzle"},{"floor":10,"key":"Bronze Scales"},{"floor":25,"key":"Dream Catcher"},{"floor":26,"key":"Juzu Bracelet"},{"floor":29,"key":"Toy Ornithopter"},{"floor":31,"key":"Omamori"}],"event_choices":[{"damage_healed":0,"gold_gain":0,"player_choice":"Leave","damage_taken":0,"max_hp_gain":0,"max_hp_loss":0,"event_name":"The Cleric","floor":4,"gold_loss":0},{"damage_healed":0,"gold_gain":0,"player_choice":"Slimed","damage_taken":11,"max_hp_gain":0,"max_hp_loss":0,"event_name":"betterThird:BetterGoop","floor":5,"gold_loss":45},{"damage_healed":0,"gold_gain":0,"player_choice":"Forge","damage_taken":0,"max_hp_gain":0,"max_hp_loss":0,"event_name":"Accursed Blacksmith","floor":21,"gold_loss":0,"cards_upgraded":["Envenom"]},{"damage_healed":0,"gold_gain":0,"player_choice":"Obtained Relic","damage_taken":0,"relics_obtained":["Ornamental Fan"],"max_hp_gain":0,"max_hp_loss":0,"event_name":"Addict","floor":27,"gold_loss":85},{"damage_healed":0,"gold_gain":0,"player_choice":"Inject Mutagens","damage_taken":0,"relics_obtained":["MutagenicStrength"],"max_hp_gain":0,"max_hp_loss":0,"event_name":"Drug Dealer","floor":28,"gold_loss":0}],"is_beta":false,"boss_relics":[{"not_picked":["conspire:SlowCooker","Calling Bell"],"picked":"conspire:RoyalGoblet"}],"items_purged_floors":[],"is_endless":false,"potions_floor_spawned":[7,13,14,19,20,24],"killed_by":"Champ","ascension_level":0}}