{"host":"niswhwhgsjiy5edg","time":1611257309,"event":{"mods":["AchievementEnabler","BaseMod","Downfall","Minty Spire (QoL Compilation)","Shop Mod","StSLib"],"gold_per_floor":[118,130,146,165,165,165,195,195,195,80,106,118,129,141,141,237,237,250,0,0,0,17,17,52,67,67,87,101,101,101,125,125,220,220,239,251,96,96,96],"floor_reached":38,"language":"ENG","playtime":3924,"items_purged":["Strike_R","Strike_R"],"score":552,"play_id":"8f497e7a-c003-412f-9775-43059173198d","local_time":"20210121192829","is_ascension_mode":true,"campfire_choices":[{"data":"Armaments","floor":6.0,"key":"SMITH"},{"data":"Spot Weakness","floor":8.0,"key":"SMITH"},{"floor":15.0,"key":"REST"},{"data":"Fire Breathing","floor":23.0,"key":"SMITH"},{"floor":29.0,"key":"REST"},{"floor":32.0,"key":"REST"}],"circlet_count":0,"master_deck":["Defend_R","Defend_R","Bash+1","Armaments+1","Whirlwind","Battle Trance","Spot Weakness+1","Rage","Ghostly Armor","Body Slam","Entrench","Barricade","Warcry+1","Fire Breathing+1","Heavy Blade","Flex","Bite","Bite+1","Bite","Bite","Bite","Power Through","Berserk"],"relics":["Burning Blood","Kunai","FossilizedHelix","Mark of Pain","Nloth\u0027s Gift","Pen Nib","Bag of Preparation","Boot","Empty Cage","Whetstone"],"acts_visited":["TheBeyond"],"potions_floor_usage":[36,38],"damage_taken":[{"damage":8.0,"enemies":"Jaw Worm","floor":1.0,"turns":4.0},{"damage":3.0,"enemies":"Small Slimes","floor":2.0,"turns":4.0},{"damage":1.0,"enemies":"Cultist","floor":3.0,"turns":3.0},{"damage":7.0,"enemies":"2 Fungi Beasts","floor":4.0,"turns":3.0},{"damage":10.0,"enemies":"3 Sentries","floor":7.0,"turns":4.0},{"damage":47.0,"enemies":"Gremlin Nob","floor":11.0,"turns":5.0},{"damage":0.0,"enemies":"Exordium Wildlife","floor":12.0,"turns":5.0},{"damage":0.0,"enemies":"Looter","floor":13.0,"turns":4.0},{"damage":0.0,"enemies":"Red Slaver","floor":14.0,"turns":3.0},{"damage":25.0,"enemies":"Slime Boss","floor":16.0,"turns":14.0},{"damage":0.0,"enemies":"3 Byrds","floor":18.0,"turns":7.0},{"damage":0.0,"enemies":"Chosen","floor":22.0,"turns":3.0},{"damage":50.0,"enemies":"Book of Stabbing","floor":24.0,"turns":6.0},{"damage":0.0,"enemies":"3 Cultists","floor":25.0,"turns":4.0},{"damage":14.0,"enemies":"Centurion and Healer","floor":27.0,"turns":5.0},{"damage":56.0,"enemies":"Shelled Parasite and Fungi","floor":28.0,"turns":7.0},{"damage":0.0,"enemies":"Collector","floor":33.0,"turns":13.0},{"damage":26.0,"enemies":"Orb Walker","floor":35.0,"turns":4.0},{"damage":19,"enemies":"3 Darklings","floor":36,"turns":8},{"damage":73,"enemies":"Jaw Worm Horde","floor":38,"turns":4}],"seed_played":"4046073276820618813","potions_obtained":[{"floor":3.0,"key":"FearPotion"},{"floor":11.0,"key":"EssenceOfSteel"},{"floor":12.0,"key":"bronze:BurnAndBuffPotion"},{"floor":16.0,"key":"AttackPotion"},{"floor":18.0,"key":"Dexterity Potion"},{"floor":22.0,"key":"SteroidPotion"},{"floor":28.0,"key":"Slimebound:ThreeZeroPotion"},{"floor":35.0,"key":"PowerPotion"},{"floor":36,"key":"Swift Potion"}],"is_trial":false,"path_per_floor":["M","M","M","M","?","R","E","R","T","$","E","M","M","M","R","B",null,"M","$","?","?","M","R","E","M","T","M","M","R","?","T","R","B",null,"M","M","$","M"],"character_chosen":"IRONCLAD","items_purchased":["Rage","Fire Breathing","Heavy Blade","Flex","Whetstone"],"campfire_rested":3,"item_purchase_floors":[10,19,19,19,37],"current_hp_per_floor":[78,80,80,79,84,84,80,80,80,80,39,45,51,57,82,63,85,85,85,59,59,59,59,29,43,43,49,14,31,31,31,48,59,59,43,48,48,0,0],"gold":96,"neow_bonus":"REMOVE_CARD","is_daily":false,"chose_seed":false,"campfire_upgraded":3,"win_rate":0.0,"timestamp":1611257309,"path_taken":["M","M","M","M","?","R","E","R","T","$","E","M","M","M","R","BOSS","M","$","?","?","M","R","E","M","T","?","M","R","?","?","R","BOSS","M","M","$","M"],"items_purchased_type":["Card","Card","Card","Card","Relic"],"build_version":"2020-12-22","purchased_purges":2,"victory":false,"max_hp_per_floor":[80,80,80,80,85,85,85,85,85,85,85,85,85,85,85,85,85,85,85,59,59,59,59,59,59,59,59,59,59,59,59,59,59,59,59,59,59,59,59],"card_choices":[{"not_picked":["True Grit","Rampage"],"picked":"Armaments","floor":1.0},{"not_picked":["Shrug It Off","Warcry"],"picked":"Whirlwind","floor":2.0},{"not_picked":["Disarm","Cleave"],"picked":"Battle Trance","floor":3.0},{"not_picked":["Searing Blow","Anger","Headbutt"],"picked":"SKIP","floor":4.0},{"not_picked":["Double Tap","Bloodletting"],"picked":"Spot Weakness","floor":7.0},{"not_picked":["Feel No Pain","Whirlwind"],"picked":"Ghostly Armor","floor":11.0},{"not_picked":["Cleave","Blood for Blood"],"picked":"Body Slam","floor":12.0},{"not_picked":["Thunderclap","Armaments","Headbutt"],"picked":"SKIP","floor":13.0},{"not_picked":["Rage","Clash"],"picked":"Entrench","floor":14.0},{"not_picked":["Exhume","Immolate"],"picked":"Barricade","floor":16.0},{"not_picked":["Iron Wave","Rage+1"],"picked":"Warcry+1","floor":18.0},{"not_picked":["Burning Pact","Ghostly Armor+1"],"picked":"Power Through","floor":22.0},{"not_picked":["Double Tap","Offering"],"picked":"Berserk","floor":24.0},{"not_picked":["Thunderclap","Pommel Strike+1","Shrug It Off"],"picked":"SKIP","floor":25.0},{"not_picked":["Sword Boomerang","Perfected Strike+1","Sentinel"],"picked":"SKIP","floor":27.0},{"not_picked":["Clash","Pommel Strike","Flex"],"picked":"SKIP","floor":28.0},{"not_picked":["Cleave+1","Twin Strike+1","Headbutt"],"picked":"SKIP","floor":35.0},{"not_picked":["Perfected Strike","Iron Wave+1","Anger+1"],"picked":"SKIP","floor":36}],"player_experience":762442,"relics_obtained":[{"floor":7.0,"key":"Kunai"},{"floor":9.0,"key":"Bottled Flame"},{"floor":11.0,"key":"FossilizedHelix"},{"floor":24.0,"key":"Pen Nib"},{"floor":26.0,"key":"Bag of Preparation"},{"floor":31.0,"key":"Boot"}],"event_choices":[{"damage_healed":0.0,"max_hp_gain":5.0,"max_hp_loss":0.0,"gold_gain":0.0,"event_name":"Big Fish","player_choice":"Donut","floor":5.0,"gold_loss":0.0,"damage_taken":0.0},{"damage_healed":0.0,"max_hp_gain":0.0,"max_hp_loss":26.0,"gold_gain":0.0,"event_name":"Vampires","player_choice":"Became a vampire","floor":20.0,"gold_loss":0.0,"damage_taken":0.0,"cards_obtained":["Bite","Bite","Bite","Bite","Bite"]},{"damage_healed":0.0,"max_hp_gain":0.0,"max_hp_loss":0.0,"gold_gain":0.0,"event_name":"N\u0027loth","player_choice":"Traded Relic","floor":21.0,"relics_lost":["Bottled Flame"],"gold_loss":0.0,"damage_taken":0.0,"relics_obtained":["Nloth\u0027s Gift"]},{"damage_healed":0.0,"max_hp_gain":0.0,"max_hp_loss":0.0,"gold_gain":0.0,"event_name":"Cursed Tome","player_choice":"Ignored","floor":30.0,"gold_loss":0.0,"damage_taken":0.0}],"is_beta":false,"boss_relics":[{"not_picked":["bronze:MakeshiftBattery","Philosopher\u0027s Stone"],"picked":"Mark of Pain"},{"not_picked":["Astrolabe","Calling Bell"],"picked":"Empty Cage"}],"items_purged_floors":[10,19],"is_endless":false,"potions_floor_spawned":[3,11,12,16,18,22,28,35,36],"killed_by":"Jaw Worm Horde","ascension_level":3}}