{"host":"rgy6n2eoa9ji6d0c","time":1611227200,"event":{"mods":["BaseMod","Downfall","Minty Spire (QoL Compilation)","Quick Restart","StSLib"],"gold_per_floor":[99,110,122,32,32,59,59,59,84,84,84,97,97,108,127,223,223,123,134,150,250,79,97,97,97,109,109,123,158,158,71,83,184,184,84,94,105,105,105,105],"floor_reached":38,"language":"ENG","playtime":2465,"items_purged":["bronze:Strike"],"score":506,"play_id":"ea9e7eaf-3913-43c3-a5f6-9446aee4f54d","local_time":"20210121120640","is_ascension_mode":false,"campfire_choices":[{"floor":1,"key":"RECALL"},{"floor":11,"key":"REST"},{"data":"bronze:Flail","floor":13,"key":"SMITH"},{"data":"bronze:DelayedGuard","floor":18,"key":"SMITH"},{"floor":25,"key":"REST"},{"data":"bronze:AlphaBuild","floor":27,"key":"SMITH"},{"data":"bronze:FindAndReplace","floor":30,"key":"SMITH"},{"data":"bronze:Flail","floor":35,"key":"SMITH"}],"circlet_count":0,"master_deck":["bronze:Strike","bronze:Strike","bronze:Strike","bronze:Defend","bronze:Defend","bronze:Defend","bronze:Defend","bronze:Replicate","bronze:Flail+1","bronze:FindAndReplace+1","bronze:Shell","bronze:DelayedGuard+1","bronze:HyperBeam","bronze:Flail+1","bronze:GetLatest+1","bronze:CleanCode","bronze:FineTuning+1","bronze:Backtrace","bronze:Philosophize+1","bronze:Format+1","bronze:Repulsor+1","bronze:BronzeOrb+1","bronze:Verify+1","bronze:Iterate+1"],"relics":["bronze:BronzeCore","Regal Pillow","Toy Ornithopter","Juzu Bracelet","Bottled Flame","Sozu","downfall:HeartBlessingRed","White Beast Statue","Sling","Toxic Egg 2","Lantern","Astrolabe","downfall:HeartBlessingGreen"],"acts_visited":["Exordium","TheCity","TheBeyond"],"potions_floor_usage":[16,33],"damage_taken":[{"damage":0,"enemies":"Small Slimes","floor":2,"turns":3},{"damage":0,"enemies":"2 Louse","floor":3,"turns":4},{"damage":0,"enemies":"downfall:FleeingMerchant","floor":4,"turns":4},{"damage":16,"enemies":"3 Sentries","floor":6,"turns":6},{"damage":37,"enemies":"Lagavulin","floor":9,"turns":9},{"damage":0,"enemies":"Jaw Worm","floor":12,"turns":1},{"damage":10,"enemies":"Exordium Thugs","floor":14,"turns":2},{"damage":0,"enemies":"Large Slime","floor":15,"turns":5},{"damage":0,"enemies":"IC_STATUS_ARCHETYPE","floor":16,"turns":1},{"damage":10,"enemies":"Shell Parasite","floor":19,"turns":4},{"damage":0,"enemies":"3 Byrds","floor":20,"turns":3},{"damage":35,"enemies":"downfall:LadyInBlue","floor":21,"turns":10},{"damage":10,"enemies":"downfall:FleeingMerchant","floor":22,"turns":4},{"damage":0,"enemies":"3 Cultists","floor":23,"turns":2},{"damage":0,"enemies":"Snecko","floor":26,"turns":3},{"damage":27,"enemies":"Snake Plant","floor":28,"turns":7},{"damage":0,"enemies":"Gremlin Leader","floor":29,"turns":1},{"damage":0,"enemies":"downfall:FleeingMerchant","floor":31,"turns":4},{"damage":11,"enemies":"Chosen and Byrds","floor":32,"turns":5},{"damage":14,"enemies":"SI_MIRROR_ARCHETYPE","floor":33,"turns":3},{"damage":41,"enemies":"3 Shapes","floor":36,"turns":5},{"damage":0,"enemies":"3 Darklings","floor":37,"turns":1},{"damage":42,"enemies":"3 Darklings","floor":38,"turns":5}],"seed_played":"1739222749895842796","potions_obtained":[{"floor":6,"key":"Ancient Potion"},{"floor":9,"key":"FearPotion"},{"floor":12,"key":"DuplicationPotion"}],"is_trial":false,"path_per_floor":["R","M","M","$","?","E","T","?","E","?","R","M","R","M","M","B",null,"R","M","M","?","$","M","T","R","M","R","M","E","R","$","M","B",null,"R","M","M","?"],"character_chosen":"THE_AUTOMATON","items_purchased":["Sling","bronze:Backtrace"],"campfire_rested":2,"item_purchase_floors":[22,31],"current_hp_per_floor":[77,77,77,77,70,54,54,54,17,17,55,55,55,45,45,50,77,77,67,67,32,22,22,22,60,60,60,33,33,33,33,22,13,77,77,36,36,0,0,0],"gold":105,"neow_bonus":"TEN_PERCENT_HP_BONUS","is_daily":false,"chose_seed":false,"campfire_upgraded":5,"win_rate":0.0,"timestamp":1611227200,"path_taken":["R","M","M","$","?","E","T","?","E","?","R","M","R","M","M","BOSS","R","M","M","?","$","M","T","R","M","R","M","E","R","?","M","BOSS","R","M","M","?"],"items_purchased_type":["Relic","Card"],"build_version":"2020-12-22","purchased_purges":1,"victory":false,"max_hp_per_floor":[77,77,77,77,77,77,77,77,77,77,77,77,77,77,77,77,77,77,77,77,77,77,77,77,77,77,77,77,77,77,77,77,77,77,77,77,77,77,77,77],"card_choices":[{"not_picked":["bronze:DelayedSlice","bronze:BugBarrage","bronze:BitShift"],"picked":"SKIP","floor":2},{"not_picked":["bronze:ItsAFeature","bronze:Frontload"],"picked":"bronze:Flail","floor":3},{"not_picked":["bronze:BitShift","bronze:Repair"],"picked":"bronze:FindAndReplace","floor":4},{"not_picked":["bronze:WildBeam","bronze:BuggyMess"],"picked":"bronze:Shell","floor":6},{"not_picked":["bronze:FineTuning","bronze:WildBeam"],"picked":"bronze:NullPointer","floor":9},{"not_picked":["bronze:Turbo","bronze:Deprecate","bronze:Branch"],"picked":"SKIP","floor":12},{"not_picked":["bronze:Optimize","bronze:OilSpill","bronze:FollowUp"],"picked":"SKIP","floor":14},{"not_picked":["bronze:Invalidate","bronze:ChildClass"],"picked":"bronze:DelayedGuard","floor":15},{"not_picked":["bronze:Assembly","bronze:Break"],"picked":"bronze:HyperBeam","floor":16},{"not_picked":["bronze:OilSpill+1","bronze:Safeguard","bronze:Frontload+1"],"picked":"SKIP","floor":19},{"not_picked":["bronze:Fortify","bronze:Turbo"],"picked":"bronze:Flail","floor":20},{"not_picked":["bronze:BitShift+1","bronze:Allocate+1"],"picked":"bronze:AlphaBuild","floor":22},{"not_picked":["bronze:WhirlingStrike","bronze:BitShift","bronze:DelayedSlice+1"],"picked":"SKIP","floor":23},{"not_picked":["bronze:BugBarrage+1","bronze:Overheat"],"picked":"bronze:GetLatest+1","floor":26},{"not_picked":["bronze:Turbo+1","bronze:CutThrough","bronze:BugBarrage"],"picked":"SKIP","floor":28},{"not_picked":["bronze:BronzeArmor+1","bronze:DelayedGuard+1"],"picked":"bronze:CleanCode","floor":29},{"not_picked":["bronze:Branch","bronze:Turbo+1"],"picked":"bronze:FineTuning+1","floor":31},{"not_picked":["bronze:Frontload+1","bronze:BronzeArmor+1"],"picked":"bronze:Philosophize+1","floor":32},{"not_picked":["bronze:BurnOut","bronze:SpaghettiCode+1"],"picked":"bronze:Format+1","floor":33},{"not_picked":["bronze:FineTuning+1","bronze:Shield+1"],"picked":"bronze:Iterate+1","floor":36},{"not_picked":["bronze:Shell+1","bronze:Safeguard+1","bronze:Invalidate+1"],"picked":"SKIP","floor":37}],"player_experience":1471022,"relics_obtained":[{"floor":6,"key":"Toy Ornithopter"},{"floor":7,"key":"Juzu Bracelet"},{"floor":9,"key":"Bottled Flame"},{"floor":21,"key":"White Beast Statue"},{"floor":24,"key":"Toxic Egg 2"},{"floor":29,"key":"Lantern"}],"event_choices":[{"damage_healed":0,"gold_gain":0,"player_choice":"Success","damage_taken":7,"relics_obtained":["Regal Pillow"],"max_hp_gain":0,"max_hp_loss":0,"event_name":"Scrap Ooze","floor":5,"gold_loss":0}],"is_beta":false,"boss_relics":[{"not_picked":["Calling Bell","Velvet Choker"],"picked":"Sozu"},{"not_picked":["Runic Pyramid","Tiny House"],"picked":"Astrolabe"}],"items_purged_floors":[4],"is_endless":false,"potions_floor_spawned":[6,9,12,15,19,21,22,23,26,28,29,31,32,33,36,37],"killed_by":"3 Darklings","ascension_level":0}}