{"host":"r53pw7z744tg3fxg","time":1611188344,"event":{"mods":["AchievementEnabler","BaseMod","Colored Map","Colored Powertips","Highlight Path","Minty Spire (QoL Compilation)","Quick Restart","Transform Curses"],"gold_per_floor":[115,115,190,206,34,34,62,42,65,65,81,92,116,129,129,207,207,227,11,30,40,40,40,55,73,73,73,73],"floor_reached":27,"language":"ENG","playtime":812,"items_purged":[],"score":398,"play_id":"cf6ea429-30b1-44d1-8b0a-670c466bd734","local_time":"20210120171904","is_ascension_mode":true,"campfire_choices":[{"data":"Eruption","floor":6.0,"key":"SMITH"},{"floor":10.0,"key":"REST"},{"floor":15.0,"key":"REST"},{"floor":23.0,"key":"REST"}],"circlet_count":0,"master_deck":["AscendersBane","Strike_P","Strike_P","Strike_P","Strike_P","Defend_P","Defend_P","Defend_P","Defend_P","Eruption+1","Vigilance","Injury","Brilliance","Halt","ReachHeaven","Devotion","Wallop","FollowUp","Prostrate","WheelKick","Ragnarok","DeceiveReality","Prostrate","Intimidate","PiercingWail","Leap"],"relics":["PureWater","ClockworkSouvenir","Singing Bowl","Dream Catcher","Oddly Smooth Stone","Snecko Eye","PrismaticShard","Bottled Flame"],"acts_visited":["Exordium","TheCity"],"potions_floor_usage":[24,27],"damage_taken":[{"damage":0.0,"enemies":"Small Slimes","floor":1.0,"turns":4.0},{"damage":0.0,"enemies":"Cultist","floor":4.0,"turns":3.0},{"damage":18.0,"enemies":"Gremlin Nob","floor":7.0,"turns":4.0},{"damage":7.0,"enemies":"Jaw Worm","floor":11.0,"turns":4.0},{"damage":9.0,"enemies":"Gremlin Gang","floor":12.0,"turns":3.0},{"damage":13.0,"enemies":"Lots of Slimes","floor":14.0,"turns":5.0},{"damage":40.0,"enemies":"Hexaghost","floor":16.0,"turns":7.0},{"damage":17.0,"enemies":"Spheric Guardian","floor":18.0,"turns":4.0},{"damage":11.0,"enemies":"2 Thieves","floor":20.0,"turns":4.0},{"damage":13.0,"enemies":"Cultist and Chosen","floor":21.0,"turns":4.0},{"damage":0,"enemies":"Centurion and Healer","floor":24,"turns":2},{"damage":23,"enemies":"Snecko","floor":25,"turns":3},{"damage":16,"enemies":"Slavers","floor":27,"turns":1}],"seed_played":"-5601628092404729786","potions_obtained":[{"floor":4.0,"key":"StancePotion"},{"floor":7.0,"key":"Block Potion"},{"floor":8.0,"key":"Strength Potion"},{"floor":16.0,"key":"Weak Potion"},{"floor":18.0,"key":"Strength Potion"},{"floor":25,"key":"Weak Potion"}],"is_trial":false,"path_per_floor":["M","?","?","M","$","R","E","?","T","R","M","M","T","M","R","B",null,"M","$","M","M","$","R","M","M","T","E"],"character_chosen":"WATCHER","items_purchased":["ClockworkSouvenir","PrismaticShard","Prostrate"],"campfire_rested":3,"item_purchase_floors":[5,19,19],"current_hp_per_floor":[61,61,50,50,50,50,32,32,32,52,45,36,36,25,46,6,54,37,37,28,15,15,38,38,15,15,0,0],"gold":73,"neow_bonus":"THREE_RARE_CARDS","is_daily":false,"chose_seed":false,"campfire_upgraded":1,"win_rate":0.0,"timestamp":1611188344,"path_taken":["M","?","?","M","$","R","E","?","T","R","M","?","?","M","R","BOSS","M","$","M","?","?","R","M","M","T","E"],"items_purchased_type":["Relic","Relic","Card"],"build_version":"2020-12-22","purchased_purges":0,"victory":false,"max_hp_per_floor":[68,68,68,68,68,68,68,68,68,68,68,68,68,70,70,70,70,70,70,72,72,72,74,74,74,74,74,74],"card_choices":[{"not_picked":["Ragnarok","Wish"],"picked":"Brilliance","floor":0.0},{"not_picked":["CrushJoints","Study"],"picked":"Halt","floor":1.0},{"not_picked":["Adaptation","FlyingSleeves"],"picked":"ReachHeaven","floor":4.0},{"not_picked":["JustLucky","SashWhip"],"picked":"Devotion","floor":7.0},{"not_picked":["EmptyFist","Pray"],"picked":"Wallop","floor":10.0},{"not_picked":["Protect","CrushJoints"],"picked":"FollowUp","floor":11.0},{"not_picked":["BowlingBash","SashWhip"],"picked":"Prostrate","floor":12.0},{"not_picked":["DeceiveReality","FlyingSleeves","SashWhip"],"picked":"Singing Bowl","floor":14.0},{"not_picked":["Collect","Evaluate"],"picked":"WheelKick","floor":15.0},{"not_picked":["MasterReality","Blasphemy"],"picked":"Ragnarok","floor":16.0},{"not_picked":["Vengeance+1","Protect"],"picked":"DeceiveReality","floor":18.0},{"not_picked":["Acrobatics","Turbo","Power Through+1"],"picked":"Singing Bowl","floor":20.0},{"not_picked":["Heavy Blade","Cloak And Dagger"],"picked":"Intimidate","floor":21.0},{"not_picked":["Perfected Strike","Sword Boomerang","Dodge and Roll"],"picked":"Singing Bowl","floor":23.0},{"not_picked":["Purity","CrushJoints+1"],"picked":"PiercingWail","floor":24},{"not_picked":["EmptyFist","Seeing Red"],"picked":"Leap","floor":25}],"player_experience":1326352,"relics_obtained":[{"floor":7.0,"key":"Singing Bowl"},{"floor":9.0,"key":"Dream Catcher"},{"floor":13.0,"key":"Oddly Smooth Stone"},{"floor":26,"key":"Bottled Flame"}],"event_choices":[{"damage_healed":0.0,"max_hp_gain":0.0,"max_hp_loss":0.0,"gold_gain":0.0,"event_name":"Liars Game","player_choice":"Ignored","floor":2.0,"gold_loss":0.0,"damage_taken":0.0},{"damage_healed":0.0,"max_hp_gain":0.0,"max_hp_loss":0.0,"gold_gain":75.0,"event_name":"World of Goop","player_choice":"Gather Gold","floor":3.0,"gold_loss":0.0,"damage_taken":11.0},{"damage_healed":0.0,"max_hp_gain":0.0,"max_hp_loss":0.0,"gold_gain":0.0,"event_name":"The Woman in Blue","player_choice":"Bought 1 Potion","floor":8.0,"gold_loss":0.0,"damage_taken":0.0}],"is_beta":false,"boss_relics":[{"not_picked":["Ectoplasm","Runic Pyramid"],"picked":"Snecko Eye"}],"items_purged_floors":[],"is_endless":false,"potions_floor_spawned":[4,7,11,16,18,25],"killed_by":"Slavers","ascension_level":17}}