{"host":"7r2n0tv442aowt09","time":1611239766,"event":{"mods":["BaseMod","Custom Start","Exacting","Highlight Path","Infinite Spire","Minty Spire (QoL Compilation)","Relic Sorter","StS++","StSLib"],"gold_per_floor":[159,159,224,499,10,10,95,209,209,594,594,515,596,537,537,787,787,833,833,833,833,225,329,329,219,219,219,219],"floor_reached":27,"language":"JPN","playtime":1930,"items_purged":["Regret"],"score":602,"play_id":"bb6a2768-1153-4856-bd88-e42b9d0c61ca","local_time":"20210121233606","daily_mods":["Flight","Midas"],"is_ascension_mode":true,"campfire_choices":[{"data":"Injury","floor":6.0,"key":"PURGE"},{"data":"Strike_P","floor":15.0,"key":"PURGE"},{"floor":24,"key":"REST"}],"circlet_count":0,"master_deck":["AscendersBane","Strike_P","Strike_P","Defend_P","Defend_P+1","Eruption","Vigilance","EmptyBody+1","ClearTheMind+1","Evaluate+1","FollowUp+1","LessonLearned+1","TalkToTheHand","MentalFortress","MasterReality+1","Pray+1","EmptyMind+1","Crescendo+1"],"relics":["PureWater","Kunai","Sundial","Darkstone Periapt","Singing Bowl","Toxic Egg 2","Nuclear Battery","Juzu Bracelet","Peace Pipe","Golden Idol","Turnip","infinitespire:ShieldingShard","Toy Ornithopter","Old Coin","Vajra","Bag of Marbles","Mango"],"acts_visited":["Exordium","TheCity"],"potions_floor_usage":[23,23,27],"damage_taken":[{"damage":0.0,"enemies":"2 Louse","floor":1.0,"turns":2.0},{"damage":0.0,"enemies":"Jaw Worm","floor":3.0,"turns":4.0},{"damage":0.0,"enemies":"Gremlin Nob","floor":7.0,"turns":3.0},{"damage":19.0,"enemies":"3 Sentries","floor":8.0,"turns":11.0},{"damage":12.0,"enemies":"Lagavulin","floor":10.0,"turns":8.0},{"damage":35.0,"enemies":"Gremlin Nob","floor":13.0,"turns":5.0},{"damage":7.0,"enemies":"The Guardian","floor":16.0,"turns":19.0},{"damage":0,"enemies":"Spheric Guardian","floor":18,"turns":7},{"damage":65,"enemies":"Book of Stabbing","floor":23,"turns":9},{"damage":56,"enemies":"Slavers","floor":27,"turns":7}],"seed_played":"-1518982527764723964","potions_obtained":[{"floor":1.0,"key":"SteroidPotion"},{"floor":13.0,"key":"StSpp:ScatteredWeakPotion"}],"is_trial":true,"path_per_floor":["M","?","M","?","$","R","E","E","T","E","?","$","E","?","R","B",null,"M","?","?","?","$","E","R","?","T","E"],"character_chosen":"WATCHER","items_purchased":["ClearTheMind+1","Turnip","Evaluate+1","TalkToTheHand","Kunai","Sundial","EmptyMind+1"],"campfire_rested":1,"item_purchase_floors":[5,5,5,12,22,22,22],"current_hp_per_floor":[63,69,69,75,75,75,75,58,58,46,46,46,11,11,11,4,64,66,66,66,66,66,11,36,36,50,0,0],"gold":219,"neow_bonus":"","is_daily":false,"chose_seed":false,"campfire_upgraded":0,"win_rate":0.0,"timestamp":1611239766,"path_taken":["M","?","M","?","$","R","E","E","T","E","?","$","E","?","R","BOSS","M","?","?","?","$","E","R","?","T","E"],"items_purchased_type":["Card","Relic","Card","Card","Relic","Relic","Card"],"build_version":"2020-12-22","purchased_purges":1,"victory":false,"max_hp_per_floor":[70,76,76,82,82,82,82,84,84,84,84,84,84,84,84,84,84,86,86,86,86,86,86,86,86,100,100,100],"card_choices":[{"not_picked":["FlyingSleeves","StSpp:Chanting","BowlingBash"],"picked":"Singing Bowl","floor":1.0},{"not_picked":["EmptyFist","StSpp:Renounce+1"],"picked":"EmptyBody+1","floor":3.0},{"not_picked":["JustLucky","Protect+1"],"picked":"FollowUp","floor":7.0},{"not_picked":["StSpp:Purify","WreathOfFlame+1","ClearTheMind+1"],"picked":"Singing Bowl","floor":8.0},{"not_picked":["Worship+1","StSpp:LatentStrike"],"picked":"LessonLearned","floor":10.0},{"not_picked":["FollowUp","ReachHeaven"],"picked":"MentalFortress","floor":13.0},{"not_picked":["StSpp:Faith","Devotion"],"picked":"MasterReality","floor":16.0},{"not_picked":["SignatureMove","Swivel+1","FollowUp"],"picked":"Singing Bowl","floor":18},{"not_picked":["WheelKick","Wallop"],"picked":"Crescendo+1","floor":23}],"player_experience":2219432,"relics_obtained":[{"floor":8.0,"key":"infinitespire:ShieldingShard"},{"floor":9.0,"key":"Toy Ornithopter"},{"floor":10.0,"key":"Old Coin"},{"floor":13.0,"key":"Vajra"},{"floor":23,"key":"Bag of Marbles"},{"floor":26,"key":"Mango"}],"event_choices":[{"damage_healed":0.0,"max_hp_gain":0.0,"max_hp_loss":0.0,"gold_gain":0.0,"event_name":"Golden Idol","player_choice":"Take Wound","floor":2.0,"gold_loss":0.0,"damage_taken":0.0,"relics_obtained":["Golden Idol"],"cards_obtained":["Injury"]},{"damage_healed":0.0,"max_hp_gain":0.0,"max_hp_loss":0.0,"gold_gain":275.0,"event_name":"Golden Shrine","player_choice":"Desecrate","floor":4.0,"gold_loss":0.0,"damage_taken":0.0,"cards_obtained":["Regret"]},{"cards_removed":["Defend_P"],"damage_healed":0.0,"max_hp_gain":0.0,"max_hp_loss":0.0,"gold_gain":0.0,"event_name":"Wheel of Change","player_choice":"Card Removal","floor":11.0,"gold_loss":0.0,"damage_taken":0.0},{"damage_healed":0.0,"max_hp_gain":0.0,"max_hp_loss":0.0,"gold_gain":0.0,"event_name":"World of Goop","player_choice":"Left Gold","floor":14.0,"gold_loss":59.0,"damage_taken":0.0},{"damage_healed":0,"gold_gain":0,"player_choice":"Upgraded","damage_taken":0,"max_hp_gain":0,"max_hp_loss":0,"event_name":"Upgrade Shrine","floor":19,"gold_loss":0,"cards_upgraded":["MasterReality"]},{"damage_healed":0,"gold_gain":0,"player_choice":"Read","damage_taken":0,"max_hp_gain":0,"max_hp_loss":0,"event_name":"The Library","floor":20,"gold_loss":0,"cards_obtained":["Pray"]},{"cards_removed":["Defend_P"],"damage_healed":0,"gold_gain":0,"player_choice":"Elegance","damage_taken":0,"max_hp_gain":0,"max_hp_loss":0,"event_name":"Back to Basics","floor":21,"gold_loss":0},{"cards_removed":["Strike_P"],"damage_healed":0,"gold_gain":0,"player_choice":"Upgrade and Remove","damage_taken":0,"max_hp_gain":0,"max_hp_loss":0,"event_name":"Designer","floor":25,"gold_loss":110,"cards_upgraded":["LessonLearned"]}],"is_beta":false,"boss_relics":[{"not_picked":["Runic Pyramid","Runic Dome","StSpp:CrystalBall"]}],"items_purged_floors":[5],"is_endless":false,"potions_floor_spawned":[1,13],"killed_by":"Slavers","ascension_level":20}}