{"host":"ctlqibkg0sskiu65","time":1611204918,"event":{"mods":["AchievementEnabler","Aspiration","BaseMod","BetterRewards","Colored Map","Colored Powertips","Conspire","Fiend Mod","Infinite Spire","Minty Spire (QoL Compilation)","Quick Restart","Replay The Spire","Shop Mod","StSLib","The Bladedancer","The Cursed","The Hierophant","The Jungle","The Kombatant","The Servant 0.9.4","TheBandit"],"gold_per_floor":[118,118,118,118,136,136,86,86,96,128,128,50,69,85,85,85,85,184,184,203,203,217,65,65,65,81,81,155,188,188,31,60,79,79,175,175,185,285,304,349,1,28,39,39,39,59,89,89,89,101,101,101],"floor_reached":53,"language":"ENG","playtime":4204,"items_purged":["Strike_G+1","All Out Attack"],"score":1005,"play_id":"939b676b-2a0e-4959-9696-6d55dd485283","local_time":"20210120225518","is_ascension_mode":true,"campfire_choices":[{"data":"Blade Dance","floor":8.0,"key":"SMITH"},{"floor":15.0,"key":"REST"},{"data":"Dagger Spray","floor":17.0,"key":"SMITH"},{"data":"Dodge and Roll","floor":25.0,"key":"SMITH"},{"data":"Distraction","floor":27.0,"key":"SMITH"},{"data":"Good Instincts","floor":34.0,"key":"SMITH"},{"data":"ReplayTheSpireMod:Shiv Toss","floor":44.0,"key":"SMITH"},{"data":"infinitespire:Fortify","floor":48.0,"key":"SMITH"},{"data":"Burst","floor":51.0,"key":"SMITH"}],"circlet_count":0,"master_deck":["AscendersBane","Strike_G+1","Strike_G+1","Strike_G+1","Defend_G+1","Defend_G+1","Defend_G+1","Defend_G+1","Defend_G+1","Survivor","Neutralize","Hidden Blade","Slice","Blade Dance+1","Dagger Spray+1","Cloak And Dagger","Accuracy","Replay:Poison Smokescreen","Distraction+1","Dodge and Roll+1","Dagger Spray+1","Deflect","Good Instincts+1","AbeCurse","Burst+1","Riddle With Holes+1","infinitespire:Fortify+1","ReplayTheSpireMod:Shiv Toss+1","Backflip","Backstab+1","Blade Dance+1","Deflect","Dash+1","Accuracy"],"relics":["Ring of the Snake","White Beast Statue","Chameleon Ring","aspiration:SeaSaltIceCream","conspire:DecoderRing","Pen Nib","conspire:BottledYoYo","Replay:Grab Bag","Replay:Fungal Core","aspiration:FutureDiary","conspire:SpecialSausage","Blood Vial","Meat on the Bone","Pocketwatch","Tough Bandages","Honey Jar","Ginger","StoneCalendar","infinitespire:BottledMercury","Strawberry","Anchor","Potion Belt"],"acts_visited":["Exordium","TheCity","TheBeyond"],"potions_floor_usage":[52,52],"damage_taken":[{"damage":0.0,"enemies":"Jaw Worm","floor":1.0,"turns":5.0},{"damage":0.0,"enemies":"Small Slimes","floor":5.0,"turns":3.0},{"damage":4.0,"enemies":"2 Louse","floor":9.0,"turns":3.0},{"damage":8.0,"enemies":"Replay:BlueRogue","floor":10.0,"turns":5.0},{"damage":8.0,"enemies":"conspire:2 RoseBushes","floor":13.0,"turns":8.0},{"damage":3.0,"enemies":"Blue Slaver","floor":14.0,"turns":3.0},{"damage":0.0,"enemies":"Slime Boss","floor":18.0,"turns":6.0},{"damage":2.0,"enemies":"conspire:FuzzyDice","floor":20.0,"turns":3.0},{"damage":8.0,"enemies":"2 Thieves","floor":22.0,"turns":3.0},{"damage":8.0,"enemies":"Shelled Parasite and Fungi","floor":26.0,"turns":3.0},{"damage":17.0,"enemies":"Replay:Snechameleon","floor":29.0,"turns":7.0},{"damage":4.0,"enemies":"Slavers","floor":32.0,"turns":3.0},{"damage":15.0,"enemies":"Sentry and Sphere","floor":33.0,"turns":4.0},{"damage":10.0,"enemies":"Pondfish","floor":35.0,"turns":9.0},{"damage":20.0,"enemies":"3 Shapes","floor":37.0,"turns":5.0},{"damage":26.0,"enemies":"infinitespire:Three Voidlings","floor":38.0,"turns":4.0},{"damage":41.0,"enemies":"Nightmare_Alpha","floor":38.0,"turns":11.0},{"damage":0.0,"enemies":"Orb Walker","floor":39.0,"turns":4.0},{"damage":12.0,"enemies":"2 Orb Walkers","floor":40.0,"turns":5.0},{"damage":5.0,"enemies":"Nemesis","floor":42.0,"turns":7.0},{"damage":9.0,"enemies":"Writhing Mass","floor":43.0,"turns":6.0},{"damage":9.0,"enemies":"Maw","floor":46.0,"turns":7.0},{"damage":0.0,"enemies":"R_Hoarder","floor":47.0,"turns":7.0},{"damage":6.0,"enemies":"4 Shapes","floor":50.0,"turns":5.0},{"damage":21,"enemies":"Time Eater","floor":52,"turns":11}],"seed_played":"6375472567813693410","potions_obtained":[{"floor":1.0,"key":"Energy Potion"},{"floor":5.0,"key":"Weak Potion"},{"floor":9.0,"key":"SkillPotion"},{"floor":10.0,"key":"LiquidBronze"},{"floor":13.0,"key":"Venom Potion"},{"floor":14.0,"key":"Ancient Potion"},{"floor":18.0,"key":"BlessingOfTheForge"},{"floor":20.0,"key":"SpeedPotion"},{"floor":22.0,"key":"LiquidBronze"},{"floor":26.0,"key":"Fruit Juice"},{"floor":29.0,"key":"DuplicationPotion"},{"floor":32.0,"key":"Energy Potion"},{"floor":33.0,"key":"Cursed Concoction"},{"floor":35.0,"key":"LiquidMemories"},{"floor":37.0,"key":"Energy Potion"},{"floor":38.0,"key":"Dexterity Potion"},{"floor":39.0,"key":"DuplicationPotion"},{"floor":40.0,"key":"SteroidPotion"},{"floor":42.0,"key":"BlessingOfTheForge"},{"floor":43.0,"key":"Dexterity Potion"},{"floor":46.0,"key":"SmokeBomb"},{"floor":47.0,"key":"Explosive Potion"},{"floor":50.0,"key":"Poison Potion"}],"is_trial":false,"path_per_floor":["M","?","PTL","PTL","M","?","?","R","M","E","T","$","M","M","R","?","R","B",null,"M","?","M","$","?","R","M","R","T","E","?","$","E","M","R","B",null,"M","?","M","?","$","E","M","R","T","M","E","R","?","M","R","B",null],"character_chosen":"THE_SILENT","items_purchased":["White Beast Statue","Chameleon Ring","Hidden Blade","Accuracy","Blood Vial","Good Instincts","infinitespire:BottledMercury"],"campfire_rested":1,"item_purchase_floors":[0,0,0,12,23,31,41],"current_hp_per_floor":[63,38,38,38,38,38,38,38,34,26,26,26,18,15,36,59,59,59,67,65,65,57,57,57,57,58,58,58,43,37,37,47,46,46,50,70,52,24,38,40,40,56,49,49,49,54,56,56,56,52,52,45],"gold":101,"neow_bonus":"","is_daily":false,"chose_seed":false,"campfire_upgraded":8,"win_rate":0.0,"timestamp":1611204918,"path_taken":["M","?","PTL","PTL","M","?","?","R","M","E","T","?","?","M","R","?","R","BOSS","M","?","M","$","?","R","M","R","T","E","?","$","E","M","R","BOSS","M","?","M","?","$","E","M","R","T","M","E","R","?","M","R","BOSS"],"items_purchased_type":["Relic","Relic","Card","Card","Relic","Card","Relic"],"build_version":"2020-12-22","purchased_purges":2,"victory":true,"max_hp_per_floor":[70,70,70,70,70,70,70,70,70,70,70,70,70,70,70,70,70,70,70,70,70,70,70,70,70,77,77,77,77,77,77,77,77,77,77,77,77,77,77,77,77,84,84,84,84,84,84,84,84,84,84,84],"card_choices":[{"not_picked":["Accuracy","ReplayTheSpireMod:The Works"],"picked":"Slice","floor":1.0},{"not_picked":["Quick Slash","Acrobatics"],"picked":"Blade Dance","floor":5.0},{"not_picked":["Backflip","Slice"],"picked":"Dagger Spray","floor":9.0},{"not_picked":["Slice","Phantasmal Killer"],"picked":"Cloak And Dagger","floor":10.0},{"not_picked":["Flying Knee","Noxious Fumes","Replay:Poison Smokescreen"],"picked":"SKIP","floor":13.0},{"not_picked":["Flying Knee","Noxious Fumes"],"picked":"Replay:Poison Smokescreen","floor":13.0},{"not_picked":["Acrobatics","Predator"],"picked":"Distraction","floor":14.0},{"not_picked":["Outmaneuver+1","Deflect+1"],"picked":"Dodge and Roll","floor":20.0},{"not_picked":["Sucker Punch","A Thousand Cuts"],"picked":"Dagger Spray+1","floor":22.0},{"not_picked":["Deadly Poison+1","Replay:Poison Smokescreen+1"],"picked":"Deflect","floor":26.0},{"not_picked":["PiercingWail","Poisoned Stab","Prepared"],"picked":"SKIP","floor":29.0},{"not_picked":["Sucker Punch","Underhanded Strike","Grand Finale"],"picked":"SKIP","floor":32.0},{"not_picked":["Dagger Throw","conspire:DoublingDagger","Flying Knee+1"],"picked":"SKIP","floor":33.0},{"not_picked":["Dagger Throw","conspire:DoublingDagger","Flying Knee+1"],"picked":"SKIP","floor":33.0},{"not_picked":["Tools of the Trade","Poison Darts"],"picked":"Burst","floor":35.0},{"not_picked":["Poisoned Stab+1","Bane","ReplayTheSpireMod:Exploit Weakness"],"picked":"Riddle With Holes+1","floor":37.0},{"not_picked":["infinitespire:FutureSight","ReplayTheSpireMod:Echoes of Time"],"picked":"infinitespire:Fortify","floor":38.0},{"not_picked":["Deadly Poison","Choke","Poisoned Stab+1"],"picked":"ReplayTheSpireMod:Shiv Toss","floor":38.0},{"not_picked":["Bane+1","Well Laid Plans+1","Quick Slash"],"picked":"Backflip","floor":39.0},{"not_picked":["ReplayTheSpireMod:Shiv Toss","Choke","Flying Knee"],"picked":"All Out Attack","floor":40.0},{"not_picked":["A Thousand Cuts","PiercingWail","Flying Knee"],"picked":"Backstab+1","floor":42.0},{"not_picked":["Slice","Deflect","Backflip"],"picked":"Blade Dance+1","floor":43.0},{"not_picked":["Underhanded Strike+1","Deadly Poison","Poisoned Stab+1"],"picked":"Deflect","floor":46.0},{"not_picked":["Well Laid Plans","Masterful Stab","Escape Plan"],"picked":"Dash+1","floor":47.0},{"not_picked":["Infinite Blades","Distraction","Outmaneuver+1"],"picked":"Accuracy","floor":50.0}],"player_experience":203617,"relics_obtained":[{"floor":10.0,"key":"Pen Nib"},{"floor":11.0,"key":"conspire:BottledYoYo"},{"floor":28.0,"key":"Meat on the Bone"},{"floor":29.0,"key":"Pocketwatch"},{"floor":32.0,"key":"Tough Bandages"},{"floor":38.0,"key":"Ginger"},{"floor":40.0,"key":"StoneCalendar"},{"floor":42.0,"key":"Strawberry"},{"floor":45.0,"key":"Anchor"},{"floor":47.0,"key":"Potion Belt"}],"event_choices":[{"damage_healed":0.0,"max_hp_gain":0.0,"max_hp_loss":0.0,"gold_gain":0.0,"event_name":"Scrap Ooze","player_choice":"Success","floor":2.0,"gold_loss":0.0,"damage_taken":25.0,"relics_obtained":["aspiration:SeaSaltIceCream"]},{"cards_removed":["Strike_G"],"damage_healed":0.0,"max_hp_gain":0.0,"max_hp_loss":0.0,"gold_gain":0.0,"event_name":"The Cleric","player_choice":"Card Removal","floor":7.0,"gold_loss":50.0,"damage_taken":0.0},{"damage_healed":23.0,"max_hp_gain":0.0,"max_hp_loss":0.0,"gold_gain":0.0,"event_name":"Big Fish","player_choice":"Banana","floor":16.0,"gold_loss":0.0,"damage_taken":0.0},{"damage_healed":0.0,"max_hp_gain":0.0,"max_hp_loss":0.0,"gold_gain":0.0,"event_name":"Back to Basics","player_choice":"Simplicity","floor":21.0,"gold_loss":0.0,"damage_taken":0.0,"cards_upgraded":["Strike_G","Strike_G","Strike_G","Strike_G","Defend_G","Defend_G","Defend_G","Defend_G","Defend_G"]},{"damage_healed":0.0,"max_hp_gain":0.0,"max_hp_loss":0.0,"gold_gain":0.0,"event_name":"Knowing Skull","player_choice":"","floor":30.0,"potions_obtained":[],"gold_loss":0.0,"damage_taken":6.0,"cards_obtained":[]},{"damage_healed":0.0,"max_hp_gain":0.0,"max_hp_loss":0.0,"gold_gain":0.0,"event_name":"Mysterious Sphere","player_choice":"Fight","floor":40.0,"gold_loss":0.0,"damage_taken":0.0},{"damage_healed":0.0,"max_hp_gain":0.0,"max_hp_loss":0.0,"gold_gain":0.0,"event_name":"conspire:Investor","player_choice":"Leave","floor":49.0,"gold_loss":0.0,"damage_taken":0.0}],"is_beta":false,"boss_relics":[{"not_picked":["Snecko Eye","Pandora\u0027s Box"],"picked":"Replay:Grab Bag"},{"not_picked":["Runic Dome","Sozu"],"picked":"Replay:Fungal Core"},{"not_picked":["Coffee Dripper","ChewingGum"],"picked":"aspiration:FutureDiary"},{"not_picked":["SlaversCollar","conspire:RunicOctahedron"],"picked":"conspire:SpecialSausage"},{"not_picked":["aspiration:RitualDagger","aspiration:DefectSkillbook"],"picked":"Honey Jar"}],"items_purged_floors":[31,41],"is_endless":false,"potions_floor_spawned":[1,5,9,10,13,14,18,20,22,26,29,32,33,35,37,38,38,39,40,42,43,46,47,50],"ascension_level":12}}