{"host":"och2iitg9ibgz06n","time":1611189110,"event":{"mods":["Abigail Mod","AchievementEnabler","Aspiration","BaseMod","Colored Powertips","Dio Mod","Hubris","Hyrulean Relics","Infinite Spire","Minty Spire (QoL Compilation)","Replay The Spire","Small Relic Pack","StSLib","The Animator","The Bug Knight","The Hierophant","The Jungle","The Saiyan","TheHero","Wandering Minibosses","everything is the same but u backflip on backflip","slay the spire mod where everything is the same but ironclad has a cowboy hat","vexMod"],"gold_per_floor":[110,110,128,128,142,142,152,182,182,212,238,238,238,238,238,350,350,386,346,378,415,438,491,491,491,516,544,544,582,582,627,627,733,733,772,800,865,906,906,963,1007,1098,1098,1141,1141,1176,1221,1261,1261,1313,1313,1313,688,765,793,793],"floor_reached":55,"language":"ENG","playtime":2718,"items_purged":[],"score":913,"play_id":"5247bb93-af9d-4857-ac74-380898ee1852","local_time":"20210120183150","is_ascension_mode":true,"campfire_choices":[{"data":"dioMod:CutDeep","floor":6,"key":"SMITH"},{"floor":13,"key":"REST"},{"floor":15,"key":"REST"},{"floor":25,"key":"REST"},{"floor":28,"key":"REST"},{"floor":32,"key":"REST"},{"floor":45,"key":"REST"},{"floor":49,"key":"RECALL"},{"data":"dioMod:KonoDioDa","floor":52,"key":"SMITH"}],"circlet_count":0,"master_deck":["dioMod:Strike","dioMod:Strike","dioMod:Strike","dioMod:Strike","Bite","dioMod:Defend+1","dioMod:Defend","dioMod:Defend","dioMod:Defend","dioMod:DisarmingVoice","dioMod:CutDeep+1","dioMod:Hiss+1","dioMod:GoldVial","dioMod:Roundabout","dioMod:TheWalk","dioMod:BlendIn","dioMod:DominatingPresence","dioMod:SevenPageMuda","dioMod:MudaMudaMuda","dioMod:DaggerSpree","dioMod:DoubleTime","dioMod:SadisticLaugh+1","dioMod:Muda","dioMod:Muda","dioMod:ZaWarudo","dioMod:PathToHeaven","dioMod:DaggerSpree+1","dioMod:DoubleTime+1","dioMod:LaserVision+1","Parasite","dioMod:Muda","dioMod:DarkRebirth+1","dioMod:DarkRebirth","dioMod:KonoDioDa+1","Hallucinations","dioMod:Donut","dioMod:SecretPlan+1","dioMod:CutDeep+1","dioMod:HeavyLifting","dioMod:CoffinBath","dioMod:SevenPageMuda","dioMod:BloodSuck+1"],"relics":["dioMod:VampireBlood","Replay:Bandana","Ornamental Fan","relicPack:DSword","Cursed Key","vexMod:MemoryStick","Potion Belt","infinitespire:Eraser","hubris:VirtuousBlindfold","aspiration:HatOfInfinitePower","wanderingMiniBosses:Inkheart","Peace Pipe","Replay:WaspNest","Chameleon Ring","Snack Pack","Replay:Baseball","relicPack:DarknessArmor"],"acts_visited":["Exordium","TheCity","TheBeyond","TheEnding"],"potions_floor_usage":[8,8,23,37,48],"damage_taken":[{"damage":3,"enemies":"2 Louse","floor":1,"turns":4},{"damage":26,"enemies":"Jaw Worm","floor":3,"turns":6},{"damage":8,"enemies":"Cultist","floor":5,"turns":6},{"damage":20,"enemies":"Large Slime","floor":7,"turns":8},{"damage":44,"enemies":"Lagavulin","floor":8,"turns":9},{"damage":11,"enemies":"Looter","floor":10,"turns":3},{"damage":9,"enemies":"2 Fungi Beasts","floor":11,"turns":3},{"damage":16,"enemies":"The Guardian","floor":16,"turns":13},{"damage":0,"enemies":"Shell Parasite","floor":18,"turns":6},{"damage":7,"enemies":"Chosen","floor":20,"turns":3},{"damage":32,"enemies":"Centurion and Healer","floor":21,"turns":6},{"damage":62,"enemies":"3 Cultists","floor":22,"turns":7},{"damage":40,"enemies":"Replay:Snechameleon","floor":23,"turns":5},{"damage":0,"enemies":"Snake Plant","floor":27,"turns":3},{"damage":57,"enemies":"Book of Stabbing","floor":29,"turns":5},{"damage":0,"enemies":"Shelled Parasite and Fungi","floor":31,"turns":2},{"damage":33,"enemies":"Collector","floor":33,"turns":7},{"damage":9,"enemies":"Orb Walker","floor":35,"turns":3},{"damage":31,"enemies":"3 Shapes","floor":36,"turns":4},{"damage":107,"enemies":"2 Orb Walkers","floor":37,"turns":7},{"damage":0,"enemies":"Writhing Mass","floor":38,"turns":3},{"damage":25,"enemies":"Reptomancer","floor":40,"turns":5},{"damage":9,"enemies":"Spire Growth","floor":41,"turns":3},{"damage":0,"enemies":"Giant Head","floor":42,"turns":2},{"damage":34,"enemies":"4 Shapes","floor":44,"turns":2},{"damage":24,"enemies":"Sphere and 2 Shapes","floor":46,"turns":4},{"damage":21,"enemies":"Transient","floor":47,"turns":6},{"damage":43,"enemies":"Jaw Worm Horde","floor":48,"turns":3},{"damage":63,"enemies":"hubris:GrandSnecko","floor":50,"turns":8},{"damage":74,"enemies":"Shield and Spear","floor":54,"turns":5},{"damage":93,"enemies":"The Heart","floor":55,"turns":3}],"seed_played":"-3561604557271438974","potions_obtained":[{"floor":5,"key":"Energy Potion"},{"floor":7,"key":"Fruit Juice"},{"floor":16,"key":"SteroidPotion"},{"floor":22,"key":"ColorlessPotion"},{"floor":27,"key":"FairyPotion"},{"floor":29,"key":"Strength Potion"},{"floor":36,"key":"PowerPotion"},{"floor":38,"key":"Block Potion"},{"floor":42,"key":"BlessingOfTheForge"},{"floor":47,"key":"FairyPotion"},{"floor":48,"key":"FearPotion"}],"is_trial":false,"path_per_floor":["M","?","M","?","M","R","M","E","T","M","M","?","R","?","R","B",null,"M","?","M","M","M","E","T","R","T","M","R","E","?","M","R","B",null,"M","M","?","M","?","E","M","E","T","M","R","M","M","M","R","B",null,"R","$","E","B"],"character_chosen":"THE_DEFAULT","items_purchased":["Snack Pack","Replay:Baseball","dioMod:CoffinBath","dioMod:SevenPageMuda"],"campfire_rested":6,"item_purchase_floors":[53,53,53,53],"current_hp_per_floor":[75,78,59,59,60,60,63,50,50,55,59,24,48,48,72,80,83,83,83,83,58,41,22,22,46,46,46,70,32,32,40,64,51,83,79,66,52,66,66,64,58,66,66,46,70,67,67,42,42,28,83,83,83,19,0,0],"gold":793,"neow_bonus":"THREE_CARDS","is_daily":false,"chose_seed":false,"campfire_upgraded":2,"win_rate":0.0,"timestamp":1611189110,"path_taken":["M","?","M","?","M","R","M","E","T","?","M","?","R","?","R","BOSS","M","?","?","M","M","E","?","R","T","M","R","E","?","M","R","BOSS","M","M","?","M","?","E","M","E","T","M","R","M","M","?","R","BOSS","R","$","E","BOSS"],"items_purchased_type":["Relic","Relic","Card","Card"],"build_version":"2020-12-22","purchased_purges":0,"victory":false,"max_hp_per_floor":[75,78,78,78,78,78,78,83,83,83,83,83,83,83,83,83,83,83,83,83,83,83,83,83,83,83,83,83,83,83,83,83,83,83,83,83,83,83,83,83,83,83,83,83,83,83,83,83,83,83,83,83,83,83,83,83],"card_choices":[{"not_picked":["dioMod:FlyAway","dioMod:CautiousMuda"],"picked":"dioMod:DisarmingVoice","floor":0},{"not_picked":["dioMod:SlashThroughTime","dioMod:BloodShield"],"picked":"dioMod:CutDeep","floor":1},{"not_picked":["dioMod:DaggerToss","dioMod:WRYYY"],"picked":"dioMod:Hiss","floor":3},{"not_picked":["dioMod:ComposedMuda","dioMod:CautiousMuda"],"picked":"dioMod:GoldVial","floor":5},{"not_picked":["dioMod:ComposedMuda","dioMod:VengefulMuda"],"picked":"dioMod:Roundabout","floor":7},{"not_picked":["dioMod:DarkRebirth","dioMod:BloodSuck"],"picked":"dioMod:TheWalk","floor":8},{"not_picked":["dioMod:Hiss","dioMod:SlashThroughTime"],"picked":"dioMod:BlendIn","floor":10},{"not_picked":["dioMod:WRYYY","dioMod:Muda"],"picked":"dioMod:DominatingPresence","floor":11},{"not_picked":["dioMod:RoadRoller","dioMod:GoldVial"],"picked":"dioMod:SevenPageMuda","floor":16},{"not_picked":["dioMod:GoodbyeJojo","dioMod:HeavyLifting"],"picked":"dioMod:MudaMudaMuda","floor":18},{"not_picked":["dioMod:Minions","dioMod:DominatingPresence+1"],"picked":"dioMod:DaggerSpree","floor":20},{"not_picked":["dioMod:SlashThroughTime+1","dioMod:Donut"],"picked":"dioMod:DoubleTime","floor":21},{"not_picked":["dioMod:UltimateSacrifice","dioMod:VengefulMuda","dioMod:DaggerSpree"],"picked":"SKIP","floor":22},{"not_picked":["dioMod:HeavyLifting","dioMod:Donut"],"picked":"dioMod:SadisticLaugh+1","floor":23},{"not_picked":["dioMod:Minions+1","dioMod:HeavyLifting"],"picked":"dioMod:Muda","floor":27},{"not_picked":["dioMod:DaggerSpree","dioMod:Diversion+1"],"picked":"dioMod:Muda","floor":29},{"not_picked":["dioMod:Hiss","dioMod:Diversion"],"picked":"dioMod:ZaWarudo","floor":31},{"not_picked":["dioMod:SevenPageMuda","dioMod:ZaWarudo"],"picked":"dioMod:PathToHeaven","floor":33},{"not_picked":["dioMod:BloodShield","dioMod:Hiss"],"picked":"dioMod:DaggerSpree+1","floor":35},{"not_picked":["dioMod:StreetSign+1","dioMod:VengefulMuda"],"picked":"dioMod:DoubleTime+1","floor":36},{"not_picked":["dioMod:TripleThreat+1","dioMod:VengefulMuda"],"picked":"dioMod:LaserVision+1","floor":37},{"not_picked":["dioMod:TripleThreat","dioMod:DisarmingVoice"],"picked":"dioMod:Muda","floor":38},{"not_picked":["dioMod:WRYYY","dioMod:BloodSuck"],"picked":"dioMod:DarkRebirth+1","floor":40},{"not_picked":["dioMod:VengefulMuda+1","dioMod:BloodTransfusion+1"],"picked":"dioMod:DarkRebirth","floor":41},{"not_picked":["dioMod:Freeze","dioMod:MudaMudaMuda+1"],"picked":"dioMod:KonoDioDa","floor":42},{"not_picked":["dioMod:GoodbyeJojo","dioMod:CutDeep"],"picked":"dioMod:Donut","floor":44},{"not_picked":["dioMod:DaggerSpree+1","dioMod:ComposedMuda+1"],"picked":"dioMod:SecretPlan+1","floor":46},{"not_picked":["dioMod:Diversion+1","dioMod:DaggerToss"],"picked":"dioMod:CutDeep+1","floor":47},{"not_picked":["dioMod:PathToHeaven","dioMod:Hiss"],"picked":"dioMod:HeavyLifting","floor":48},{"not_picked":["dioMod:StreetSign+1","dioMod:DominatingPresence+1"],"picked":"dioMod:BloodSuck+1","floor":54}],"player_experience":420477,"relics_obtained":[{"floor":8,"key":"Replay:Bandana"},{"floor":9,"key":"Ornamental Fan"},{"floor":23,"key":"vexMod:MemoryStick"},{"floor":26,"key":"Potion Belt"},{"floor":29,"key":"infinitespire:Eraser"},{"floor":37,"key":"aspiration:HatOfInfinitePower"},{"floor":37,"key":"wanderingMiniBosses:Inkheart"},{"floor":40,"key":"Peace Pipe"},{"floor":42,"key":"Replay:WaspNest"},{"floor":43,"key":"Chameleon Ring"},{"floor":54,"key":"relicPack:DarknessArmor"}],"event_choices":[{"damage_healed":0,"gold_gain":0,"player_choice":"0 cards matched","damage_taken":0,"max_hp_gain":0,"max_hp_loss":0,"event_name":"Match and Keep!","floor":4,"gold_loss":0,"cards_obtained":[]},{"damage_healed":0,"gold_gain":0,"player_choice":"Upgraded Two","damage_taken":0,"max_hp_gain":0,"max_hp_loss":0,"event_name":"Designer","floor":19,"gold_loss":40,"cards_upgraded":["dioMod:Defend","dioMod:Hiss"]},{"cards_removed":["Normality"],"damage_healed":0,"gold_gain":0,"player_choice":"Elegance","damage_taken":0,"max_hp_gain":0,"max_hp_loss":0,"event_name":"Back to Basics","floor":30,"gold_loss":0},{"damage_healed":0,"gold_gain":0,"player_choice":"Fight","damage_taken":0,"max_hp_gain":0,"max_hp_loss":0,"event_name":"Mysterious Sphere","floor":37,"gold_loss":0},{"cards_removed":["Looming Evil"],"damage_healed":0,"gold_gain":0,"player_choice":"Purged","damage_taken":0,"max_hp_gain":0,"max_hp_loss":0,"event_name":"Purifier","floor":39,"gold_loss":0}],"is_beta":false,"boss_relics":[{"not_picked":["dioMod:JoestarBlood","aspiration:PoetsPen_weak"],"picked":"Cursed Key"},{"not_picked":["Astrolabe","ReplayTheSpireMod:DimensionalGlitch"],"picked":"hubris:VirtuousBlindfold"}],"items_purged_floors":[],"is_endless":false,"potions_floor_spawned":[5,7,16,22,27,29,36,38,42,47,48],"killed_by":"The Heart","ascension_level":3}}