{"host":"37ccm3d17clopct7","time":1611219528,"event":{"mods":["BaseMod","Lobotomy","Minty Spire (QoL Compilation)","StSLib","The Bug Knight","The Cursed","The Hierophant","The Runesmith"],"gold_per_floor":[114,39,39,39,39,39,54,69,94,109,124,124,124,124,124,224,224,239,254,84,99,114,114,129,129,154,154,154,31,46,61,61,161,211,226,76,91,91,91,121,121,171,196,196,211,211,211,226,226,226],"floor_reached":51,"language":"KOR","playtime":3060,"items_purged":["Defend_R","Strike_R"],"score":844,"play_id":"65fe3e91-dd8b-4b3c-886a-f0ee9c1e7a09","local_time":"20210121175848","daily_mods":["Chimera","Vintage","Binary"],"is_ascension_mode":false,"campfire_choices":[{"data":"Zap","floor":6,"key":"SMITH"},{"data":"Bash","floor":13,"key":"SMITH"},{"data":"HollowMod:InfectedAttack","floor":15,"key":"SMITH"},{"floor":23,"key":"REST"},{"floor":25,"key":"REST"},{"floor":32,"key":"REST"},{"floor":41,"key":"REST"},{"data":"Defend_G","floor":44,"key":"SMITH"},{"floor":47,"key":"REST"},{"floor":49,"key":"REST"}],"circlet_count":0,"master_deck":["Bash+1","Survivor+1","Zap+1","Strike_G","Strike_B","Defend_G+1","Defend_P","HollowMod:InfectedAttack+1","HollowMod:CycloneSlash","HollowMod:PerfectDash+1","HollowMod:ChannelNail+1","HollowMod:HowlingWraiths+1","HollowMod:PaleKingsBlessing+1","HollowMod:DesolateDive+1","Swift Strike","HollowMod:DoubleDash+1","HollowMod:GoodIntentions+1","HollowMod:DashSlash"],"relics":["HollowMod:VesselMask","Centennial Puzzle","Orichalcum","Toxic Egg 2","Regal Pillow","Ice Cream","Kunai","Blood Vial","SacredBark","Mummified Hand","Frozen Egg 2","White Beast Statue","Question Card","Turnip","Dream Catcher","Pear","Lizard Tail","Tiny House","Singing Bowl","TheAbacus","HollowMod:StagPassRelic","Pocketwatch","TungstenRod","HollowMod:IsmasTear","Anchor","Mercury Hourglass"],"acts_visited":["Exordium","TheCity","TheBeyond"],"potions_floor_usage":[24,28,33,33,40,45,50,50],"damage_taken":[{"damage":1,"enemies":"Jaw Worm","floor":1,"turns":4},{"damage":0,"enemies":"Small Slimes","floor":7,"turns":4},{"damage":0,"enemies":"2 Louse","floor":8,"turns":3},{"damage":4,"enemies":"2 Fungi Beasts","floor":10,"turns":4},{"damage":2,"enemies":"HollowMod:HuskWarrior","floor":11,"turns":5},{"damage":26,"enemies":"HollowMod:FalseKnight","floor":16,"turns":8},{"damage":0,"enemies":"Chosen","floor":18,"turns":4},{"damage":30,"enemies":"Shell Parasite","floor":19,"turns":4},{"damage":9,"enemies":"Snecko","floor":21,"turns":5},{"damage":39,"enemies":"Shelled Parasite and Fungi","floor":22,"turns":8},{"damage":15,"enemies":"Chosen and Byrds","floor":24,"turns":5},{"damage":0,"enemies":"Sentry and Sphere","floor":28,"turns":1},{"damage":23,"enemies":"Centurion and Healer","floor":30,"turns":6},{"damage":0,"enemies":"Snake Plant","floor":31,"turns":4},{"damage":87,"enemies":"Champ","floor":33,"turns":13},{"damage":35,"enemies":"Orb Walker","floor":35,"turns":4},{"damage":28,"enemies":"3 Darklings","floor":37,"turns":5},{"damage":63,"enemies":"Reptomancer","floor":40,"turns":9},{"damage":0,"enemies":"Mind Bloom Boss Battle","floor":42,"turns":6},{"damage":2,"enemies":"Maw","floor":45,"turns":8},{"damage":16,"enemies":"Jaw Worm Horde","floor":48,"turns":6},{"damage":90,"enemies":"Awakened One","floor":50,"turns":22}],"seed_played":"811174962971598332","potions_obtained":[{"floor":1,"key":"SkillPotion"},{"floor":11,"key":"CultistPotion"},{"floor":16,"key":"GamblersBrew"},{"floor":19,"key":"Fire Potion"},{"floor":22,"key":"Swift Potion"},{"floor":24,"key":"SmokeBomb"},{"floor":30,"key":"Swift Potion"},{"floor":31,"key":"AttackPotion"},{"floor":33,"key":"SteroidPotion"},{"floor":34,"key":"Ancient Potion"},{"floor":37,"key":"AttackPotion"},{"floor":40,"key":"LiquidMemories"},{"floor":42,"key":"Block Potion"},{"floor":45,"key":"Fruit Juice"},{"floor":48,"key":"Dexterity Potion"}],"is_trial":false,"path_per_floor":["M","?","?","$","?","R","M","M","T","M","M","?","R","?","R","B",null,"M","M","$","M","M","R","M","R","T","?","M","$","M","M","R","B",null,"M","$","M","?","?","E","R","?","T","R","M","?","R","M","R","B",null],"character_chosen":"THE_BUGKNIGHT","items_purchased":["HollowMod:CycloneSlash","HollowMod:PerfectDash+1","HollowMod:ChannelNail+1","TheAbacus"],"campfire_rested":6,"item_purchase_floors":[20,20,29,36],"current_hp_per_floor":[74,79,84,84,84,84,84,84,84,80,78,78,78,78,78,54,85,85,55,55,48,11,51,38,78,78,78,80,80,69,71,95,8,100,65,65,39,39,39,47,92,94,94,94,107,107,107,99,107,17],"gold":226,"neow_bonus":"","is_daily":true,"chose_seed":false,"campfire_upgraded":4,"win_rate":0.0,"timestamp":1611219528,"path_taken":["M","?","?","$","?","R","M","M","T","M","M","?","R","?","R","BOSS","M","M","$","M","?","R","M","R","T","?","M","$","M","M","R","BOSS","M","$","M","?","?","E","R","?","T","R","M","?","R","M","R","BOSS"],"items_purchased_type":["Card","Card","Card","Relic"],"build_version":"2020-12-22","purchased_purges":2,"victory":true,"max_hp_per_floor":[75,80,85,85,85,85,85,85,85,85,85,85,85,85,85,85,85,85,85,85,85,85,85,85,85,85,85,85,85,95,95,95,95,100,100,100,100,100,95,95,97,97,97,97,107,107,107,107,107,107],"card_choices":[{"not_picked":["HollowMod:SharpenedNail","HollowMod:SoulEater+1"],"picked":"HollowMod:HowlingWraiths+1","floor":32},{"not_picked":["HollowMod:VoidDash+1","HollowMod:Weaversong+1"],"picked":"HollowMod:PaleKingsBlessing+1","floor":33},{"not_picked":["HollowMod:SharpenedShadows+1","HollowMod:NewLittleFool"],"picked":"HollowMod:DesolateDive+1","floor":34},{"not_picked":["Madness+1","Flash of Steel"],"picked":"Swift Strike","floor":38},{"not_picked":["HollowMod:RecoilStrike","HollowMod:CycloneSlash"],"picked":"HollowMod:DoubleDash+1","floor":40},{"not_picked":["HollowMod:DreamGate+1","HollowMod:MonomonsArchive+1","HollowMod:ShadowDash+1"],"picked":"Singing Bowl","floor":41},{"not_picked":["HollowMod:GoodIntentions+1","HollowMod:SiblingsSouls+1"],"picked":"HollowMod:DashSlash+1","floor":42},{"not_picked":["HollowMod:NewLittleFool","HollowMod:LifebloodCocoon+1"],"picked":"HollowMod:GoodIntentions+1","floor":47},{"not_picked":["HollowMod:HuntersJournal+1","HollowMod:GoodIntentions+1"],"picked":"HollowMod:DashSlash","floor":49}],"player_experience":79790,"relics_obtained":[{"floor":1,"key":"Centennial Puzzle"},{"floor":7,"key":"Orichalcum"},{"floor":8,"key":"Toxic Egg 2"},{"floor":9,"key":"Regal Pillow"},{"floor":10,"key":"Ice Cream"},{"floor":11,"key":"Kunai"},{"floor":18,"key":"Mummified Hand"},{"floor":19,"key":"Frozen Egg 2"},{"floor":21,"key":"White Beast Statue"},{"floor":22,"key":"Question Card"},{"floor":24,"key":"Turnip"},{"floor":26,"key":"Dream Catcher"},{"floor":30,"key":"Pear"},{"floor":31,"key":"Lizard Tail"},{"floor":35,"key":"Singing Bowl"},{"floor":37,"key":"HollowMod:StagPassRelic"},{"floor":40,"key":"Pocketwatch"},{"floor":42,"key":"TungstenRod"},{"floor":43,"key":"HollowMod:IsmasTear"},{"floor":45,"key":"Anchor"},{"floor":48,"key":"Mercury Hourglass"}],"event_choices":[{"damage_healed":0,"gold_gain":0,"player_choice":"Donut","damage_taken":0,"max_hp_gain":5,"max_hp_loss":0,"event_name":"Big Fish","floor":3,"gold_loss":0},{"damage_healed":0,"gold_gain":0,"player_choice":"Ignored","damage_taken":0,"max_hp_gain":0,"max_hp_loss":0,"event_name":"Golden Idol","floor":5,"gold_loss":0},{"damage_healed":0,"gold_gain":0,"cards_transformed":["Eruption"],"player_choice":"Change","damage_taken":0,"max_hp_gain":0,"max_hp_loss":0,"event_name":"Living Wall","floor":12,"gold_loss":0,"cards_obtained":["HollowMod:InfectedAttack"]},{"damage_healed":0,"gold_gain":0,"player_choice":"Gave Potion","damage_taken":0,"relics_obtained":["Blood Vial"],"max_hp_gain":0,"max_hp_loss":0,"event_name":"WeMeetAgain","floor":14,"gold_loss":0},{"damage_healed":0,"gold_gain":0,"player_choice":"Ignored","damage_taken":0,"max_hp_gain":0,"max_hp_loss":0,"event_name":"Cursed Tome","floor":27,"gold_loss":0},{"damage_healed":0,"gold_gain":0,"player_choice":"Memory 1","damage_taken":0,"max_hp_gain":0,"max_hp_loss":0,"event_name":"SensoryStone","floor":38,"gold_loss":0},{"damage_healed":0,"gold_gain":0,"player_choice":"Max HP","damage_taken":0,"max_hp_gain":0,"max_hp_loss":5,"event_name":"Winding Halls","floor":39,"gold_loss":0},{"damage_healed":0,"gold_gain":0,"player_choice":"Fight","damage_taken":0,"max_hp_gain":0,"max_hp_loss":0,"event_name":"MindBloom","floor":42,"gold_loss":0},{"cards_removed":["HollowMod:DashSlash"],"damage_healed":0,"gold_gain":0,"player_choice":"Removed Attack","damage_taken":0,"max_hp_gain":0,"max_hp_loss":0,"event_name":"Falling","floor":46,"gold_loss":0}],"is_beta":false,"boss_relics":[{"not_picked":["Sozu","Snecko Eye"],"picked":"SacredBark"},{"not_picked":["SlaversCollar","HollowMod:KingsSoulRelic"],"picked":"Tiny House"}],"items_purged_floors":[20,29],"is_endless":false,"potions_floor_spawned":[1,11,16,19,22,24,28,30,31,33,35,37,40,42,45,48],"ascension_level":0}}