{"host":"8iaoobhpyvel1t4g","time":1611192684,"event":{"mods":["Always Whale","BaseMod","Colored Map","Downfall","Energized Spire","Highlight Path","Minty Spire (QoL Compilation)","StSLib"],"gold_per_floor":[99,99,99,99,99,99,99,99,99,69,39,39,39,39,39,39,39,39,39,39,39,39,39,39,39,39,39,39,39,39,39,39,39,0,0,0,0,0,0,0,0,0,0,0,0,0,0,0,0,0],"floor_reached":51,"language":"ENG","playtime":2103,"items_purged":[],"score":1246,"play_id":"41d6ff3f-9ee0-4abf-9193-7635ce9d98c0","local_time":"20210120203124","is_ascension_mode":true,"campfire_choices":[{"data":"Whirlwind","floor":6,"key":"SMITH"},{"data":"Pommel Strike","floor":8,"key":"SMITH"},{"data":"Searing Blow","floor":15,"key":"SMITH"},{"data":"Searing Blow+1","floor":23,"key":"SMITH"},{"data":"Searing Blow+2","floor":25,"key":"SMITH"},{"floor":32,"key":"REST"},{"data":"Madness","floor":42,"key":"SMITH"},{"floor":46,"key":"REST"},{"floor":49,"key":"REST"}],"circlet_count":0,"master_deck":["AscendersBane","Defend_R","Defend_R","Defend_R","Defend_R","Bash","Headbutt","Whirlwind+1","Iron Wave","Pommel Strike+1","Shrug It Off","Demon Form","Searing Blow+3","Offering","Ghostly","Ghostly","Ghostly","Ghostly","Slimebound:Tackle+1","Slimebound:Tackle+1","Slimebound:Tackle+1","Flex","Flex","Guardian:Gem_Orange","Shrug It Off","Power Through","Burning Pact+1","Fiend Fire","Strike_R","Discovery","Metallicize+1","Madness+1","Madness","Inflame","Spot Weakness","Sever Soul+1","Havoc","Flame Barrier+1"],"relics":["Ectoplasm","Anchor","Orichalcum","Art of War","Runic Pyramid","sneckomod:BabySnecko","MawBank","Blood Vial","Nunchaku","energizedSpire:HugeHouse","Red Mask","Guardian:GemstoneGun","Toy Ornithopter","Pantograph"],"acts_visited":["Exordium","TheCity","TheBeyond"],"potions_floor_usage":[16,16,18,18,31,44,50,50,50],"damage_taken":[{"damage":2,"enemies":"Jaw Worm","floor":1,"turns":3},{"damage":0,"enemies":"2 Louse","floor":3,"turns":3},{"damage":0,"enemies":"Small Slimes","floor":4,"turns":2},{"damage":13,"enemies":"Gremlin Nob","floor":7,"turns":4},{"damage":6,"enemies":"Exordium Thugs","floor":10,"turns":3},{"damage":0,"enemies":"Exordium Wildlife","floor":12,"turns":1},{"damage":0,"enemies":"3 Louse","floor":14,"turns":3},{"damage":14,"enemies":"The Guardian","floor":16,"turns":8},{"damage":24,"enemies":"Shell Parasite","floor":18,"turns":5},{"damage":3,"enemies":"Gremlin Leader","floor":24,"turns":6},{"damage":0,"enemies":"3 Byrds","floor":27,"turns":3},{"damage":2,"enemies":"Book of Stabbing","floor":29,"turns":4},{"damage":6,"enemies":"Snake Plant","floor":30,"turns":2},{"damage":20,"enemies":"Snecko","floor":31,"turns":4},{"damage":9,"enemies":"Collector","floor":33,"turns":7},{"damage":0,"enemies":"3 Darklings","floor":35,"turns":2},{"damage":7,"enemies":"3 Shapes","floor":36,"turns":3},{"damage":1,"enemies":"Nemesis","floor":40,"turns":7},{"damage":0,"enemies":"Transient","floor":41,"turns":5},{"damage":27,"enemies":"3 Darklings","floor":44,"turns":5},{"damage":6,"enemies":"Giant Head","floor":45,"turns":6},{"damage":6,"enemies":"4 Shapes","floor":47,"turns":4},{"damage":6,"enemies":"Maw","floor":48,"turns":6},{"damage":30,"enemies":"Awakened One","floor":50,"turns":6}],"seed_played":"2174017535004216120","potions_obtained":[{"floor":7,"key":"Swift Potion"},{"floor":10,"key":"PowerPotion"},{"floor":14,"key":"sneckomod:MuddlingPotion"},{"floor":16,"key":"SkillPotion"},{"floor":24,"key":"CultistPotion"},{"floor":29,"key":"HeartOfIron"},{"floor":30,"key":"ElixirPotion"},{"floor":41,"key":"DuplicationPotion"},{"floor":47,"key":"bronze:BurnAndBuffPotion"},{"floor":48,"key":"SteroidPotion"}],"is_trial":false,"path_per_floor":["M","?","M","M","?","R","E","R","T","M","?","M","?","M","R","B",null,"M","?","?","?","?","R","E","R","T","M","?","E","M","M","R","B",null,"M","M","?","?","?","E","M","R","T","M","E","R","M","M","R","B",null],"character_chosen":"IRONCLAD","items_purchased":[],"campfire_rested":3,"item_purchase_floors":[],"current_hp_per_floor":[70,67,67,67,67,67,54,54,54,48,48,48,48,48,48,34,69,45,40,40,40,40,40,37,37,37,39,39,38,34,16,28,21,32,34,28,28,24,24,25,27,27,27,7,3,13,9,5,15,10],"gold":0,"neow_bonus":"BOSS_RELIC","is_daily":false,"chose_seed":false,"campfire_upgraded":6,"win_rate":0.0,"timestamp":1611192684,"path_taken":["M","?","M","M","?","R","E","R","T","M","?","M","?","?","R","BOSS","M","?","?","?","?","R","E","R","T","M","?","E","?","M","R","BOSS","M","M","?","?","?","E","M","R","T","M","E","R","?","M","R","BOSS"],"items_purchased_type":[],"build_version":"2020-12-22","purchased_purges":0,"victory":true,"max_hp_per_floor":[80,80,80,80,80,80,80,80,80,80,80,80,80,80,80,80,80,80,40,40,40,40,40,40,40,40,40,40,40,40,40,40,40,35,35,35,35,35,35,35,35,35,35,35,35,35,35,35,35,35],"card_choices":[{"not_picked":["True Grit","Dual Wield"],"picked":"Headbutt","floor":1},{"not_picked":["True Grit","Pommel Strike"],"picked":"Whirlwind","floor":3},{"not_picked":["Wild Strike","Sword Boomerang"],"picked":"Iron Wave","floor":4},{"not_picked":["True Grit","Sword Boomerang"],"picked":"Pommel Strike","floor":7},{"not_picked":["Pommel Strike","Heavy Blade"],"picked":"Shrug It Off","floor":10},{"not_picked":["Flex","Headbutt"],"picked":"Demon Form","floor":12},{"not_picked":["Body Slam","Pommel Strike"],"picked":"Searing Blow","floor":14},{"not_picked":["Juggernaut","Bludgeon"],"picked":"Offering","floor":16},{"not_picked":["Rampage","Carnage","Hemokinesis"],"picked":"SKIP","floor":18},{"not_picked":["Wild Strike+1","Thunderclap"],"picked":"Flex","floor":24},{"not_picked":["Shrug It Off","Clothesline+1"],"picked":"Thunderclap","floor":27},{"not_picked":["Perfected Strike","Bludgeon"],"picked":"Shrug It Off","floor":29},{"not_picked":["Entrench+1","Headbutt+1"],"picked":"Power Through","floor":30},{"not_picked":["Havoc","Entrench"],"picked":"Burning Pact+1","floor":31},{"not_picked":["Barricade","Immolate"],"picked":"Fiend Fire","floor":33},{"not_picked":["Thunderclap","Perfected Strike","Pommel Strike+1"],"picked":"SKIP","floor":35},{"not_picked":["Thunderclap","Dark Embrace"],"picked":"Metallicize+1","floor":36},{"not_picked":["Uppercut","Heavy Blade+1"],"picked":"Inflame","floor":40},{"not_picked":["Flex","Wild Strike"],"picked":"Spot Weakness","floor":41},{"not_picked":["Body Slam","Uppercut+1","Dropkick+1"],"picked":"SKIP","floor":44},{"not_picked":["Bloodletting+1","Thunderclap+1"],"picked":"Sever Soul+1","floor":45},{"not_picked":["Fiend Fire","Perfected Strike+1"],"picked":"Havoc","floor":47},{"not_picked":["Flex+1","Shrug It Off+1"],"picked":"Flame Barrier+1","floor":48}],"player_experience":367218,"relics_obtained":[{"floor":7,"key":"Orichalcum"},{"floor":9,"key":"Art of War"},{"floor":24,"key":"MawBank"},{"floor":26,"key":"Blood Vial"},{"floor":29,"key":"Nunchaku"},{"floor":40,"key":"Guardian:GemstoneGun"},{"floor":43,"key":"Toy Ornithopter"},{"floor":45,"key":"Pantograph"}],"event_choices":[{"damage_healed":0,"gold_gain":0,"player_choice":"Success","damage_taken":3,"relics_obtained":["Anchor"],"max_hp_gain":0,"max_hp_loss":0,"event_name":"Scrap Ooze","floor":2,"gold_loss":0},{"damage_healed":0,"gold_gain":0,"player_choice":"Ignored","damage_taken":0,"max_hp_gain":0,"max_hp_loss":0,"event_name":"Liars Game","floor":5,"gold_loss":0},{"damage_healed":0,"gold_gain":0,"player_choice":"Left Gold","damage_taken":0,"max_hp_gain":0,"max_hp_loss":0,"event_name":"World of Goop","floor":11,"gold_loss":30},{"cards_removed":["Strike_R"],"damage_healed":0,"gold_gain":0,"player_choice":"Purged","damage_taken":0,"max_hp_gain":0,"max_hp_loss":0,"event_name":"Purifier","floor":13,"gold_loss":0},{"damage_healed":0,"gold_gain":0,"player_choice":"Became a Ghost","damage_taken":0,"max_hp_gain":0,"max_hp_loss":40,"event_name":"Ghosts","floor":19,"gold_loss":0,"cards_obtained":["Ghostly","Ghostly","Ghostly","Ghostly","Ghostly"]},{"damage_healed":0,"gold_gain":0,"player_choice":"Read","damage_taken":0,"max_hp_gain":0,"max_hp_loss":0,"event_name":"The Library","floor":22,"gold_loss":0,"cards_obtained":["Flex"]},{"cards_removed":["downfall:Bewildered"],"damage_healed":0,"gold_gain":0,"player_choice":"Took Card","damage_taken":0,"max_hp_gain":0,"max_hp_loss":0,"event_name":"NoteForYourself","floor":28,"gold_loss":0,"cards_obtained":["Guardian:Gem_Orange"]},{"damage_healed":0,"gold_gain":0,"player_choice":"Paid","damage_taken":0,"relics_obtained":["Red Mask"],"max_hp_gain":0,"max_hp_loss":0,"event_name":"Tomb of Lord Red Mask","floor":37,"gold_loss":0},{"damage_healed":0,"gold_gain":0,"player_choice":"Embrace Madness","damage_taken":4,"max_hp_gain":0,"max_hp_loss":0,"event_name":"Winding Halls","floor":38,"gold_loss":0,"cards_obtained":["Madness","Madness"]},{"cards_removed":["Thunderclap"],"damage_healed":0,"gold_gain":0,"player_choice":"Removed Attack","damage_taken":0,"max_hp_gain":0,"max_hp_loss":0,"event_name":"Falling","floor":39,"gold_loss":0}],"is_beta":false,"boss_relics":[{"not_picked":["Busted Crown","bronze:MakeshiftBattery"],"picked":"Runic Pyramid"},{"not_picked":["Astrolabe","Cursed Key"],"picked":"energizedSpire:HugeHouse"}],"items_purged_floors":[],"is_endless":false,"potions_floor_spawned":[7,10,14,16,24,29,30,41,47,48],"ascension_level":10}}