{"host":"ii8tx06h76eihyxi","time":1611244339,"event":{"mods":["BaseMod","Colored Map","Custom Start","DeckTracker","Minty Spire (QoL Compilation)","Relic Stats","Shop Mod","StSLib","The Disciple","The Runesmith"],"gold_per_floor":[116,127,144,156,156,188,198,229,229,258,272,291,302,315,315,411,411,429,247,172,187,204,230,329,329,354,371,381,395,196,308,308,411,411,429,154,173,189,205,237,251,261,261,271,281,301,321,337,337,337],"floor_reached":51,"language":"ENG","playtime":4878,"items_purged":["BootSequence+1","Thunder Strike","Leap+1"],"score":737,"play_id":"2f0b8e3e-c0d7-460f-82f7-577fd91dd8c9","local_time":"20210121105219","is_ascension_mode":false,"campfire_choices":[{"data":"Echo Form","floor":15,"key":"SMITH"},{"data":"Coolheaded","floor":25,"key":"SMITH"},{"data":"Ball Lightning","floor":32,"key":"SMITH"},{"data":"Loop","floor":49,"key":"SMITH"}],"circlet_count":0,"master_deck":["Leap+1","Leap+1","Zap+1","Zap+1","Zap+1","BootSequence+1","Force Field+1","Force Field+1","Force Field+1","Echo Form+1","Creative AI+1","Capacitor+1","Capacitor+1","Loop+1","Loop+1","Loop+1","Defragment+1","Defragment+1","Defragment+1","Ball Lightning+1","Cold Snap","Coolheaded+1","Echo Form+1","Consume+1","Electrodynamics","Loop+1","Coolheaded","Coolheaded","FTL+1","Heatsinks+1","Skim+1"],"relics":["Cracked Core","Nuclear Battery","Mummified Hand","Inserter","Ice Cream","Ginger","Bird Faced Urn","Omamori","Art of War","Matryoshka","Cursed Key","Membership Card","Letter Opener","PreservedInsect","MerchantsRug","Lee\u0027s Waffle","Philosopher\u0027s Stone","Calipers","Ornamental Fan","Toy Ornithopter","Gremlin Horn"],"acts_visited":["Exordium","TheCity","TheBeyond"],"potions_floor_usage":[18,23],"damage_taken":[{"damage":0,"enemies":"Small Slimes","floor":1,"turns":4},{"damage":0,"enemies":"Cultist","floor":2,"turns":3},{"damage":0,"enemies":"Jaw Worm","floor":3,"turns":4},{"damage":0,"enemies":"Blue Slaver","floor":4,"turns":4},{"damage":8,"enemies":"Gremlin Nob","floor":6,"turns":4},{"damage":0,"enemies":"Looter","floor":7,"turns":3},{"damage":6,"enemies":"Lagavulin","floor":8,"turns":5},{"damage":2,"enemies":"3 Sentries","floor":10,"turns":5},{"damage":17,"enemies":"Gremlin Gang","floor":11,"turns":4},{"damage":0,"enemies":"Large Slime","floor":12,"turns":3},{"damage":0,"enemies":"Lots of Slimes","floor":13,"turns":4},{"damage":0,"enemies":"3 Louse","floor":14,"turns":3},{"damage":5,"enemies":"Slime Boss","floor":16,"turns":5},{"damage":0,"enemies":"Shell Parasite","floor":18,"turns":5},{"damage":0,"enemies":"Chosen","floor":21,"turns":3},{"damage":0,"enemies":"Centurion and Healer","floor":22,"turns":5},{"damage":6,"enemies":"Gremlin Leader","floor":23,"turns":4},{"damage":0,"enemies":"Snecko","floor":27,"turns":5},{"damage":5,"enemies":"Shelled Parasite and Fungi","floor":28,"turns":3},{"damage":0,"enemies":"Centurion and Healer","floor":29,"turns":3},{"damage":2,"enemies":"Collector","floor":33,"turns":6},{"damage":0,"enemies":"3 Shapes","floor":35,"turns":2},{"damage":8,"enemies":"3 Darklings","floor":37,"turns":4},{"damage":5,"enemies":"Spire Growth","floor":38,"turns":4},{"damage":0,"enemies":"Transient","floor":39,"turns":5},{"damage":44,"enemies":"Reptomancer","floor":40,"turns":5},{"damage":9,"enemies":"Maw","floor":41,"turns":5},{"damage":30,"enemies":"4 Shapes","floor":42,"turns":4},{"damage":11,"enemies":"Spire Growth","floor":44,"turns":3},{"damage":8,"enemies":"Jaw Worm Horde","floor":45,"turns":4},{"damage":2,"enemies":"Maw","floor":46,"turns":4},{"damage":8,"enemies":"3 Darklings","floor":47,"turns":4},{"damage":3,"enemies":"Transient","floor":48,"turns":5},{"damage":9,"enemies":"Donu and Deca","floor":50,"turns":4}],"seed_played":"-5852381853849272306","potions_obtained":[{"floor":6,"key":"Strength Potion"},{"floor":7,"key":"Swift Potion"},{"floor":10,"key":"SteroidPotion"},{"floor":18,"key":"Fruit Juice"},{"floor":23,"key":"Weak Potion"},{"floor":35,"key":"GamblersBrew"},{"floor":39,"key":"Block Potion"}],"is_trial":true,"path_per_floor":["M","M","M","M","?","E","M","E","T","E","M","M","M","M","R","B",null,"M","$","?","M","M","E","?","R","T","M","M","M","$","$","R","B",null,"M","$","M","M","M","E","M","M","T","M","M","M","M","M","R","B",null],"character_chosen":"DEFECT","items_purchased":["Membership Card","MerchantsRug","Lee\u0027s Waffle","Calipers","Loop","Coolheaded"],"campfire_rested":0,"item_purchase_floors":[19,30,30,36,36,36],"current_hp_per_floor":[75,75,75,75,75,73,75,75,75,73,70,75,75,75,75,75,75,80,80,80,80,80,80,80,80,80,80,80,80,87,87,87,87,87,87,87,87,87,87,59,82,68,68,87,87,87,87,87,87,87],"gold":337,"neow_bonus":"","is_daily":false,"chose_seed":false,"campfire_upgraded":4,"win_rate":0.0,"timestamp":1611244339,"path_taken":["M","M","M","M","?","E","M","E","T","E","M","M","M","M","R","BOSS","M","$","?","M","M","E","?","R","T","M","M","M","?","$","R","BOSS","M","$","M","M","M","E","M","M","T","M","M","M","M","M","R","BOSS"],"items_purchased_type":["Relic","Relic","Relic","Relic","Card","Card"],"build_version":"2020-12-22","purchased_purges":3,"victory":true,"max_hp_per_floor":[75,75,75,75,75,75,75,75,75,75,75,75,75,75,75,75,75,80,80,80,80,80,80,80,80,80,80,80,80,87,87,87,87,87,87,87,87,87,87,87,87,87,87,87,87,87,87,87,87,87],"relic_stats":{"Lee\u0027s Waffle":7,"Inserter":[61],"Gremlin Horn":[4,4],"counters":[34,127],"PreservedInsect":57,"Ginger":[17],"Letter Opener":[431],"Cursed Key":2,"Mummified Hand":[415],"Ornamental Fan":[12],"Bird Faced Urn":[188],"Art of War":[51],"obtain_stats":[{"Ice Cream":0,"MerchantsRug":30,"Lee\u0027s Waffle":30,"Inserter":0,"Calipers":36,"Gremlin Horn":43,"PreservedInsect":26,"Omamori":6,"Ginger":0,"Letter Opener":23,"Cursed Key":17,"Nuclear Battery":0,"Blood Vial":26,"Emotion Chip":10,"Matryoshka":9,"Mummified Hand":0,"Ornamental Fan":40,"Bird Faced Urn":0,"Philosopher\u0027s Stone":34,"Art of War":8,"Membership Card":19,"Cracked Core":0,"Toy Ornithopter":43},{"Ice Cream":0,"MerchantsRug":20,"Lee\u0027s Waffle":20,"Inserter":0,"Calipers":22,"Gremlin Horn":28,"PreservedInsect":17,"Omamori":5,"Ginger":0,"Letter Opener":17,"Cursed Key":13,"Nuclear Battery":0,"Blood Vial":17,"Emotion Chip":8,"Matryoshka":7,"Mummified Hand":0,"Ornamental Fan":26,"Bird Faced Urn":0,"Philosopher\u0027s Stone":21,"Art of War":7,"Membership Card":14,"Cracked Core":0,"Toy Ornithopter":28},{"Ice Cream":0,"MerchantsRug":71,"Lee\u0027s Waffle":71,"Inserter":0,"Calipers":78,"Gremlin Horn":104,"PreservedInsect":61,"Omamori":15,"Ginger":0,"Letter Opener":61,"Cursed Key":46,"Nuclear Battery":0,"Blood Vial":61,"Emotion Chip":27,"Matryoshka":23,"Mummified Hand":0,"Ornamental Fan":96,"Bird Faced Urn":0,"Philosopher\u0027s Stone":76,"Art of War":23,"Membership Card":50,"Cracked Core":0,"Toy Ornithopter":104}],"Toy Ornithopter":0},"card_choices":[{"not_picked":["Ball Lightning","Conserve Battery","Rebound"],"picked":"SKIP","floor":1},{"not_picked":["Gash","Compile Driver","Beam Cell"],"picked":"SKIP","floor":2},{"not_picked":["Streamline","Go for the Eyes","Aggregate"],"picked":"SKIP","floor":3},{"not_picked":["Leap","Compile Driver","Static Discharge"],"picked":"SKIP","floor":4},{"not_picked":["Gash","Double Energy","Sunder"],"picked":"SKIP","floor":6},{"not_picked":["Compile Driver","Steam","Rebound"],"picked":"SKIP","floor":7},{"not_picked":["Beam Cell","FTL","Compile Driver"],"picked":"SKIP","floor":8},{"not_picked":["Chaos","Capacitor"],"picked":"Ball Lightning","floor":10},{"not_picked":["Steam","Go for the Eyes"],"picked":"Cold Snap","floor":11},{"not_picked":["Redo","Capacitor"],"picked":"Coolheaded","floor":12},{"not_picked":["Beam Cell","Chaos"],"picked":"Echo Form","floor":13},{"not_picked":["Hologram","Rebound","Gash"],"picked":"SKIP","floor":14},{"not_picked":["Meteor Strike","Seek"],"picked":"Thunder Strike","floor":16},{"not_picked":["Coolheaded","Barrage+1","Ball Lightning"],"picked":"SKIP","floor":18},{"not_picked":["Sweeping Beam","White Noise","Ball Lightning"],"picked":"SKIP","floor":21},{"not_picked":["Melter","Rainbow","Cold Snap"],"picked":"SKIP","floor":22},{"not_picked":["Seek","Heatsinks","Steam"],"picked":"SKIP","floor":23},{"not_picked":["Seek","Heatsinks","Steam"],"picked":"SKIP","floor":23},{"not_picked":["Steam","Genetic Algorithm","Coolheaded"],"picked":"SKIP","floor":27},{"not_picked":["Compile Driver","Turbo+1","Redo+1"],"picked":"SKIP","floor":28},{"not_picked":["Ball Lightning+1","Coolheaded"],"picked":"Consume+1","floor":29},{"not_picked":["Echo Form","Creative AI"],"picked":"Electrodynamics","floor":33},{"not_picked":["Conserve Battery+1","Static Discharge+1","Cold Snap+1"],"picked":"SKIP","floor":35},{"not_picked":["Coolheaded","Streamline+1","Sunder"],"picked":"SKIP","floor":37},{"not_picked":["Steam+1","Rebound+1","Doom and Gloom"],"picked":"SKIP","floor":38},{"not_picked":["Ball Lightning+1","Redo+1","Leap"],"picked":"SKIP","floor":39},{"not_picked":["Electrodynamics","Hologram","Compile Driver"],"picked":"SKIP","floor":40},{"not_picked":["Barrage+1","Chaos"],"picked":"Coolheaded","floor":41},{"not_picked":["Fusion","Redo"],"picked":"FTL+1","floor":42},{"not_picked":["Glacier+1","Ball Lightning+1","Redo+1"],"picked":"SKIP","floor":44},{"not_picked":["Coolheaded","Sweeping Beam"],"picked":"Heatsinks+1","floor":45},{"not_picked":["Barrage+1","Thunder Strike"],"picked":"Skim+1","floor":46},{"not_picked":["Go for the Eyes+1","Double Energy","Reinforced Body"],"picked":"SKIP","floor":47},{"not_picked":["Consume","Go for the Eyes+1","Coolheaded+1"],"picked":"SKIP","floor":48}],"player_experience":264036,"relics_obtained":[{"floor":6,"key":"Omamori"},{"floor":8,"key":"Art of War"},{"floor":9,"key":"Matryoshka"},{"floor":10,"key":"Emotion Chip"},{"floor":23,"key":"Letter Opener"},{"floor":26,"key":"Blood Vial"},{"floor":26,"key":"PreservedInsect"},{"floor":40,"key":"Ornamental Fan"},{"floor":43,"key":"Toy Ornithopter"},{"floor":43,"key":"Gremlin Horn"}],"event_choices":[{"damage_healed":0,"gold_gain":0,"player_choice":"Ignored","damage_taken":0,"max_hp_gain":0,"max_hp_loss":0,"event_name":"WeMeetAgain","floor":5,"gold_loss":0},{"cards_removed":["BootSequence"],"damage_healed":0,"gold_gain":0,"player_choice":"Gave Gold","damage_taken":0,"max_hp_gain":0,"max_hp_loss":0,"event_name":"Beggar","floor":20,"gold_loss":75},{"damage_healed":0,"gold_gain":99,"player_choice":"Stole From Cult","damage_taken":0,"max_hp_gain":0,"max_hp_loss":0,"event_name":"Nest","floor":24,"gold_loss":0}],"is_beta":false,"boss_relics":[{"not_picked":["Sozu","Astrolabe"],"picked":"Cursed Key"},{"not_picked":["Tiny House","Runic Dome"],"picked":"Philosopher\u0027s Stone"}],"items_purged_floors":[19,30,36],"is_endless":false,"potions_floor_spawned":[6,7,10,12,14,18,23,35,39,42,45,48],"ascension_level":0}}