{"host":"9vecvdjkx64cw9bo","time":1611241599,"event":{"mods":["Ascension Unlocker","BaseMod","Custom Start","Keyboard Shortcuts","Minty Spire (QoL Compilation)","Quick Restart","StSLib","SuperFastMode"],"gold_per_floor":[109,109,109,128,140,140,140,172,172,47,66,98,118,138,138,216,216,229,409,252,252,263,263,263,263,288,300,300,300],"floor_reached":28,"language":"KOR","playtime":627,"items_purged":["Pain","Strike_B"],"score":456,"play_id":"f8963486-31c5-49ba-b14c-b55f8d6a2e6f","local_time":"20210122000639","is_ascension_mode":true,"campfire_choices":[{"data":"Dualcast","floor":6.0,"key":"SMITH"},{"data":"Hologram","floor":15.0,"key":"SMITH"},{"data":"Aggregate","floor":23.0,"key":"SMITH"},{"data":"Redo","floor":25.0,"key":"SMITH"}],"circlet_count":0,"master_deck":["AscendersBane","Strike_B","Strike_B","Defend_B","Defend_B","Defend_B","Defend_B","Zap","Dualcast+1","Darkness+1","Capacitor","Glacier","Coolheaded","Hologram+1","Undo","Self Repair","Defragment","Redo+1","Aggregate+1"],"relics":["Cracked Core","NeowsBlessing","WarpedTongs","Pocketwatch","Sundial","Peace Pipe","SlaversCollar","Mummified Hand","Akabeko"],"acts_visited":["Exordium","TheCity"],"potions_floor_usage":[28],"damage_taken":[{"damage":0.0,"enemies":"Cultist","floor":1.0,"turns":1.0},{"damage":0.0,"enemies":"2 Louse","floor":4.0,"turns":1.0},{"damage":0.0,"enemies":"Small Slimes","floor":5.0,"turns":1.0},{"damage":13.0,"enemies":"Gremlin Nob","floor":8.0,"turns":3.0},{"damage":18.0,"enemies":"Exordium Thugs","floor":11.0,"turns":7.0},{"damage":20.0,"enemies":"3 Sentries","floor":12.0,"turns":9.0},{"damage":0.0,"enemies":"Looter","floor":13.0,"turns":3.0},{"damage":9.0,"enemies":"2 Fungi Beasts","floor":14.0,"turns":3.0},{"damage":1.0,"enemies":"Slime Boss","floor":16.0,"turns":8.0},{"damage":10.0,"enemies":"3 Byrds","floor":18.0,"turns":6.0},{"damage":11.0,"enemies":"Spheric Guardian","floor":22.0,"turns":5.0},{"damage":9.0,"enemies":"Centurion and Healer","floor":27.0,"turns":7.0},{"damage":46,"enemies":"Gremlin Leader","floor":28,"turns":8}],"seed_played":"5159102872377571414","potions_obtained":[{"floor":4.0,"key":"BlessingOfTheForge"},{"floor":5.0,"key":"Ancient Potion"},{"floor":12.0,"key":"LiquidMemories"},{"floor":22.0,"key":"FocusPotion"}],"is_trial":false,"path_per_floor":["M","?","?","M","M","R","?","E","T","$","M","E","M","M","R","B",null,"M","?","$","T","M","R","?","R","T","M","E"],"character_chosen":"DEFECT","items_purchased":["Coolheaded","Redo"],"campfire_rested":0,"item_purchase_floors":[10,20],"current_hp_per_floor":[64,69,69,69,69,69,69,56,56,56,38,18,18,9,9,15,61,58,39,39,39,35,35,35,35,35,36,0,0],"gold":300,"neow_bonus":"THREE_ENEMY_KILL","is_daily":false,"chose_seed":false,"campfire_upgraded":4,"win_rate":0.0,"timestamp":1611241599,"path_taken":["M","?","?","M","M","R","?","E","T","$","M","E","?","M","R","BOSS","M","?","$","?","M","R","?","R","T","M","E"],"items_purchased_type":["Card","Card"],"build_version":"2020-12-22","purchased_purges":2,"victory":false,"max_hp_per_floor":[71,76,76,76,76,76,76,76,76,76,76,76,76,76,76,76,76,76,76,76,76,76,76,76,76,76,76,76,76],"card_choices":[{"not_picked":["Steam","Hello World"],"picked":"Capacitor","floor":1.0},{"not_picked":["Rebound","Leap","Blizzard"],"picked":"SKIP","floor":4.0},{"not_picked":["Rip and Tear","Chill","Double Energy"],"picked":"SKIP","floor":5.0},{"not_picked":["Steam","Barrage","Gash"],"picked":"SKIP","floor":8.0},{"not_picked":["Cold Snap","White Noise"],"picked":"Hologram","floor":11.0},{"not_picked":["Rip and Tear","Cold Snap"],"picked":"Undo","floor":12.0},{"not_picked":["Hello World","Ball Lightning"],"picked":"Self Repair","floor":13.0},{"not_picked":["Stack","Streamline","Reprogram"],"picked":"SKIP","floor":14.0},{"not_picked":["Force Field","Glacier"],"picked":"Defragment","floor":18.0},{"not_picked":["Darkness","Coolheaded"],"picked":"Aggregate","floor":22.0},{"not_picked":["Sweeping Beam","Gash","Barrage"],"picked":"SKIP","floor":27.0}],"player_experience":785742,"relics_obtained":[{"floor":8.0,"key":"Pocketwatch"},{"floor":9.0,"key":"Sundial"},{"floor":12.0,"key":"Peace Pipe"},{"floor":21.0,"key":"Mummified Hand"},{"floor":26.0,"key":"Akabeko"}],"event_choices":[{"damage_healed":0.0,"max_hp_gain":5.0,"max_hp_loss":0.0,"gold_gain":0.0,"event_name":"Big Fish","player_choice":"Donut","floor":2.0,"gold_loss":0.0,"damage_taken":0.0},{"damage_healed":0.0,"max_hp_gain":0.0,"max_hp_loss":0.0,"gold_gain":0.0,"cards_transformed":["Strike_B"],"event_name":"Living Wall","player_choice":"Change","floor":3.0,"gold_loss":0.0,"damage_taken":0.0,"cards_obtained":["Glacier"]},{"damage_healed":0.0,"max_hp_gain":0.0,"max_hp_loss":0.0,"gold_gain":0.0,"event_name":"Accursed Blacksmith","player_choice":"Rummage","floor":7.0,"gold_loss":0.0,"damage_taken":0.0,"relics_obtained":["WarpedTongs"],"cards_obtained":["Pain"]},{"damage_healed":0.0,"max_hp_gain":0.0,"max_hp_loss":0.0,"gold_gain":180.0,"event_name":"Knowing Skull","player_choice":"GOLD GOLD ","floor":19.0,"potions_obtained":[],"gold_loss":0.0,"damage_taken":19.0,"cards_obtained":[]},{"damage_healed":0.0,"max_hp_gain":0.0,"max_hp_loss":0.0,"gold_gain":0.0,"event_name":"Vampires","player_choice":"Ignored","floor":24.0,"gold_loss":0.0,"damage_taken":0.0}],"is_beta":false,"boss_relics":[{"not_picked":["Inserter","Black Star"],"picked":"SlaversCollar"}],"items_purged_floors":[10,20],"is_endless":false,"potions_floor_spawned":[4,5,12,13,22],"killed_by":"Gremlin Leader","ascension_level":20}}