{"host":"wonp23fsqqcu31ie","time":1611189204,"event":{"mods":["2.2 Compatiblity","AchievementEnabler","Aspiration","BaseMod","Bestiary","Better Altar","Better Match","Better Sensory Stone","Better Skull","Better Third Choice","BetterRewards","Block Reminder","Colored Map","Colored Powertips","Conspire","Curses Come First","DeckTracker","Displayed Cursed Tome","Downfall","Energized Spire","Evolution","Hermit","Highlight Path","Hubris","Infinite Spire","Marisa????????","Minty Spire (QoL Compilation)","Permanent Neow","Prisma Mod","Quick Restart","Rare Cards Sparkle","Relic Stats","Robot Space Explorer","Shade Mod","Shop Mod","StSLib","SuperFastMode","The Animator","The Bug Knight","The Construct","The Cursed","The Disciple","The Dragon Tamer","The Gatherer","The Hierophant","The Marked","The Necromancer","The Poker Player","The Runesmith","The Saiyan","The Servant 0.9.4","TheBandit"],"gold_per_floor":[116,291,291,291,291,302,302,302,302],"floor_reached":8,"language":"ENG","playtime":130,"items_purged":[],"score":53,"play_id":"2cd9aeae-a24d-4f6a-9db3-9d0d038ffaa2","local_time":"20210121113324","is_ascension_mode":true,"campfire_choices":[{"floor":7,"key":"RECALL"}],"circlet_count":0,"master_deck":["Strike_B","Strike_B","Strike_B","Strike_B","Defend_B","Defend_B","Defend_B","Defend_B","Zap","Dualcast","Dramatic Entrance","Sadistic Nature+1","Leap","BootSequence","Doubt","Ball Lightning"],"relics":["Cracked Core","EVO:Axolotl","hubris:MedicalManual","MerchantsRug","Incense Burner","infinitespire:Lucky Rock","hubris:EmptyBottle","hubris:Teleporter"],"acts_visited":["Exordium"],"potions_floor_usage":[],"damage_taken":[{"damage":0,"enemies":"Jaw Worm","floor":1,"turns":3},{"damage":0,"enemies":"conspire:RoseBush","floor":6,"turns":3},{"damage":62,"enemies":"Gremlin Nob","floor":8,"turns":4}],"seed_played":"826479029045577319","potions_obtained":[],"is_trial":false,"path_per_floor":["M","?","?","?","?","M","R","E"],"character_chosen":"DEFECT","items_purchased":["hubris:MedicalManual","MerchantsRug","Dramatic Entrance","infinitespire:Lucky Rock","hubris:EmptyBottle","Sadistic Nature","Leap"],"campfire_rested":0,"item_purchase_floors":[0,0,0,0,0,0,0],"current_hp_per_floor":[27,27,27,52,52,52,52,0,0],"gold":302,"neow_bonus":"","is_daily":false,"chose_seed":false,"campfire_upgraded":0,"win_rate":0.0,"timestamp":1611189204,"path_taken":["M","?","?","?","?","?","R","E"],"items_purchased_type":["Relic","Relic","Card","Relic","Relic","Card","Card"],"build_version":"2020-12-22","purchased_purges":0,"victory":false,"max_hp_per_floor":[75,75,75,75,75,75,75,75,75],"relic_stats":{"counters":[81,358],"obtain_stats":[{"hubris:BallOfYels":23,"hubris:VirtuousBlindfold":34,"Whetstone":10,"EVO:Axolotl":36,"FrozenCore":17,"Lizard Tail":40,"aspiration:EnhancedActuators":22,"Strawberry":26,"Prayer Wheel":11,"aspiration:ArtOfWarUpgrade":32,"MealTicket":48,"Iron Hammer":26,"Replay:Bottled Flurry":54,"Kunai":39,"HollowMod:PaleOreRelic":27,"Replay:Wax Seal":9,"MerchantsRug":21,"Girya":12,"hubris:Teleporter":0,"Ring of Hypnosis":36,"hubris:DuctTape":40,"ReplayTheSpireMod:Ring of Addiction":38,"Oddly Smooth Stone":23,"Pen Nib":36,"Ring of Chaos":38,"conspire:SlowCooker":17,"Letter Opener":21,"Akabeko":7,"aspiration:FrozenJewel":53,"SlaversCollar":34,"Bottled Flame":54,"Replay:Baseball":47,"hubris:BottledHeart":20,"infinitespire:Broken Mirror":36,"Bronze Scales":53,"ReplayTheSpireMod:TigerMarble":9,"CatCart":48,"Meat on the Bone":0,"infinitespire:Cupcake":34,"Lantern":37,"Replay:PocketPolymizer":0,"aspiration:TomeofQuesting":30,"Incense Burner":0,"hubris:EmptyBottle":38,"Ancient Tea Set":44,"Nunchaku":12,"hubris:Icosahedron":27,"Pantograph":21,"aspiration:AnachronicSnailShell":0,"hubris:Stopwatch":17,"Tiny Chest":9,"Cracked Core":0,"aspiration:ChemicalBlood":25,"Guide Book":53,"Circlet":38,"hubris:MedicalManual":0,"infinitespire:Lucky Rock":0,"hubris:Towel":45,"MawBank":27,"Mercury Hourglass":10,"Anchor":29,"Busted Crown":47,"Ornamental Fan":6,"Art of War":14,"Runesmith:AutoHammer":19,"Membership Card":38,"ReplayTheSpireMod:Ring of Challenge":36,"ReplayTheSpireMod:ShopPack":22},{"hubris:BallOfYels":36,"hubris:VirtuousBlindfold":39,"Whetstone":5,"EVO:Axolotl":67,"FrozenCore":9,"Lizard Tail":70,"aspiration:EnhancedActuators":35,"Strawberry":13,"Prayer Wheel":6,"aspiration:ArtOfWarUpgrade":15,"MealTicket":21,"Iron Hammer":37,"Replay:Bottled Flurry":77,"Kunai":17,"HollowMod:PaleOreRelic":61,"Replay:Wax Seal":50,"MerchantsRug":11,"Girya":30,"hubris:Teleporter":78,"Ring of Hypnosis":40,"hubris:DuctTape":43,"ReplayTheSpireMod:Ring of Addiction":17,"Oddly Smooth Stone":12,"Pen Nib":17,"Ring of Chaos":17,"conspire:SlowCooker":55,"Letter Opener":11,"Akabeko":4,"aspiration:FrozenJewel":76,"SlaversCollar":16,"Bottled Flame":23,"Replay:Baseball":74,"hubris:BottledHeart":34,"infinitespire:Broken Mirror":67,"Bronze Scales":22,"ReplayTheSpireMod:TigerMarble":27,"CatCart":75,"Meat on the Bone":45,"infinitespire:Cupcake":66,"Lantern":17,"Replay:PocketPolymizer":24,"aspiration:TomeofQuesting":64,"Incense Burner":78,"hubris:EmptyBottle":17,"Ancient Tea Set":19,"Nunchaku":7,"hubris:Icosahedron":37,"Pantograph":11,"aspiration:AnachronicSnailShell":24,"hubris:Stopwatch":32,"Tiny Chest":4,"Cracked Core":0,"aspiration:ChemicalBlood":60,"Guide Book":76,"Circlet":17,"hubris:MedicalManual":45,"infinitespire:Lucky Rock":78,"hubris:Towel":19,"MawBank":14,"Mercury Hourglass":28,"Anchor":14,"Busted Crown":74,"Ornamental Fan":50,"Art of War":8,"Runesmith:AutoHammer":34,"Membership Card":41,"ReplayTheSpireMod:Ring of Challenge":40,"ReplayTheSpireMod:ShopPack":35},{"hubris:BallOfYels":177,"hubris:VirtuousBlindfold":194,"Whetstone":18,"EVO:Axolotl":292,"FrozenCore":38,"Lizard Tail":307,"aspiration:EnhancedActuators":173,"Strawberry":61,"Prayer Wheel":20,"aspiration:ArtOfWarUpgrade":74,"MealTicket":114,"Iron Hammer":181,"Replay:Bottled Flurry":340,"Kunai":87,"HollowMod:PaleOreRelic":266,"Replay:Wax Seal":231,"MerchantsRug":49,"Girya":150,"hubris:Teleporter":348,"Ring of Hypnosis":197,"hubris:DuctTape":211,"ReplayTheSpireMod:Ring of Addiction":87,"Oddly Smooth Stone":56,"Pen Nib":87,"Ring of Chaos":87,"conspire:SlowCooker":246,"Letter Opener":49,"Akabeko":13,"aspiration:FrozenJewel":336,"SlaversCollar":85,"Bottled Flame":129,"Replay:Baseball":321,"hubris:BottledHeart":170,"infinitespire:Broken Mirror":292,"Bronze Scales":123,"ReplayTheSpireMod:TigerMarble":141,"CatCart":327,"Meat on the Bone":214,"infinitespire:Cupcake":289,"Lantern":87,"Replay:PocketPolymizer":132,"aspiration:TomeofQuesting":279,"Incense Burner":348,"hubris:EmptyBottle":87,"Ancient Tea Set":101,"Nunchaku":26,"hubris:Icosahedron":181,"Pantograph":49,"aspiration:AnachronicSnailShell":132,"hubris:Stopwatch":160,"Tiny Chest":13,"Cracked Core":0,"aspiration:ChemicalBlood":262,"Guide Book":336,"Circlet":87,"hubris:MedicalManual":214,"infinitespire:Lucky Rock":348,"hubris:Towel":101,"MawBank":67,"Mercury Hourglass":144,"Anchor":67,"Busted Crown":321,"Ornamental Fan":231,"Art of War":28,"Runesmith:AutoHammer":170,"Membership Card":201,"ReplayTheSpireMod:Ring of Challenge":197,"ReplayTheSpireMod:ShopPack":173}]},"card_choices":[{"not_picked":["Hologram","Darkness"],"picked":"BootSequence","floor":1},{"not_picked":["Storm","Sweeping Beam"],"picked":"Ball Lightning","floor":6}],"player_experience":575148,"relics_obtained":[],"event_choices":[{"damage_healed":0,"gold_gain":175,"player_choice":"AGREE","damage_taken":116,"max_hp_gain":0,"max_hp_loss":0,"event_name":"betterThird:BetterSerpent","floor":2,"gold_loss":0},{"damage_healed":0,"gold_gain":0,"player_choice":"Leave","damage_taken":0,"max_hp_gain":0,"max_hp_loss":0,"event_name":"conspire:Investor","floor":3,"gold_loss":0},{"damage_healed":25,"gold_gain":0,"player_choice":"Banana","damage_taken":0,"max_hp_gain":0,"max_hp_loss":0,"event_name":"Big Fish","floor":4,"gold_loss":0}],"is_beta":false,"boss_relics":[],"items_purged_floors":[],"is_endless":false,"potions_floor_spawned":[],"killed_by":"Gremlin Nob","ascension_level":4}}