{"host":"ndpbn7fqb3wjbd7p","time":1611194851,"event":{"mods":["AchievementEnabler","Act Like it!","AlwaysNeverKeys","BaseMod","Better Vampires","Block Reminder","Colored Powertips","DeckTracker","Defuse TimeMaze Blight","Friendly Minions","Hallownest","Hermit","Highlight Path","MarisaÅiñ∂âJÅ@ñÇóùçπÅj","Minty Spire (QoL Compilation)","Permanent Neow","Shade Mod","StSLib","SuperFastMode","Synergy Search","The Mystic","Unceasing Turn Reminder","egg"],"gold_per_floor":[112,112,37,47,22,22,40,59,85,85,103,103,103,132,132,132,132],"floor_reached":16,"language":"ENG","playtime":800,"items_purged":["Strike_G"],"score":186,"play_id":"f63095cb-a15c-4048-8a76-8f302bcf317a","local_time":"20210121030731","is_ascension_mode":true,"campfire_choices":[{"data":"Tactician","floor":6,"key":"SMITH"},{"data":"Neutralize","floor":10,"key":"SMITH"},{"data":"Terror","floor":12,"key":"SMITH"},{"floor":15,"key":"REST"}],"circlet_count":0,"master_deck":["AscendersBane","Strike_G","Strike_G","Defend_G","Defend_G","Defend_G","Defend_G","Defend_G","Survivor","Neutralize+1","Flash of Steel","Terror+1","Tactician+1","Dagger Throw","Underhanded Strike","Slice","Deflect","After Image"],"relics":["Ring of the Snake","Hallownest:DreamNailRelic","Nunchaku","Potion Belt"],"acts_visited":["Exordium"],"potions_floor_usage":[13,13],"damage_taken":[{"damage":11,"enemies":"Hallownest:2_Tiktiks_and_1_Crawlid","floor":1,"turns":5},{"damage":2,"enemies":"2_ Uuma","floor":4,"turns":7},{"damage":0,"enemies":"Hallownest:2_Baldur","floor":7,"turns":3},{"damage":19,"enemies":"Hallownest:2_Tiktiks_1_Baldur_1_Crawlid","floor":8,"turns":5},{"damage":0,"enemies":"Hallownest:Wandering_and_Horned","floor":11,"turns":5},{"damage":15,"enemies":"Hallownest:monsterMarmu","floor":13,"turns":5},{"damage":4,"enemies":"Hallownest:eliteMossKnight","floor":14,"turns":13},{"damage":29,"enemies":"Hallownest:BossFalseKnight","floor":16,"turns":7}],"seed_played":"3261967849568842333","potions_obtained":[{"floor":8,"key":"FearPotion"},{"floor":11,"key":"Poison Potion"}],"is_trial":false,"path_per_floor":["M","?","$","M","$","R","M","M","T","R","M","R","?","E","R","B"],"character_chosen":"THE_SILENT","items_purchased":["Dagger Throw"],"campfire_rested":1,"item_purchase_floors":[5],"current_hp_per_floor":[48,48,48,46,46,46,46,27,27,27,27,27,12,8,27,0,0],"gold":132,"neow_bonus":"RANDOM_COLORLESS","is_daily":false,"chose_seed":false,"campfire_upgraded":3,"win_rate":0.0,"timestamp":1611194851,"path_taken":["M","?","$","M","$","R","M","M","T","R","?","R","?","E","R","BOSS"],"items_purchased_type":["Card"],"build_version":"2020-12-22","purchased_purges":1,"victory":false,"max_hp_per_floor":[66,66,66,66,66,66,66,66,66,66,66,66,66,66,66,66,66],"card_choices":[{"not_picked":["Trip","Swift Strike"],"picked":"Flash of Steel","floor":0},{"not_picked":["Poisoned Stab","Skewer"],"picked":"Terror","floor":1},{"not_picked":["PiercingWail","Eviscerate"],"picked":"Tactician","floor":4},{"not_picked":["Deadly Poison","Endless Agony"],"picked":"Underhanded Strike","floor":7},{"not_picked":["Dodge and Roll","Leg Sweep"],"picked":"Slice","floor":8},{"not_picked":["Flechettes","Well Laid Plans"],"picked":"Deflect","floor":11},{"not_picked":["Dagger Spray","Heel Hook"],"picked":"After Image","floor":14}],"player_experience":1168765,"relics_obtained":[{"floor":9,"key":"Nunchaku"},{"floor":14,"key":"Potion Belt"}],"event_choices":[],"is_beta":false,"boss_relics":[],"items_purged_floors":[3],"is_endless":false,"potions_floor_spawned":[8,11,13],"killed_by":"Hallownest:BossFalseKnight","ascension_level":19}}