{"host":"1ecbliur7lfoj0sl","time":1611206238,"event":{"mods":["BaseMod","Crowbot","Downfall","Minty Spire (QoL Compilation)","StSLib","Waifu the Spire"],"gold_per_floor":[99,110,123,123,148,163,163,163,182,202,102,113,138,138,151,151,151,151],"floor_reached":16,"language":"ZHS","playtime":708,"items_purged":[],"score":104,"play_id":"f976c222-98a8-4821-992f-5f5fe72a508f","local_time":"20210121131718","is_ascension_mode":false,"campfire_choices":[{"floor":1,"key":"RECALL"},{"data":"champ:DefensiveShout","floor":11,"key":"SMITH"}],"circlet_count":0,"master_deck":["champ:Strike","champ:Strike","champ:Defend","champ:Defend","champ:Defend","champ:Defend","champ:Execute","champ:Taunt","champ:CrownThrow","champ:Parry","champ:DefensiveShout+1","champ:BringItOn","champ:DancingMaster"],"relics":["champ:ChampionCrown","downfall:ShatteredFragment","PreservedInsect","Matryoshka","downfall:HeartBlessingRed","InkBottle"],"acts_visited":["Exordium"],"potions_floor_usage":[13],"damage_taken":[{"damage":12,"enemies":"2 Louse","floor":2,"turns":3},{"damage":1,"enemies":"Jaw Worm","floor":3,"turns":4},{"damage":10,"enemies":"Cultist","floor":6,"turns":3},{"damage":10,"enemies":"2 Fungi Beasts","floor":9,"turns":3},{"damage":16,"enemies":"Lots of Slimes","floor":10,"turns":5},{"damage":10,"enemies":"Exordium Wildlife","floor":12,"turns":3},{"damage":13,"enemies":"Gremlin Nob","floor":13,"turns":3},{"damage":0,"enemies":"Gremlin Gang","floor":15,"turns":4},{"damage":75,"enemies":"SI_SHIV_ARCHETYPE","floor":16,"turns":8}],"seed_played":"-9024294085465218290","potions_obtained":[{"floor":6,"key":"SkillPotion"},{"floor":12,"key":"SmokeBomb"},{"floor":13,"key":"SteroidPotion"},{"floor":15,"key":"SpeedPotion"}],"is_trial":false,"path_per_floor":["R","M","M","?","T","M","T","?","M","M","R","M","E","?","M","B"],"character_chosen":"THE_CHAMP","items_purchased":[],"campfire_rested":0,"item_purchase_floors":[],"current_hp_per_floor":[99,97,96,69,69,69,69,69,69,63,63,63,50,50,50,0,0,0],"gold":151,"neow_bonus":"TEN_PERCENT_HP_BONUS","is_daily":false,"chose_seed":false,"campfire_upgraded":1,"win_rate":0.0,"timestamp":1611206238,"path_taken":["R","M","M","?","?","?","T","?","M","M","R","M","E","?","M","BOSS"],"items_purchased_type":[],"build_version":"2020-12-22","purchased_purges":0,"victory":false,"max_hp_per_floor":[99,99,99,99,99,99,99,99,99,99,99,99,99,99,99,99,99,99],"card_choices":[{"not_picked":["champ:PreciseThrust","champ:Shatter"],"picked":"champ:CrownThrow","floor":2},{"not_picked":["champ:ArenaPreparation","champ:CrownThrow"],"picked":"champ:Parry","floor":3},{"not_picked":["champ:GutPunch","champ:BerserkerStyle","champ:HeartStrike"],"picked":"SKIP","floor":6},{"not_picked":["champ:BladeFlurry","champ:FanOfKnives","champ:PreemptiveStrike"],"picked":"SKIP","floor":9},{"not_picked":["champ:BladeFlurry","champ:FanOfKnives"],"picked":"champ:DefensiveShout","floor":10},{"not_picked":["champ:RapidStrikes","champ:Shatter"],"picked":"champ:BringItOn","floor":12},{"not_picked":["champ:Backstep","champ:BladeFlurry"],"picked":"champ:DancingMaster","floor":13},{"not_picked":["champ:TornadoPunch","champ:GutPunch","champ:EnGarde"],"picked":"SKIP","floor":15}],"player_experience":83981,"relics_obtained":[{"floor":5,"key":"PreservedInsect"},{"floor":7,"key":"Matryoshka"},{"floor":13,"key":"InkBottle"}],"event_choices":[{"cards_removed":["champ:Strike"],"damage_healed":0,"gold_gain":0,"player_choice":"Card Removal","damage_taken":0,"max_hp_gain":0,"max_hp_loss":0,"event_name":"The Cleric","floor":8,"gold_loss":0}],"is_beta":false,"boss_relics":[],"items_purged_floors":[],"is_endless":false,"potions_floor_spawned":[6,12,13,15],"killed_by":"SI_SHIV_ARCHETYPE","ascension_level":0}}