{"host":"1a32ffxog1zcqoh0","time":1611255756,"event":{"mods":["BaseMod","Block Reminder","Colored Map","Colored Powertips","Googly Eyes","Minty Spire (QoL Compilation)","Quick Restart","Rare Cards Sparkle","Relic Stats","StSLib","Unceasing Turn Reminder","everything is the same but u backflip on backflip","slay the spire mod where everything is the same but ironclad has a cowboy hat"],"gold_per_floor":[113,38,213,213,224,224,174,174,174,174,186,186,38,0,0,100,100,73,73,1,1,1,1,1,1,1],"floor_reached":25,"language":"ENG","playtime":830,"items_purged":["Strike_G","Doubt"],"score":238,"play_id":"3c808e86-8a23-4b1e-80a4-c412728fe39e","local_time":"20210121140236","is_ascension_mode":true,"campfire_choices":[{"data":"Dagger Throw","floor":6,"key":"SMITH"},{"data":"Backstab","floor":8,"key":"SMITH"},{"data":"Survivor","floor":10,"key":"SMITH"},{"data":"Prepared","floor":15,"key":"SMITH"},{"data":"After Image","floor":23,"key":"SMITH"}],"circlet_count":0,"master_deck":["Strike_G","Strike_G","Strike_G","Strike_G","Defend_G","Defend_G","Defend_G","Defend_G","Defend_G","Survivor+1","Neutralize+1","Backstab+1","Dagger Throw+1","Calculated Gamble+1","Prepared+1","After Image+1","Flying Knee+1","Shame","Footwork","Writhe"],"relics":["Ring of the Snake","Boot","StoneCalendar","Sozu","Pen Nib","MutagenicStrength","Happy Flower"],"acts_visited":["Exordium","TheCity"],"potions_floor_usage":[16,16],"damage_taken":[{"damage":0,"enemies":"2 Louse","floor":1,"turns":3},{"damage":2,"enemies":"Small Slimes","floor":5,"turns":3},{"damage":0,"enemies":"Jaw Worm","floor":11,"turns":2},{"damage":31,"enemies":"The Guardian","floor":16,"turns":16},{"damage":20,"enemies":"2 Thieves","floor":18,"turns":5},{"damage":42,"enemies":"Slavers","floor":25,"turns":5}],"seed_played":"8376823225584542211","potions_obtained":[{"floor":1,"key":"GhostInAJar"},{"floor":11,"key":"Dexterity Potion"}],"is_trial":false,"path_per_floor":["M","$","?","?","M","R","?","R","T","R","M","?","$","?","R","B",null,"M","?","$","?","?","R","?","E"],"character_chosen":"THE_SILENT","items_purchased":["Prepared","Footwork"],"campfire_rested":0,"item_purchase_floors":[13,20],"current_hp_per_floor":[63,63,63,63,61,61,61,61,61,61,61,61,61,61,61,30,60,40,40,40,40,40,40,40,0,0],"gold":1,"neow_bonus":"UPGRADE_CARD","is_daily":false,"chose_seed":false,"campfire_upgraded":5,"win_rate":0.0,"timestamp":1611255756,"path_taken":["M","$","?","?","M","R","?","R","T","R","M","?","?","?","R","BOSS","M","?","$","?","?","R","?","E"],"items_purchased_type":["Card","Card"],"build_version":"2020-12-22","purchased_purges":2,"victory":false,"max_hp_per_floor":[70,70,70,70,70,70,70,70,70,70,70,70,70,70,70,70,70,70,70,70,70,70,70,70,70,70],"relic_stats":{"Sozu":1,"Happy Flower":[1],"counters":[6,34],"StoneCalendar":[32],"Pen Nib":[1],"Boot":[20],"obtain_stats":[{"Sozu":17,"Happy Flower":24,"MutagenicStrength":21,"StoneCalendar":9,"Pen Nib":19,"Boot":4,"Ring of the Snake":0},{"Sozu":4,"Happy Flower":5,"MutagenicStrength":5,"StoneCalendar":2,"Pen Nib":5,"Boot":1,"Ring of the Snake":0},{"Sozu":24,"Happy Flower":29,"MutagenicStrength":29,"StoneCalendar":6,"Pen Nib":29,"Boot":3,"Ring of the Snake":0}],"Ring of the Snake":[12]},"card_choices":[{"not_picked":["PiercingWail","Outmaneuver"],"picked":"Backstab","floor":1},{"not_picked":["Distraction","Quick Slash"],"picked":"Dagger Throw","floor":5},{"not_picked":["Poisoned Stab","Sucker Punch"],"picked":"Calculated Gamble","floor":11},{"not_picked":["Doppelganger","Storm of Steel"],"picked":"After Image","floor":16},{"not_picked":["Dodge and Roll","Backstab"],"picked":"Flying Knee+1","floor":18}],"player_experience":278158,"relics_obtained":[{"floor":9,"key":"StoneCalendar"}],"event_choices":[{"damage_healed":0,"gold_gain":175,"player_choice":"AGREE","damage_taken":0,"max_hp_gain":0,"max_hp_loss":0,"event_name":"Liars Game","floor":3,"gold_loss":0,"cards_obtained":["Doubt"]},{"damage_healed":0,"gold_gain":0,"player_choice":"Box","damage_taken":0,"relics_obtained":["Boot"],"max_hp_gain":0,"max_hp_loss":0,"event_name":"Big Fish","floor":4,"gold_loss":0,"cards_obtained":["Regret"]},{"cards_removed":["Regret"],"damage_healed":0,"gold_gain":0,"player_choice":"Card Removal","damage_taken":0,"max_hp_gain":0,"max_hp_loss":0,"event_name":"The Cleric","floor":7,"gold_loss":50},{"damage_healed":0,"gold_gain":0,"player_choice":"Grow","damage_taken":0,"max_hp_gain":0,"max_hp_loss":0,"event_name":"Living Wall","floor":12,"gold_loss":0,"cards_upgraded":["Calculated Gamble"]},{"damage_healed":0,"gold_gain":0,"player_choice":"Left Gold","damage_taken":0,"max_hp_gain":0,"max_hp_loss":0,"event_name":"World of Goop","floor":14,"gold_loss":38},{"damage_healed":0,"gold_gain":0,"player_choice":"Stole Relic","damage_taken":0,"relics_obtained":["Pen Nib"],"max_hp_gain":0,"max_hp_loss":0,"event_name":"Addict","floor":19,"gold_loss":0,"cards_obtained":["Shame"]},{"damage_healed":0,"gold_gain":0,"player_choice":"Inject Mutagens","damage_taken":0,"relics_obtained":["MutagenicStrength"],"max_hp_gain":0,"max_hp_loss":0,"event_name":"Drug Dealer","floor":21,"gold_loss":0},{"damage_healed":0,"gold_gain":0,"player_choice":"Ignored","damage_taken":0,"max_hp_gain":0,"max_hp_loss":0,"event_name":"Ghosts","floor":22,"gold_loss":0},{"damage_healed":0,"gold_gain":0,"player_choice":"Opened","damage_taken":0,"relics_obtained":["Happy Flower"],"max_hp_gain":0,"max_hp_loss":0,"event_name":"The Mausoleum","floor":24,"gold_loss":0,"cards_obtained":["Writhe"]}],"is_beta":false,"boss_relics":[{"not_picked":["Astrolabe","Fusion Hammer"],"picked":"Sozu"}],"items_purged_floors":[2,13],"is_endless":false,"potions_floor_spawned":[1,11,18],"killed_by":"Slavers","ascension_level":6}}