{"host":"18wi9kpcl4eah7pe","time":1611210221,"event":{"mods":["BaseMod","Colored Powertips","Downfall","Minty Spire (QoL Compilation)","StSLib"],"gold_per_floor":[99,99,99,549,549,549,575,605,648,670,682,694,506,534,556,568,568,568],"floor_reached":16,"language":"ENG","playtime":419,"items_purged":[],"score":118,"play_id":"9101f837-a400-4269-a585-c19599025a58","local_time":"20210121002341","is_ascension_mode":true,"campfire_choices":[{"floor":1,"key":"RECALL"},{"floor":13,"key":"REST"}],"circlet_count":0,"master_deck":["bronze:Strike+1","bronze:Strike","bronze:Strike","bronze:Strike","bronze:Defend","bronze:Defend","bronze:Defend","bronze:Defend+1","bronze:Replicate","bronze:Goto","bronze:ItsAFeature","bronze:Iterate+1","downfall:Icky","downfall:Icky","bronze:OilSpill","downfall:Malfunctioning","bronze:WhirlingStrike","bronze:BuggyMess","bronze:Overload","bronze:RecursiveStrike","bronze:Constructor"],"relics":["bronze:BronzeCore","downfall:HeartsMalice","MawBank","Blood Vial","downfall:BrokenWingStatue","downfall:HeartBlessingRed","downfall:HeartBlessingGreen"],"acts_visited":["Exordium"],"potions_floor_usage":[9,15,16,16],"damage_taken":[{"damage":0,"enemies":"Jaw Worm","floor":2,"turns":1},{"damage":0,"enemies":"2 Louse","floor":3,"turns":1},{"damage":0,"enemies":"Small Slimes","floor":5,"turns":1},{"damage":12,"enemies":"Exordium Wildlife","floor":8,"turns":4},{"damage":32,"enemies":"3 Sentries","floor":9,"turns":8},{"damage":17,"enemies":"Exordium Thugs","floor":10,"turns":3},{"damage":8,"enemies":"Red Slaver","floor":14,"turns":3},{"damage":0,"enemies":"Gremlin Gang","floor":15,"turns":1},{"damage":40,"enemies":"WA_ARCHETYPE_RETAIN","floor":16,"turns":7}],"seed_played":"-4824294722479499084","potions_obtained":[{"floor":8,"key":"SkillPotion"},{"floor":9,"key":"LiquidMemories"},{"floor":10,"key":"Explosive Potion"},{"floor":14,"key":"SkillPotion"}],"is_trial":false,"path_per_floor":["R","M","M","?","M","?","T","M","E","M","?","?","R","M","M","B"],"character_chosen":"THE_AUTOMATON","items_purchased":[],"campfire_rested":1,"item_purchase_floors":[],"current_hp_per_floor":[70,70,70,70,70,70,70,58,26,11,11,11,32,26,28,0,0,0],"gold":568,"neow_bonus":"THREE_ENEMY_KILL","is_daily":false,"chose_seed":false,"campfire_upgraded":0,"win_rate":0.0,"timestamp":1611210221,"path_taken":["R","M","M","?","M","?","T","M","E","M","?","?","R","M","M","BOSS"],"items_purchased_type":[],"build_version":"2020-12-22","purchased_purges":0,"victory":false,"max_hp_per_floor":[70,70,70,70,70,70,70,70,70,70,70,70,70,70,70,70,70,70],"card_choices":[{"not_picked":["bronze:BronzeArmor","bronze:ForLoop"],"picked":"bronze:ItsAFeature","floor":2},{"not_picked":["bronze:DelayedGuard","bronze:Overheat"],"picked":"bronze:Iterate","floor":3},{"not_picked":["bronze:ItsAFeature","bronze:DigitalCarnage"],"picked":"bronze:OilSpill","floor":5},{"not_picked":["bronze:Frontload","bronze:CutThrough"],"picked":"bronze:WhirlingStrike","floor":8},{"not_picked":["bronze:FineTuning","bronze:BugBarrage"],"picked":"bronze:BuggyMess","floor":9},{"not_picked":["bronze:Overheat","bronze:Shield"],"picked":"bronze:Overload","floor":10},{"not_picked":["bronze:Philosophize","bronze:Frontload"],"picked":"bronze:RecursiveStrike","floor":14},{"not_picked":["bronze:Frontload","bronze:Invalidate"],"picked":"bronze:Constructor","floor":15}],"player_experience":939337,"relics_obtained":[{"floor":7,"key":"MawBank"},{"floor":9,"key":"Blood Vial"}],"event_choices":[{"cards_removed":["downfall:Icky"],"damage_healed":0,"gold_gain":0,"player_choice":"Forget","damage_taken":0,"max_hp_gain":0,"max_hp_loss":0,"event_name":"Living Wall","floor":11,"gold_loss":0}],"is_beta":false,"boss_relics":[],"items_purged_floors":[],"is_endless":false,"potions_floor_spawned":[8,9,10,14],"killed_by":"WA_ARCHETYPE_RETAIN","ascension_level":4}}