{"host":"w8xisjf5mgmfjvmt","time":1611223935,"event":{"mods":["BaseMod","BetterRewards","Challenge The Spire","Conspire","Dota2Spire","Energized Spire","Filter the Spire","Minty Spire (QoL Compilation)","Quarter Circle Forward PUNCH!","Quick Restart","Relic Stats","Replay The Spire","Shop Mod","Spicy Shops","StSLib","Starting Relic: Pandora\u0027s Box","¡¾ÒÅÎï¿¨ÅÆ¡¿REMEMod","óô»ðÖ¸ÄÏ"],"gold_per_floor":[112,143,143,163,190,190,190],"floor_reached":6,"language":"ZHS","playtime":196,"items_purged":[],"score":72,"play_id":"2252e4ba-ece4-4016-b397-8c407d2bc586","local_time":"20210121181215","is_ascension_mode":true,"campfire_choices":[],"circlet_count":0,"master_deck":["AscendersBane","Survivor","Neutralize","Cloak And Dagger","Reflex","Poisoned Stab","Slice","Dodge and Roll","Concentrate","Toxin Wave","Sucker Punch","Bouncing Flask","Bane","HandOfGreed","Dash","Backflip","Escape Plan","Deadly Poison"],"relics":["Pandora\u0027s Box","REME_ComplimentaryCards","Replay:Baseball"],"acts_visited":["Exordium"],"potions_floor_usage":[6,6],"damage_taken":[{"damage":0,"enemies":"Cultist","floor":1,"turns":3},{"damage":4,"enemies":"2 Louse","floor":2,"turns":2},{"damage":8,"enemies":"Small Slimes","floor":4,"turns":3},{"damage":14,"enemies":"conspire:MimicChest","floor":5,"turns":4},{"damage":7,"enemies":"3 Sentries","floor":6,"turns":3}],"seed_played":"-3561323295826822715","potions_obtained":[{"floor":2,"key":"Explosive Potion"},{"floor":4,"key":"Adrenaline Potion"}],"is_trial":false,"path_per_floor":["M","M","?","M","?","E"],"character_chosen":"THE_SILENT","items_purchased":[],"campfire_rested":0,"item_purchase_floors":[],"current_hp_per_floor":[59,55,60,52,38,31,31],"gold":190,"neow_bonus":"RANDOM_COLORLESS_2","is_daily":false,"chose_seed":false,"campfire_upgraded":0,"win_rate":0.0,"timestamp":1611223935,"path_taken":["M","?","?","M","?","E"],"items_purchased_type":[],"build_version":"2020-12-22","purchased_purges":0,"victory":false,"max_hp_per_floor":[60,60,65,65,65,65,65],"relic_stats":{"counters":[5,15],"Pandora\u0027s Box":[],"obtain_stats":[{"Replay:Baseball":5,"Pandora\u0027s Box":0,"REME_ComplimentaryCards":0},{"Replay:Baseball":4,"Pandora\u0027s Box":0,"REME_ComplimentaryCards":0},{"Replay:Baseball":12,"Pandora\u0027s Box":0,"REME_ComplimentaryCards":0}]},"card_choices":[{"not_picked":["Thinking Ahead","Metamorphosis"],"picked":"HandOfGreed","floor":0},{"not_picked":["Deflect","PiercingWail"],"picked":"Backflip","floor":1},{"not_picked":["Endless Agony","Flying Knee"],"picked":"Escape Plan","floor":2},{"not_picked":["Flechettes","Masterful Stab"],"picked":"Deadly Poison","floor":4}],"player_experience":1193846,"relics_obtained":[{"floor":5,"key":"Replay:Baseball"}],"event_choices":[{"damage_healed":0,"gold_gain":0,"player_choice":"Donut","damage_taken":0,"max_hp_gain":5,"max_hp_loss":0,"event_name":"Big Fish","floor":3,"gold_loss":0}],"is_beta":false,"boss_relics":[],"items_purged_floors":[],"is_endless":false,"potions_floor_spawned":[2,4],"killed_by":"3 Sentries","ascension_level":20}}