{"host":"r10yh36zs2k9z1sa","time":1611237431,"event":{"mods":["Astrologer","BaseMod","Colored Map","Hermit","Marisa¡]Ãú«B¡@Å]²z¨F¡^","Minty Spire (QoL Compilation)","Permanent Neow","Remilia¡]Á¢¦Ì²ú?¡^","StSLib","The Animator","The Bug Knight","The Cursed","The Gatherer","The Hierophant","The Necromancer","The Runesmith","The Servant 0.9.4"],"gold_per_floor":[112,37,37,37,37,46,46,46,46,6,6],"floor_reached":10,"language":"ZHS","playtime":812,"items_purged":["Normality"],"score":62,"play_id":"1bdafcc5-a23d-4782-be12-b33ea98e9f67","local_time":"20210121215711","is_ascension_mode":false,"campfire_choices":[{"data":"hierophant:Doubloon","floor":7,"key":"SMITH"}],"circlet_count":0,"master_deck":["hierophant:Strike_Hierophant","hierophant:Strike_Hierophant","hierophant:Strike_Hierophant","hierophant:Strike_Hierophant","hierophant:Punish","hierophant:Defend_Hierophant","hierophant:Defend_Hierophant","hierophant:Defend_Hierophant","hierophant:Defend_Hierophant","hierophant:ChurchCoffers","hierophant:Determination","hierophant:Prophecy","hierophant:RustyCrate","hierophant:Doubloon+1","hierophant:Doubloon+1"],"relics":["hierophant:PropheticMaskRelic","PreservedInsect","CaptainsWheel","Du-Vu Doll"],"acts_visited":["Exordium"],"potions_floor_usage":[10,10],"damage_taken":[{"damage":11,"enemies":"Cultist","floor":1,"turns":6},{"damage":30,"enemies":"Lagavulin","floor":6,"turns":7},{"damage":49,"enemies":"HollowMod:MossKnight","floor":10,"turns":22}],"seed_played":"6765579284632901358","potions_obtained":[{"floor":1,"key":"FearPotion"},{"floor":6,"key":"Energy Potion"}],"is_trial":false,"path_per_floor":["M","$","T","$","$","E","R","?","T","E"],"character_chosen":"HIEROPHANT","items_purchased":[],"campfire_rested":0,"item_purchase_floors":[],"current_hp_per_floor":[64,64,64,64,64,37,37,37,37,0,0],"gold":6,"neow_bonus":"THREE_RARE_CARDS","is_daily":false,"chose_seed":false,"campfire_upgraded":1,"win_rate":0.0,"timestamp":1611237431,"path_taken":["M","$","?","?","$","E","R","?","T","E"],"items_purchased_type":[],"build_version":"2020-12-22","purchased_purges":1,"victory":false,"max_hp_per_floor":[75,75,75,75,75,75,75,75,75,75,75],"card_choices":[{"not_picked":["hierophant:Invocation","hierophant:Kindle"],"picked":"hierophant:Determination","floor":0},{"not_picked":["hierophant:SolarFlare","hierophant:AuricBeam"],"picked":"hierophant:Prophecy","floor":1},{"not_picked":["hierophant:Empathy","hierophant:Bribe"],"picked":"hierophant:RustyCrate","floor":6}],"player_experience":282500,"relics_obtained":[{"floor":3,"key":"PreservedInsect"},{"floor":6,"key":"CaptainsWheel"},{"floor":9,"key":"Du-Vu Doll"}],"event_choices":[{"damage_healed":0,"gold_gain":0,"player_choice":"Grow","damage_taken":0,"max_hp_gain":0,"max_hp_loss":0,"event_name":"Living Wall","floor":8,"gold_loss":0,"cards_upgraded":["hierophant:Doubloon"]}],"is_beta":false,"boss_relics":[],"items_purged_floors":[2],"is_endless":false,"potions_floor_spawned":[1,6],"killed_by":"HollowMod:MossKnight","ascension_level":0}}