{"host":"7sni158j623xchr2","time":1611210509,"event":{"mods":["BaseMod","Colored Map","Highlight Path","Minty Spire (QoL Compilation)","Permanent Neow","Potion Indicator Mod","Rare Cards Sparkle","Relic Sorter","Relic Stats","StSLib","everything is the same but u backflip on backflip"],"gold_per_floor":[362,5,5,15,35,35,52,86,109,144,144,181,208,20,20,129,129,150,150,163,163,175,202,202,227,304,339,352,267,290,389,389,498,561,580,443,443,21,43,78,88,125,125,151,80,80,28,49,49,49,49,49,49,86,86],"floor_reached":56,"language":"ENG","playtime":2064,"items_purged":["Defend_R","Strike_R","Bash"],"score":1599,"play_id":"2851c2e7-4dc3-4998-9487-3e2a3ebcf3c9","local_time":"20210121002829","is_ascension_mode":true,"campfire_choices":[{"data":"Twin Strike","floor":6.0,"key":"SMITH"},{"floor":11.0,"key":"REST"},{"data":"Disarm","floor":15.0,"key":"SMITH"},{"floor":24.0,"key":"REST"},{"data":"Shockwave","floor":32.0,"key":"SMITH"},{"floor":46,"key":"RECALL"},{"data":"Entrench","floor":49,"key":"SMITH"},{"data":"Disarm","floor":52,"key":"SMITH"}],"circlet_count":0,"master_deck":["Cleave","Impervious+1","Shockwave+1","Twin Strike+1","Disarm+1","Impervious+1","Spot Weakness","Cleave","Shrug It Off","Battle Trance","Evolve","Feed","Carnage+1","Disarm+1","Barricade","Brutality","Metallicize","Flame Barrier","Disarm+1","Pommel Strike","Flame Barrier","Reaper","Ghostly Armor+1","Dark Shackles","Master of Strategy","Inflame+1","Inflame","Pommel Strike+1","Entrench+1","Body Slam+1","Heavy Blade+1"],"relics":["Burning Blood","Omamori","CeramicFish","Boot","War Paint","Philosopher\u0027s Stone","InkBottle","Champion Belt","Strawberry","Gremlin Horn","Akabeko","Lantern","Pandora\u0027s Box","MawBank","Happy Flower","Meat on the Bone","Molten Egg 2","Magic Flower","Toy Ornithopter"],"acts_visited":["Exordium","TheCity","TheBeyond","TheEnding"],"potions_floor_usage":[55,55],"damage_taken":[{"damage":10.0,"enemies":"2 Louse","floor":1.0,"turns":4.0},{"damage":4.0,"enemies":"Small Slimes","floor":4.0,"turns":4.0},{"damage":4.0,"enemies":"Jaw Worm","floor":5.0,"turns":4.0},{"damage":0.0,"enemies":"Exordium Thugs","floor":7.0,"turns":3.0},{"damage":25.0,"enemies":"3 Sentries","floor":8.0,"turns":8.0},{"damage":4.0,"enemies":"Lagavulin","floor":10.0,"turns":5.0},{"damage":0.0,"enemies":"Gremlin Nob","floor":12.0,"turns":5.0},{"damage":14.0,"enemies":"Lots of Slimes","floor":13.0,"turns":3.0},{"damage":0.0,"enemies":"Slime Boss","floor":16.0,"turns":8.0},{"damage":18.0,"enemies":"Spheric Guardian","floor":18.0,"turns":5.0},{"damage":16.0,"enemies":"3 Byrds","floor":20.0,"turns":5.0},{"damage":30.0,"enemies":"Shelled Parasite and Fungi","floor":22.0,"turns":4.0},{"damage":0.0,"enemies":"Gremlin Leader","floor":23.0,"turns":7.0},{"damage":13.0,"enemies":"Book of Stabbing","floor":25.0,"turns":7.0},{"damage":9.0,"enemies":"Gremlin Leader","floor":27.0,"turns":8.0},{"damage":6.0,"enemies":"Centurion and Healer","floor":28.0,"turns":6.0},{"damage":9.0,"enemies":"Snake Plant","floor":30.0,"turns":4.0},{"damage":85.0,"enemies":"Champ","floor":33.0,"turns":13.0},{"damage":9.0,"enemies":"Orb Walker","floor":35.0,"turns":5.0},{"damage":15.0,"enemies":"3 Shapes","floor":39.0,"turns":5.0},{"damage":18.0,"enemies":"Reptomancer","floor":40.0,"turns":10.0},{"damage":5.0,"enemies":"3 Darklings","floor":41.0,"turns":6.0},{"damage":49.0,"enemies":"Nemesis","floor":42.0,"turns":9.0},{"damage":36,"enemies":"Giant Head","floor":44,"turns":12},{"damage":2,"enemies":"4 Shapes","floor":48,"turns":6},{"damage":45,"enemies":"Time Eater","floor":50,"turns":11},{"damage":69,"enemies":"Shield and Spear","floor":54,"turns":9},{"damage":39,"enemies":"The Heart","floor":55,"turns":13}],"seed_played":"4588425829195605762","potions_obtained":[{"floor":4.0,"key":"PowerPotion"},{"floor":5.0,"key":"LiquidBronze"},{"floor":8.0,"key":"DistilledChaos"},{"floor":10.0,"key":"PowerPotion"},{"floor":18.0,"key":"SteroidPotion"},{"floor":22.0,"key":"AttackPotion"},{"floor":23.0,"key":"EssenceOfSteel"},{"floor":27.0,"key":"BloodPotion"},{"floor":33.0,"key":"SteroidPotion"},{"floor":41.0,"key":"FearPotion"},{"floor":42.0,"key":"SpeedPotion"}],"is_trial":false,"path_per_floor":["M","$","?","M","M","R","M","E","T","E","R","E","M","$","R","B",null,"M","?","M","?","M","E","R","E","T","E","M","?","M","?","R","B",null,"M","$","?","$","M","E","M","E","T","E","$","R","$","M","R","B",null,"R","$","E","B",null],"character_chosen":"IRONCLAD","items_purchased":["Impervious","DistilledChaos","SteroidPotion","Battle Trance","Evolve","Dark Shackles","PowerPotion","Happy Flower","Master of Strategy","Entrench","BloodPotion"],"campfire_rested":2,"item_purchase_floors":[2,2,2,14,14,36,36,38,38,45,47],"current_hp_per_floor":[52,52,36,38,40,40,46,27,27,29,53,59,51,51,51,57,80,71,55,48,48,27,33,61,64,64,64,67,67,67,67,67,13,116,116,116,116,116,110,108,122,82,82,76,76,76,76,124,124,115,131,131,131,77,102],"gold":86,"neow_bonus":"TWO_FIFTY_GOLD","is_daily":false,"chose_seed":false,"campfire_upgraded":5,"win_rate":0.0,"timestamp":1611210509,"path_taken":["M","$","?","M","M","R","M","E","T","E","R","E","M","$","R","BOSS","M","?","M","?","M","E","R","E","T","E","M","?","M","?","R","BOSS","M","$","?","$","?","E","M","E","T","E","?","R","?","M","R","BOSS","R","$","E","BOSS"],"items_purchased_type":["Card","Potion","Potion","Card","Card","Card","Potion","Relic","Card","Card","Potion"],"build_version":"2020-12-22","purchased_purges":3,"victory":true,"max_hp_per_floor":[80,80,80,80,80,80,80,80,80,80,80,80,80,80,80,80,80,83,88,91,91,94,94,94,104,104,107,110,110,113,113,113,116,116,119,119,119,119,122,122,122,125,125,128,128,128,128,131,131,131,131,131,131,131,131],"relic_stats":{"Gremlin Horn":[18,21],"Happy Flower":[27],"counters":[28,189],"CeramicFish":225,"Magic Flower":[54],"War Paint":["Defend_R","Impervious"],"Boot":[23],"MawBank":12,"Burning Blood":174,"Pandora\u0027s Box":["Brutality","Metallicize","Flame Barrier","Disarm","Pommel Strike","Flame Barrier","Reaper"],"Champion Belt":[28],"obtain_stats":[{"Lantern":29,"Gremlin Horn":26,"Happy Flower":38,"CeramicFish":9,"Magic Flower":44,"Omamori":8,"War Paint":12,"Boot":10,"MawBank":37,"Burning Blood":0,"Akabeko":27,"Strawberry":25,"Philosopher\u0027s Stone":17,"Pandora\u0027s Box":34,"Molten Egg 2":42,"Champion Belt":23,"InkBottle":21,"Toy Ornithopter":54,"Meat on the Bone":40},{"Lantern":16,"Gremlin Horn":14,"Happy Flower":19,"CeramicFish":5,"Magic Flower":24,"Omamori":5,"War Paint":7,"Boot":6,"MawBank":19,"Burning Blood":0,"Akabeko":15,"Strawberry":14,"Philosopher\u0027s Stone":9,"Pandora\u0027s Box":18,"Molten Egg 2":23,"Champion Belt":13,"InkBottle":11,"Toy Ornithopter":27,"Meat on the Bone":21},{"Lantern":86,"Gremlin Horn":72,"Happy Flower":108,"CeramicFish":23,"Magic Flower":150,"Omamori":23,"War Paint":33,"Boot":28,"MawBank":108,"Burning Blood":0,"Akabeko":80,"Strawberry":72,"Philosopher\u0027s Stone":44,"Pandora\u0027s Box":103,"Molten Egg 2":138,"Champion Belt":65,"InkBottle":54,"Toy Ornithopter":176,"Meat on the Bone":123}],"InkBottle":[42],"Toy Ornithopter":16,"Meat on the Bone":0},"card_choices":[{"not_picked":["Thunderclap","Sword Boomerang"],"picked":"Cleave","floor":1.0},{"not_picked":["Burning Pact","Body Slam"],"picked":"Shockwave","floor":4.0},{"not_picked":["Perfected Strike","Sword Boomerang"],"picked":"Twin Strike","floor":5.0},{"not_picked":["Sword Boomerang","Cleave"],"picked":"Disarm","floor":7.0},{"not_picked":["Cleave","Pummel"],"picked":"Impervious","floor":8.0},{"not_picked":["Sever Soul","Shockwave"],"picked":"Spot Weakness","floor":10.0},{"not_picked":["Second Wind","Sentinel"],"picked":"Cleave","floor":12.0},{"not_picked":["Clothesline","Power Through"],"picked":"Shrug It Off","floor":13.0},{"not_picked":["Exhume","Brutality"],"picked":"Feed","floor":16.0},{"not_picked":["Perfected Strike","Twin Strike"],"picked":"Carnage+1","floor":18.0},{"not_picked":["Metallicize","Combust","Heavy Blade"],"picked":"SKIP","floor":20.0},{"not_picked":["Infernal Blade","Clash","Heavy Blade"],"picked":"SKIP","floor":22.0},{"not_picked":["Rage","Infernal Blade","Bloodletting"],"picked":"SKIP","floor":23.0},{"not_picked":["Clash","Flex","Sentinel"],"picked":"SKIP","floor":25.0},{"not_picked":["Rage","Wild Strike","Cleave"],"picked":"SKIP","floor":27.0},{"not_picked":["Havoc","True Grit","Clothesline+1"],"picked":"SKIP","floor":28.0},{"not_picked":["Headbutt","Pommel Strike"],"picked":"Disarm+1","floor":30.0},{"not_picked":["Impervious","Reaper"],"picked":"Barricade","floor":33.0},{"not_picked":["Rampage","Sword Boomerang+1"],"picked":"Ghostly Armor+1","floor":35.0},{"not_picked":["Whirlwind+1","Bloodletting"],"picked":"Inflame+1","floor":39.0},{"not_picked":["Uppercut","Cleave+1"],"picked":"Inflame","floor":40.0},{"not_picked":["Armaments+1","Thunderclap","Infernal Blade"],"picked":"SKIP","floor":41.0},{"not_picked":["Headbutt+1","Twin Strike+1"],"picked":"Pommel Strike+1","floor":42.0},{"not_picked":["Pommel Strike+1","Rampage+1","True Grit"],"picked":"SKIP","floor":44},{"not_picked":["Sword Boomerang+1","Feel No Pain"],"picked":"Body Slam+1","floor":48},{"not_picked":["Warcry","Spot Weakness"],"picked":"Heavy Blade+1","floor":54}],"player_experience":1662949,"relics_obtained":[{"floor":8.0,"key":"Omamori"},{"floor":9.0,"key":"CeramicFish"},{"floor":10.0,"key":"Boot"},{"floor":12.0,"key":"War Paint"},{"floor":23.0,"key":"Champion Belt"},{"floor":25.0,"key":"Strawberry"},{"floor":26.0,"key":"Gremlin Horn"},{"floor":27.0,"key":"Akabeko"},{"floor":40.0,"key":"Meat on the Bone"},{"floor":42.0,"key":"Molten Egg 2"},{"floor":44,"key":"Magic Flower"},{"floor":54,"key":"Toy Ornithopter"}],"event_choices":[{"damage_healed":0.0,"max_hp_gain":0.0,"max_hp_loss":0.0,"gold_gain":0.0,"event_name":"Shining Light","player_choice":"Entered Light","floor":3.0,"gold_loss":0.0,"damage_taken":16.0,"cards_upgraded":["Defend_R","Impervious"]},{"damage_healed":0.0,"max_hp_gain":5.0,"max_hp_loss":0.0,"gold_gain":0.0,"event_name":"Forgotten Altar","player_choice":"Shed Blood","floor":19.0,"gold_loss":0.0,"damage_taken":21.0},{"damage_healed":0.0,"max_hp_gain":0.0,"max_hp_loss":0.0,"gold_gain":0.0,"event_name":"The Mausoleum","player_choice":"Opened","floor":21.0,"gold_loss":0.0,"damage_taken":0.0,"relics_obtained":["InkBottle"]},{"damage_healed":0.0,"max_hp_gain":0.0,"max_hp_loss":0.0,"gold_gain":0.0,"event_name":"Addict","player_choice":"Obtained Relic","floor":29.0,"gold_loss":85.0,"damage_taken":0.0,"relics_obtained":["Lantern"]},{"damage_healed":0.0,"max_hp_gain":0.0,"max_hp_loss":0.0,"gold_gain":99.0,"event_name":"Nest","player_choice":"Stole From Cult","floor":31.0,"gold_loss":0.0,"damage_taken":0.0},{"damage_healed":0.0,"max_hp_gain":0.0,"max_hp_loss":0.0,"gold_gain":0.0,"event_name":"WeMeetAgain","player_choice":"Gave Potion","floor":37.0,"gold_loss":0.0,"damage_taken":0.0,"relics_obtained":["MawBank"]}],"is_beta":false,"boss_relics":[{"not_picked":["Runic Dome","SacredBark"],"picked":"Philosopher\u0027s Stone"},{"not_picked":["Runic Pyramid","Runic Cube"],"picked":"Pandora\u0027s Box"}],"items_purged_floors":[2,14,38],"is_endless":false,"potions_floor_spawned":[4,5,8,10,18,22,23,27,33,41,42,54],"ascension_level":2}}