{"host":"axuns55dzq466eei","time":1611240022,"event":{"mods":["BaseMod","Colored Map","Keyboard Shortcuts","Minty Spire (QoL Compilation)","StSLib","SuperFastMode"],"gold_per_floor":[14,65,83,103,115,115,133,168,168,68,95,106,124,139,139,213,213,225,240,240,240],"floor_reached":20,"language":"KOR","playtime":421,"items_purged":["Strike_B"],"score":380,"play_id":"96b16b58-70a0-403a-86ee-4cf9969372b6","local_time":"20210121234022","is_ascension_mode":true,"campfire_choices":[{"floor":6,"key":"REST"},{"floor":15,"key":"REST"}],"circlet_count":0,"master_deck":["AscendersBane","Defend_B","Defend_B","Zap","Dualcast","Hologram","Go for the Eyes","Darkness","Ball Lightning","Beam Cell","FTL","Echo Form","Biased Cognition","Capacitor+1","Recycle+1","Core Surge+1","Conserve Battery+1","Biased Cognition"],"relics":["Cracked Core","Regal Pillow","HornCleat","Matryoshka","Astrolabe"],"acts_visited":["Exordium","TheCity"],"potions_floor_usage":[8,16,19,20],"damage_taken":[{"damage":1,"enemies":"Cultist","floor":1,"turns":3},{"damage":8,"enemies":"2 Louse","floor":3,"turns":2},{"damage":9,"enemies":"Jaw Worm","floor":4,"turns":3},{"damage":19,"enemies":"Gremlin Gang","floor":5,"turns":5},{"damage":23,"enemies":"Large Slime","floor":7,"turns":6},{"damage":24,"enemies":"Gremlin Nob","floor":8,"turns":4},{"damage":18,"enemies":"3 Sentries","floor":11,"turns":6},{"damage":3,"enemies":"3 Louse","floor":12,"turns":3},{"damage":9,"enemies":"Red Slaver","floor":13,"turns":3},{"damage":3,"enemies":"Blue Slaver","floor":14,"turns":3},{"damage":23,"enemies":"Slime Boss","floor":16,"turns":5},{"damage":19,"enemies":"Spheric Guardian","floor":18,"turns":4},{"damage":17,"enemies":"2 Thieves","floor":19,"turns":3},{"damage":25,"enemies":"Snake Plant","floor":20,"turns":3}],"seed_played":"6484648096992293424","potions_obtained":[{"floor":4,"key":"Strength Potion"},{"floor":7,"key":"FairyPotion"},{"floor":12,"key":"SkillPotion"},{"floor":16,"key":"EssenceOfDarkness"},{"floor":19,"key":"Fire Potion"}],"is_trial":false,"path_per_floor":["M","T","M","M","M","R","M","E","T","$","E","M","M","M","R","B",null,"M","M","M"],"character_chosen":"DEFECT","items_purchased":["Beam Cell"],"campfire_rested":2,"item_purchase_floors":[10],"current_hp_per_floor":[63,63,55,46,27,63,40,16,16,16,21,18,9,6,42,19,58,39,22,0,0],"gold":240,"neow_bonus":"REMOVE_TWO","is_daily":false,"chose_seed":false,"campfire_upgraded":0,"win_rate":0.0,"timestamp":1611240022,"path_taken":["M","?","M","M","M","R","M","E","T","?","E","?","M","M","R","BOSS","M","M","M"],"items_purchased_type":["Card"],"build_version":"2020-12-22","purchased_purges":1,"victory":false,"max_hp_per_floor":[71,71,71,71,71,71,71,71,71,71,71,71,71,71,71,71,71,71,71,71,71],"card_choices":[{"not_picked":["Fusion","Steam Power"],"picked":"Hologram","floor":1},{"not_picked":["Tempest","Redo","Stack"],"picked":"SKIP","floor":3},{"not_picked":["Turbo","Conserve Battery"],"picked":"Go for the Eyes","floor":4},{"not_picked":["Rip and Tear","Genetic Algorithm","Steam"],"picked":"SKIP","floor":5},{"not_picked":["Lockon","Sweeping Beam"],"picked":"Darkness","floor":7},{"not_picked":["Hologram","White Noise"],"picked":"Ball Lightning","floor":8},{"not_picked":["Blizzard","Aggregate","Turbo"],"picked":"SKIP","floor":11},{"not_picked":["Turbo","Beam Cell","Stack"],"picked":"SKIP","floor":12},{"not_picked":["Reprogram","Streamline"],"picked":"FTL","floor":13},{"not_picked":["Redo","Cold Snap"],"picked":"Echo Form","floor":14},{"not_picked":["Reboot","Rainbow"],"picked":"Biased Cognition","floor":16},{"not_picked":["Turbo","Stack"],"picked":"Conserve Battery+1","floor":18},{"not_picked":["Conserve Battery","Recycle"],"picked":"Biased Cognition","floor":19}],"player_experience":1095727,"relics_obtained":[{"floor":2,"key":"Regal Pillow"},{"floor":8,"key":"HornCleat"},{"floor":11,"key":"Matryoshka"}],"event_choices":[],"is_beta":false,"boss_relics":[{"not_picked":["Calling Bell","Velvet Choker"],"picked":"Astrolabe"}],"items_purged_floors":[10],"is_endless":false,"potions_floor_spawned":[4,7,12,16,19],"killed_by":"Snake Plant","ascension_level":20}}