{"host":"867cnhxguf2bzj4x","time":1611269833,"event":{"mods":["BaseMod","BetterRewards","Duelist Mod","GifTheSpireLib","Lobotomy","Minty Spire (QoL Compilation)","StSLib","The Bug Knight","The Cursed","The Necromancer"],"gold_per_floor":[112,112,122,142,154,154,154],"floor_reached":6,"language":"ENG","playtime":220,"items_purged":[],"score":38,"play_id":"59127992-accb-475f-b26d-a320f66e5f26","local_time":"20210121235713","is_ascension_mode":false,"campfire_choices":[],"circlet_count":0,"master_deck":["Strike_R","Strike_R","Strike_R","Strike_R","Strike_R","Defend_R","Defend_R","Defend_R","Defend_R","Bash","True Grit","Pain","HeroicMonk","Bloodbath","Flex","DreamingCurrent","Heavy Blade"],"relics":["Burning Blood","CogitoBucket","WarpedTongs"],"acts_visited":["Exordium"],"potions_floor_usage":[],"damage_taken":[{"damage":9.0,"enemies":"Jaw Worm","floor":1.0,"turns":4.0},{"damage":8,"enemies":"Cultist","floor":3,"turns":3},{"damage":19,"enemies":"Small Slimes","floor":4,"turns":3},{"damage":19,"enemies":"Blue Slaver","floor":5,"turns":4},{"damage":51,"enemies":"3 Sentries","floor":6,"turns":3}],"seed_played":"1228201889528873375","potions_obtained":[],"is_trial":false,"path_per_floor":["M","?","M","M","M","E"],"character_chosen":"IRONCLAD","items_purchased":[],"campfire_rested":0,"item_purchase_floors":[],"current_hp_per_floor":[77,77,75,62,50,0,0],"gold":154,"neow_bonus":"","is_daily":false,"chose_seed":false,"campfire_upgraded":0,"win_rate":0.0,"timestamp":1611269833,"path_taken":["M","?","M","?","M","E"],"items_purchased_type":[],"build_version":"2020-12-22","purchased_purges":0,"victory":false,"max_hp_per_floor":[80,80,80,80,80,80,80],"card_choices":[{"not_picked":["Burning Pact","Cleave"],"picked":"True Grit","floor":1},{"not_picked":["CrumblingArmor","ShyLook"],"picked":"HeroicMonk","floor":3},{"not_picked":["Thunderclap","Shockwave","Perfected Strike"],"picked":"SKIP","floor":3},{"not_picked":["Woodsman","VoidDream"],"picked":"Bloodbath","floor":4},{"not_picked":["Clash","Burning Pact"],"picked":"Flex","floor":4},{"not_picked":["Funeral","LaLuna"],"picked":"DreamingCurrent","floor":5},{"not_picked":["Thunderclap","Carnage"],"picked":"Heavy Blade","floor":5}],"player_experience":122034,"relics_obtained":[],"event_choices":[{"damage_healed":0,"gold_gain":0,"player_choice":"Rummage","damage_taken":0,"relics_obtained":["WarpedTongs"],"max_hp_gain":0,"max_hp_loss":0,"event_name":"Accursed Blacksmith","floor":2,"gold_loss":0,"cards_obtained":["Pain"]}],"is_beta":false,"boss_relics":[],"items_purged_floors":[],"is_endless":false,"potions_floor_spawned":[],"killed_by":"3 Sentries","ascension_level":0}}