{"host":"h0xw20cia6ppa69g","time":1611221448,"event":{"mods":["AchievementEnabler","BaseMod","Colored Map","Filter the Spire","Googly Eyes","Minty Spire (QoL Compilation)","Relic Stats","StSLib","The Awakened One except there are too many feathers","everything is the same but u backflip on backflip"],"gold_per_floor":[110,110,121,141,141,169,169,199,199,209,221,221,231,560,560,661,661,679,693,712,637,552,581,581,609,609,640,653,687,703,162,162,260,260,274,286,286,331,345,376,376,404,452,295,327,345,372,389,389,389,389,389,113,144,144],"floor_reached":56,"language":"ENG","playtime":3741,"items_purged":["Hello World+1","Gash"],"score":1548,"play_id":"c03f14e4-6ea4-4e80-9b25-a52adff84009","local_time":"20210121033048","is_ascension_mode":true,"campfire_choices":[{"data":"Hello World","floor":7.0,"key":"SMITH"},{"data":"Turbo","floor":15.0,"key":"SMITH"},{"floor":24.0,"key":"DIG"},{"floor":32.0,"key":"REST"},{"floor":41.0,"key":"RECALL"},{"floor":49.0,"key":"DIG"},{"floor":52.0,"key":"DIG"}],"circlet_count":0,"master_deck":["Dualcast","Genetic Algorithm","Force Field","Auto Shields","Double Energy","Glacier","Hyperbeam+1","Conserve Battery","Steam","Turbo+1","Hologram","Turbo","Go for the Eyes","Meteor Strike","Core Surge","CurseOfTheBell","Heatsinks","Capacitor+1","Stack","Rip and Tear+1","Hologram+1","Skim","Hyperbeam+1","Coolheaded","White Noise","Apotheosis","Turbo","Defragment","Thunder Strike+1","Force Field","White Noise","Barrage+1","Heatsinks","Storm","Aggregate+1","Static Discharge","Ball Lightning+1","Static Discharge+1"],"relics":["Pandora\u0027s Box","Singing Bowl","Kunai","Shuriken","Symbiotic Virus","Old Coin","Calling Bell","DataDisk","StrikeDummy","Shovel","Dream Catcher","Molten Egg 2","Eternal Feather","Bag of Marbles","Mummified Hand","Bottled Tornado","Blue Candle","Pear","Runic Pyramid","Question Card","Art of War","Oddly Smooth Stone","Bottled Lightning","PreservedInsect","Lantern","Pantograph","Cables"],"acts_visited":["Exordium","TheCity","TheBeyond","TheEnding"],"potions_floor_usage":[55,55,55],"damage_taken":[{"damage":0.0,"enemies":"Jaw Worm","floor":1.0,"turns":2.0},{"damage":0.0,"enemies":"Cultist","floor":3.0,"turns":4.0},{"damage":0.0,"enemies":"2 Louse","floor":4.0,"turns":1.0},{"damage":17.0,"enemies":"Gremlin Nob","floor":6.0,"turns":5.0},{"damage":2.0,"enemies":"3 Sentries","floor":8.0,"turns":4.0},{"damage":0.0,"enemies":"Large Slime","floor":10.0,"turns":4.0},{"damage":0.0,"enemies":"Looter","floor":11.0,"turns":3.0},{"damage":1.0,"enemies":"Exordium Thugs","floor":13.0,"turns":4.0},{"damage":0.0,"enemies":"Lagavulin","floor":14.0,"turns":6.0},{"damage":26.0,"enemies":"Hexaghost","floor":16.0,"turns":10.0},{"damage":0.0,"enemies":"3 Byrds","floor":18.0,"turns":6.0},{"damage":2.0,"enemies":"2 Thieves","floor":19.0,"turns":4.0},{"damage":19.0,"enemies":"Sentry and Sphere","floor":20.0,"turns":3.0},{"damage":23.0,"enemies":"Slavers","floor":23.0,"turns":5.0},{"damage":12.0,"enemies":"Book of Stabbing","floor":25.0,"turns":5.0},{"damage":18.0,"enemies":"Gremlin Leader","floor":27.0,"turns":6.0},{"damage":0.0,"enemies":"3 Cultists","floor":28.0,"turns":2.0},{"damage":8.0,"enemies":"Slavers","floor":29.0,"turns":4.0},{"damage":11.0,"enemies":"Centurion and Healer","floor":30.0,"turns":5.0},{"damage":19.0,"enemies":"Champ","floor":33.0,"turns":16.0},{"damage":5.0,"enemies":"3 Shapes","floor":35.0,"turns":9.0},{"damage":0.0,"enemies":"3 Darklings","floor":36.0,"turns":5.0},{"damage":17.0,"enemies":"Jaw Worm Horde","floor":39.0,"turns":4.0},{"damage":13.0,"enemies":"Reptomancer","floor":40.0,"turns":6.0},{"damage":1.0,"enemies":"Giant Head","floor":42.0,"turns":9.0},{"damage":6.0,"enemies":"Reptomancer","floor":45.0,"turns":9.0},{"damage":2.0,"enemies":"Transient","floor":46.0,"turns":5.0},{"damage":14.0,"enemies":"Giant Head","floor":47.0,"turns":7.0},{"damage":1.0,"enemies":"Spire Growth","floor":48.0,"turns":6.0},{"damage":6.0,"enemies":"Time Eater","floor":50.0,"turns":11.0},{"damage":2.0,"enemies":"Shield and Spear","floor":54.0,"turns":3.0},{"damage":24,"enemies":"The Heart","floor":55,"turns":7}],"seed_played":"-1015604613565946720","potions_obtained":[{"floor":6.0,"key":"Weak Potion"},{"floor":8.0,"key":"DuplicationPotion"},{"floor":10.0,"key":"Regen Potion"},{"floor":14.0,"key":"SpeedPotion"},{"floor":23.0,"key":"LiquidBronze"},{"floor":25.0,"key":"Fire Potion"},{"floor":28.0,"key":"Explosive Potion"},{"floor":35.0,"key":"SteroidPotion"},{"floor":42.0,"key":"Weak Potion"},{"floor":45.0,"key":"DistilledChaos"},{"floor":47.0,"key":"LiquidMemories"}],"is_trial":false,"path_per_floor":["M","?","M","M","?","E","R","E","T","M","M","?","M","E","R","B",null,"M","M","M","?","?","E","R","E","T","E","M","E","M","$","R","B",null,"M","M","?","T","M","E","R","E","T","$","E","M","E","M","R","B",null,"R","$","E","B",null],"character_chosen":"DEFECT","items_purchased":["White Noise","Apotheosis","Pear","Turbo","Heatsinks","Static Discharge","PowerPotion","Ball Lightning+1"],"campfire_rested":1,"item_purchase_floors":[31,31,31,31,44,53,53,53],"current_hp_per_floor":[75,63,65,65,65,48,48,46,46,46,46,51,50,50,50,24,82,82,80,61,61,61,38,38,42,42,24,24,16,5,15,61,42,94,89,91,91,91,76,63,81,80,80,80,74,74,60,61,82,76,102,102,102,100,78],"gold":144,"neow_bonus":"BOSS_RELIC","is_daily":false,"chose_seed":false,"campfire_upgraded":2,"win_rate":0.0,"timestamp":1611221448,"path_taken":["M","?","M","M","?","E","R","E","T","?","M","?","M","E","R","BOSS","M","M","M","?","?","E","R","E","T","E","M","E","M","$","R","BOSS","M","M","?","?","?","E","R","E","T","$","E","M","E","M","R","BOSS","R","$","E","BOSS"],"items_purchased_type":["Card","Card","Relic","Card","Card","Card","Potion","Card"],"build_version":"2020-12-22","purchased_purges":2,"victory":true,"max_hp_per_floor":[75,75,77,77,77,77,77,77,77,77,77,82,82,82,82,82,82,82,82,82,82,82,82,82,84,84,84,84,84,84,94,94,94,94,94,96,96,96,98,98,98,98,98,98,98,100,100,102,102,102,102,102,102,102,102],"relic_stats":{"Singing Bowl":12,"counters":[32,180],"Blue Candle":[11],"Eternal Feather":57,"PreservedInsect":68,"Question Card":6,"Cables":[7,3,3,1,0],"Dream Catcher":1,"Shovel":3,"Shuriken":[44],"Mummified Hand":[133],"Pantograph":2,"Pandora\u0027s Box":["Hello World","Genetic Algorithm","Force Field","Auto Shields","Double Energy","Glacier","Hyperbeam","Gash"],"Art of War":[11],"Kunai":[44],"obtain_stats":[{"Lantern":49,"Singing Bowl":2,"Bottled Tornado":27,"Old Coin":14,"Dream Catcher":22,"Shovel":17,"Mummified Hand":26,"Pantograph":52,"Kunai":6,"Cracked Core":0,"Runic Pyramid":34,"Pear":31,"Blue Candle":29,"Oddly Smooth Stone":43,"Eternal Feather":24,"PreservedInsect":47,"Question Card":40,"Cables":54,"Calling Bell":17,"DataDisk":17,"Shuriken":8,"Pandora\u0027s Box":0,"Molten Egg 2":23,"Bag of Marbles":25,"Art of War":42,"Bottled Lightning":45,"Symbiotic Virus":9,"StrikeDummy":17},{"Lantern":29,"Singing Bowl":1,"Bottled Tornado":16,"Old Coin":9,"Dream Catcher":13,"Shovel":10,"Mummified Hand":15,"Pantograph":30,"Kunai":4,"Cracked Core":0,"Runic Pyramid":20,"Pear":19,"Blue Candle":18,"Oddly Smooth Stone":25,"Eternal Feather":14,"PreservedInsect":28,"Question Card":24,"Cables":31,"Calling Bell":10,"DataDisk":10,"Shuriken":5,"Pandora\u0027s Box":0,"Molten Egg 2":14,"Bag of Marbles":15,"Art of War":25,"Bottled Lightning":26,"Symbiotic Virus":5,"StrikeDummy":10},{"Lantern":159,"Singing Bowl":2,"Bottled Tornado":72,"Old Coin":33,"Dream Catcher":56,"Shovel":43,"Mummified Hand":66,"Pantograph":170,"Kunai":12,"Cracked Core":0,"Runic Pyramid":99,"Pear":83,"Blue Candle":78,"Oddly Smooth Stone":132,"Eternal Feather":61,"PreservedInsect":153,"Question Card":123,"Cables":173,"Calling Bell":43,"DataDisk":43,"Shuriken":16,"Pandora\u0027s Box":0,"Molten Egg 2":61,"Bag of Marbles":66,"Art of War":132,"Bottled Lightning":141,"Symbiotic Virus":16,"StrikeDummy":43}]},"card_choices":[{"not_picked":["Cold Snap","Compile Driver"],"picked":"Conserve Battery","floor":1.0},{"not_picked":["Redo","Barrage","Gash"],"picked":"Singing Bowl","floor":3.0},{"not_picked":["Go for the Eyes","Streamline"],"picked":"Steam","floor":4.0},{"not_picked":["Leap","Fission"],"picked":"Turbo","floor":6.0},{"not_picked":["Redo","Compile Driver"],"picked":"Hologram","floor":8.0},{"not_picked":["Scrape","Glacier"],"picked":"Turbo","floor":10.0},{"not_picked":["Chaos","Streamline"],"picked":"Melter","floor":11.0},{"not_picked":["Lockon","Gash"],"picked":"Go for the Eyes","floor":13.0},{"not_picked":["Aggregate","Consume"],"picked":"Meteor Strike","floor":14.0},{"not_picked":["Buffer","Fission"],"picked":"Core Surge","floor":16.0},{"not_picked":["Beam Cell","Chill"],"picked":"Heatsinks","floor":18.0},{"not_picked":["Go for the Eyes+1","Conserve Battery"],"picked":"Capacitor+1","floor":19.0},{"not_picked":["Turbo","Ball Lightning+1"],"picked":"Stack","floor":20.0},{"not_picked":["Streamline+1","Steam Power"],"picked":"Rip and Tear+1","floor":23.0},{"not_picked":["Double Energy","Conserve Battery+1","Redo"],"picked":"Singing Bowl","floor":25.0},{"not_picked":["Streamline+1","Reboot"],"picked":"Hologram+1","floor":27.0},{"not_picked":["Gash+1","Stack"],"picked":"Skim","floor":28.0},{"not_picked":["Stack","Coolheaded"],"picked":"Hyperbeam+1","floor":29.0},{"not_picked":["Cold Snap+1","Hologram"],"picked":"Coolheaded","floor":30.0},{"not_picked":["Sunder+1","Rebound+1"],"picked":"Defragment","floor":32.0},{"not_picked":["Hyperbeam+1","Reboot"],"picked":"Thunder Strike+1","floor":33.0},{"not_picked":["Tempest","Steam+1"],"picked":"Force Field","floor":35.0},{"not_picked":["Auto Shields+1","Static Discharge","Redo+1"],"picked":"Singing Bowl","floor":36.0},{"not_picked":["Rip and Tear+1","Steam","Leap"],"picked":"Singing Bowl","floor":39.0},{"not_picked":["Sweeping Beam+1","Auto Shields+1"],"picked":"White Noise","floor":40.0},{"not_picked":["Compile Driver+1","Sweeping Beam+1","Beam Cell+1"],"picked":"Barrage+1","floor":42.0},{"not_picked":["Double Energy","Darkness","Gash+1"],"picked":"Storm","floor":45.0},{"not_picked":["Tempest","Steam Power","Cold Snap+1","Steam"],"picked":"Singing Bowl","floor":46.0},{"not_picked":["Self Repair","Auto Shields+1","Go for the Eyes+1"],"picked":"Aggregate+1","floor":47.0},{"not_picked":["Compile Driver+1","Ball Lightning+1","Fission","Hologram+1"],"picked":"Singing Bowl","floor":48.0},{"not_picked":["Coolheaded+1","Reinforced Body","Darkness"],"picked":"Static Discharge+1","floor":54.0}],"player_experience":3739770,"relics_obtained":[{"floor":6.0,"key":"Kunai"},{"floor":8.0,"key":"Shuriken"},{"floor":9.0,"key":"Symbiotic Virus"},{"floor":14.0,"key":"Old Coin"},{"floor":17.0,"key":"DataDisk"},{"floor":17.0,"key":"StrikeDummy"},{"floor":17.0,"key":"Shovel"},{"floor":23.0,"key":"Molten Egg 2"},{"floor":24.0,"key":"Eternal Feather"},{"floor":25.0,"key":"Bag of Marbles"},{"floor":26.0,"key":"Mummified Hand"},{"floor":27.0,"key":"Bottled Tornado"},{"floor":29.0,"key":"Blue Candle"},{"floor":40.0,"key":"Question Card"},{"floor":42.0,"key":"Art of War"},{"floor":43.0,"key":"Oddly Smooth Stone"},{"floor":45.0,"key":"Bottled Lightning"},{"floor":47.0,"key":"PreservedInsect"},{"floor":49.0,"key":"Lantern"},{"floor":52.0,"key":"Pantograph"},{"floor":54.0,"key":"Cables"}],"event_choices":[{"damage_healed":0.0,"max_hp_gain":0.0,"max_hp_loss":0.0,"gold_gain":0.0,"event_name":"Scrap Ooze","player_choice":"Success","floor":2.0,"gold_loss":0.0,"damage_taken":12.0,"relics_obtained":["Singing Bowl"]},{"damage_healed":0.0,"max_hp_gain":0.0,"max_hp_loss":0.0,"gold_gain":0.0,"event_name":"Upgrade Shrine","player_choice":"Upgraded","floor":5.0,"gold_loss":0.0,"damage_taken":0.0,"cards_upgraded":["Hyperbeam"]},{"damage_healed":0.0,"max_hp_gain":5.0,"max_hp_loss":0.0,"gold_gain":0.0,"event_name":"Big Fish","player_choice":"Donut","floor":12.0,"gold_loss":0.0,"damage_taken":0.0},{"cards_removed":["Zap"],"damage_healed":0.0,"max_hp_gain":0.0,"max_hp_loss":0.0,"gold_gain":0.0,"event_name":"Beggar","player_choice":"Gave Gold","floor":21.0,"gold_loss":75.0,"damage_taken":0.0},{"damage_healed":0.0,"max_hp_gain":0.0,"max_hp_loss":0.0,"gold_gain":0.0,"event_name":"Addict","player_choice":"Obtained Relic","floor":22.0,"gold_loss":85.0,"damage_taken":0.0,"relics_obtained":["Dream Catcher"]},{"cards_removed":["Melter"],"damage_healed":0.0,"max_hp_gain":0.0,"max_hp_loss":0.0,"gold_gain":0.0,"event_name":"Falling","player_choice":"Removed Attack","floor":37.0,"gold_loss":0.0,"damage_taken":0.0}],"is_beta":false,"boss_relics":[{"not_picked":["Velvet Choker","Runic Dome"],"picked":"Calling Bell"},{"not_picked":["Philosopher\u0027s Stone","Cursed Key"],"picked":"Runic Pyramid"}],"items_purged_floors":[44,53],"is_endless":false,"potions_floor_spawned":[6,8,10,11,14,20,23,25,28,35,42,45,47,54],"ascension_level":1}}