{"host":"fevvm7bbzuh4s1jc","time":1611188450,"event":{"mods":["BaseMod","Highlight Path","Minty Spire (QoL Compilation)","Relic Stats"],"gold_per_floor":[109,125,42,53,69,69,101,101,101,101,135,147,147,182,182,257,257,272,284,209,47,67,67,67,95,95,105,105,132,147,172,172,250,250,267,2,18,35,60,60,85,85,85,117,136,151,161,196,196,196,196,196,196,71,97,97],"floor_reached":57,"language":"ENG","playtime":6474,"items_purged":["Strike_B","Strike_B","Strike_B"],"score":3044,"play_id":"1117fec7-ce0f-4919-a02a-ebea8b83ba8c","local_time":"20210120192050","is_ascension_mode":true,"campfire_choices":[{"data":"Defragment","floor":6.0,"key":"SMITH"},{"data":"Rip and Tear","floor":13.0,"key":"SMITH"},{"data":"Capacitor","floor":15.0,"key":"SMITH"},{"data":"Seek","floor":23.0,"key":"SMITH"},{"data":"Recycle","floor":28.0,"key":"SMITH"},{"data":"Meteor Strike","floor":32.0,"key":"SMITH"},{"data":"Hologram","floor":40.0,"key":"SMITH"},{"floor":42.0,"key":"REST"},{"floor":49.0,"key":"RECALL"},{"data":"Heatsinks","floor":53.0,"key":"SMITH"}],"circlet_count":0,"master_deck":["AscendersBane","Defend_B","Defend_B+1","Defend_B","Defend_B","Zap","Dualcast","CurseOfTheBell","Glacier","Sweeping Beam+1","Defragment+1","Rip and Tear+1","Capacitor+1","Undo","Seek+1","Chill","Compile Driver","Biased Cognition","Recycle+1","Turbo","Meteor Strike+1","Hologram+1","Self Repair","Coolheaded+1","Echo Form","Heatsinks+1","Defragment+1","Coolheaded+1","Hologram+1","Aggregate+1","Hologram+1","Recycle+1","Compile Driver+1"],"relics":["Calling Bell","Ancient Tea Set","Matryoshka","CaptainsWheel","Tiny Chest","Akabeko","Ice Cream","Bronze Scales","Runic Pyramid","MealTicket","Pantograph","Mummified Hand","Ornamental Fan","Art of War","Toxic Egg 2","Nuclear Battery","Lantern","Calipers","Bag of Preparation","Pear","InkBottle","Vajra","StrikeDummy"],"acts_visited":["TheCity","TheBeyond","TheEnding"],"potions_floor_usage":[56,56],"damage_taken":[{"damage":0.0,"enemies":"Cultist","floor":1.0,"turns":4.0},{"damage":2.0,"enemies":"Jaw Worm","floor":2.0,"turns":7.0},{"damage":3.0,"enemies":"2 Louse","floor":4.0,"turns":4.0},{"damage":2.0,"enemies":"Blue Slaver","floor":5.0,"turns":6.0},{"damage":1.0,"enemies":"Lagavulin","floor":7.0,"turns":9.0},{"damage":12.0,"enemies":"3 Sentries","floor":11.0,"turns":12.0},{"damage":0.0,"enemies":"Looter","floor":12.0,"turns":4.0},{"damage":0.0,"enemies":"Gremlin Nob","floor":14.0,"turns":4.0},{"damage":9.0,"enemies":"Slime Boss","floor":16.0,"turns":11.0},{"damage":0.0,"enemies":"Chosen","floor":18.0,"turns":5.0},{"damage":1.0,"enemies":"Spheric Guardian","floor":19.0,"turns":6.0},{"damage":0.0,"enemies":"Chosen and Byrds","floor":22.0,"turns":8.0},{"damage":11.0,"enemies":"Book of Stabbing","floor":25.0,"turns":6.0},{"damage":1.0,"enemies":"3 Cultists","floor":27.0,"turns":6.0},{"damage":8.0,"enemies":"Slavers","floor":29.0,"turns":5.0},{"damage":12.0,"enemies":"Centurion and Healer","floor":30.0,"turns":11.0},{"damage":18.0,"enemies":"Gremlin Leader","floor":31.0,"turns":7.0},{"damage":5.0,"enemies":"Collector","floor":33.0,"turns":11.0},{"damage":0.0,"enemies":"3 Darklings","floor":35.0,"turns":6.0},{"damage":0.0,"enemies":"Orb Walker","floor":37.0,"turns":3.0},{"damage":5.0,"enemies":"Sphere and 2 Shapes","floor":38.0,"turns":6.0},{"damage":7.0,"enemies":"Mind Bloom Boss Battle","floor":39.0,"turns":6.0},{"damage":64.0,"enemies":"Reptomancer","floor":41.0,"turns":8.0},{"damage":0.0,"enemies":"Giant Head","floor":44.0,"turns":7.0},{"damage":1.0,"enemies":"Writhing Mass","floor":45.0,"turns":7.0},{"damage":0.0,"enemies":"4 Shapes","floor":46.0,"turns":3.0},{"damage":1.0,"enemies":"Sphere and 2 Shapes","floor":47.0,"turns":4.0},{"damage":23.0,"enemies":"Reptomancer","floor":48.0,"turns":6.0},{"damage":18.0,"enemies":"Awakened One","floor":50.0,"turns":8.0},{"damage":0.0,"enemies":"Donu and Deca","floor":51.0,"turns":8.0},{"damage":0,"enemies":"Shield and Spear","floor":55,"turns":8},{"damage":22,"enemies":"The Heart","floor":56,"turns":9}],"seed_played":"-3341476700967712117","potions_obtained":[{"floor":1.0,"key":"EssenceOfSteel"},{"floor":4.0,"key":"GamblersBrew"},{"floor":11.0,"key":"DistilledChaos"},{"floor":14.0,"key":"FearPotion"},{"floor":16.0,"key":"Weak Potion"},{"floor":27.0,"key":"Swift Potion"},{"floor":29.0,"key":"FocusPotion"},{"floor":30.0,"key":"PotionOfCapacity"},{"floor":38.0,"key":"ColorlessPotion"},{"floor":41.0,"key":"Ancient Potion"}],"is_trial":false,"path_per_floor":["M","M","$","M","M","R","E","?","T","?","E","M","R","E","R","B",null,"M","M","?","$","M","R","T","E","T","M","R","E","M","E","R","B",null,"M","$","M","M","?","R","E","R","T","E","M","M","M","E","R","B","B",null,"R","$","E","B",null],"character_chosen":"DEFECT","items_purchased":["Defragment","Recycle","Lantern"],"campfire_rested":1,"item_purchase_floors":[3,21,36],"current_hp_per_floor":[64,62,62,59,57,57,56,56,56,35,23,23,23,23,23,14,57,57,56,56,56,56,56,56,45,45,44,44,36,31,20,20,47,65,71,71,71,71,71,71,21,42,52,66,79,79,81,72,72,77,81,81,81,81,81,59],"gold":97,"neow_bonus":"BOSS_RELIC","is_daily":false,"chose_seed":false,"campfire_upgraded":8,"win_rate":0.0,"timestamp":1611188450,"path_taken":["M","M","$","?","M","R","E","?","T","?","E","M","R","E","R","BOSS","M","M","?","$","M","R","?","E","T","?","R","E","M","E","R","BOSS","M","$","M","M","?","R","E","R","T","E","M","M","M","E","R","BOSS","BOSS","R","$","E","BOSS"],"items_purchased_type":["Card","Card","Relic"],"build_version":"2020-12-22","purchased_purges":3,"victory":true,"max_hp_per_floor":[71,71,71,71,71,71,71,71,71,71,71,71,71,71,71,71,71,71,71,71,71,71,71,71,71,71,71,71,71,71,71,71,71,71,71,71,71,71,71,71,71,71,81,81,81,81,81,81,81,81,81,81,81,81,81,81],"relic_stats":{"counters":[32,215],"Mummified Hand":[176],"Ornamental Fan":[240],"Bronze Scales":[694],"Pantograph":38,"Tiny Chest":1,"MealTicket":0,"Art of War":[21],"Bag of Preparation":[18],"obtain_stats":[{"Ice Cream":11,"Lantern":36,"Calipers":39,"Pear":43,"Vajra":48,"Bag of Preparation":41,"Ancient Tea Set":0,"Akabeko":9,"Nuclear Battery":34,"Calling Bell":0,"CaptainsWheel":0,"Matryoshka":0,"Mummified Hand":25,"Ornamental Fan":26,"Bronze Scales":14,"Pantograph":24,"Tiny Chest":7,"MealTicket":24,"Art of War":29,"Toxic Egg 2":31,"Cracked Core":0,"StrikeDummy":55,"InkBottle":44,"Runic Pyramid":17},{"Ice Cream":6,"Lantern":19,"Calipers":22,"Pear":23,"Vajra":28,"Bag of Preparation":23,"Ancient Tea Set":0,"Akabeko":5,"Nuclear Battery":18,"Calling Bell":0,"CaptainsWheel":0,"Matryoshka":0,"Mummified Hand":13,"Ornamental Fan":13,"Bronze Scales":8,"Pantograph":12,"Tiny Chest":5,"MealTicket":12,"Art of War":15,"Toxic Egg 2":17,"Cracked Core":0,"StrikeDummy":31,"InkBottle":24,"Runic Pyramid":9},{"Ice Cream":42,"Lantern":132,"Calipers":147,"Pear":155,"Vajra":182,"Bag of Preparation":155,"Ancient Tea Set":0,"Akabeko":30,"Nuclear Battery":126,"Calling Bell":0,"CaptainsWheel":0,"Matryoshka":0,"Mummified Hand":86,"Ornamental Fan":86,"Bronze Scales":50,"Pantograph":80,"Tiny Chest":30,"MealTicket":80,"Art of War":97,"Toxic Egg 2":115,"Cracked Core":0,"StrikeDummy":206,"InkBottle":162,"Runic Pyramid":61}],"InkBottle":[55]},"card_choices":[{"not_picked":["Leap","Self Repair"],"picked":"Glacier","floor":1.0},{"not_picked":["Barrage","Leap"],"picked":"Sweeping Beam","floor":2.0},{"not_picked":["Force Field","Streamline"],"picked":"Rip and Tear","floor":4.0},{"not_picked":["Conserve Battery","White Noise"],"picked":"Capacitor","floor":5.0},{"not_picked":["Tempest","Thunder Strike"],"picked":"Undo","floor":7.0},{"not_picked":["Go for the Eyes","Compile Driver"],"picked":"Seek","floor":11.0},{"not_picked":["Compile Driver","Gash"],"picked":"Chill","floor":12.0},{"not_picked":["Leap","Beam Cell"],"picked":"Compile Driver","floor":14.0},{"not_picked":["Rainbow","Reboot"],"picked":"Biased Cognition","floor":16.0},{"not_picked":["Barrage","Conserve Battery","Gash"],"picked":"SKIP","floor":18.0},{"not_picked":["Conserve Battery","Coolheaded","Rebound"],"picked":"SKIP","floor":19.0},{"not_picked":["Coolheaded","Leap"],"picked":"Turbo","floor":22.0},{"not_picked":["Self Repair","Cold Snap"],"picked":"Meteor Strike","floor":25.0},{"not_picked":["Chill","Reprogram+1"],"picked":"Hologram","floor":27.0},{"not_picked":["Leap","Scrape"],"picked":"Self Repair","floor":29.0},{"not_picked":["Leap","Gash","Beam Cell"],"picked":"SKIP","floor":30.0},{"not_picked":["Scrape","White Noise+1"],"picked":"Coolheaded+1","floor":31.0},{"not_picked":["Amplify+1","Electrodynamics"],"picked":"Echo Form","floor":33.0},{"not_picked":["Cold Snap+1","Self Repair"],"picked":"Heatsinks","floor":35.0},{"not_picked":["Conserve Battery+1","Turbo+1","Leap+1"],"picked":"SKIP","floor":37.0},{"not_picked":["BootSequence+1","Steam+1","Gash"],"picked":"SKIP","floor":38.0},{"not_picked":["Cold Snap","Aggregate+1"],"picked":"Defragment+1","floor":39.0},{"not_picked":["Darkness+1","Leap+1"],"picked":"Coolheaded+1","floor":41.0},{"not_picked":["Rebound","Sweeping Beam"],"picked":"Hologram+1","floor":44.0},{"not_picked":["Stack+1","Steam+1"],"picked":"Aggregate+1","floor":45.0},{"not_picked":["Gash","Leap+1","Multi-Cast+1"],"picked":"SKIP","floor":46.0},{"not_picked":["Redo+1","Barrage+1"],"picked":"Hologram+1","floor":47.0},{"not_picked":["Scrape","Streamline"],"picked":"Recycle+1","floor":48.0},{"not_picked":["Conserve Battery+1","Gash+1"],"picked":"Compile Driver+1","floor":55}],"player_experience":2710530,"relics_obtained":[{"floor":0.0,"key":"Ancient Tea Set"},{"floor":0.0,"key":"Matryoshka"},{"floor":0.0,"key":"CaptainsWheel"},{"floor":7.0,"key":"Tiny Chest"},{"floor":9.0,"key":"Akabeko"},{"floor":11.0,"key":"Ice Cream"},{"floor":14.0,"key":"Bronze Scales"},{"floor":24.0,"key":"MealTicket"},{"floor":24.0,"key":"Pantograph"},{"floor":25.0,"key":"Mummified Hand"},{"floor":26.0,"key":"Ornamental Fan"},{"floor":29.0,"key":"Art of War"},{"floor":31.0,"key":"Toxic Egg 2"},{"floor":39.0,"key":"Calipers"},{"floor":41.0,"key":"Bag of Preparation"},{"floor":43.0,"key":"Pear"},{"floor":44.0,"key":"InkBottle"},{"floor":48.0,"key":"Vajra"},{"floor":55,"key":"StrikeDummy"}],"event_choices":[{"damage_healed":0.0,"max_hp_gain":0.0,"max_hp_loss":0.0,"gold_gain":0.0,"event_name":"Liars Game","player_choice":"Ignored","floor":8.0,"gold_loss":0.0,"damage_taken":0.0},{"damage_healed":0.0,"max_hp_gain":0.0,"max_hp_loss":0.0,"gold_gain":0.0,"event_name":"Shining Light","player_choice":"Entered Light","floor":10.0,"gold_loss":0.0,"damage_taken":21.0,"cards_upgraded":["Defend_B","Sweeping Beam"]},{"cards_removed":["Strike_B"],"damage_healed":0.0,"max_hp_gain":0.0,"max_hp_loss":0.0,"gold_gain":0.0,"event_name":"Beggar","player_choice":"Gave Gold","floor":20.0,"gold_loss":75.0,"damage_taken":0.0},{"damage_healed":0.0,"max_hp_gain":0.0,"max_hp_loss":0.0,"gold_gain":0.0,"event_name":"MindBloom","player_choice":"Fight","floor":39.0,"gold_loss":0.0,"damage_taken":0.0}],"is_beta":false,"boss_relics":[{"not_picked":["Cursed Key","Empty Cage"],"picked":"Runic Pyramid"},{"not_picked":["SlaversCollar","Runic Dome"],"picked":"Nuclear Battery"}],"items_purged_floors":[21,36,54],"is_endless":false,"potions_floor_spawned":[1,4,11,14,16,27,29,30,31,38,39,41,46],"ascension_level":20}}