{"host":"dgo3vn978vkqa5rz","time":1611273510,"event":{"mods":["AchievementEnabler","BaseMod","BetterRewards","Colored Map","Custom Start","Minty Spire (QoL Compilation)","Quick Restart","Rare Cards Sparkle","Remove Card Discount Mod","Shop Mod","Spicy Shops","StSLib","Transform Curses"],"gold_per_floor":[118,131,8,24,35,61,236,236,236,247,247,247,247,280,280,385,385,325,525,64,76,87,117,129,129,129,143,20,20,37,37,37,37,37],"floor_reached":33,"language":"ENG","playtime":1649,"items_purged":["Wraith Form v2","Demon Form","Meteor Strike","Fission","Hyperbeam","Thunder Strike","Creative AI","All For One","Machine Learning"],"score":300,"play_id":"99bfd70e-96c9-41a7-a326-2fbd9636e34c","local_time":"20210121155830","daily_mods":["Shiny","Specialized"],"is_ascension_mode":false,"campfire_choices":[{"data":"Echo Form","floor":8,"key":"SMITH"},{"data":"DevaForm","floor":11,"key":"SMITH"},{"data":"Echo Form","floor":13,"key":"SMITH"},{"floor":15,"key":"REST"},{"data":"Echo Form","floor":25,"key":"SMITH"},{"floor":29,"key":"REST"},{"floor":32,"key":"REST"}],"circlet_count":0,"master_deck":["Echo Form+1","DevaForm+1","Multi-Cast","Biased Cognition","Electrodynamics","Buffer","Rainbow","Seek","Echo Form+1","Reboot","Amplify","Core Surge","Electrodynamics","Electrodynamics","Electrodynamics","Electrodynamics","Electrodynamics","Double Energy","Defragment","Auto Shields","Conserve Battery","Reinforced Body","BootSequence","Seek","Echo Form+1","Chill","Redo","Redo+1","Go for the Eyes+1","Self Repair","Conserve Battery+1","Hologram","Self Repair+1"],"relics":["Unceasing Top","Torii","Darkstone Periapt","Gremlin Horn","Inserter","Cables","MerchantsRug","Dream Catcher","The Courier","Lantern"],"acts_visited":["Exordium","TheCity"],"potions_floor_usage":[16,16,27,33,33],"damage_taken":[{"damage":10,"enemies":"Jaw Worm","floor":1,"turns":4},{"damage":12,"enemies":"2 Louse","floor":2,"turns":2},{"damage":6,"enemies":"Cultist","floor":4,"turns":3},{"damage":6,"enemies":"Exordium Wildlife","floor":5,"turns":2},{"damage":9,"enemies":"3 Sentries","floor":6,"turns":2},{"damage":3,"enemies":"Lots of Slimes","floor":10,"turns":2},{"damage":6,"enemies":"Gremlin Nob","floor":14,"turns":4},{"damage":21,"enemies":"The Guardian","floor":16,"turns":4},{"damage":20,"enemies":"2 Thieves","floor":18,"turns":4},{"damage":0,"enemies":"3 Byrds","floor":21,"turns":3},{"damage":1,"enemies":"3 Cultists","floor":22,"turns":3},{"damage":12,"enemies":"Gremlin Leader","floor":23,"turns":6},{"damage":12,"enemies":"Centurion and Healer","floor":24,"turns":4},{"damage":23,"enemies":"Snake Plant","floor":27,"turns":5},{"damage":15,"enemies":"Snecko","floor":30,"turns":4},{"damage":60,"enemies":"Collector","floor":33,"turns":6}],"seed_played":"-6502655273406859268","potions_obtained":[{"floor":1,"key":"Explosive Potion"},{"floor":5,"key":"FearPotion"},{"floor":16,"key":"SkillPotion"},{"floor":21,"key":"SpeedPotion"},{"floor":27,"key":"Fire Potion"},{"floor":31,"key":"Ancient Potion"}],"is_trial":true,"path_per_floor":["M","M","$","M","M","E","?","R","T","M","R","?","R","E","R","B",null,"M","?","$","M","M","E","M","R","T","M","$","R","M","?","R","B"],"character_chosen":"DEFECT","items_purchased":["Defragment","Cables","MerchantsRug","Redo","Lantern"],"campfire_rested":3,"item_purchase_floors":[3,20,20,20,28],"current_hp_per_floor":[65,53,53,47,41,32,32,32,32,29,29,29,29,23,45,24,75,55,55,55,55,54,42,30,30,30,21,21,43,28,28,50,0,0],"gold":37,"neow_bonus":"","is_daily":false,"chose_seed":false,"campfire_upgraded":4,"win_rate":0.0,"timestamp":1611273510,"path_taken":["M","M","$","M","M","E","?","R","T","M","R","?","R","E","R","BOSS","M","?","$","M","M","E","M","R","T","?","$","R","M","?","R","BOSS"],"items_purchased_type":["Card","Relic","Relic","Card","Relic"],"build_version":"2020-12-22","purchased_purges":9,"victory":false,"max_hp_per_floor":[75,75,75,75,75,75,75,75,75,75,75,75,75,75,75,75,75,75,75,75,75,75,75,75,75,75,75,75,75,75,75,75,75,75],"card_choices":[{"not_picked":["Auto Shields","Beam Cell"],"picked":"Double Energy","floor":1},{"not_picked":["Leap","Coolheaded","Streamline"],"picked":"SKIP","floor":2},{"not_picked":["Doom and Gloom","Leap"],"picked":"Auto Shields","floor":4},{"not_picked":["Glacier","Rip and Tear"],"picked":"Conserve Battery","floor":5},{"not_picked":["Coolheaded","Hologram"],"picked":"Reinforced Body","floor":6},{"not_picked":["Turbo","Barrage"],"picked":"BootSequence","floor":10},{"not_picked":["Go for the Eyes","Conserve Battery"],"picked":"Seek","floor":14},{"not_picked":["Amplify","Electrodynamics"],"picked":"Echo Form","floor":16},{"not_picked":["Rebound","Compile Driver"],"picked":"Chill","floor":18},{"not_picked":["Coolheaded","Compile Driver"],"picked":"Redo+1","floor":21},{"not_picked":["Genetic Algorithm","Sweeping Beam","Rebound"],"picked":"SKIP","floor":22},{"not_picked":["Turbo+1","Gash"],"picked":"Go for the Eyes+1","floor":23},{"not_picked":["Rip and Tear+1","Buffer"],"picked":"Self Repair","floor":24},{"not_picked":["Cold Snap","Redo"],"picked":"Conserve Battery+1","floor":27},{"not_picked":["Streamline","Beam Cell+1"],"picked":"Hologram","floor":30},{"not_picked":["Hologram","Thunder Strike"],"picked":"Self Repair+1","floor":32}],"player_experience":147383,"relics_obtained":[{"floor":6,"key":"Torii"},{"floor":9,"key":"Darkstone Periapt"},{"floor":14,"key":"Gremlin Horn"},{"floor":23,"key":"Dream Catcher"},{"floor":26,"key":"The Courier"}],"event_choices":[{"damage_healed":0,"gold_gain":175,"player_choice":"AGREE","damage_taken":0,"max_hp_gain":0,"max_hp_loss":0,"event_name":"Liars Game","floor":7,"gold_loss":0,"cards_obtained":["Doubt"]},{"cards_removed":["Doubt"],"damage_healed":0,"gold_gain":0,"player_choice":"Forget","damage_taken":0,"max_hp_gain":0,"max_hp_loss":0,"event_name":"Living Wall","floor":12,"gold_loss":0},{"damage_healed":0,"gold_gain":200,"player_choice":"Gold","damage_taken":0,"max_hp_gain":0,"max_hp_loss":0,"event_name":"Wheel of Change","floor":19,"gold_loss":0},{"damage_healed":0,"gold_gain":0,"player_choice":"Got Potions","damage_taken":0,"max_hp_gain":0,"max_hp_loss":0,"event_name":"Lab","floor":31,"gold_loss":0}],"is_beta":false,"boss_relics":[{"not_picked":["Runic Dome","Coffee Dripper"],"picked":"Inserter"}],"items_purged_floors":[3,3,3,3,3,3,20,28,28],"is_endless":false,"potions_floor_spawned":[1,5,16,21,27],"killed_by":"Collector","ascension_level":0}}