{"host":"gk5m6v7zec9neb0j","time":1611187246,"event":{"mods":["AchievementEnabler","AlwaysNeverKeys","BaseMod","BetterRewards","Block Reminder","Minty Spire (QoL Compilation)","Rare Cards Sparkle","Relic Stats","StSLib"],"gold_per_floor":[115,65,82,101,121,121,136,136,163,163,163,163,163,14,14,110,110,120,139,14,30,78,78,92,92,92,92,92,106,126,126,126,223,223,237,255,118,118,50,50,50,100,100,112,112,130,140,151,151,151,151],"floor_reached":50,"language":"ENG","playtime":2024,"items_purged":["Strike_G","Strike_G"],"score":434,"play_id":"12debaef-9f26-4443-b06e-361784461f2e","local_time":"20210120190046","is_ascension_mode":false,"campfire_choices":[{"data":"Noxious Fumes","floor":6,"key":"SMITH"},{"data":"Neutralize","floor":8,"key":"SMITH"},{"data":"Blur","floor":10,"key":"SMITH"},{"data":"Backstab","floor":13,"key":"SMITH"},{"data":"Quick Slash","floor":15,"key":"SMITH"},{"data":"Underhanded Strike","floor":23,"key":"SMITH"},{"floor":25,"key":"REST"},{"data":"Envenom","floor":28,"key":"SMITH"},{"data":"Footwork","floor":32,"key":"SMITH"},{"data":"Footwork","floor":40,"key":"SMITH"},{"data":"Noxious Fumes","floor":45,"key":"SMITH"},{"floor":49,"key":"REST"}],"circlet_count":0,"master_deck":["Defend_G","Defend_G","Defend_G","Defend_G","Defend_G","Survivor","Neutralize+1","Blur+1","Quick Slash+1","Noxious Fumes+1","Dagger Throw","Backstab+1","Envenom+1","Underhanded Strike+1","Cloak And Dagger","Prepared","Blade Dance+1","Footwork+1","Corpse Explosion","Blade Dance","Footwork+1","Noxious Fumes+1","Cloak And Dagger+1","Calculated Gamble+1","Escape Plan+1","Tools of the Trade","Blur+1"],"relics":["Ring of the Snake","Happy Flower","Chemical X","HoveringKite","Bronze Scales","Question Card","StoneCalendar","Mummified Hand"],"acts_visited":["Exordium","TheCity","TheBeyond"],"potions_floor_usage":[4,33,50,50],"damage_taken":[{"damage":0,"enemies":"2 Louse","floor":1,"turns":4},{"damage":0,"enemies":"Small Slimes","floor":3,"turns":4},{"damage":0,"enemies":"Cultist","floor":4,"turns":4},{"damage":0,"enemies":"2 Fungi Beasts","floor":5,"turns":4},{"damage":0,"enemies":"Gremlin Gang","floor":7,"turns":5},{"damage":3,"enemies":"The Guardian","floor":16,"turns":11},{"damage":0,"enemies":"Shell Parasite","floor":18,"turns":6},{"damage":33,"enemies":"Spheric Guardian","floor":19,"turns":6},{"damage":3,"enemies":"3 Cultists","floor":21,"turns":5},{"damage":0,"enemies":"Cultist and Chosen","floor":24,"turns":6},{"damage":6,"enemies":"Snecko","floor":29,"turns":4},{"damage":1,"enemies":"3 Cultists","floor":30,"turns":6},{"damage":62,"enemies":"Collector","floor":33,"turns":12},{"damage":8,"enemies":"3 Darklings","floor":35,"turns":2},{"damage":1,"enemies":"Orb Walker","floor":36,"turns":4},{"damage":8,"enemies":"Mind Bloom Boss Battle","floor":42,"turns":6},{"damage":0,"enemies":"Spire Growth","floor":44,"turns":5},{"damage":12,"enemies":"4 Shapes","floor":46,"turns":4},{"damage":0,"enemies":"Transient","floor":47,"turns":5},{"damage":10,"enemies":"Sphere and 2 Shapes","floor":48,"turns":5},{"damage":76,"enemies":"Time Eater","floor":50,"turns":11}],"seed_played":"-6478364205155722478","potions_obtained":[{"floor":1,"key":"Fire Potion"},{"floor":30,"key":"Regen Potion"},{"floor":33,"key":"SpeedPotion"},{"floor":36,"key":"SkillPotion"},{"floor":44,"key":"DistilledChaos"},{"floor":48,"key":"SmokeBomb"}],"is_trial":false,"path_per_floor":["M","?","M","M","M","R","M","R","T","R","?","?","R","$","R","B",null,"M","M","$","M","T","R","M","R","T","?","R","M","M","?","R","B",null,"M","M","$","?","$","R","?","?","T","M","R","M","M","M","R","B"],"character_chosen":"THE_SILENT","items_purchased":["Chemical X","Prepared","Footwork","Noxious Fumes"],"campfire_rested":2,"item_purchase_floors":[14,20,37,39],"current_hp_per_floor":[70,70,70,70,70,70,70,70,70,70,70,70,70,70,70,67,70,70,37,37,34,34,34,34,55,55,55,55,49,48,48,48,1,70,62,61,61,61,61,61,61,53,53,53,53,41,41,31,50,0,0],"gold":151,"neow_bonus":"","is_daily":false,"chose_seed":false,"campfire_upgraded":10,"win_rate":0.0,"timestamp":1611187246,"path_taken":["M","?","M","M","M","R","M","R","T","R","?","?","R","$","R","BOSS","M","M","$","M","?","R","M","R","T","?","R","M","?","?","R","BOSS","M","M","$","?","$","R","?","?","T","M","R","M","M","M","R","BOSS"],"items_purchased_type":["Relic","Card","Card","Card"],"build_version":"2020-12-22","purchased_purges":2,"victory":false,"max_hp_per_floor":[70,70,70,70,70,70,70,70,70,70,70,70,70,70,70,70,70,70,70,70,70,70,70,70,70,70,70,70,70,70,70,70,70,70,70,70,70,70,70,70,66,66,66,66,66,66,66,66,66,66,66],"relic_stats":{"Happy Flower":[32],"counters":[222,1311],"Mummified Hand":[28],"Bronze Scales":[201],"HoveringKite":[60],"StoneCalendar":[52],"Chemical X":[1],"Question Card":10,"obtain_stats":[{"Ice Cream":7,"Calipers":13,"CeramicFish":0,"HoveringKite":34,"Vajra":43,"Ginger":0,"Whetstone":11,"Bottled Tornado":43,"Blood Vial":17,"Sozu":34,"Sundial":24,"DollysMirror":4,"Strawberry":26,"Prayer Wheel":38,"Kunai":0,"Toxic Egg 2":28,"Happy Flower":13,"Astrolabe":34,"Oddly Smooth Stone":0,"Eternal Feather":54,"War Paint":43,"Question Card":48,"Bottled Flame":25,"Shuriken":0,"Bronze Scales":10,"MutagenicStrength":19,"Bird Faced Urn":38,"Molten Egg 2":9,"Black Star":17,"StrikeDummy":27,"Unceasing Top":46,"Meat on the Bone":17,"Pocketwatch":17,"Darkstone Periapt":23,"Regal Pillow":9,"Torii":0,"Singing Bowl":43,"Enchiridion":22,"StoneCalendar":42,"Juzu Bracelet":43,"Ancient Tea Set":4,"Empty Cage":17,"ClockworkSouvenir":20,"Tough Bandages":25,"Nunchaku":31,"Matryoshka":37,"WristBlade":34,"Mummified Hand":30,"Ninja Scroll":0,"Pantograph":12,"Gambling Chip":0,"Tiny Chest":26,"WingedGreaves":17,"Red Mask":47,"Chemical X":37,"InkBottle":54,"Ring of the Snake":0,"Potion Belt":9,"Golden Idol":3,"The Courier":26,"Omamori":39,"Medical Kit":37,"White Beast Statue":9,"Peace Pipe":9,"Calling Bell":17,"Ornamental Fan":0,"Bloody Idol":31,"Orrery":0,"Turnip":38,"Art of War":17,"Bottled Lightning":43,"Membership Card":36,"Toy Ornithopter":27},{"Ice Cream":11,"Calipers":154,"CeramicFish":172,"HoveringKite":21,"Vajra":91,"Ginger":97,"Whetstone":100,"Bottled Tornado":52,"Blood Vial":129,"Sozu":136,"Sundial":44,"DollysMirror":123,"Strawberry":107,"Prayer Wheel":138,"Kunai":31,"Toxic Egg 2":108,"Happy Flower":12,"Astrolabe":86,"Oddly Smooth Stone":122,"Eternal Feather":146,"War Paint":191,"Question Card":94,"Bottled Flame":16,"Shuriken":97,"Bronze Scales":36,"MutagenicStrength":156,"Bird Faced Urn":189,"Molten Egg 2":151,"Black Star":13,"StrikeDummy":17,"Unceasing Top":193,"Meat on the Bone":80,"Pocketwatch":129,"Darkstone Periapt":182,"Regal Pillow":36,"Torii":31,"Singing Bowl":116,"Enchiridion":68,"StoneCalendar":217,"Juzu Bracelet":141,"Ancient Tea Set":2,"Empty Cage":103,"ClockworkSouvenir":41,"Tough Bandages":16,"Nunchaku":85,"Matryoshka":137,"WristBlade":112,"Mummified Hand":110,"Ninja Scroll":172,"Pantograph":11,"Gambling Chip":197,"Tiny Chest":16,"WingedGreaves":80,"Red Mask":54,"Chemical X":22,"InkBottle":57,"Ring of the Snake":0,"Potion Belt":3,"Golden Idol":2,"The Courier":183,"Omamori":189,"Medical Kit":188,"White Beast Statue":11,"Peace Pipe":62,"Calling Bell":80,"Ornamental Fan":72,"Bloody Idol":161,"Orrery":58,"Turnip":116,"Art of War":80,"Bottled Lightning":24,"Membership Card":163,"Toy Ornithopter":17},{"Ice Cream":57,"Calipers":823,"CeramicFish":996,"HoveringKite":124,"Vajra":558,"Ginger":599,"Whetstone":611,"Bottled Tornado":309,"Blood Vial":722,"Sozu":746,"Sundial":249,"DollysMirror":699,"Strawberry":637,"Prayer Wheel":755,"Kunai":183,"Toxic Egg 2":643,"Happy Flower":68,"Astrolabe":533,"Oddly Smooth Stone":696,"Eternal Feather":781,"War Paint":1131,"Question Card":574,"Bottled Flame":94,"Shuriken":599,"Bronze Scales":206,"MutagenicStrength":843,"Bird Faced Urn":1121,"Molten Egg 2":801,"Black Star":79,"StrikeDummy":100,"Unceasing Top":1141,"Meat on the Bone":500,"Pocketwatch":722,"Darkstone Periapt":1075,"Regal Pillow":206,"Torii":183,"Singing Bowl":676,"Enchiridion":435,"StoneCalendar":1281,"Juzu Bracelet":766,"Ancient Tea Set":5,"Empty Cage":621,"ClockworkSouvenir":234,"Tough Bandages":94,"Nunchaku":521,"Matryoshka":750,"WristBlade":661,"Mummified Hand":652,"Ninja Scroll":996,"Pantograph":57,"Gambling Chip":1176,"Tiny Chest":94,"WingedGreaves":500,"Red Mask":329,"Chemical X":129,"InkBottle":364,"Ring of the Snake":0,"Potion Belt":9,"Golden Idol":5,"The Courier":1085,"Omamori":1121,"Medical Kit":1117,"White Beast Statue":57,"Peace Pipe":387,"Calling Bell":500,"Ornamental Fan":459,"Bloody Idol":873,"Orrery":367,"Turnip":676,"Art of War":500,"Bottled Lightning":139,"Membership Card":899,"Toy Ornithopter":100}],"Ring of the Snake":[444]},"card_choices":[{"not_picked":["Slice","Prepared"],"picked":"Blur","floor":1},{"not_picked":["Acrobatics","Flying Knee"],"picked":"Quick Slash","floor":3},{"not_picked":["Deflect","Riddle With Holes"],"picked":"Noxious Fumes","floor":4},{"not_picked":["Setup","Blur"],"picked":"Dagger Throw","floor":5},{"not_picked":["Heel Hook","Dagger Throw"],"picked":"Backstab","floor":7},{"not_picked":["After Image","Unload"],"picked":"Envenom","floor":16},{"not_picked":["Underhanded Strike","PiercingWail","Flying Knee+1"],"picked":"SKIP","floor":18},{"not_picked":["PiercingWail","Flying Knee+1"],"picked":"Underhanded Strike","floor":18},{"not_picked":["Endless Agony","Finisher"],"picked":"Cloak And Dagger","floor":19},{"not_picked":["Quick Slash","Underhanded Strike","Reflex"],"picked":"SKIP","floor":21},{"not_picked":["PiercingWail","Bane+1"],"picked":"Blade Dance+1","floor":24},{"not_picked":["Flechettes","Unload","Noxious Fumes+1"],"picked":"Footwork","floor":29},{"not_picked":["Flechettes","Sucker Punch","Predator+1","Flying Knee"],"picked":"SKIP","floor":30},{"not_picked":["A Thousand Cuts","Storm of Steel","Bullet Time"],"picked":"Corpse Explosion","floor":33},{"not_picked":["Terror","Outmaneuver","Caltrops","Flying Knee+1"],"picked":"SKIP","floor":35},{"not_picked":["Acrobatics","Concentrate+1","Flechettes"],"picked":"Blade Dance","floor":36},{"not_picked":["All Out Attack","Distraction","Acrobatics+1"],"picked":"Cloak And Dagger+1","floor":42},{"not_picked":["Acrobatics","Prepared","Cloak And Dagger+1"],"picked":"Calculated Gamble+1","floor":44},{"not_picked":["Acrobatics","Flechettes+1","PiercingWail"],"picked":"Escape Plan+1","floor":46},{"not_picked":["Flying Knee+1","Blur+1","Concentrate+1"],"picked":"Tools of the Trade","floor":47},{"not_picked":["Cloak And Dagger","Acrobatics","PiercingWail+1"],"picked":"Blur+1","floor":48}],"player_experience":748372,"relics_obtained":[{"floor":9,"key":"Happy Flower"},{"floor":22,"key":"Bronze Scales"},{"floor":26,"key":"Question Card"},{"floor":42,"key":"StoneCalendar"},{"floor":43,"key":"Mummified Hand"}],"event_choices":[{"cards_removed":["Strike_G"],"damage_healed":0,"gold_gain":0,"player_choice":"Card Removal","damage_taken":0,"max_hp_gain":0,"max_hp_loss":0,"event_name":"The Cleric","floor":2,"gold_loss":50},{"cards_removed":["Strike_G"],"damage_healed":0,"gold_gain":0,"player_choice":"Forget","damage_taken":0,"max_hp_gain":0,"max_hp_loss":0,"event_name":"Living Wall","floor":11,"gold_loss":0},{"damage_healed":0,"gold_gain":0,"cards_transformed":["Strike_G"],"player_choice":"Transformed","damage_taken":0,"max_hp_gain":0,"max_hp_loss":0,"event_name":"Transmorgrifier","floor":12,"gold_loss":0,"cards_obtained":["Dagger Throw"]},{"damage_healed":0,"gold_gain":0,"player_choice":"Ignored","damage_taken":0,"max_hp_gain":0,"max_hp_loss":0,"event_name":"N\u0027loth","floor":27,"gold_loss":0},{"damage_healed":0,"gold_gain":0,"player_choice":"Ignored","damage_taken":0,"max_hp_gain":0,"max_hp_loss":0,"event_name":"Ghosts","floor":31,"gold_loss":0},{"cards_removed":["Dagger Throw"],"damage_healed":0,"gold_gain":0,"player_choice":"Removed Attack","damage_taken":0,"max_hp_gain":0,"max_hp_loss":0,"event_name":"Falling","floor":38,"gold_loss":0},{"damage_healed":0,"gold_gain":0,"player_choice":"Max HP","damage_taken":0,"max_hp_gain":0,"max_hp_loss":4,"event_name":"Winding Halls","floor":41,"gold_loss":0},{"damage_healed":0,"gold_gain":0,"player_choice":"Fight","damage_taken":0,"max_hp_gain":0,"max_hp_loss":0,"event_name":"MindBloom","floor":42,"gold_loss":0}],"is_beta":false,"boss_relics":[{"not_picked":["Philosopher\u0027s Stone","Astrolabe"],"picked":"HoveringKite"},{"not_picked":["Fusion Hammer","Runic Pyramid","Velvet Choker"]}],"items_purged_floors":[20,37],"is_endless":false,"potions_floor_spawned":[1,7,19,30,33,36,42,44,48],"killed_by":"Time Eater","ascension_level":0}}