{"host":"a1eatafr7pisesky","time":1611241262,"event":{"mods":["AchievementEnabler","BaseMod","Colored Map","Keyboard Shortcuts","Minty Spire (QoL Compilation)","Say the Spire","StSLib","SuperFastMode","everything is the same but u backflip on backflip"],"gold_per_floor":[111,111,128,128,3,34,34,34,34],"floor_reached":8,"language":"KOR","playtime":170,"items_purged":["Strike_G"],"score":81,"play_id":"6d6b327f-e214-44bf-82ee-6ae585913420","local_time":"20210122000102","is_ascension_mode":true,"campfire_choices":[{"floor":7.0,"key":"REST"}],"circlet_count":0,"master_deck":["AscendersBane","Strike_G+1","Strike_G","Strike_G+1","Defend_G","Defend_G","Defend_G","Defend_G","Defend_G","Survivor","Neutralize+1","Corpse Explosion","Calculated Gamble"],"relics":["Ring of the Snake","Whetstone"],"acts_visited":["Exordium"],"potions_floor_usage":[8,8],"damage_taken":[{"damage":2.0,"enemies":"Cultist","floor":1.0,"turns":4.0},{"damage":9.0,"enemies":"Jaw Worm","floor":3.0,"turns":4.0},{"damage":47.0,"enemies":"Gremlin Nob","floor":6.0,"turns":6.0},{"damage":31,"enemies":"Lagavulin","floor":8,"turns":5}],"seed_played":"-7520244987948308597","potions_obtained":[{"floor":1.0,"key":"Explosive Potion"},{"floor":3.0,"key":"Block Potion"},{"floor":6.0,"key":"FearPotion"}],"is_trial":false,"path_per_floor":["M","?","M","?","$","E","R","E"],"character_chosen":"THE_SILENT","items_purchased":["SkillPotion"],"campfire_rested":1,"item_purchase_floors":[5],"current_hp_per_floor":[61,61,52,52,52,5,23,0,0],"gold":34,"neow_bonus":"THREE_RARE_CARDS","is_daily":false,"chose_seed":false,"campfire_upgraded":0,"win_rate":0.0,"timestamp":1611241262,"path_taken":["M","?","?","?","$","E","R","E"],"items_purchased_type":["Potion"],"build_version":"2020-12-22","purchased_purges":1,"victory":false,"max_hp_per_floor":[63,63,63,63,63,63,63,63,63],"card_choices":[{"not_picked":["Storm of Steel","Bullet Time"],"picked":"Corpse Explosion","floor":0.0},{"not_picked":["Blur","Flying Knee","Expertise"],"picked":"SKIP","floor":1.0},{"not_picked":["Accuracy","All Out Attack","Slice"],"picked":"SKIP","floor":3.0},{"not_picked":["Deadly Poison","Reflex"],"picked":"Calculated Gamble","floor":6.0}],"player_experience":336669,"relics_obtained":[{"floor":6.0,"key":"Whetstone"}],"event_choices":[{"damage_healed":0.0,"max_hp_gain":0.0,"max_hp_loss":0.0,"gold_gain":0.0,"event_name":"Upgrade Shrine","player_choice":"Upgraded","floor":2.0,"gold_loss":0.0,"damage_taken":0.0,"cards_upgraded":["Neutralize"]},{"cards_removed":["Strike_G"],"damage_healed":0.0,"max_hp_gain":0.0,"max_hp_loss":0.0,"gold_gain":0.0,"event_name":"Living Wall","player_choice":"Forget","floor":4.0,"gold_loss":0.0,"damage_taken":0.0}],"is_beta":false,"boss_relics":[],"items_purged_floors":[5],"is_endless":false,"potions_floor_spawned":[1,3,6],"killed_by":"Lagavulin","ascension_level":10}}