{"host":"niv6bi8ufjzyofbf","time":1611245396,"event":{"mods":["ATMod(∞¢Ë™Mod)","Act Like it!","BaseMod","Colored Powertips","Conspire","Gensokyo","Hermit","Mad Scientist","Marisa£®ÏF”Í°°ƒß¿Ì…≥£©","Minty Spire (QoL Compilation)","Quick Restart","Rare Cards Sparkle","Reimu£®≤©¿ˆ¡È√Œ£©","Replay The Spire","Ryuuou¡˙Õı","Shop Mod","Spicy Shops","StSLib","SuperFastMode","The Cursed","The Servant 0.9.4","Youmu£®ªÍ∆«—˝√Œ£©","°æ“≈ŒÔø®≈∆°øREMEMod","≤–¡Ù÷ÆŒÔ"],"gold_per_floor":[19,19,119,23333,23345,23371,21954,21954,21954,21986,21986,22036,20985,21012,21012,21136,21136,21155,20215,20246,20246,20171,20202,20202,20249,20275,20275,19259,19384,19454,19505,19505,19703,19703,19868,19877,19877,19922,18721,18778,18891,18978,18978,17606,17606,17606,19653,18204,18204,18204,18204,21441,21441,21450,20289,20396,22460],"floor_reached":58,"language":"ZHS","playtime":1861,"items_purged":["PlaceholderMod:BaseDefend","PlaceholderMod:BaseDefend","Regret","PlaceholderMod:BaseDefend+1","PlaceholderMod:BaseStrike+1","PlaceholderMod:BaseStrike+1","PlaceholderMod:BaseStrike+1","PlaceholderMod:BaseStrike+1","PlaceholderMod:BaseStrike+1","PlaceholderMod:Stable+1"],"score":1748,"play_id":"8dd007bf-200d-46df-9c6d-d99cac6eaf7b","local_time":"20210122000956","is_ascension_mode":true,"campfire_choices":[{"floor":8,"key":"RECALL"},{"data":"PlaceholderMod:Activation","floor":11,"key":"SMITH"},{"data":"PlaceholderMod:Stable","floor":15,"key":"SMITH"},{"data":"PlaceholderMod:Stable","floor":24,"key":"SMITH"},{"floor":32,"key":"REST"},{"floor":49,"key":"REST"},{"floor":51,"key":"REST"},{"floor":54,"key":"REST"}],"circlet_count":0,"master_deck":["PlaceholderMod:PoisonWhip+1","PlaceholderMod:Activation+1","PlaceholderMod:MultipleOxi+1","PlaceholderMod:PoisonAbsorb+1","PlaceholderMod:Stable+1","PlaceholderMod:Colorful+1","Survey Options+1","PlaceholderMod:RadicalHit+1","Panache+1","Secret Technique+1","REME_WheelOfFate+1","PlaceholderMod:Break+1","PlaceholderMod:Colorful+1","PlaceholderMod:PericyclicReaction+1","PlaceholderMod:PericyclicReaction+1","PlaceholderMod:FastReaction+1","PlaceholderMod:MultipleOxi+1","PlaceholderMod:Eat+1","PlaceholderMod:SelfCoupling+1","Ryuuou:NotRegret+1","PlaceholderMod:HighConcentration+1","PlaceholderMod:Colorful+1","PlaceholderMod:BlastSpray+1"],"relics":["PlaceholderMod:Tancle","REME_ComplimentaryCards","AT_ATBox","Mercury Hourglass","REME_LimitBreaker","Replay:WaspNest","TheAbacus","Sling","AT_SpeedBoots","AT_EbonyIvory","REME_ArchaeologicalTools","ReplayTheSpireMod:ShopPack","AT_BellDemon","AT_RedTearstoneRing","Pen Nib","CeramicFish","Cauldron","Regal Pillow","Happy Flower","PlaceholderMod:LiveLive","AT_ForceNature","conspire:Dentures","Dream Catcher","Anchor","Frozen Eye","DollysMirror","AT_DeathDance","PlaceholderMod:DeVermisMysteriis","Omamori","Pet Ghost","ReplayTheSpireMod:TigerMarble","AT_RabadonDeathcap","AT_ArchangelStaff","Chemical X","AT_MibuBalloonWealth","REME_HandOfSuture","Bronze Scales","Replay:PocketPolymizer","AT_Manta","Replay:Bottled Eggs","MealTicket","SlaversCollar","Blood Vial","Orichalcum","Divine Protection","Bag of Marbles","AT_ChloranthyRing","Mastiff:ReiMu","REME_OnlineShoppingPlatform","RuthlessExorcism:ReiMu","Medical Kit","AT_BladeRuinedKing","Toy Ornithopter","Bag of Preparation","Bottled Flame","AT_SilvercatRing","Lantern","REME_HourglassOfDeath","Oddly Smooth Stone","InkBottle","REME_CardOfGreed","Guide Book","Darkstone Periapt","REME_PuzzleBoxRelic","Replay:Baseball","PlaceholderMod:FlatBlood","Whetstone","War Paint","Replay:Bandana","Centennial Puzzle","PlaceholderMod:SlimeBlood","Blue Doll","Art of War","HandDrill","Toolbox","Eternal Feather"],"acts_visited":["Exordium","TheCity","TheBeyond","TheEnding"],"potions_floor_usage":[10,18,20,20,20,25,25,29,33],"damage_taken":[{"damage":8,"enemies":"Small Slimes","floor":1,"turns":2},{"damage":0,"enemies":"Jaw Worm","floor":4,"turns":1},{"damage":0,"enemies":"Cultist","floor":5,"turns":3},{"damage":18,"enemies":"Lagavulin","floor":6,"turns":3},{"damage":13,"enemies":"3 Sentries","floor":10,"turns":3},{"damage":0,"enemies":"3 Louse","floor":12,"turns":2},{"damage":0,"enemies":"2 Fungi Beasts","floor":14,"turns":1},{"damage":19,"enemies":"Hexaghost","floor":16,"turns":3},{"damage":28,"enemies":"Shell Parasite","floor":18,"turns":3},{"damage":0,"enemies":"Spheric Guardian","floor":20,"turns":1},{"damage":9,"enemies":"Book of Stabbing","floor":23,"turns":2},{"damage":7,"enemies":"Gremlin Leader","floor":25,"turns":2},{"damage":3,"enemies":"Slavers","floor":29,"turns":2},{"damage":0,"enemies":"Centurion and Healer","floor":30,"turns":1},{"damage":0,"enemies":"Snake Plant","floor":31,"turns":1},{"damage":0,"enemies":"Collector","floor":33,"turns":2},{"damage":0,"enemies":"3 Darklings","floor":35,"turns":1},{"damage":0,"enemies":"Orb Walker","floor":38,"turns":1},{"damage":0,"enemies":"Writhing Mass","floor":40,"turns":1},{"damage":0,"enemies":"Reptomancer","floor":41,"turns":1},{"damage":0,"enemies":"Jaw Worm Horde","floor":42,"turns":1},{"damage":0,"enemies":"Transient","floor":47,"turns":1},{"damage":0,"enemies":"Awakened One","floor":52,"turns":2},{"damage":0,"enemies":"Shield and Spear","floor":56,"turns":1},{"damage":0,"enemies":"The Heart","floor":57,"turns":2}],"seed_played":"-3937352810231881216","potions_obtained":[{"floor":6,"key":"Energy Potion"},{"floor":13,"key":"MagicPotion:ReiMu"},{"floor":13,"key":"FairyPotion"},{"floor":13,"key":"Ancient Potion"},{"floor":20,"key":"Swift Potion"},{"floor":30,"key":"SkillPotion"},{"floor":35,"key":"PlaceholderMod:PlaceholderPotion"}],"is_trial":false,"path_per_floor":["M","?","?","M","M","E","$","R","T","E","R","M","$","M","R","B",null,"M","$","M","?","?","E","R","E","T","T","$","E","M","M","R","B",null,"M","?","?","M","$","M","E","M","T","$","PTL","PTL","M","$","R","T","R","B",null,"R","$","E","B",null],"character_chosen":"THE_PLACEHOLDER","items_purchased":["REME_LimitBreaker","Replay:WaspNest","TheAbacus","Sling","AT_SpeedBoots","AT_EbonyIvory","PlaceholderMod:Stable","PlaceholderMod:Colorful","Survey Options","ReplayTheSpireMod:ShopPack","AT_BellDemon","AT_RedTearstoneRing","Pen Nib","CeramicFish","Cauldron","PlaceholderMod:Break","PlaceholderMod:Colorful","conspire:Dentures","Dream Catcher","Anchor","Frozen Eye","SkillPotion","AttackPotion","DollysMirror","AT_ArchangelStaff","Chemical X","AT_MibuBalloonWealth","REME_HandOfSuture","Bronze Scales","FairyPotion","Energy Potion","AT_ChloranthyRing","Mastiff:ReiMu","REME_OnlineShoppingPlatform","RuthlessExorcism:ReiMu","Medical Kit","AT_BladeRuinedKing","Lantern","REME_HourglassOfDeath","Oddly Smooth Stone","InkBottle","REME_CardOfGreed","PlaceholderMod:HighConcentration","Guide Book","REME_PuzzleBoxRelic","Replay:Baseball","PlaceholderMod:FlatBlood","Whetstone","War Paint","PlaceholderMod:Colorful","PlaceholderMod:SlimeBlood","Blue Doll","Art of War","HandDrill","Toolbox"],"campfire_rested":4,"item_purchase_floors":[7,7,7,7,7,7,7,7,7,13,13,13,13,13,13,13,13,19,19,19,19,19,19,19,28,28,28,28,28,28,28,39,39,39,39,39,39,44,44,44,44,44,44,44,48,48,48,48,48,48,55,55,55,55,55],"current_hp_per_floor":[70,54,54,54,54,36,36,36,36,23,23,23,23,23,23,4,78,50,50,54,54,54,45,45,38,38,38,38,35,43,55,78,78,78,78,78,77,78,78,78,78,78,78,78,78,78,78,78,78,78,78,78,78,78,78,78,78],"gold":22460,"neow_bonus":"TRANSFORM_TWO_CARDS","is_daily":false,"chose_seed":false,"campfire_upgraded":3,"win_rate":0.0,"timestamp":1611245396,"path_taken":["M","?","?","?","M","E","$","R","T","E","R","M","$","M","R","BOSS","M","$","M","?","?","E","R","E","T","?","$","E","M","M","R","BOSS","M","?","?","M","$","M","E","?","T","?","PTL","PTL","?","$","R","?","R","BOSS","R","$","E","BOSS"],"items_purchased_type":["Relic","Relic","Relic","Relic","Relic","Relic","Card","Card","Card","Relic","Relic","Relic","Relic","Relic","Relic","Card","Card","Relic","Relic","Relic","Relic","Potion","Potion","Relic","Relic","Relic","Relic","Relic","Relic","Potion","Potion","Relic","Relic","Relic","Relic","Relic","Relic","Relic","Relic","Relic","Relic","Relic","Card","Relic","Relic","Relic","Relic","Relic","Relic","Card","Relic","Relic","Relic","Relic","Relic"],"build_version":"2020-12-22","purchased_purges":10,"victory":true,"max_hp_per_floor":[78,78,78,78,78,78,78,78,78,78,78,78,78,78,78,78,78,78,78,78,78,78,78,78,78,78,78,78,78,78,78,78,78,78,78,78,78,78,78,78,78,78,78,78,78,78,78,78,78,78,78,78,78,78,78,78,78],"card_choices":[{"not_picked":["PlaceholderMod:UnpureUse","PlaceholderMod:EnergyAbsorb"],"picked":"PlaceholderMod:PoisonAbsorb","floor":1},{"not_picked":["PlaceholderMod:SprayAttack","PlaceholderMod:Break","PlaceholderMod:PoisonBlast"],"picked":"SKIP","floor":4},{"not_picked":["PlaceholderMod:ThreeBenzyolStart","PlaceholderMod:Turn","PlaceholderMod:ParasiteChange"],"picked":"SKIP","floor":5},{"not_picked":["PlaceholderMod:OHStrongAttack","PlaceholderMod:Polyp"],"picked":"PlaceholderMod:Stable","floor":6},{"not_picked":["PlaceholderMod:Internalization","PlaceholderMod:HealingAttack","PlaceholderMod:OHStrongAttack"],"picked":"SKIP","floor":10},{"not_picked":["PlaceholderMod:NearChange","PlaceholderMod:Corrosion"],"picked":"PlaceholderMod:RadicalHit","floor":12},{"not_picked":["Secret Technique","ReplayTheSpireMod:Necrogeddon"],"picked":"Panache","floor":13},{"not_picked":["Mind Blast","REME_Flogging"],"picked":"Secret Technique","floor":13},{"not_picked":["Replay:Bootleg Shield Generator","Forethought"],"picked":"REME_WheelOfFate","floor":13},{"not_picked":["PlaceholderMod:DirectingGroup","PlaceholderMod:Sweep","PlaceholderMod:Polyp"],"picked":"SKIP","floor":14},{"not_picked":["PlaceholderMod:AbsorbTouch","PlaceholderMod:ReactionCatalyze"],"picked":"PlaceholderMod:PericyclicReaction","floor":16},{"not_picked":["PlaceholderMod:Stable","PlaceholderMod:SeverePoisonStrike","PlaceholderMod:AngryAttack"],"picked":"SKIP","floor":18},{"not_picked":["PlaceholderMod:SevereHeat","PlaceholderMod:StressReaction"],"picked":"PlaceholderMod:FastReaction+1","floor":20},{"not_picked":["PlaceholderMod:Turn","PlaceholderMod:DiffusionChemical","PlaceholderMod:CrystallizationStrike"],"picked":"SKIP","floor":23},{"not_picked":["PlaceholderMod:ConsolidateHit+1","PlaceholderMod:DirectingGroup"],"picked":"PlaceholderMod:MultipleOxi","floor":25},{"not_picked":["PlaceholderMod:StressReaction","PlaceholderMod:TriggerStrike+1"],"picked":"PlaceholderMod:Eat","floor":29},{"not_picked":["PlaceholderMod:SevereHeat","PlaceholderMod:HardStrike","PlaceholderMod:Turn"],"picked":"SKIP","floor":30},{"not_picked":["PlaceholderMod:SprayAttack","PlaceholderMod:DissolvingSpikes","PlaceholderMod:Sweep"],"picked":"SKIP","floor":31},{"not_picked":["PlaceholderMod:CorePoison","PlaceholderMod:Inner"],"picked":"PlaceholderMod:SelfCoupling","floor":33},{"not_picked":["PlaceholderMod:Break+1","PlaceholderMod:ThreeBenzyolStart+1","PlaceholderMod:StrongAcid"],"picked":"SKIP","floor":35},{"not_picked":["PlaceholderMod:InnerStable","PlaceholderMod:StrongAcid","PlaceholderMod:HardStinger+1"],"picked":"SKIP","floor":38},{"not_picked":["PlaceholderMod:Stable","PlaceholderMod:SprayAttack","PlaceholderMod:SpinBlade"],"picked":"SKIP","floor":40},{"not_picked":["PlaceholderMod:HornyBlast","PlaceholderMod:SelectReaction+1","PlaceholderMod:ConsolidateHit+1"],"picked":"SKIP","floor":41},{"not_picked":["PlaceholderMod:AttackAsDefend+1","PlaceholderMod:PoisonAbsorb","PlaceholderMod:StressReaction+1"],"picked":"SKIP","floor":42},{"not_picked":["PlaceholderMod:DirectingGroup","PlaceholderMod:Polyp","PlaceholderMod:SubstitutionNucleophilic1"],"picked":"SKIP","floor":47},{"not_picked":["PlaceholderMod:Hard+1","PlaceholderMod:HardStinger"],"picked":"PlaceholderMod:BlastSpray","floor":54},{"not_picked":["PlaceholderMod:NearChange","PlaceholderMod:Internalization","PlaceholderMod:EvolutionSpray"],"picked":"SKIP","floor":56}],"player_experience":579114,"relics_obtained":[{"floor":6,"key":"Mercury Hourglass"},{"floor":10,"key":"REME_ArchaeologicalTools"},{"floor":14,"key":"Regal Pillow"},{"floor":16,"key":"Happy Flower"},{"floor":18,"key":"AT_ForceNature"},{"floor":20,"key":"AT_DeathDance"},{"floor":23,"key":"PlaceholderMod:DeVermisMysteriis"},{"floor":23,"key":"Omamori"},{"floor":25,"key":"Pet Ghost"},{"floor":26,"key":"ReplayTheSpireMod:TigerMarble"},{"floor":27,"key":"AT_RabadonDeathcap"},{"floor":29,"key":"Replay:PocketPolymizer"},{"floor":29,"key":"AT_Manta"},{"floor":30,"key":"Replay:Bottled Eggs"},{"floor":31,"key":"MealTicket"},{"floor":35,"key":"Divine Protection"},{"floor":38,"key":"Bag of Marbles"},{"floor":41,"key":"Toy Ornithopter"},{"floor":41,"key":"Bag of Preparation"},{"floor":42,"key":"Bottled Flame"},{"floor":43,"key":"AT_SilvercatRing"},{"floor":47,"key":"Darkstone Periapt"},{"floor":50,"key":"Replay:Bandana"},{"floor":56,"key":"Eternal Feather"}],"event_choices":[{"damage_healed":0,"gold_gain":0,"player_choice":"Entered Light","damage_taken":16,"max_hp_gain":0,"max_hp_loss":0,"event_name":"Shining Light","floor":2,"gold_loss":0,"cards_upgraded":["PlaceholderMod:MultipleOxi","PlaceholderMod:BaseStrike"]},{"damage_healed":0,"gold_gain":100,"player_choice":"Pray","damage_taken":0,"max_hp_gain":0,"max_hp_loss":0,"event_name":"Golden Shrine","floor":3,"gold_loss":0},{"damage_healed":0,"gold_gain":0,"player_choice":"Simplicity","damage_taken":0,"max_hp_gain":0,"max_hp_loss":0,"event_name":"Back to Basics","floor":21,"gold_loss":0,"cards_upgraded":["PlaceholderMod:BaseStrike","PlaceholderMod:BaseStrike","PlaceholderMod:BaseStrike","PlaceholderMod:BaseStrike","PlaceholderMod:BaseDefend"]},{"cards_removed":["PlaceholderMod:Crystal"],"damage_healed":0,"gold_gain":0,"player_choice":"Gave Gold","damage_taken":0,"max_hp_gain":0,"max_hp_loss":0,"event_name":"Beggar","floor":22,"gold_loss":75},{"damage_healed":0,"gold_gain":0,"player_choice":"Punched","damage_taken":3,"max_hp_gain":0,"max_hp_loss":0,"event_name":"Designer","floor":37,"gold_loss":0}],"is_beta":false,"boss_relics":[{"not_picked":["REME_LowDesire","AT_TrinityForce"],"picked":"PlaceholderMod:LiveLive"},{"not_picked":["Ring of Chaos","Replay:Drink Me"],"picked":"SlaversCollar"}],"items_purged_floors":[7,13,19,28,39,39,44,48,48,55],"is_endless":false,"potions_floor_spawned":[4,6,14,16,18,20,29,30,35,41],"ascension_level":2}}