{"host":"j4g6ia6asvpyu2b0","time":1611233590,"event":{"mods":["BaseMod","Colored Map","Minty Spire (QoL Compilation)","Permanent Neow","Quick Restart","Relic Stats","StSLib","Unceasing Turn Reminder"],"gold_per_floor":[110,60,135,135,150,185,185,215,215,225,243,243,243,278,278,353,353,364,383,401,89,89,117,117,128,128,162,77,77,109,124,124,198,198,209,309,113,126,142,169,180,191,269,282,313,313,330,363,363,363,363,363,61,94,94],"floor_reached":56,"language":"ENG","playtime":3228,"items_purged":["Strike_G","Strike_G","Strike_G"],"score":2094,"play_id":"ab2abe74-0077-4164-912e-047a09be015e","local_time":"20210121055310","is_ascension_mode":true,"campfire_choices":[{"floor":7.0,"key":"REST"},{"data":"Deadly Poison","floor":12.0,"key":"SMITH"},{"data":"Footwork","floor":15.0,"key":"SMITH"},{"data":"Tools of the Trade","floor":24.0,"key":"SMITH"},{"data":"Noxious Fumes","floor":29.0,"key":"SMITH"},{"data":"1","floor":32.0,"key":"LIFT"},{"data":"Footwork","floor":46,"key":"SMITH"},{"floor":49,"key":"RECALL"},{"data":"2","floor":52,"key":"LIFT"}],"circlet_count":0,"master_deck":["AscendersBane","Defend_G","Defend_G","Defend_G","Defend_G+1","Defend_G","Survivor","Neutralize","Dagger Throw","All Out Attack+1","Deadly Poison+1","Poisoned Stab","Quick Slash","Footwork+1","Tools of the Trade+1","Dagger Spray+1","Noxious Fumes+1","Underhanded Strike","Finesse","Backflip+1","Footwork+1","Flying Knee","Crippling Poison+1","Blur","Backflip+1","Dodge and Roll","Madness+1","Caltrops","Predator","Wraith Form v2"],"relics":["Black Star","Eternal Feather","Potion Belt","Singing Bowl","Meat on the Bone","White Beast Statue","Smiling Mask","Art of War","Runic Pyramid","Mercury Hourglass","Bag of Marbles","War Paint","Nunchaku","Boot","Juzu Bracelet","StrikeDummy","Girya","Snake Skull","SlaversCollar","PrismaticShard","Darkstone Periapt","Vajra","Mummified Hand","Pen Nib","Centennial Puzzle","Mango","Oddly Smooth Stone","Blood Vial","FossilizedHelix"],"acts_visited":["Exordium","TheCity","TheBeyond","TheEnding"],"potions_floor_usage":[40,42,44,48,55,55,55],"damage_taken":[{"damage":0.0,"enemies":"2 Louse","floor":1.0,"turns":5.0},{"damage":0.0,"enemies":"Jaw Worm","floor":5.0,"turns":7.0},{"damage":36.0,"enemies":"Lagavulin","floor":6.0,"turns":9.0},{"damage":22.0,"enemies":"3 Sentries","floor":8.0,"turns":8.0},{"damage":1.0,"enemies":"Cultist","floor":10.0,"turns":3.0},{"damage":2.0,"enemies":"3 Louse","floor":11.0,"turns":2.0},{"damage":17.0,"enemies":"Lagavulin","floor":14.0,"turns":6.0},{"damage":19.0,"enemies":"Hexaghost","floor":16.0,"turns":9.0},{"damage":0.0,"enemies":"Chosen","floor":18.0,"turns":4.0},{"damage":17.0,"enemies":"Spheric Guardian","floor":19.0,"turns":6.0},{"damage":30.0,"enemies":"Centurion and Healer","floor":20.0,"turns":8.0},{"damage":34.0,"enemies":"Slavers","floor":23.0,"turns":4.0},{"damage":1.0,"enemies":"Shelled Parasite and Fungi","floor":25.0,"turns":6.0},{"damage":1.0,"enemies":"Book of Stabbing","floor":27.0,"turns":6.0},{"damage":0.0,"enemies":"Gremlin Leader","floor":30.0,"turns":4.0},{"damage":17.0,"enemies":"Snake Plant","floor":31.0,"turns":4.0},{"damage":13,"enemies":"Collector","floor":33,"turns":9},{"damage":0,"enemies":"3 Shapes","floor":35,"turns":5},{"damage":0,"enemies":"Orb Walker","floor":38,"turns":4},{"damage":10,"enemies":"Spire Growth","floor":39,"turns":6},{"damage":9,"enemies":"Giant Head","floor":40,"turns":8},{"damage":7,"enemies":"Maw","floor":41,"turns":8},{"damage":24,"enemies":"Transient","floor":42,"turns":5},{"damage":14,"enemies":"Writhing Mass","floor":44,"turns":7},{"damage":4,"enemies":"Nemesis","floor":45,"turns":7},{"damage":6,"enemies":"4 Shapes","floor":47,"turns":6},{"damage":12,"enemies":"Reptomancer","floor":48,"turns":7},{"damage":34,"enemies":"Donu and Deca","floor":50,"turns":10},{"damage":10,"enemies":"Shield and Spear","floor":54,"turns":5},{"damage":72,"enemies":"The Heart","floor":55,"turns":10}],"seed_played":"2598054192483794470","potions_obtained":[{"floor":1.0,"key":"Weak Potion"},{"floor":10.0,"key":"LiquidBronze"},{"floor":11.0,"key":"Block Potion"},{"floor":14.0,"key":"SteroidPotion"},{"floor":16.0,"key":"Explosive Potion"},{"floor":18.0,"key":"Regen Potion"},{"floor":19.0,"key":"Energy Potion"},{"floor":20.0,"key":"PowerPotion"},{"floor":23.0,"key":"LiquidBronze"},{"floor":25.0,"key":"FearPotion"},{"floor":27.0,"key":"LiquidBronze"},{"floor":30.0,"key":"Regen Potion"},{"floor":31.0,"key":"FairyPotion"},{"floor":33,"key":"AttackPotion"},{"floor":35,"key":"LiquidBronze"},{"floor":38,"key":"Energy Potion"},{"floor":39,"key":"PowerPotion"},{"floor":40,"key":"SteroidPotion"},{"floor":42,"key":"SkillPotion"},{"floor":44,"key":"ColorlessPotion"},{"floor":47,"key":"AttackPotion"},{"floor":48,"key":"SkillPotion"},{"floor":54,"key":"Energy Potion"}],"is_trial":false,"path_per_floor":["M","?","?","?","M","E","R","E","T","M","M","R","?","E","R","B",null,"M","M","M","$","?","E","R","M","T","E","?","R","E","M","R","B",null,"M","?","$","M","M","E","M","M","T","M","E","R","M","E","R","B",null,"R","$","E","B",null],"character_chosen":"THE_SILENT","items_purchased":["Mercury Hourglass","PrismaticShard","Oddly Smooth Stone","Caltrops","Predator"],"campfire_rested":1,"item_purchase_floors":[21,37,53,53,53],"current_hp_per_floor":[63,63,52,52,52,16,43,21,21,34,44,53,53,48,57,38,64,64,47,44,44,44,22,34,45,45,44,44,59,61,44,59,48,69,71,71,71,71,61,54,47,37,37,37,47,62,58,62,77,55,92,104,104,94,36],"gold":94,"neow_bonus":"BOSS_RELIC","is_daily":false,"chose_seed":false,"campfire_upgraded":5,"win_rate":0.0,"timestamp":1611233590,"path_taken":["M","?","?","?","?","E","R","E","T","M","M","R","?","E","R","BOSS","M","M","M","$","?","E","R","M","T","E","?","R","E","M","R","BOSS","M","?","?","M","M","E","M","M","T","M","E","R","M","E","R","BOSS","R","$","E","BOSS"],"items_purchased_type":["Relic","Relic","Relic","Card","Card"],"build_version":"2020-12-22","purchased_purges":3,"victory":true,"max_hp_per_floor":[70,70,70,70,70,70,70,70,70,72,72,72,72,72,72,72,72,72,72,72,72,72,72,72,72,72,72,72,72,74,74,74,76,76,78,78,78,78,78,80,80,82,82,84,86,86,88,104,104,104,104,104,104,104,104],"relic_stats":{"Darkstone Periapt":0,"Singing Bowl":20,"counters":[30,188],"Eternal Feather":108,"Snake Skull":[167],"Pen Nib":[6],"Juzu Bracelet":1,"War Paint":["Backflip","Defend_G"],"Smiling Mask":150,"Boot":[17],"Mercury Hourglass":[475],"Blood Vial":2,"Nunchaku":[20],"Centennial Puzzle":[9],"Mummified Hand":[25],"Black Star":10,"Art of War":[27],"obtain_stats":[{"Darkstone Periapt":40,"Singing Bowl":8,"Vajra":40,"Mango":48,"Snake Skull":30,"Juzu Bracelet":27,"Smiling Mask":14,"Boot":27,"PrismaticShard":37,"Blood Vial":54,"Nunchaku":26,"Centennial Puzzle":48,"Mummified Hand":45,"Ring of the Snake":0,"Runic Pyramid":17,"Potion Belt":6,"Girya":30,"Oddly Smooth Stone":53,"Eternal Feather":6,"Pen Nib":45,"War Paint":23,"White Beast Statue":9,"Mercury Hourglass":21,"SlaversCollar":34,"Black Star":0,"Art of War":14,"Bag of Marbles":23,"StrikeDummy":28,"FossilizedHelix":54,"Meat on the Bone":8},{"Darkstone Periapt":21,"Singing Bowl":4,"Vajra":21,"Mango":27,"Snake Skull":15,"Juzu Bracelet":14,"Smiling Mask":7,"Boot":14,"PrismaticShard":18,"Blood Vial":29,"Nunchaku":13,"Centennial Puzzle":27,"Mummified Hand":25,"Ring of the Snake":0,"Runic Pyramid":8,"Potion Belt":3,"Girya":15,"Oddly Smooth Stone":28,"Eternal Feather":3,"Pen Nib":25,"War Paint":12,"White Beast Statue":4,"Mercury Hourglass":11,"SlaversCollar":17,"Black Star":0,"Art of War":7,"Bag of Marbles":12,"StrikeDummy":14,"FossilizedHelix":29,"Meat on the Bone":4},{"Darkstone Periapt":123,"Singing Bowl":29,"Vajra":123,"Mango":163,"Snake Skull":87,"Juzu Bracelet":83,"Smiling Mask":40,"Boot":83,"PrismaticShard":105,"Blood Vial":178,"Nunchaku":77,"Centennial Puzzle":163,"Mummified Hand":150,"Ring of the Snake":0,"Runic Pyramid":49,"Potion Belt":21,"Girya":87,"Oddly Smooth Stone":173,"Eternal Feather":21,"Pen Nib":150,"War Paint":71,"White Beast Statue":29,"Mercury Hourglass":67,"SlaversCollar":100,"Black Star":0,"Art of War":40,"Bag of Marbles":71,"StrikeDummy":83,"FossilizedHelix":178,"Meat on the Bone":29}],"Meat on the Bone":132},"card_choices":[{"not_picked":["Terror","Flying Knee"],"picked":"Dagger Throw","floor":1.0},{"not_picked":["Tactician","Setup"],"picked":"All Out Attack","floor":5.0},{"not_picked":["Dagger Spray","Backstab"],"picked":"Deadly Poison","floor":6.0},{"not_picked":["Underhanded Strike","Deflect"],"picked":"Poisoned Stab","floor":8.0},{"not_picked":["Finisher","Prepared","Underhanded Strike"],"picked":"Singing Bowl","floor":10.0},{"not_picked":["Prepared","Dagger Throw"],"picked":"Quick Slash","floor":11.0},{"not_picked":["Venomology","Outmaneuver"],"picked":"Footwork","floor":14.0},{"not_picked":["Storm of Steel","Die Die Die"],"picked":"Tools of the Trade","floor":16.0},{"not_picked":["Deadly Poison","Sucker Punch"],"picked":"Dagger Spray+1","floor":18.0},{"not_picked":["Sucker Punch+1","Underhanded Strike"],"picked":"Noxious Fumes","floor":19.0},{"not_picked":["Tools of the Trade","Sucker Punch"],"picked":"Underhanded Strike","floor":20.0},{"not_picked":["Backflip+1","Calculated Gamble"],"picked":"Footwork","floor":23.0},{"not_picked":["Blade Dance","Sucker Punch"],"picked":"Flying Knee","floor":25.0},{"not_picked":["Unload","Backflip"],"picked":"Crippling Poison+1","floor":27.0},{"not_picked":["Poisoned Stab","Terror","Cloak And Dagger"],"picked":"Singing Bowl","floor":30.0},{"not_picked":["Infinite Blades","Dagger Spray"],"picked":"Blur","floor":31.0},{"not_picked":["Doppelganger","Glass Knife","Night Terror"],"picked":"Singing Bowl","floor":33},{"not_picked":["Bane","Quick Slash","Dagger Throw"],"picked":"Singing Bowl","floor":35},{"not_picked":["Swift Strike","Quick Slash"],"picked":"Backflip+1","floor":38},{"not_picked":["SandsOfTime","Cold Snap"],"picked":"Dodge and Roll","floor":39},{"not_picked":["Self Repair","Cleave","Go for the Eyes+1"],"picked":"Singing Bowl","floor":40},{"not_picked":["Mayhem","Bandage Up"],"picked":"Madness+1","floor":41},{"not_picked":["Twin Strike","Prepared","Leap"],"picked":"Singing Bowl","floor":42},{"not_picked":["MentalFortress","Rupture","FollowUp"],"picked":"Singing Bowl","floor":44},{"not_picked":["Mind Blast","MentalFortress","True Grit"],"picked":"Singing Bowl","floor":45},{"not_picked":["Tactician","Infinite Blades","Quick Slash+1"],"picked":"Singing Bowl","floor":47},{"not_picked":["Cloak And Dagger","Sunder","Havoc"],"picked":"Singing Bowl","floor":48},{"not_picked":["EmptyBody","Perseverance"],"picked":"Wraith Form v2","floor":54}],"player_experience":895115,"relics_obtained":[{"floor":6.0,"key":"Eternal Feather"},{"floor":6.0,"key":"Potion Belt"},{"floor":8.0,"key":"Singing Bowl"},{"floor":8.0,"key":"Meat on the Bone"},{"floor":9.0,"key":"White Beast Statue"},{"floor":14.0,"key":"Smiling Mask"},{"floor":14.0,"key":"Art of War"},{"floor":23.0,"key":"Bag of Marbles"},{"floor":23.0,"key":"War Paint"},{"floor":26.0,"key":"Nunchaku"},{"floor":27.0,"key":"Boot"},{"floor":27.0,"key":"Juzu Bracelet"},{"floor":30.0,"key":"Girya"},{"floor":30.0,"key":"Snake Skull"},{"floor":40,"key":"Darkstone Periapt"},{"floor":40,"key":"Vajra"},{"floor":45,"key":"Mummified Hand"},{"floor":45,"key":"Pen Nib"},{"floor":48,"key":"Centennial Puzzle"},{"floor":48,"key":"Mango"},{"floor":54,"key":"Blood Vial"},{"floor":54,"key":"FossilizedHelix"}],"event_choices":[{"cards_removed":["Strike_G"],"damage_healed":0.0,"max_hp_gain":0.0,"max_hp_loss":0.0,"gold_gain":0.0,"event_name":"The Cleric","player_choice":"Card Removal","floor":2.0,"gold_loss":50.0,"damage_taken":0.0},{"damage_healed":0.0,"max_hp_gain":0.0,"max_hp_loss":0.0,"gold_gain":75.0,"event_name":"World of Goop","player_choice":"Gather Gold","floor":3.0,"gold_loss":0.0,"damage_taken":11.0},{"cards_removed":["Strike_G"],"damage_healed":0.0,"max_hp_gain":0.0,"max_hp_loss":0.0,"gold_gain":0.0,"event_name":"Purifier","player_choice":"Purged","floor":4.0,"gold_loss":0.0,"damage_taken":0.0},{"damage_healed":0.0,"max_hp_gain":0.0,"max_hp_loss":0.0,"gold_gain":0.0,"event_name":"Living Wall","player_choice":"Grow","floor":13.0,"gold_loss":0.0,"damage_taken":0.0,"cards_upgraded":["All Out Attack"]},{"damage_healed":0.0,"max_hp_gain":0.0,"max_hp_loss":0.0,"gold_gain":0.0,"event_name":"Match and Keep!","player_choice":"2 cards matched","floor":22.0,"gold_loss":0.0,"damage_taken":0.0,"cards_obtained":["Finesse","Backflip"]},{"damage_healed":0.0,"max_hp_gain":0.0,"max_hp_loss":0.0,"gold_gain":0.0,"event_name":"Addict","player_choice":"Obtained Relic","floor":28.0,"gold_loss":85.0,"damage_taken":0.0,"relics_obtained":["StrikeDummy"]},{"damage_healed":0,"gold_gain":100,"player_choice":"Pray","damage_taken":0,"max_hp_gain":0,"max_hp_loss":0,"event_name":"Golden Shrine","floor":36,"gold_loss":0}],"is_beta":false,"boss_relics":[{"not_picked":["Ectoplasm","Astrolabe"],"picked":"Runic Pyramid"},{"not_picked":["Runic Dome","WristBlade"],"picked":"SlaversCollar"}],"items_purged_floors":[21,37,53],"is_endless":false,"potions_floor_spawned":[1,10,11,14,16,18,19,20,23,25,27,30,31,33,35,38,39,40,41,42,44,45,47,48,54],"ascension_level":13}}