{"host":"appz8zkad29u9482","time":1611213556,"event":{"mods":["2.2 Compatiblity","Act Like it!","Aspiration","BaseMod","Beaked The Cultist","Better Altar","Better Match","Better Note","Better Sensory Stone","Better Skull","Better Third Choice","BetterRewards","CapriCore","Chen","Conspire","Disable Question Mark Monsters","Energized Spire","Gensokyo","GifTheSpireLib","Gold Saver","Halation","Hermit","Hubris","Infinite Spire","Jedi Mod","Marisa????????","Minty Spire (QoL Compilation)","Permanent Neow","Reimu??????","Replay The Spire","Spicy Shops","StSLib","Strawberry Spire","Stuff the Spire","The Administrix","The Bug Knight","The Construct","The Cursed","The Hierophant","The Immortal","The Servant 0.9.4","yUi"],"gold_per_floor":[1590,1590,1091,1061,787,787,810,810,810,834,860,898,898,917,917,1025,1125,1157,1182,1182,632,546,582,582,589,589],"floor_reached":25,"language":"ENG","playtime":1269,"items_purged":["Injury","strawberrySpire:HateBit"],"score":241,"play_id":"251e4bda-f429-4ca8-b6cd-a7482cbafb7d","local_time":"20210120211916","is_ascension_mode":true,"campfire_choices":[{"data":"ReplayTheSpireMod:Calculation Training","floor":6,"key":"SMITH"},{"data":"infinitespire:Execution","floor":8,"key":"SMITH"},{"floor":24,"key":"REST"}],"circlet_count":0,"master_deck":["Strike_B","Strike_B","Strike_B","Strike_B","Defend_B","Defend_B","Defend_B","Defend_B","Zap","Dualcast","hubris:PowerSurge","ReplayTheSpireMod:Calculation Training+1","infinitespire:Execution+1","Defragment+1","StuffTheSpire:FreeRealEstate+1","Redo","Scrape","White Noise","strawberrySpire:GearCrunch","jedi:overflow","ReplayTheSpireMod:Dual Polarity","Darkness+1","StuffTheSpire:ForEach","Hologram","Genetic Algorithm+1","Machine Learning","strawberrySpire:BreederCore","StuffTheSpire:DeathNote","StuffTheSpire:Synthwave","jedi:blockon","Consume","strawberrySpire:Disreguard","Storm"],"relics":["Cracked Core","Prayer Wheel","HollowMod:StagPassRelic","infinitespire:Satchel","Replay:Wax Seal","halation:TwoAmDonut","aspiration:TomeofQuesting","Replay:Wanted Poster","Membership Card","Geode","Ice Cream","jedi:crownofsimplicity","conspire:TreasureMap","FossilizedHelix"],"acts_visited":["Exordium","TheCity"],"potions_floor_usage":[12,14,16,18,23,23,23,23,23,25],"damage_taken":[{"damage":5,"enemies":"2 Louse","floor":1,"turns":3},{"damage":10,"enemies":"Small Slimes","floor":7,"turns":3},{"damage":1,"enemies":"Cultist","floor":10,"turns":3},{"damage":11,"enemies":"3 Louse","floor":11,"turns":3},{"damage":18,"enemies":"3 Sentries","floor":12,"turns":5},{"damage":18,"enemies":"Large Slime","floor":14,"turns":2},{"damage":54,"enemies":"Slime Boss","floor":16,"turns":8},{"damage":24,"enemies":"3 Byrds","floor":18,"turns":4},{"damage":21,"enemies":"Shell Parasite","floor":19,"turns":3},{"damage":9,"enemies":"Slavers","floor":23,"turns":4},{"damage":26,"enemies":"Cultist and Chosen","floor":25,"turns":4}],"seed_played":"-6340082805952047551","potions_obtained":[{"floor":1,"key":"Block Potion"},{"floor":4,"key":"LifebloodPotion"},{"floor":4,"key":"Energy Potion"},{"floor":11,"key":"BlessingOfTheForge"},{"floor":16,"key":"AttackPotion"},{"floor":19,"key":"EntropicBrew"},{"floor":23,"key":"Fire Potion"}],"is_trial":false,"path_per_floor":["M","?","?","?","$","R","M","R","T","M","M","E","?","M","R","B",null,"M","M","?","$","$","E","R","M"],"character_chosen":"DEFECT","items_purchased":["infinitespire:Satchel","Replay:Wax Seal","Defragment","StuffTheSpire:FreeRealEstate","Membership Card","Geode","Ice Cream","StuffTheSpire:Synthwave","jedi:blockon","jedi:crownofsimplicity","Consume","Languid Potion","strawberrySpire:Disreguard","conspire:TreasureMap"],"campfire_rested":1,"item_purchase_floors":[5,5,5,5,21,21,21,21,21,21,21,21,21,22],"current_hp_per_floor":[70,70,70,70,70,70,60,60,60,59,48,30,55,37,59,5,75,51,30,10,10,10,1,23,0,0],"gold":589,"neow_bonus":"ONE_RANDOM_RARE_CARD","is_daily":false,"chose_seed":false,"campfire_upgraded":2,"win_rate":0.0,"timestamp":1611213556,"path_taken":["M","?","?","?","$","R","M","R","T","?","M","E","?","M","R","BOSS","M","M","?","?","$","E","R","M"],"items_purchased_type":["Relic","Relic","Card","Card","Relic","Relic","Relic","Card","Card","Relic","Card","Potion","Card","Relic"],"build_version":"2020-12-22","purchased_purges":2,"victory":false,"max_hp_per_floor":[75,75,75,75,75,75,75,75,75,75,75,75,75,75,75,75,75,75,75,75,75,75,75,75,75,75],"card_choices":[{"not_picked":["Conserve Battery","Skim"],"picked":"hubris:PowerSurge","floor":1},{"not_picked":["strawberrySpire:HateBit","Streamline"],"picked":"ReplayTheSpireMod:Calculation Training","floor":1},{"not_picked":["infinitespire:FinalStrike","infinitespire:DeathsTouch"],"picked":"infinitespire:Execution","floor":3},{"not_picked":["conspire:SharedLibrary","jedi:hex"],"picked":"strawberrySpire:HateBit","floor":7},{"not_picked":["strawberrySpire:SearchEngine","Melter"],"picked":"Redo","floor":7},{"not_picked":["Beam Cell","Hologram"],"picked":"Scrape","floor":10},{"not_picked":["Sweeping Beam","strawberrySpire:NeonFlight"],"picked":"White Noise","floor":10},{"not_picked":["Fusion","strawberrySpire:NeonFlight"],"picked":"strawberrySpire:GearCrunch","floor":11},{"not_picked":["Conserve Battery","Compile Driver","strawberrySpire:DataDump"],"picked":"SKIP","floor":11},{"not_picked":["Amplify","White Noise"],"picked":"jedi:overflow","floor":12},{"not_picked":["Go for the Eyes","jedi:blockon"],"picked":"ReplayTheSpireMod:Dual Polarity","floor":14},{"not_picked":["Leap","Gash"],"picked":"Darkness","floor":14},{"not_picked":["Amplify","Buffer"],"picked":"StuffTheSpire:ForEach","floor":16},{"not_picked":["Sweeping Beam","Turbo+1"],"picked":"Hologram","floor":18},{"not_picked":["strawberrySpire:Disconnect","strawberrySpire:NeonFlight"],"picked":"Genetic Algorithm+1","floor":18},{"not_picked":["strawberrySpire:SearchEngine","Darkness+1"],"picked":"Machine Learning","floor":19},{"not_picked":["strawberrySpire:AngeryBot","Barrage"],"picked":"strawberrySpire:BreederCore","floor":19},{"not_picked":["Gash","Turbo+1"],"picked":"Storm","floor":23}],"player_experience":581304,"relics_obtained":[{"floor":2,"key":"HollowMod:StagPassRelic"},{"floor":9,"key":"halation:TwoAmDonut"},{"floor":12,"key":"aspiration:TomeofQuesting"},{"floor":23,"key":"FossilizedHelix"}],"event_choices":[{"damage_healed":0,"gold_gain":0,"player_choice":"Bought 2 Potions","damage_taken":0,"max_hp_gain":0,"max_hp_loss":0,"event_name":"The Woman in Blue","floor":4,"gold_loss":0},{"damage_healed":25,"gold_gain":0,"player_choice":"Banana","damage_taken":0,"max_hp_gain":0,"max_hp_loss":0,"event_name":"Big Fish","floor":13,"gold_loss":0}],"is_beta":false,"boss_relics":[{"not_picked":["conspire:SlowCooker","halation:SmartPhone"],"picked":"Replay:Wanted Poster"}],"items_purged_floors":[21,22],"is_endless":false,"potions_floor_spawned":[1,7,11,16,19,23],"killed_by":"Cultist and Chosen","ascension_level":2}}