{"host":"1c17lcvl7acx821p","time":1611228151,"event":{"mods":["AchievementEnabler","BaseMod","Colored Map","Minty Spire (QoL Compilation)","StSLib"],"gold_per_floor":[11,11,30,30,46,46,46,46,71,84,118,137,175,190,190,309,309,332,188,12,12,12,12,52,71,123,137,137,152,152,186,186,314,314,328,328,661,716,726,726,457,492,492,525,575,575,575,20,20,20,20,20,20,52,52],"floor_reached":56,"language":"ENG","playtime":2156,"items_purged":["Strike_B","Defend_B","Defend_B"],"score":1644,"play_id":"d476e9ba-ff60-4ede-ac85-c316c23d0214","local_time":"20210121132231","is_ascension_mode":true,"campfire_choices":[{"floor":6.0,"key":"REST"},{"data":"Sunder","floor":8.0,"key":"SMITH"},{"data":"Fission","floor":15.0,"key":"SMITH"},{"data":"Defragment","floor":23.0,"key":"SMITH"},{"floor":28,"key":"REST"},{"data":"Coolheaded","floor":30,"key":"SMITH"},{"data":"Storm","floor":32,"key":"SMITH"},{"floor":40,"key":"DIG"},{"data":"Biased Cognition","floor":46,"key":"SMITH"},{"floor":49,"key":"RECALL"},{"floor":52,"key":"DIG"}],"circlet_count":0,"master_deck":["Strike_B+1","Strike_B+1","Defend_B","Defend_B","Zap","Dualcast","Sunder+1","Auto Shields","Conserve Battery","Go for the Eyes","Coolheaded","FTL","Fission+1","Coolheaded+1","Electrodynamics","Conserve Battery+1","Self Repair","Defragment+1","Leap+1","Storm+1","Machine Learning","Self Repair","White Noise","Creative AI","Biased Cognition+1","Tempest+1","Hologram+1","Core Surge","Double Energy+1","Fusion+1","Capacitor"],"relics":["Cracked Core","Gambling Chip","Whetstone","Prayer Wheel","Akabeko","Nuclear Battery","Enchiridion","Ancient Tea Set","PreservedInsect","Inserter","Shuriken","Shovel","Juzu Bracelet","Medical Kit","Pocketwatch","Omamori","Dream Catcher","Emotion Chip","Mummified Hand","InkBottle","White Beast Statue","Bottled Flame"],"acts_visited":["Exordium","TheCity","TheBeyond","TheEnding"],"potions_floor_usage":[55,55],"damage_taken":[{"damage":6.0,"enemies":"Jaw Worm","floor":1.0,"turns":4.0},{"damage":0.0,"enemies":"Small Slimes","floor":3.0,"turns":3.0},{"damage":1.0,"enemies":"Cultist","floor":5.0,"turns":4.0},{"damage":1.0,"enemies":"Blue Slaver","floor":10.0,"turns":3.0},{"damage":15.0,"enemies":"Lagavulin","floor":11.0,"turns":6.0},{"damage":0.0,"enemies":"Exordium Wildlife","floor":12.0,"turns":4.0},{"damage":3.0,"enemies":"3 Sentries","floor":13.0,"turns":7.0},{"damage":0.0,"enemies":"Lots of Slimes","floor":14.0,"turns":4.0},{"damage":6.0,"enemies":"Slime Boss","floor":16.0,"turns":9.0},{"damage":9.0,"enemies":"Spheric Guardian","floor":18.0,"turns":3.0},{"damage":10,"enemies":"Gremlin Leader","floor":24,"turns":5},{"damage":0,"enemies":"Chosen","floor":25,"turns":4},{"damage":13,"enemies":"Shelled Parasite and Fungi","floor":27,"turns":4},{"damage":0,"enemies":"Snake Plant","floor":29,"turns":2},{"damage":11,"enemies":"Book of Stabbing","floor":31,"turns":3},{"damage":15,"enemies":"Automaton","floor":33,"turns":6},{"damage":0,"enemies":"Orb Walker","floor":35,"turns":2},{"damage":4,"enemies":"2 Orb Walkers","floor":38,"turns":2},{"damage":0,"enemies":"3 Shapes","floor":39,"turns":2},{"damage":38,"enemies":"Giant Head","floor":42,"turns":9},{"damage":9,"enemies":"Reptomancer","floor":44,"turns":3},{"damage":0,"enemies":"Mind Bloom Boss Battle","floor":45,"turns":5},{"damage":37,"enemies":"Donu and Deca","floor":50,"turns":3},{"damage":8,"enemies":"Shield and Spear","floor":54,"turns":3},{"damage":8,"enemies":"The Heart","floor":55,"turns":5}],"seed_played":"-7039745450146091202","potions_obtained":[{"floor":3.0,"key":"SteroidPotion"},{"floor":10.0,"key":"Energy Potion"},{"floor":12.0,"key":"AttackPotion"},{"floor":25,"key":"SteroidPotion"},{"floor":29,"key":"FearPotion"},{"floor":33,"key":"Dexterity Potion"},{"floor":42,"key":"DuplicationPotion"}],"is_trial":false,"path_per_floor":["M","?","M","?","M","R","?","R","T","M","E","M","E","M","R","B",null,"M","$","$","?","$","R","E","M","T","M","R","M","R","E","R","B",null,"M","T","?","?","M","R","$","E","T","E","?","R","?","$","R","B",null,"R","$","E","B",null],"character_chosen":"DEFECT","items_purchased":["Self Repair","Defragment","Medical Kit","Mummified Hand","InkBottle","FocusPotion"],"campfire_rested":2,"item_purchase_floors":[19,20,41,48,48,48],"current_hp_per_floor":[62,44,44,37,36,58,75,75,75,74,59,59,56,56,56,50,69,60,60,60,44,44,44,34,41,41,35,57,64,64,67,67,66,73,75,75,75,75,75,75,75,51,51,56,70,70,70,70,70,47,68,68,68,67,73],"gold":52,"neow_bonus":"ONE_RARE_RELIC","is_daily":false,"chose_seed":false,"campfire_upgraded":6,"win_rate":0.0,"timestamp":1611228151,"path_taken":["M","?","M","?","?","R","?","R","T","M","E","M","E","M","R","BOSS","M","?","$","?","?","R","E","M","T","?","R","M","R","E","R","BOSS","M","?","?","?","M","R","?","E","T","E","?","R","?","?","R","BOSS","R","$","E","BOSS"],"items_purchased_type":["Card","Card","Relic","Relic","Relic","Potion"],"build_version":"2020-12-22","purchased_purges":3,"victory":true,"max_hp_per_floor":[75,75,75,75,75,75,75,75,75,75,75,75,75,75,75,75,75,75,75,75,75,75,75,75,75,75,75,75,75,75,75,75,75,75,75,75,75,75,75,75,75,75,75,75,75,75,75,75,75,75,75,75,75,75,75],"card_choices":[{"not_picked":["Cold Snap","Steam Power"],"picked":"Sunder","floor":1.0},{"not_picked":["Melter","Turbo"],"picked":"Auto Shields","floor":3.0},{"not_picked":["Leap","Steam"],"picked":"Conserve Battery","floor":5.0},{"not_picked":["Streamline","Reprogram"],"picked":"Go for the Eyes","floor":10.0},{"not_picked":["Ball Lightning","Turbo","Rebound"],"picked":"SKIP","floor":11.0},{"not_picked":["Beam Cell","Ball Lightning"],"picked":"Coolheaded","floor":12.0},{"not_picked":["Beam Cell","Gash"],"picked":"FTL","floor":12.0},{"not_picked":["Go for the Eyes","Compile Driver"],"picked":"Fission","floor":13.0},{"not_picked":["Lockon","Compile Driver"],"picked":"Coolheaded","floor":14.0},{"not_picked":["Beam Cell","Go for the Eyes","FTL"],"picked":"SKIP","floor":14.0},{"not_picked":["Reboot","Multi-Cast"],"picked":"Electrodynamics","floor":16.0},{"not_picked":["Consume","Streamline"],"picked":"Conserve Battery+1","floor":18.0},{"not_picked":["Go for the Eyes+1","Conserve Battery","Barrage"],"picked":"SKIP","floor":18.0},{"not_picked":["Steam","Darkness"],"picked":"Leap+1","floor":24},{"not_picked":["Compile Driver+1","Stack"],"picked":"Storm","floor":25},{"not_picked":["Streamline","Rebound","Beam Cell"],"picked":"SKIP","floor":25},{"not_picked":["Redo+1","FTL"],"picked":"Machine Learning","floor":27},{"not_picked":["Leap+1","Rip and Tear"],"picked":"Self Repair","floor":27},{"not_picked":["Redo","Streamline"],"picked":"White Noise","floor":29},{"not_picked":["Streamline","Redo","Stack"],"picked":"SKIP","floor":29},{"not_picked":["Ball Lightning","Sweeping Beam"],"picked":"Creative AI","floor":31},{"not_picked":["Meteor Strike","Rainbow"],"picked":"Biased Cognition","floor":33},{"not_picked":["Conserve Battery+1","Sweeping Beam"],"picked":"Tempest+1","floor":35},{"not_picked":["Leap+1","Coolheaded","Ball Lightning+1"],"picked":"SKIP","floor":35},{"not_picked":["Sweeping Beam+1","Turbo+1"],"picked":"Hologram+1","floor":38},{"not_picked":["Stack+1","Fusion","Leap+1"],"picked":"SKIP","floor":39},{"not_picked":["Coolheaded","Ball Lightning+1","Cold Snap+1"],"picked":"SKIP","floor":39},{"not_picked":["Capacitor","Compile Driver"],"picked":"Core Surge","floor":42},{"not_picked":["Machine Learning","Melter"],"picked":"Double Energy+1","floor":44},{"not_picked":["Conserve Battery+1","Rebound+1"],"picked":"Fusion+1","floor":45},{"not_picked":["Steam Power","Doom and Gloom"],"picked":"Capacitor","floor":54}],"player_experience":164462,"relics_obtained":[{"floor":9.0,"key":"Whetstone"},{"floor":11.0,"key":"Prayer Wheel"},{"floor":13.0,"key":"Akabeko"},{"floor":21.0,"key":"Enchiridion"},{"floor":24,"key":"Ancient Tea Set"},{"floor":31,"key":"PreservedInsect"},{"floor":36,"key":"Shuriken"},{"floor":38,"key":"Shovel"},{"floor":40,"key":"Juzu Bracelet"},{"floor":42,"key":"Pocketwatch"},{"floor":43,"key":"Omamori"},{"floor":44,"key":"Dream Catcher"},{"floor":45,"key":"Emotion Chip"},{"floor":52,"key":"White Beast Statue"},{"floor":54,"key":"Bottled Flame"}],"event_choices":[{"damage_healed":0.0,"max_hp_gain":0.0,"max_hp_loss":0.0,"gold_gain":0.0,"event_name":"Golden Idol","player_choice":"Take Damage","floor":2.0,"gold_loss":0.0,"damage_taken":18.0,"relics_obtained":["Golden Idol"]},{"cards_removed":["Strike_B"],"damage_healed":0.0,"max_hp_gain":0.0,"max_hp_loss":0.0,"gold_gain":0.0,"event_name":"Golden Wing","player_choice":"Card Removal","floor":4.0,"gold_loss":0.0,"damage_taken":7.0},{"damage_healed":17.0,"max_hp_gain":0.0,"max_hp_loss":0.0,"gold_gain":0.0,"event_name":"Wheel of Change","player_choice":"Full Heal","floor":7.0,"gold_loss":0.0,"damage_taken":0.0},{"damage_healed":0.0,"max_hp_gain":0.0,"max_hp_loss":0.0,"gold_gain":0.0,"event_name":"Cursed Tome","player_choice":"Obtained Book","floor":21.0,"gold_loss":0.0,"damage_taken":16.0},{"damage_healed":0,"gold_gain":333,"player_choice":"Gave Idol","damage_taken":0,"max_hp_gain":0,"max_hp_loss":0,"event_name":"The Moai Head","floor":37,"relics_lost":["Golden Idol"],"gold_loss":0},{"damage_healed":0,"gold_gain":0,"player_choice":"Fight","damage_taken":0,"max_hp_gain":0,"max_hp_loss":0,"event_name":"Mysterious Sphere","floor":38,"gold_loss":0},{"damage_healed":0,"gold_gain":0,"player_choice":"Fight","damage_taken":0,"max_hp_gain":0,"max_hp_loss":0,"event_name":"MindBloom","floor":45,"gold_loss":0},{"damage_healed":0,"gold_gain":0,"player_choice":"Bought 0 Potions","damage_taken":0,"max_hp_gain":0,"max_hp_loss":0,"event_name":"The Woman in Blue","floor":47,"gold_loss":0}],"is_beta":false,"boss_relics":[{"not_picked":["Tiny House","Ectoplasm"],"picked":"Nuclear Battery"},{"not_picked":["Calling Bell","Runic Pyramid"],"picked":"Inserter"}],"items_purged_floors":[19,20,41],"is_endless":false,"potions_floor_spawned":[3,10,12,25,29,33,42,45,54],"ascension_level":8}}