{"host":"7yxt37kap0q16lk4","time":1611201841,"event":{"mods":["2.2 Compatiblity","Act Like it!","BaseMod","Better Third Choice","Better-Laid Plans","Colored Map","Custom Start","Highlight Path","Keyboard Shortcuts","Minty Spire (QoL Compilation)","Quick Restart","Rare Cards Sparkle","Relic Stats","Shop Mod","Slay the Relics Exporter","StSLib","SuperFastMode"],"gold_per_floor":[118,128,128,139,156,156,36,67,67,142,169,179,198,35,35,35,35],"floor_reached":16,"language":"KOR","playtime":353,"items_purged":["Strike_B"],"score":274,"play_id":"b1cdfbdc-eea6-4999-8996-2b46eb2d464b","local_time":"20210121130401","is_ascension_mode":true,"campfire_choices":[{"data":"Sunder","floor":6,"key":"SMITH"},{"data":"Buffer","floor":15,"key":"SMITH"}],"circlet_count":0,"master_deck":["AscendersBane","Strike_B","Strike_B","Strike_B","Defend_B+1","Defend_B","Defend_B","Defend_B+1","Zap","Dualcast","Buffer+1","Leap","FTL","Sunder+1","FTL","All For One","Ball Lightning","Coolheaded","FTL"],"relics":["Cracked Core","Omamori","War Paint","Cables","Dead Branch","Membership Card"],"acts_visited":["Exordium"],"potions_floor_usage":[8,16,16],"damage_taken":[{"damage":1,"enemies":"Cultist","floor":1,"turns":3},{"damage":0,"enemies":"Small Slimes","floor":2,"turns":4},{"damage":0,"enemies":"Jaw Worm","floor":4,"turns":4},{"damage":11,"enemies":"Gremlin Gang","floor":5,"turns":5},{"damage":20,"enemies":"Lagavulin","floor":8,"turns":5},{"damage":0,"enemies":"Gremlin Nob","floor":11,"turns":3},{"damage":0,"enemies":"Looter","floor":12,"turns":2},{"damage":0,"enemies":"Lots of Slimes","floor":13,"turns":3},{"damage":22,"enemies":"The Guardian","floor":16,"turns":9}],"seed_played":"6236481986703130652","potions_obtained":[{"floor":2,"key":"DuplicationPotion"},{"floor":4,"key":"LiquidBronze"},{"floor":12,"key":"Swift Potion"}],"is_trial":false,"path_per_floor":["M","M","?","M","M","R","$","E","T","?","E","M","M","$","R","B"],"character_chosen":"DEFECT","items_purchased":["FTL","Membership Card"],"campfire_rested":0,"item_purchase_floors":[7,14],"current_hp_per_floor":[63,63,63,63,52,52,52,32,32,21,21,21,21,21,21,0,0],"gold":35,"neow_bonus":"ONE_RANDOM_RARE_CARD","is_daily":false,"chose_seed":false,"campfire_upgraded":2,"win_rate":0.0,"timestamp":1611201841,"path_taken":["M","?","?","M","?","R","$","E","T","?","E","M","M","$","R","BOSS"],"items_purchased_type":["Card","Relic"],"build_version":"2020-12-22","purchased_purges":1,"victory":false,"max_hp_per_floor":[71,71,71,71,71,71,71,71,71,71,71,71,71,71,71,71,71],"relic_stats":{"counters":[9,38],"Dead Branch":[3],"War Paint":["Defend_B","Defend_B"],"obtain_stats":[{"Dead Branch":11,"Omamori":3,"Membership Card":14,"War Paint":8,"Cracked Core":0,"Cables":9},{"Dead Branch":6,"Omamori":2,"Membership Card":8,"War Paint":5,"Cracked Core":0,"Cables":5},{"Dead Branch":24,"Omamori":7,"Membership Card":29,"War Paint":21,"Cracked Core":0,"Cables":21}],"Cables":[15,15,0,0,0]},"card_choices":[{"not_picked":["Steam","Tempest"],"picked":"Leap","floor":1},{"not_picked":["Cold Snap","Beam Cell"],"picked":"FTL","floor":2},{"not_picked":["Conserve Battery","Streamline"],"picked":"Sunder","floor":4},{"not_picked":["Sweeping Beam","Multi-Cast","Darkness"],"picked":"SKIP","floor":5},{"not_picked":["Streamline","Compile Driver"],"picked":"All For One","floor":8},{"not_picked":["Sweeping Beam","Darkness"],"picked":"Ball Lightning","floor":11},{"not_picked":["Streamline","Hologram"],"picked":"Coolheaded","floor":12},{"not_picked":["Go for the Eyes","Turbo"],"picked":"FTL","floor":13}],"player_experience":1053417,"relics_obtained":[{"floor":8,"key":"War Paint"},{"floor":9,"key":"Cables"},{"floor":11,"key":"Dead Branch"}],"event_choices":[{"damage_healed":0,"gold_gain":0,"player_choice":"Cursed","damage_taken":0,"max_hp_gain":0,"max_hp_loss":0,"event_name":"Wheel of Change","floor":3,"gold_loss":0,"cards_obtained":["Decay"]},{"damage_healed":0,"gold_gain":75,"player_choice":"Gold","damage_taken":11,"max_hp_gain":0,"max_hp_loss":0,"event_name":"betterThird:BetterGoop","floor":10,"gold_loss":0}],"is_beta":false,"boss_relics":[],"items_purged_floors":[7],"is_endless":false,"potions_floor_spawned":[2,4,12,13],"killed_by":"The Guardian","ascension_level":20}}