{"host":"avq773cl9g5msfol","time":1611248872,"event":{"mods":["100% Spire Juice","AchievementEnabler","Act Like it!","Ascension Unlocker","Aspiration","Astrologer","Bard","Bartender","BaseMod","Better Altar","Better Match","Better Third Choice","BetterRewards","CapriCore","ChefMod","Colored Map","Colored Powertips","Conspire","Dio Mod","Elementarium","Energized Spire","Gensokyo","GifTheSpireLib","GungeonMod","Hallownest","Hermit","Highlight Path","Hubris","Humility","Infinite Spire","Jorbs\u0027s Wanderer Trilogy","Koishi","Magitek Elite","Marisa????????","Marked Mod","Menagerie","Minty Spire (QoL Compilation)","Pale of the Ancients","Potionbrewer","Quarter Circle Forward PUNCH!","Rare Cards Sparkle","Reimu??????","Relic Stats","Remilia??????","Replay The Spire","SacredBarkPlus","Shade Mod","Somnambulant","Spicy Shops","Spire Arcade","StSLib","The Administrix","The Blue Laboratory","The Bug Knight","The Construct","The Cursed","The Disciple","The Dragon Tamer","The Exalted","The Hayseed","The Hierophant","The Immortal","The Judge","The Marked","The Mystic","The Problem Sleuth","The Runesmith","The Senshi","The Vixen","The Wild Card","TheFirefly","Wandering Minibosses","vexMod"],"gold_per_floor":[111,128,139,369,369,403,403,429,452,482,482,482,482,357,438,514,514,531,541,322,197,197,224,234,260,260,135,135,135,162,182,182,258,258,275,275,275,285,61,91,141,166,166,166,166,185,210,210,230,230,230,230,230,36,47,47],"floor_reached":57,"language":"ENG","playtime":3055,"items_purged":["stsjorbsmod:Inferno+1","stsjorbsmod:Introspection+1","Wraith"],"score":3657,"play_id":"d0f56047-16eb-4796-9345-92914ea19dd6","local_time":"20210122000752","is_ascension_mode":true,"campfire_choices":[{"data":"stsjorbsmod:FindFamiliar","floor":7.0,"key":"SMITH"},{"floor":11.0,"key":"REST"},{"data":"stsjorbsmod:MageArmor","floor":28.0,"key":"SMITH"},{"floor":32.0,"key":"RECALL"},{"data":"stsjorbsmod:BurningFlask","floor":49,"key":"SMITH"}],"circlet_count":0,"master_deck":["AscendersBane","stsjorbsmod:ForbiddenGrimoire+1","stsjorbsmod:FreshAdventure+1","stsjorbsmod:EyeOfTheStorm+1","stsjorbsmod:FaerieFire+1","stsjorbsmod:Inferno+1","stsjorbsmod:Index+1","stsjorbsmod:ThirstingSword+1","stsjorbsmod:ArcaneForm+1","stsjorbsmod:ScorchingRay+1","stsjorbsmod:Materialize+1","stsjorbsmod:Firebolt+1","stsjorbsmod:HedgeWizard+1","Panacea+1","stsjorbsmod:Fireball+1","stsjorbsmod:ColorSpray+1","stsjorbsmod:MistyStep+1","stsjorbsmod:MistyStep+1","stsjorbsmod:Inferno+1","stsjorbsmod:Firebolt+1","stsjorbsmod:SiphonEnergy+1","stsjorbsmod:Pyromancy+1","Sadistic Nature+1","stsjorbsmod:BookOfTongues+1","Thinking Ahead+1","stsjorbsmod:FindFamiliar+1","Flash of Steel+1","stsjorbsmod:Channel+1","stsjorbsmod:Rediscovery+1","stsjorbsmod:MageArmor+1","stsjorbsmod:IvoryTower+1","stsjorbsmod:FlameWard+1","stsjorbsmod:BurningFlask+1"],"relics":["stsjorbsmod:GrimoireRelic","Quantum Egg","Golden Egg","qcfpunch:Handcuffs","Membership Card","FossilizedHelix","Juzu Bracelet","Potion Belt","construct:RocketBooster","potionbrewer:Torch","Mummified Hand","stsjorbsmod:AlchemistsFireRelic","PureWhite:ReiMu","Hallownest:StagBellRelic1","Power_Wrist","Bromod:ArcaneTempo","ReplayFunnel","hubris:Towel","Coffee Dripper","Genji_Glove","Onion Ring","infinitespire:Beetle Shell","infinitespire:Bottled Soul","Bromod:ArcaneFury","Replay:Bronze Core","Torii","conspire:Dentures","Replay:Towering Pillar of Hats","qcfpunch:Red_Beret","vexMod:FocusSash","Thread and Needle","Bottled Tornado","aspiration:HatOfInfinitePower"],"acts_visited":["Hallownest:Greenpath","Hallownest:CityofTears","TheBeyond","TheEnding"],"potions_floor_usage":[56],"damage_taken":[{"damage":0.0,"enemies":"Hallownest:2_Baldur","floor":1.0,"turns":2.0},{"damage":0.0,"enemies":"2_ Uuma","floor":2.0,"turns":1.0},{"damage":0.0,"enemies":"Hallownest:monsterHuskGuard","floor":3.0,"turns":2.0},{"damage":0.0,"enemies":"Hallownest:eliteMossKnight","floor":6.0,"turns":2.0},{"damage":0.0,"enemies":"Hallownest:eliteVengeflyKing","floor":8.0,"turns":3.0},{"damage":0.0,"enemies":"Hallownest:eliteMossKnight","floor":10.0,"turns":3.0},{"damage":0.0,"enemies":"Hallownest:BossFalseKnight","floor":16.0,"turns":4.0},{"damage":0.0,"enemies":"Hallownest:3_Youths","floor":18.0,"turns":2.0},{"damage":0.0,"enemies":"Hallownest:Guard_and_Sentry","floor":19.0,"turns":2.0},{"damage":0.0,"enemies":"Hallownest:Nosk","floor":23.0,"turns":2.0},{"damage":0.0,"enemies":"Hallownest:Warrior_and_Youth","floor":24.0,"turns":2.0},{"damage":0.0,"enemies":"Hallownest:eliteSoulWarrior","floor":25.0,"turns":2.0},{"damage":0.0,"enemies":"Hallownest:Nosk","floor":30.0,"turns":3.0},{"damage":0.0,"enemies":"Hallownest:monsterShrumalOgre","floor":31.0,"turns":2.0},{"damage":0.0,"enemies":"Hallownest:BossSoulMaster","floor":33.0,"turns":3.0},{"damage":0.0,"enemies":"Orb Walker","floor":35.0,"turns":2.0},{"damage":0.0,"enemies":"3 Darklings","floor":38.0,"turns":2.0},{"damage":0.0,"enemies":"Nemesis","floor":40.0,"turns":2.0},{"damage":0.0,"enemies":"2 Orb Walkers","floor":41.0,"turns":3.0},{"damage":0.0,"enemies":"Nightmare","floor":42.0,"turns":4.0},{"damage":0.0,"enemies":"Sphere and 2 Shapes","floor":46.0,"turns":3.0},{"damage":0.0,"enemies":"conspire:MimicChest","floor":47.0,"turns":2.0},{"damage":0.0,"enemies":"Mind Bloom Boss Battle","floor":49.0,"turns":2.0},{"damage":0.0,"enemies":"Mind Bloom Boss Battle","floor":49.0,"turns":2.0},{"damage":0,"enemies":"Time Eater","floor":50,"turns":2},{"damage":0,"enemies":"Jotaro","floor":51,"turns":3},{"damage":0,"enemies":"Shield and Spear","floor":55,"turns":3},{"damage":5,"enemies":"The Heart","floor":56,"turns":6}],"seed_played":"-5433906553712708696","potions_obtained":[{"floor":41.0,"key":"blueLaboratory:PolymorphPotion"}],"is_trial":false,"path_per_floor":["M","M","M","?","?","E","R","E","T","E","R","?","?","?","R_BF","B",null,"M","M","$","?","?","E","M","E","T","?","R","?","E","M","R","B",null,"M","?","?","M","$","E","?","NM","T","$","?","M","?","?","R_BF","B","B",null,"R","$","E","B",null],"character_chosen":"WANDERER","items_purchased":["qcfpunch:Handcuffs","stsjorbsmod:Materialize","Membership Card","stsjorbsmod:Firebolt","stsjorbsmod:TrueStrike","FossilizedHelix","stsjorbsmod:HedgeWizard","Panacea","stsjorbsmod:Fireball","stsjorbsmod:LiquidVirtue","Juzu Bracelet","stsjorbsmod:ColorSpray","stsjorbsmod:MistyStep","stsjorbsmod:Inferno","Potion Belt","blueLaboratory:BottleOfRum","blueLaboratory:EmptyBottle","potionbrewer:DiscountPotion","Swift Potion","stsjorbsmod:Firebolt","construct:RocketBooster","potionbrewer:Torch","stsjorbsmod:Introspection+1","stsjorbsmod:SiphonEnergy","stsjorbsmod:Pyromancy","Mummified Hand","Sadistic Nature","stsjorbsmod:AlchemistsFireRelic","stsjorbsmod:BookOfTongues","PureWhite:ReiMu","Thinking Ahead","Genji_Glove","Onion Ring","Torii","Thread and Needle","aspiration:HatOfInfinitePower","Block Potion"],"campfire_rested":1,"item_purchase_floors":[0,0,0,0,0,0,0,0,0,0,0,0,0,0,0,0,0,0,0,0,0,0,0,0,0,0,0,0,0,0,0,20,20,39,44,54,54],"current_hp_per_floor":[62,62,62,62,62,63,63,64,64,64,64,64,54,54,54,60,63,64,64,64,64,60,61,64,64,64,64,64,64,64,64,64,64,64,64,64,64,64,64,64,64,64,64,45,45,49,53,53,63,64,64,64,64,64,64,62],"gold":47,"neow_bonus":"","is_daily":false,"chose_seed":false,"campfire_upgraded":3,"win_rate":0.0,"timestamp":1611248872,"path_taken":["M","M","M","?","?","E","R","E","T","E","R","?","?","?","R_BF","BOSS","M","M","$","?","?","E","M","E","T","?","R","?","E","M","R","BOSS","M","?","?","M","$","E","?","NM","T","?","?","M","?","?","R_BF","BOSS","BOSS","R","$","E","BOSS"],"items_purchased_type":["Relic","Card","Relic","Card","Card","Relic","Card","Card","Card","Potion","Relic","Card","Card","Card","Relic","Potion","Potion","Potion","Potion","Card","Relic","Relic","Card","Card","Card","Relic","Card","Relic","Card","Relic","Card","Relic","Relic","Relic","Relic","Relic","Potion"],"build_version":"2020-12-22","purchased_purges":3,"victory":true,"max_hp_per_floor":[64,64,64,64,64,64,64,64,64,64,64,64,64,64,64,64,64,64,64,64,64,64,64,64,64,64,64,64,64,64,64,64,64,64,64,64,64,64,64,64,64,64,64,64,64,64,64,64,64,64,64,64,64,64,64,62],"relic_stats":{"Torii":3,"counters":[166,538],"Mummified Hand":[315],"Juzu Bracelet":4,"obtain_stats":[{"Golden Egg":0,"infinitespire:BottledMercury":43,"construct:FoamFinger":8,"Bromod:ArcaneNullifier":26,"wanderingMiniBosses:OtherGremlinHorn":31,"qcfpunch:Red_Beret":42,"Bottled Tornado":0,"theSenshi:SpiralHeartMoonRodRelic":22,"vexMod:RockOfEvil":34,"FrozenCore":17,"Replay:Wanted Poster":34,"DemoMod:SuperHotWatch":27,"Replay:Ringing Soul":26,"vexMod:InvisibilityCloak":13,"conspire:GlowingRock":6,"Replay:Bronze Core":34,"DemoMod:MeltedRock":14,"infinitespire:Golems Mask":45,"Replay:Bottled Flurry":43,"Kunai":43,"qcfpunch:Red_Cyclone_Teachings":26,"construct:RocketBooster":24,"Blue Candle":6,"Counterbalance":17,"HollowMod:JonisBlessing":54,"Guardian:PocketSentry":11,"Replay:Ancient Bell":17,"aspiration:FrozenJewel":0,"potionbrewer:Torch":0,"SlaversCollar":50,"Elementarium:ElementariumTrophy":33,"qcfpunch:Broken_Tusk":46,"Pandora\u0027s Box":0,"energizedSpire:MagnifyingGlass":48,"DemoMod:ResourcefulSack":26,"Bromod:ArcaneFury":30,"Lantern":0,"Torii":12,"astrologer:Telescope":41,"Bromod:ArcaneVictory":42,"StoneCalendar":40,"Bromod:ArcanePistoleer":35,"wanderingMiniBosses:AbyssPearl":18,"stsjorbsmod:AlchemistsFireRelic":0,"Mythril_Glove":38,"hubris:EmptyBottle":0,"White_Cape":0,"Power_Wrist":6,"qcfpunch:Crimson_Sash":4,"hubris:EvacipatedBox":21,"vexMod:ThrowingStar":0,"Replay:Rubber Ducky":0,"Matryoshka":17,"infinitespire:Bottled Soul":27,"AntiCross":6,"hubris:CuriousFeather":0,"WingedGreaves":2,"hubris:FunFungus":40,"DemoMod:GnawedKey":0,"Chemical X":0,"wanderingMiniBosses:LockLocket":39,"Potion Belt":0,"Lee\u0027s Waffle":0,"construct:ClawGrip":34,"hubris:64BitClover":9,"Guardian:GemstoneGun":0,"DemoMod:WeirdEgg":23,"Thread and Needle":44,"PreservedInsect":0,"Protect_Vest":49,"infinitespire:CheckeredPen":6,"infinitespire:Lucky Rock":6,"hubris:Towel":12,"PureWhite:ReiMu":26,"Bromod:ArcaneDeflection":43,"CrazyTorch:ReiMu":8,"Elementarium:FlickeringLantern":25,"DemoMod:GreenGuonStone":0,"Ice Cream":0,"hubris:CrystalStatue":0,"Calipers":0,"Menagerie:HuntersKnife":5,"Vajra":0,"ZunR:ReiMu":23,"DemoMod:GlassGuonStoneRelic":11,"DemoMod:RiddleOfLead":34,"Lizard Tail":0,"Replay:Frozen Program":0,"HornCleat":0,"aspiration:MobileForge":22,"Prayer Wheel":10,"qcfpunch:Handcuffs":0,"theSenshi:SailorFukuRelic":48,"vexMod:RetaliationKit":31,"conspire:Dentures":40,"Girya":9,"hubris:Teleporter":33,"Happy Flower":0,"wanderingMiniBosses:ThiefScarf":30,"Choco_Feather":8,"Oddly Smooth Stone":28,"wanderingMiniBosses:MasterThiefsPresence":22,"stsjorbsmod:GrimoireRelic":0,"infinitespire:Beetle Shell":23,"vexMod:PaidLearning":29,"aspiration:SeaSaltIceCream":4,"Replay:Kaleidoscope":0,"War Paint":29,"hubris:Zylophone":45,"OrangePellets":42,"Bottled Flame":13,"ReplayTheSpireMod:Shallot":4,"energizedSpire:NeverEndingSparkler":17,"hubris:PeanutButter":0,"Onion Ring":20,"ReplayTheSpireMod:TigerMarble":9,"infinitespire:EmpoweringShard":0,"Mirror":40,"aspiration:HatOfInfinitePower":54,"hermit:Momento":0,"conspire:IceCreamScoop":56,"Darkstone Periapt":31,"ReplayFunnel":10,"theSenshi:SuperSailorFukuRelic":0,"Hallownest:StagBellRelic1":4,"conspire:SpecialSausage":3,"Juzu Bracelet":0,"Hallownest:DreamNailRelic":3,"hubris:SlimyHat":6,"Replay:Mystery Machine":13,"ClockworkSouvenir":0,"DemoMod:SevenLeafClover":0,"Frozen Eye":29,"Dream Catcher":20,"Mummified Hand":0,"Bromod:ArcaneTrickery":47,"Bromod:ArcaneTempo":47,"Genji_Glove":38,"astrologer:SkyMirror":0,"vexMod:FakeStar":33,"Cracked Core":0,"Hallownest:SalubrasBlessingRelic":10,"ReplayTheSpireMod:Ninjato":3,"Replay:Towering Pillar of Hats":40,"infinitespire:CursedDice":43,"aspiration:FetidBarrel":0,"aspiration:RunicSpoon":0,"Quantum Egg":2,"Replay:WaspNest":27,"aspiration:SecretTechniqueScroll":17,"vexMod:FocusSash":17,"Medical Kit":54,"White Beast Statue":10,"Pondfish Scales":45,"Anchor":51,"vexMod:BarristanHead":26,"infinitespire:WardingShard":6,"Pendant":0,"vexMod:HeadHunter":0,"LetterFromLob":1,"Coffee Dripper":34,"Membership Card":0,"vexMod:FutureSight":31,"Guard_Bracelet":44,"potionbrewer:Keyblade":21,"DemoMod:RingOfEthereal":26,"potionbrewer:SlideRule":45,"DemoMod:VorpalBullet":24,"TungstenRod":9,"FossilizedHelix":0,"RuthlessExorcism:ReiMu":0},{"Golden Egg":0,"infinitespire:BottledMercury":21,"construct:FoamFinger":116,"Bromod:ArcaneNullifier":124,"wanderingMiniBosses:OtherGremlinHorn":35,"qcfpunch:Red_Beret":158,"Bottled Tornado":111,"theSenshi:SpiralHeartMoonRodRelic":123,"vexMod:RockOfEvil":36,"FrozenCore":62,"Replay:Wanted Poster":17,"DemoMod:SuperHotWatch":67,"Replay:Ringing Soul":11,"vexMod:InvisibilityCloak":119,"conspire:GlowingRock":2,"Replay:Bronze Core":153,"DemoMod:MeltedRock":29,"infinitespire:Golems Mask":134,"Replay:Bottled Flurry":106,"Kunai":77,"qcfpunch:Red_Cyclone_Teachings":32,"construct:RocketBooster":32,"Blue Candle":88,"Counterbalance":121,"HollowMod:JonisBlessing":82,"Guardian:PocketSentry":27,"Replay:Ancient Bell":121,"aspiration:FrozenJewel":43,"potionbrewer:Torch":138,"SlaversCollar":136,"Elementarium:ElementariumTrophy":36,"qcfpunch:Broken_Tusk":40,"Pandora\u0027s Box":24,"energizedSpire:MagnifyingGlass":136,"DemoMod:ResourcefulSack":124,"Bromod:ArcaneFury":151,"Lantern":43,"Torii":92,"astrologer:Telescope":132,"Bromod:ArcaneVictory":133,"StoneCalendar":20,"Bromod:ArcanePistoleer":129,"wanderingMiniBosses:AbyssPearl":63,"stsjorbsmod:AlchemistsFireRelic":138,"Mythril_Glove":19,"hubris:EmptyBottle":24,"White_Cape":43,"Power_Wrist":142,"qcfpunch:Crimson_Sash":25,"hubris:EvacipatedBox":96,"vexMod:ThrowingStar":111,"Replay:Rubber Ducky":53,"Matryoshka":121,"infinitespire:Bottled Soul":99,"AntiCross":2,"hubris:CuriousFeather":24,"WingedGreaves":25,"hubris:FunFungus":105,"DemoMod:GnawedKey":43,"Chemical X":84,"wanderingMiniBosses:LockLocket":104,"Potion Belt":43,"Lee\u0027s Waffle":43,"construct:ClawGrip":129,"hubris:64BitClover":53,"Guardian:GemstoneGun":43,"DemoMod:WeirdEgg":66,"Thread and Needle":158,"PreservedInsect":24,"Protect_Vest":41,"infinitespire:CheckeredPen":26,"infinitespire:Lucky Rock":52,"hubris:Towel":144,"PureWhite:ReiMu":11,"Bromod:ArcaneDeflection":134,"CrazyTorch:ReiMu":90,"Elementarium:FlickeringLantern":66,"DemoMod:GreenGuonStone":43,"Ice Cream":111,"hubris:CrystalStatue":43,"Calipers":111,"Menagerie:HuntersKnife":45,"Vajra":111,"ZunR:ReiMu":123,"DemoMod:GlassGuonStoneRelic":4,"DemoMod:RiddleOfLead":101,"Lizard Tail":53,"Replay:Frozen Program":53,"HornCleat":53,"aspiration:MobileForge":123,"Prayer Wheel":59,"qcfpunch:Handcuffs":111,"theSenshi:SailorFukuRelic":109,"vexMod:RetaliationKit":16,"conspire:Dentures":156,"Girya":3,"hubris:Teleporter":128,"Happy Flower":53,"wanderingMiniBosses:ThiefScarf":127,"Choco_Feather":3,"Oddly Smooth Stone":33,"wanderingMiniBosses:MasterThiefsPresence":10,"stsjorbsmod:GrimoireRelic":138,"infinitespire:Beetle Shell":148,"vexMod:PaidLearning":100,"aspiration:SeaSaltIceCream":25,"Replay:Kaleidoscope":84,"War Paint":14,"hubris:Zylophone":107,"OrangePellets":39,"Bottled Flame":28,"ReplayTheSpireMod:Shallot":25,"energizedSpire:NeverEndingSparkler":94,"hubris:PeanutButter":53,"Onion Ring":147,"ReplayTheSpireMod:TigerMarble":26,"infinitespire:EmpoweringShard":84,"Mirror":39,"aspiration:HatOfInfinitePower":164,"hermit:Momento":0,"conspire:IceCreamScoop":84,"Darkstone Periapt":127,"ReplayFunnel":144,"theSenshi:SuperSailorFukuRelic":53,"Hallownest:StagBellRelic1":141,"conspire:SpecialSausage":50,"Juzu Bracelet":0,"Hallownest:DreamNailRelic":1,"hubris:SlimyHat":57,"Replay:Mystery Machine":28,"ClockworkSouvenir":24,"DemoMod:SevenLeafClover":0,"Frozen Eye":13,"Dream Catcher":64,"Mummified Hand":111,"Bromod:ArcaneTrickery":135,"Bromod:ArcaneTempo":135,"Genji_Glove":131,"astrologer:SkyMirror":111,"vexMod:FakeStar":128,"Cracked Core":43,"Hallownest:SalubrasBlessingRelic":3,"ReplayTheSpireMod:Ninjato":50,"Replay:Towering Pillar of Hats":75,"infinitespire:CursedDice":21,"aspiration:FetidBarrel":111,"aspiration:RunicSpoon":0,"Quantum Egg":1,"Replay:WaspNest":125,"aspiration:SecretTechniqueScroll":6,"vexMod:FocusSash":121,"Medical Kit":82,"White Beast Statue":59,"Pondfish Scales":107,"Anchor":137,"vexMod:BarristanHead":98,"infinitespire:WardingShard":46,"Pendant":84,"vexMod:HeadHunter":0,"LetterFromLob":44,"Coffee Dripper":71,"Membership Card":24,"vexMod:FutureSight":127,"Guard_Bracelet":78,"potionbrewer:Keyblade":96,"DemoMod:RingOfEthereal":124,"potionbrewer:SlideRule":134,"DemoMod:VorpalBullet":11,"TungstenRod":116,"FossilizedHelix":138,"RuthlessExorcism:ReiMu":53},{"Golden Egg":0,"infinitespire:BottledMercury":74,"construct:FoamFinger":407,"Bromod:ArcaneNullifier":425,"wanderingMiniBosses:OtherGremlinHorn":115,"qcfpunch:Red_Beret":515,"Bottled Tornado":396,"theSenshi:SpiralHeartMoonRodRelic":423,"vexMod:RockOfEvil":123,"FrozenCore":201,"Replay:Wanted Poster":52,"DemoMod:SuperHotWatch":219,"Replay:Ringing Soul":34,"vexMod:InvisibilityCloak":413,"conspire:GlowingRock":6,"Replay:Bronze Core":502,"DemoMod:MeltedRock":94,"infinitespire:Golems Mask":453,"Replay:Bottled Flurry":372,"Kunai":257,"qcfpunch:Red_Cyclone_Teachings":104,"construct:RocketBooster":104,"Blue Candle":310,"Counterbalance":419,"HollowMod:JonisBlessing":279,"Guardian:PocketSentry":89,"Replay:Ancient Bell":419,"aspiration:FrozenJewel":147,"potionbrewer:Torch":467,"SlaversCollar":460,"Elementarium:ElementariumTrophy":123,"qcfpunch:Broken_Tusk":130,"Pandora\u0027s Box":83,"energizedSpire:MagnifyingGlass":460,"DemoMod:ResourcefulSack":425,"Bromod:ArcaneFury":497,"Lantern":147,"Torii":322,"astrologer:Telescope":446,"Bromod:ArcaneVictory":449,"StoneCalendar":71,"Bromod:ArcanePistoleer":439,"wanderingMiniBosses:AbyssPearl":205,"stsjorbsmod:AlchemistsFireRelic":467,"Mythril_Glove":60,"hubris:EmptyBottle":83,"White_Cape":147,"Power_Wrist":474,"qcfpunch:Crimson_Sash":85,"hubris:EvacipatedBox":338,"vexMod:ThrowingStar":396,"Replay:Rubber Ducky":171,"Matryoshka":419,"infinitespire:Bottled Soul":345,"AntiCross":6,"hubris:CuriousFeather":83,"WingedGreaves":85,"hubris:FunFungus":369,"DemoMod:GnawedKey":147,"Chemical X":297,"wanderingMiniBosses:LockLocket":366,"Potion Belt":147,"Lee\u0027s Waffle":147,"construct:ClawGrip":439,"hubris:64BitClover":171,"Guardian:GemstoneGun":147,"DemoMod:WeirdEgg":215,"Thread and Needle":515,"PreservedInsect":83,"Protect_Vest":131,"infinitespire:CheckeredPen":87,"infinitespire:Lucky Rock":169,"hubris:Towel":480,"PureWhite:ReiMu":34,"Bromod:ArcaneDeflection":453,"CrazyTorch:ReiMu":318,"Elementarium:FlickeringLantern":215,"DemoMod:GreenGuonStone":147,"Ice Cream":396,"hubris:CrystalStatue":147,"Calipers":396,"Menagerie:HuntersKnife":152,"Vajra":396,"ZunR:ReiMu":423,"DemoMod:GlassGuonStoneRelic":10,"DemoMod:RiddleOfLead":357,"Lizard Tail":171,"Replay:Frozen Program":171,"HornCleat":171,"aspiration:MobileForge":423,"Prayer Wheel":191,"qcfpunch:Handcuffs":396,"theSenshi:SailorFukuRelic":388,"vexMod:RetaliationKit":45,"conspire:Dentures":508,"Girya":9,"hubris:Teleporter":435,"Happy Flower":171,"wanderingMiniBosses:ThiefScarf":433,"Choco_Feather":9,"Oddly Smooth Stone":107,"wanderingMiniBosses:MasterThiefsPresence":29,"stsjorbsmod:GrimoireRelic":467,"infinitespire:Beetle Shell":490,"vexMod:PaidLearning":350,"aspiration:SeaSaltIceCream":85,"Replay:Kaleidoscope":297,"War Paint":39,"hubris:Zylophone":376,"OrangePellets":127,"Bottled Flame":92,"ReplayTheSpireMod:Shallot":85,"energizedSpire:NeverEndingSparkler":332,"hubris:PeanutButter":171,"Onion Ring":488,"ReplayTheSpireMod:TigerMarble":87,"infinitespire:EmpoweringShard":297,"Mirror":127,"aspiration:HatOfInfinitePower":529,"hermit:Momento":0,"conspire:IceCreamScoop":286,"Darkstone Periapt":433,"ReplayFunnel":480,"theSenshi:SuperSailorFukuRelic":171,"Hallownest:StagBellRelic1":472,"conspire:SpecialSausage":167,"Juzu Bracelet":0,"Hallownest:DreamNailRelic":1,"hubris:SlimyHat":184,"Replay:Mystery Machine":92,"ClockworkSouvenir":83,"DemoMod:SevenLeafClover":0,"Frozen Eye":37,"Dream Catcher":209,"Mummified Hand":396,"Bromod:ArcaneTrickery":457,"Bromod:ArcaneTempo":457,"Genji_Glove":443,"astrologer:SkyMirror":396,"vexMod:FakeStar":435,"Cracked Core":147,"Hallownest:SalubrasBlessingRelic":9,"ReplayTheSpireMod:Ninjato":167,"Replay:Towering Pillar of Hats":251,"infinitespire:CursedDice":74,"aspiration:FetidBarrel":396,"aspiration:RunicSpoon":0,"Quantum Egg":1,"Replay:WaspNest":428,"aspiration:SecretTechniqueScroll":16,"vexMod:FocusSash":419,"Medical Kit":279,"White Beast Statue":192,"Pondfish Scales":376,"Anchor":464,"vexMod:BarristanHead":343,"infinitespire:WardingShard":157,"Pendant":297,"vexMod:HeadHunter":0,"LetterFromLob":150,"Coffee Dripper":237,"Membership Card":83,"vexMod:FutureSight":433,"Guard_Bracelet":260,"potionbrewer:Keyblade":338,"DemoMod:RingOfEthereal":425,"potionbrewer:SlideRule":453,"DemoMod:VorpalBullet":34,"TungstenRod":407,"FossilizedHelix":467,"RuthlessExorcism:ReiMu":171}]},"card_choices":[{"not_picked":["stsjorbsmod:Message","stsjorbsmod:FracturedMind","stsjorbsmod:UnseenServant"],"picked":"SKIP","floor":1.0},{"not_picked":["stsjorbsmod:ChainLightning","stsjorbsmod:FranticSearch","stsjorbsmod:FaerieFire"],"picked":"SKIP","floor":2.0},{"not_picked":["stsjorbsmod:UnseenServant","stsjorbsmod:LoseGrip","stsjorbsmod:Hurt"],"picked":"SKIP","floor":3.0},{"not_picked":["stsjorbsmod:ParryingBlow","stsjorbsmod:MagicMirror"],"picked":"stsjorbsmod:FindFamiliar","floor":6.0},{"not_picked":["stsjorbsmod:UnseenServant","stsjorbsmod:MistyStep","stsjorbsmod:HedgeWizard"],"picked":"SKIP","floor":8.0},{"not_picked":["stsjorbsmod:SchoolsOfMagic","stsjorbsmod:UnseenServant","stsjorbsmod:TrueStrike"],"picked":"SKIP","floor":10.0},{"not_picked":["Replay:Sssssssssshield+1","Dark Shackles+1"],"picked":"Flash of Steel+1","floor":14.0},{"not_picked":["stsjorbsmod:Hurt+1","stsjorbsmod:BurningFlask+1"],"picked":"stsjorbsmod:Channel+1","floor":14.0},{"not_picked":["stsjorbsmod:DeathThroes","stsjorbsmod:Entangle"],"picked":"stsjorbsmod:Rediscovery","floor":16.0},{"not_picked":["stsjorbsmod:SchoolsOfMagic","stsjorbsmod:FracturedMind","stsjorbsmod:Materialize"],"picked":"SKIP","floor":18.0},{"not_picked":["stsjorbsmod:Index","stsjorbsmod:Rest","stsjorbsmod:WeightOfMemory"],"picked":"SKIP","floor":19.0},{"not_picked":["stsjorbsmod:TollTheDead","stsjorbsmod:Hurt","stsjorbsmod:WanderingMind"],"picked":"SKIP","floor":23.0},{"not_picked":["stsjorbsmod:TollTheDead","stsjorbsmod:FracturedMind","stsjorbsmod:Firebolt"],"picked":"SKIP","floor":24.0},{"not_picked":["stsjorbsmod:MagicMissiles","stsjorbsmod:FaerieFire"],"picked":"stsjorbsmod:MageArmor","floor":25.0},{"not_picked":["stsjorbsmod:LoseGrip","stsjorbsmod:UnseenServant","stsjorbsmod:SmithingStrike"],"picked":"SKIP","floor":30.0},{"not_picked":["stsjorbsmod:ColorSpray","stsjorbsmod:RefuseToForget","stsjorbsmod:ChainLightning"],"picked":"SKIP","floor":31.0},{"not_picked":["stsjorbsmod:HoldMonster","stsjorbsmod:MirrorImage"],"picked":"stsjorbsmod:IvoryTower","floor":33.0},{"not_picked":["stsjorbsmod:FranticSearch","stsjorbsmod:Will","stsjorbsmod:MagicMirror+1"],"picked":"SKIP","floor":35.0},{"not_picked":["stsjorbsmod:BlackTentacles","stsjorbsmod:RayOfFrost","stsjorbsmod:Mindworm+1"],"picked":"SKIP","floor":38.0},{"not_picked":["stsjorbsmod:RefuseToForget","stsjorbsmod:ArcaneWeapon","stsjorbsmod:UnseenServant"],"picked":"SKIP","floor":40.0},{"not_picked":["stsjorbsmod:Fireball","stsjorbsmod:RayOfFrost"],"picked":"stsjorbsmod:FlameWard","floor":41.0},{"not_picked":["stsjorbsmod:HedgeWizard","stsjorbsmod:WeightOfMemory+1"],"picked":"stsjorbsmod:BurningFlask","floor":42.0},{"not_picked":["stsjorbsmod:OldPocket","stsjorbsmod:BurningFlask","stsjorbsmod:RayOfFrost"],"picked":"SKIP","floor":46.0},{"not_picked":["stsjorbsmod:ArcaneWeapon+1","stsjorbsmod:Prestidigitation","stsjorbsmod:Hibernate+1"],"picked":"SKIP","floor":55}],"player_experience":1259424,"relics_obtained":[{"floor":6.0,"key":"Power_Wrist"},{"floor":8.0,"key":"Bromod:ArcaneTempo"},{"floor":10.0,"key":"ReplayFunnel"},{"floor":23.0,"key":"infinitespire:Beetle Shell"},{"floor":26.0,"key":"infinitespire:Bottled Soul"},{"floor":30.0,"key":"Bromod:ArcaneFury"},{"floor":40.0,"key":"conspire:Dentures"},{"floor":41.0,"key":"Replay:Towering Pillar of Hats"},{"floor":42.0,"key":"qcfpunch:Red_Beret"},{"floor":43.0,"key":"vexMod:FocusSash"},{"floor":47.0,"key":"Bottled Tornado"}],"event_choices":[{"damage_healed":0.0,"max_hp_gain":0.0,"max_hp_loss":0.0,"gold_gain":0.0,"event_name":"betterMatch:BetterMatch","player_choice":"2","floor":14.0,"gold_loss":0.0,"damage_taken":0.0,"cards_obtained":["betterMatch:ColorlessUncommonCard","betterMatch:CommonCard"]},{"damage_healed":0.0,"max_hp_gain":0.0,"max_hp_loss":0.0,"gold_gain":0.0,"event_name":"betterMatch:BetterMatch","player_choice":"2","floor":21.0,"gold_loss":0.0,"damage_taken":0.0,"cards_obtained":["betterMatch:UncommonCard"]},{"damage_healed":0.0,"max_hp_gain":0.0,"max_hp_loss":0.0,"gold_gain":0.0,"event_name":"conspire:Investor","player_choice":"Leave","floor":22.0,"gold_loss":0.0,"damage_taken":0.0},{"damage_healed":0.0,"max_hp_gain":0.0,"max_hp_loss":0.0,"gold_gain":0.0,"event_name":"betterMatch:BetterMatch","player_choice":"2","floor":27.0,"gold_loss":0.0,"damage_taken":0.0,"cards_obtained":[]},{"damage_healed":0.0,"max_hp_gain":0.0,"max_hp_loss":0.0,"gold_gain":0.0,"event_name":"OrinTheCat","player_choice":"Ignored","floor":36.0,"gold_loss":0.0,"damage_taken":0.0},{"damage_healed":0.0,"max_hp_gain":0.0,"max_hp_loss":0.0,"gold_gain":0.0,"event_name":"Mysterious Sphere","player_choice":"Fight","floor":41.0,"gold_loss":0.0,"damage_taken":0.0},{"cards_removed":["stsjorbsmod:RefuseToForget"],"damage_healed":0.0,"max_hp_gain":0.0,"max_hp_loss":0.0,"gold_gain":0.0,"event_name":"Purifier","player_choice":"Purged","floor":45.0,"gold_loss":0.0,"damage_taken":0.0},{"cards_removed":["stsjorbsmod:TrueStrike"],"damage_healed":0.0,"max_hp_gain":0.0,"max_hp_loss":0.0,"gold_gain":0.0,"event_name":"Falling","player_choice":"Removed Attack","floor":48.0,"gold_loss":0.0,"damage_taken":0.0},{"damage_healed":0.0,"max_hp_gain":0.0,"max_hp_loss":0.0,"gold_gain":0.0,"event_name":"MindBloom","player_choice":"Fight","floor":49.0,"gold_loss":0.0,"damage_taken":0.0}],"is_beta":false,"boss_relics":[{"not_picked":["hubris:RunicObelisk","Snecko Eye"],"picked":"Coffee Dripper"},{"not_picked":["ReplayTheSpireMod:SealedPack","conspire:RunicOctahedron"],"picked":"Replay:Bronze Core"}],"items_purged_floors":[0,0,39],"is_endless":false,"potions_floor_spawned":[2,6,10,23,24,25,40,41,46,49,49],"ascension_level":20}}