{"host":"d61fcf2p3sjwe6yo","time":1611243984,"event":{"mods":["AchievementEnabler","BaseMod","Colored Map","Downfall","Minty Spire (QoL Compilation)","StSLib","SuperFastMode"],"gold_per_floor":[99,116,216,216,241,73,73,73,73,88,119,129,29,49,65,65,65,65],"floor_reached":16,"language":"ENG","playtime":677,"items_purged":[],"score":175,"play_id":"bddd36ae-5cc8-497e-9150-23b26119e81c","local_time":"20210121184624","is_ascension_mode":true,"campfire_choices":[],"circlet_count":0,"master_deck":["AscendersBane","sneckomod:Strike","sneckomod:Strike","sneckomod:Strike","sneckomod:Defend","sneckomod:Defend","sneckomod:Defend","sneckomod:TailWhip","sneckomod:SnekBite","sneckomod:Unknown","Footwork","Slimebound:GoopSpray","sneckomod:UnknownDraw","CrushJoints","sneckomod:UnknownUncommonSkill","sneckomod:UnknownCommonSkill"],"relics":["sneckomod:SneckoSoul","StoneCalendar","Oddly Smooth Stone","PreservedInsect","Dream Catcher","downfall:HeartBlessingBlue"],"acts_visited":["Exordium"],"potions_floor_usage":[11,15,16],"damage_taken":[{"damage":0,"enemies":"Small Slimes","floor":2,"turns":5},{"damage":4,"enemies":"downfall:FleeingMerchant","floor":6,"turns":4},{"damage":3,"enemies":"Jaw Worm","floor":10,"turns":4},{"damage":16,"enemies":"Gremlin Nob","floor":11,"turns":3},{"damage":0,"enemies":"2 Louse","floor":12,"turns":3},{"damage":6,"enemies":"2 Fungi Beasts","floor":14,"turns":4},{"damage":9,"enemies":"Exordium Thugs","floor":15,"turns":3},{"damage":66,"enemies":"DF_ARCHETYPE_STREAMLINE","floor":16,"turns":17}],"seed_played":"89779235705898354","potions_obtained":[{"floor":2,"key":"hexamod:SoulburnPotion"},{"floor":12,"key":"SkillPotion"},{"floor":14,"key":"DistilledChaos"}],"is_trial":false,"path_per_floor":["R","M","?","?","T","$","T","R","?","M","E","M","R","M","M","B"],"character_chosen":"THE_SNECKO","items_purchased":["PreservedInsect"],"campfire_rested":0,"item_purchase_floors":[6],"current_hp_per_floor":[90,90,90,78,78,74,74,74,99,96,80,80,90,84,75,9,9,9],"gold":65,"neow_bonus":"TEN_PERCENT_HP_BONUS","is_daily":false,"chose_seed":false,"campfire_upgraded":0,"win_rate":0.0,"timestamp":1611243984,"path_taken":["R","M","?","?","?","?","T","R","?","M","E","M","R","M","M","BOSS"],"items_purchased_type":["Relic"],"build_version":"2020-12-22","purchased_purges":0,"victory":false,"max_hp_per_floor":[99,99,99,99,99,99,99,99,99,99,99,99,109,109,109,109,109,109],"card_choices":[{"not_picked":["sneckomod:QuickMove","sneckomod:RainOfDice"],"picked":"sneckomod:Unknown1Cost","floor":2},{"not_picked":["sneckomod:QuickBite","sneckomod:CheapStock"],"picked":"sneckomod:UnknownStrength","floor":6},{"not_picked":["sneckomod:Rotation","sneckomod:UnknownStrike"],"picked":"sneckomod:UnknownVulnerable","floor":10},{"not_picked":["sneckomod:UnknownBoss","sneckomod:QuickBite","sneckomod:Mudshield"],"picked":"SKIP","floor":11},{"not_picked":["sneckomod:DiceBlock","sneckomod:RainOfDice"],"picked":"sneckomod:UnknownDraw","floor":12},{"not_picked":["sneckomod:ImprovisedGuard","sneckomod:SnakeSap"],"picked":"sneckomod:UnknownUncommonSkill","floor":14},{"not_picked":["sneckomod:DiceCrush","sneckomod:ImprovisedGuard"],"picked":"sneckomod:UnknownCommonSkill","floor":15}],"player_experience":647040,"relics_obtained":[{"floor":5,"key":"Oddly Smooth Stone"},{"floor":11,"key":"Dream Catcher"}],"event_choices":[{"damage_healed":0,"gold_gain":0,"player_choice":"Success","damage_taken":12,"relics_obtained":["StoneCalendar"],"max_hp_gain":0,"max_hp_loss":0,"event_name":"Scrap Ooze","floor":4,"gold_loss":0},{"cards_removed":["sneckomod:UnknownStrength"],"damage_healed":25,"gold_gain":0,"player_choice":"Offered Uncommon","damage_taken":0,"max_hp_gain":0,"max_hp_loss":0,"event_name":"Bonfire Elementals","floor":9,"gold_loss":0}],"is_beta":false,"boss_relics":[],"items_purged_floors":[],"is_endless":false,"potions_floor_spawned":[2,12,14],"killed_by":"DF_ARCHETYPE_STREAMLINE","ascension_level":10}}