{"host":"ga4s3hj9m6nkn6gp","time":1611259100,"event":{"mods":["AchievementEnabler","BaseMod","Bestiary","Colored Powertips","Highlight Path","Minty Spire (QoL Compilation)","Relic Stats","everything is the same but u backflip on backflip"],"gold_per_floor":[113,38,57,67,67,67,101,101,150,170,170,202,218,247,247,247,247],"floor_reached":16,"language":"ENG","playtime":756,"items_purged":[],"score":216,"play_id":"8e520e20-a957-4b7b-bd13-7cf058283d03","local_time":"20210121205820","is_ascension_mode":true,"campfire_choices":[{"data":"Wild Strike","floor":6.0,"key":"SMITH"},{"data":"Twin Strike","floor":8.0,"key":"SMITH"},{"data":"Shrug It Off","floor":11.0,"key":"SMITH"},{"data":"Bloodletting","floor":15.0,"key":"SMITH"}],"circlet_count":0,"master_deck":["AscendersBane","Strike_R","Strike_R","Strike_R","Strike_R","Defend_R","Defend_R","Defend_R","Defend_R","Bash","Wild Strike+1","Twin Strike+1","Bloodletting+1","Burning Pact","Shrug It Off+1","Cleave","Battle Trance"],"relics":["Burning Blood","Centennial Puzzle","Tiny Chest","Strawberry","Turnip","Pear"],"acts_visited":["Exordium"],"potions_floor_usage":[],"damage_taken":[{"damage":0.0,"enemies":"Small Slimes","floor":1.0,"turns":4.0},{"damage":0.0,"enemies":"Cultist","floor":3.0,"turns":4.0},{"damage":4.0,"enemies":"Jaw Worm","floor":4.0,"turns":3.0},{"damage":32.0,"enemies":"Gremlin Nob","floor":7.0,"turns":4.0},{"damage":3.0,"enemies":"Blue Slaver","floor":10.0,"turns":4.0},{"damage":38.0,"enemies":"Lagavulin","floor":12.0,"turns":9.0},{"damage":3.0,"enemies":"Looter","floor":13.0,"turns":2.0},{"damage":13.0,"enemies":"Gremlin Nob","floor":14.0,"turns":3.0},{"damage":51,"enemies":"The Guardian","floor":16,"turns":11}],"seed_played":"2760828647750704241","potions_obtained":[{"floor":3.0,"key":"Regen Potion"},{"floor":4.0,"key":"FairyPotion"},{"floor":10.0,"key":"DistilledChaos"}],"is_trial":false,"path_per_floor":["M","?","M","M","?","R","E","R","T","M","R","E","M","E","R","B"],"character_chosen":"IRONCLAD","items_purchased":[],"campfire_rested":0,"item_purchase_floors":[],"current_hp_per_floor":[74,74,75,75,75,75,49,49,56,59,59,27,30,33,33,9,9],"gold":247,"neow_bonus":"RANDOM_COMMON_RELIC","is_daily":false,"chose_seed":false,"campfire_upgraded":4,"win_rate":0.0,"timestamp":1611259100,"path_taken":["M","?","M","M","?","R","E","R","T","M","R","E","M","E","R","BOSS"],"items_purchased_type":[],"build_version":"2020-12-22","purchased_purges":0,"victory":false,"max_hp_per_floor":[75,75,75,75,75,75,75,75,82,82,82,82,82,92,92,92,92],"relic_stats":{"Centennial Puzzle":[21],"counters":[9,44],"Tiny Chest":0,"Turnip":[0],"obtain_stats":[{"Centennial Puzzle":0,"Pear":14,"Strawberry":9,"Tiny Chest":7,"Turnip":12,"Burning Blood":0},{"Centennial Puzzle":0,"Pear":8,"Strawberry":4,"Tiny Chest":4,"Turnip":6,"Burning Blood":0},{"Centennial Puzzle":0,"Pear":33,"Strawberry":15,"Tiny Chest":15,"Turnip":28,"Burning Blood":0}],"Burning Blood":41},"card_choices":[{"not_picked":["Iron Wave","Headbutt"],"picked":"Wild Strike","floor":1.0},{"not_picked":["Armaments","Flex"],"picked":"Twin Strike","floor":3.0},{"not_picked":["Intimidate","Body Slam"],"picked":"Bloodletting","floor":4.0},{"not_picked":["Berserk","Twin Strike"],"picked":"Burning Pact","floor":7.0},{"not_picked":["Armaments","Iron Wave"],"picked":"Shrug It Off","floor":10.0},{"not_picked":["Exhume","Wild Strike"],"picked":"Cleave","floor":12.0},{"not_picked":["Armaments","Thunderclap"],"picked":"Battle Trance","floor":13.0},{"not_picked":["Rampage","Shrug It Off","Cleave"],"picked":"SKIP","floor":14.0}],"player_experience":655885,"relics_obtained":[{"floor":7.0,"key":"Tiny Chest"},{"floor":9.0,"key":"Strawberry"},{"floor":12.0,"key":"Turnip"},{"floor":14.0,"key":"Pear"}],"event_choices":[{"cards_removed":["Strike_R"],"damage_healed":0.0,"max_hp_gain":0.0,"max_hp_loss":0.0,"gold_gain":0.0,"event_name":"The Cleric","player_choice":"Card Removal","floor":2.0,"gold_loss":75.0,"damage_taken":0.0},{"damage_healed":0.0,"max_hp_gain":0.0,"max_hp_loss":0.0,"gold_gain":0.0,"event_name":"Liars Game","player_choice":"Ignored","floor":5.0,"gold_loss":0.0,"damage_taken":0.0}],"is_beta":false,"boss_relics":[],"items_purged_floors":[],"is_endless":false,"potions_floor_spawned":[3,4,10],"killed_by":"The Guardian","ascension_level":16}}