{"host":"v711dtdb46xe9u7l","time":1611268145,"event":{"mods":["BaseMod","Bestiary","Highlight Path","Minty Spire (QoL Compilation)","Quick Restart","StSLib"],"gold_per_floor":[110,127,145,21,96,96,431,431,431,457,471,471,471],"floor_reached":12,"language":"ENG","playtime":478,"items_purged":["Strike_R"],"score":132,"play_id":"650faf84-811f-43fb-bde5-e4753c6c309d","local_time":"20210121222905","is_ascension_mode":true,"campfire_choices":[{"data":"Twin Strike","floor":6,"key":"SMITH"},{"floor":8,"key":"REST"}],"circlet_count":0,"master_deck":["AscendersBane","Strike_R","Strike_R","Strike_R","Strike_R","Defend_R","Defend_R","Defend_R","Defend_R","Bash+1","Twin Strike+1","Body Slam","Pommel Strike","Havoc","Headbutt","Corruption","Clothesline"],"relics":["Burning Blood","Old Coin","Peace Pipe","Sundial"],"acts_visited":["Exordium"],"potions_floor_usage":[7],"damage_taken":[{"damage":2,"enemies":"Jaw Worm","floor":1,"turns":3},{"damage":1,"enemies":"2 Louse","floor":2,"turns":3},{"damage":11,"enemies":"Small Slimes","floor":3,"turns":3},{"damage":47,"enemies":"3 Sentries","floor":7,"turns":10},{"damage":35,"enemies":"Lagavulin","floor":10,"turns":5},{"damage":13,"enemies":"Blue Slaver","floor":11,"turns":2},{"damage":45,"enemies":"3 Sentries","floor":12,"turns":6}],"seed_played":"217910975785551184","potions_obtained":[{"floor":1,"key":"BlessingOfTheForge"},{"floor":3,"key":"FairyPotion"}],"is_trial":false,"path_per_floor":["M","M","M","$","?","R","E","R","T","E","M","E"],"character_chosen":"IRONCLAD","items_purchased":["Havoc"],"campfire_rested":1,"item_purchase_floors":[4],"current_hp_per_floor":[76,80,75,75,64,64,23,47,47,18,11,0,0],"gold":471,"neow_bonus":"UPGRADE_CARD","is_daily":false,"chose_seed":false,"campfire_upgraded":1,"win_rate":0.0,"timestamp":1611268145,"path_taken":["M","M","M","$","?","R","E","R","T","E","M","E"],"items_purchased_type":["Card"],"build_version":"2020-12-22","purchased_purges":1,"victory":false,"max_hp_per_floor":[80,80,80,80,80,80,80,80,80,80,80,80,80],"card_choices":[{"not_picked":["Second Wind","Power Through"],"picked":"Twin Strike","floor":1},{"not_picked":["Dark Embrace","Fire Breathing"],"picked":"Body Slam","floor":2},{"not_picked":["Perfected Strike","Anger"],"picked":"Pommel Strike","floor":3},{"not_picked":["Pommel Strike","Blood for Blood"],"picked":"Headbutt","floor":7},{"not_picked":["Reckless Charge","Warcry"],"picked":"Corruption","floor":10},{"not_picked":["Reckless Charge","Fire Breathing"],"picked":"Clothesline","floor":11}],"player_experience":371660,"relics_obtained":[{"floor":7,"key":"Old Coin"},{"floor":9,"key":"Peace Pipe"},{"floor":10,"key":"Sundial"}],"event_choices":[{"damage_healed":0,"gold_gain":75,"player_choice":"Gather Gold","damage_taken":11,"max_hp_gain":0,"max_hp_loss":0,"event_name":"World of Goop","floor":5,"gold_loss":0}],"is_beta":false,"boss_relics":[],"items_purged_floors":[4],"is_endless":false,"potions_floor_spawned":[1,3],"killed_by":"3 Sentries","ascension_level":10}}