{"host":"sc0o2qwpf9j16a4i","time":1611191992,"event":{"mods":["AchievementEnabler","BaseMod","BetterRewards","Block Reminder","Colored Map","Colored Powertips","Custom Start","Highlight Path","Minty Spire (QoL Compilation)","Relic Stats"],"gold_per_floor":[160,235,245,255,268,268,268,303,303,22,22,41,41,57,57,57,57],"floor_reached":16,"language":"ENG","playtime":354,"items_purged":[],"score":204,"play_id":"03156b35-0bce-48d6-ac62-091f75568311","local_time":"20210121031952","is_ascension_mode":true,"campfire_choices":[{"data":"ReachHeaven","floor":6,"key":"SMITH"},{"floor":15,"key":"REST"}],"circlet_count":0,"master_deck":["AscendersBane","Strike_P","Strike_P","Strike_P+1","Strike_P","Defend_P","Defend_P","Defend_P","Defend_P","Eruption","Vigilance","FollowUp","CutThroughFate","Protect","CutThroughFate","ReachHeaven+1","Study","LikeWater","LessonLearned"],"relics":["Tiny House","Bag of Preparation","Blood Vial","Kunai","CaptainsWheel"],"acts_visited":["Exordium"],"potions_floor_usage":[],"damage_taken":[{"damage":1,"enemies":"2 Louse","floor":1,"turns":4},{"damage":0,"enemies":"Small Slimes","floor":3,"turns":2},{"damage":4,"enemies":"Jaw Worm","floor":4,"turns":3},{"damage":4,"enemies":"Looter","floor":5,"turns":3},{"damage":15,"enemies":"Lagavulin","floor":8,"turns":6},{"damage":6,"enemies":"Lots of Slimes","floor":12,"turns":5},{"damage":10,"enemies":"3 Louse","floor":14,"turns":4},{"damage":72,"enemies":"The Guardian","floor":16,"turns":7}],"seed_played":"6370302107520362064","potions_obtained":[{"floor":0,"key":"GamblersBrew"},{"floor":1,"key":"SpeedPotion"},{"floor":14,"key":"FearPotion"}],"is_trial":false,"path_per_floor":["M","?","M","M","M","R","?","E","T","$","?","M","T","M","R","B"],"character_chosen":"WATCHER","items_purchased":["Kunai"],"campfire_rested":1,"item_purchase_floors":[10],"current_hp_per_floor":[65,54,54,50,46,46,46,31,31,31,31,27,27,19,40,0,0],"gold":57,"neow_bonus":"BOSS_RELIC","is_daily":false,"chose_seed":false,"campfire_upgraded":1,"win_rate":0.0,"timestamp":1611191992,"path_taken":["M","?","M","M","M","R","?","E","T","$","?","M","?","M","R","BOSS"],"items_purchased_type":["Relic"],"build_version":"2020-12-22","purchased_purges":0,"victory":false,"max_hp_per_floor":[73,73,73,73,73,73,73,73,73,73,73,73,73,73,73,73,73],"relic_stats":{"Blood Vial":6,"counters":[8,34],"Bag of Preparation":[6],"Kunai":[3],"obtain_stats":[{"Blood Vial":9,"CaptainsWheel":13,"Tiny House":0,"Bag of Preparation":8,"Kunai":10,"PureWater":0},{"Blood Vial":5,"CaptainsWheel":6,"Tiny House":0,"Bag of Preparation":5,"Kunai":5,"PureWater":0},{"Blood Vial":18,"CaptainsWheel":23,"Tiny House":0,"Bag of Preparation":18,"Kunai":18,"PureWater":0}]},"card_choices":[{"not_picked":["Crescendo","EmptyBody"],"picked":"FollowUp","floor":0},{"not_picked":["ReachHeaven","EmptyBody"],"picked":"CutThroughFate","floor":1},{"not_picked":["WreathOfFlame","Prostrate"],"picked":"Protect","floor":3},{"not_picked":["PathToVictory","Collect"],"picked":"CutThroughFate","floor":4},{"not_picked":["FlurryOfBlows","JustLucky"],"picked":"ReachHeaven","floor":5},{"not_picked":["Prostrate","EmptyBody"],"picked":"Study","floor":8},{"not_picked":["Collect","ClearTheMind"],"picked":"LikeWater","floor":12},{"not_picked":["ClearTheMind","ThirdEye"],"picked":"LessonLearned","floor":14}],"player_experience":827775,"relics_obtained":[{"floor":8,"key":"Bag of Preparation"},{"floor":9,"key":"Blood Vial"},{"floor":13,"key":"CaptainsWheel"}],"event_choices":[{"damage_healed":0,"gold_gain":75,"player_choice":"Gather Gold","damage_taken":11,"max_hp_gain":0,"max_hp_loss":0,"event_name":"World of Goop","floor":2,"gold_loss":0},{"damage_healed":0,"gold_gain":0,"player_choice":"Ignored","damage_taken":0,"max_hp_gain":0,"max_hp_loss":0,"event_name":"Shining Light","floor":7,"gold_loss":0},{"damage_healed":0,"gold_gain":0,"player_choice":"Searched \u00270\u0027 times","damage_taken":0,"max_hp_gain":0,"max_hp_loss":0,"event_name":"Dead Adventurer","floor":11,"gold_loss":0}],"is_beta":false,"boss_relics":[],"items_purged_floors":[],"is_endless":false,"potions_floor_spawned":[1,12,14],"killed_by":"The Guardian","ascension_level":20}}