{"host":"w3q5ijqu8eoknil3","time":1611249717,"event":{"mods":["AchievementEnabler","BaseMod","Block Reminder","Colored Map","Colored Powertips","Curses Come First","Dark Map","Minty Spire (QoL Compilation)","Quick Restart","Relic Stats","StSLib","ojb\u0027s Better Paths Mod","ojb\u0027s Info Mod","slay the spire mod where everything is the same but ironclad has a cowboy hat"],"gold_per_floor":[118,137,155,167,186,186,186],"floor_reached":6,"language":"ENG","playtime":249,"items_purged":[],"score":76,"play_id":"6141e9fb-64c8-4368-b836-8636f4ccc853","local_time":"20210121172157","is_ascension_mode":true,"campfire_choices":[],"circlet_count":0,"master_deck":["AscendersBane","Strike_G","Strike_G","Strike_G","Strike_G","Strike_G","Defend_G","Defend_G","Defend_G","Defend_G","Defend_G","Survivor","Neutralize","CurseOfTheBell","Sucker Punch","Footwork","Deadly Poison","Bouncing Flask","Burst"],"relics":["Calling Bell","Vajra","Shuriken","Thread and Needle"],"acts_visited":["Exordium"],"potions_floor_usage":[2,6],"damage_taken":[{"damage":0,"enemies":"Cultist","floor":1,"turns":4},{"damage":8,"enemies":"Small Slimes","floor":2,"turns":3},{"damage":0,"enemies":"Jaw Worm","floor":3,"turns":4},{"damage":5,"enemies":"3 Louse","floor":4,"turns":4},{"damage":9,"enemies":"2 Fungi Beasts","floor":5,"turns":5},{"damage":39,"enemies":"Gremlin Nob","floor":6,"turns":4}],"seed_played":"-1386303774122437545","potions_obtained":[{"floor":1,"key":"DuplicationPotion"},{"floor":4,"key":"Dexterity Potion"}],"is_trial":false,"path_per_floor":["M","M","M","M","M","E"],"character_chosen":"THE_SILENT","items_purchased":[],"campfire_rested":0,"item_purchase_floors":[],"current_hp_per_floor":[59,51,51,46,37,0,0],"gold":186,"neow_bonus":"BOSS_RELIC","is_daily":false,"chose_seed":false,"campfire_upgraded":0,"win_rate":0.0,"timestamp":1611249717,"path_taken":["M","M","?","?","M","E"],"items_purchased_type":[],"build_version":"2020-12-22","purchased_purges":0,"victory":false,"max_hp_per_floor":[66,66,66,66,66,66,66],"relic_stats":{"counters":[6,24],"Shuriken":[6],"obtain_stats":[{"Calling Bell":0,"Shuriken":0,"Vajra":0,"Thread and Needle":0,"Ring of the Snake":0},{"Calling Bell":0,"Shuriken":0,"Vajra":0,"Thread and Needle":0,"Ring of the Snake":0},{"Calling Bell":0,"Shuriken":0,"Vajra":0,"Thread and Needle":0,"Ring of the Snake":0}]},"card_choices":[{"not_picked":["Prepared","Outmaneuver"],"picked":"Sucker Punch","floor":1},{"not_picked":["Flechettes","Concentrate"],"picked":"Footwork","floor":2},{"not_picked":["Deflect","Underhanded Strike"],"picked":"Deadly Poison","floor":3},{"not_picked":["Acrobatics","PiercingWail"],"picked":"Bouncing Flask","floor":4},{"not_picked":["Deflect","Poisoned Stab"],"picked":"Burst","floor":5}],"player_experience":1007436,"relics_obtained":[{"floor":0,"key":"Vajra"},{"floor":0,"key":"Shuriken"},{"floor":0,"key":"Thread and Needle"}],"event_choices":[],"is_beta":false,"boss_relics":[],"items_purged_floors":[],"is_endless":false,"potions_floor_spawned":[1,4],"killed_by":"Gremlin Nob","ascension_level":18}}