{"host":"pxmwci5ksxda8grt","time":1611208909,"event":{"mods":["BaseMod","Better Third Choice","BetterRewards","Colored Map","Colored Powertips","Defuse TimeMaze Blight","Energized Spire","GifTheSpireLib","Minty Spire (QoL Compilation)","Quick Restart","Rare Cards Sparkle","Relic Stats","StSLib","SuperFastMode"],"gold_per_floor":[116,116,116,153,172,200,212,237,237,264,301,332,332,97,97,196,196,196,906,821,837,851,851,876,876,952,952,966,701,714,764,764,866,866,879,577,591,501,520,520,555,555,555,555,569,569,588,126,126,126],"floor_reached":51,"language":"ENG","playtime":2591,"items_purged":["Strike_B","Defend_B","Strike_B+1","Strike_B+1","Defend_B+1"],"score":1536,"play_id":"2f3e4cb9-44b0-488c-af21-efe7fefbe6c6","local_time":"20210121190149","is_ascension_mode":true,"campfire_choices":[{"data":"Heatsinks","floor":15,"key":"SMITH"},{"data":"Apotheosis","floor":23,"key":"SMITH"},{"data":"Defend_B","floor":25,"key":"SMITH"},{"data":"Amplify","floor":32,"key":"SMITH"},{"data":"Heatsinks","floor":40,"key":"SMITH"},{"data":"Defend_B+1","floor":42,"key":"PURGE"},{"floor":49,"key":"RECALL"}],"circlet_count":0,"master_deck":["Zap","Dualcast","Apotheosis+1","Capacitor","Multi-Cast","Rebound","Necronomicurse","Trip","Electrodynamics","Chrysalis","Bandage Up","Good Instincts","Leap","Heatsinks+1","Double Energy+1","Capacitor","Amplify+1","Capacitor","Genetic Algorithm+1","White Noise","Core Surge+1","All For One+1","Sunder+1","Fusion+1","Cold Snap+1","Sunder+1","Cold Snap+1","White Noise+1","Blizzard+1","Turbo+1","Double Energy+1","Double Energy+1","Creative AI","Echo Form","Cold Snap+1","Consume+1","Coolheaded+1","Heatsinks+1","Chaos+1","Echo Form","Defragment"],"relics":["Cracked Core","Membership Card","Ancient Tea Set","Question Card","Peace Pipe","Regal Pillow","Dream Catcher","Frozen Eye","Mango","Potion Belt","ClockworkSouvenir","FossilizedHelix","Pear","Happy Flower","Chemical X","Whetstone","Emotion Chip","Lee\u0027s Waffle","Shuriken","Bronze Scales","Pantograph","Toolbox","Blood Vial","PreservedInsect","HandDrill","Unceasing Top","Cauldron","Lizard Tail","energizedSpire:UnstableMolecules","Enchiridion","Turnip","Necronomicon","GremlinMask","Prayer Wheel","Ice Cream","Lantern","Molten Egg 2","betterThird:SlimedRelic","Meat on the Bone","FrozenCore","Orichalcum","Tiny Chest","Ornamental Fan","Bag of Preparation","Bird Faced Urn","Oddly Smooth Stone","War Paint","Art of War","Gremlin Horn","MealTicket","energizedSpire:EnergizedDie","CaptainsWheel","Medical Kit","Cables","Thread and Needle","Toxic Egg 2","Strawberry","Omamori","Letter Opener","energizedSpire:MagnifyingGlass","Pen Nib","Vajra","Sling","DataDisk","Eternal Feather","Incense Burner","Sundial","Kunai","Du-Vu Doll","Strange Spoon"],"acts_visited":["Exordium","TheCity","TheBeyond"],"potions_floor_usage":[50,50,50,50],"damage_taken":[{"damage":0,"enemies":"Jaw Worm","floor":1,"turns":1},{"damage":0,"enemies":"2 Louse","floor":4,"turns":1},{"damage":0,"enemies":"Cultist","floor":5,"turns":1},{"damage":0,"enemies":"Gremlin Nob","floor":6,"turns":3},{"damage":0,"enemies":"Exordium Thugs","floor":7,"turns":3},{"damage":0,"enemies":"Lagavulin","floor":8,"turns":4},{"damage":0,"enemies":"Gremlin Nob","floor":10,"turns":3},{"damage":0,"enemies":"Looter","floor":11,"turns":1},{"damage":0,"enemies":"Lagavulin","floor":12,"turns":3},{"damage":0,"enemies":"Slime Boss","floor":16,"turns":4},{"damage":0,"enemies":"3 Byrds","floor":18,"turns":2},{"damage":10,"enemies":"2 Thieves","floor":21,"turns":2},{"damage":0,"enemies":"Cultist and Chosen","floor":22,"turns":2},{"damage":13,"enemies":"Slavers","floor":24,"turns":3},{"damage":0,"enemies":"Gremlin Leader","floor":27,"turns":2},{"damage":0,"enemies":"Centurion and Healer","floor":28,"turns":1},{"damage":0,"enemies":"Shelled Parasite and Fungi","floor":30,"turns":4},{"damage":0,"enemies":"Automaton","floor":33,"turns":4},{"damage":0,"enemies":"3 Darklings","floor":35,"turns":2},{"damage":0,"enemies":"Orb Walker","floor":37,"turns":2},{"damage":0,"enemies":"Spire Growth","floor":39,"turns":3},{"damage":0,"enemies":"Reptomancer","floor":41,"turns":3},{"damage":0,"enemies":"Nemesis","floor":44,"turns":5},{"damage":0,"enemies":"3 Darklings","floor":45,"turns":3},{"damage":0,"enemies":"Jaw Worm Horde","floor":47,"turns":2},{"damage":60,"enemies":"Time Eater","floor":50,"turns":19}],"seed_played":"4984076684335253319","potions_obtained":[{"floor":0,"key":"LiquidMemories"},{"floor":0,"key":"SmokeBomb"},{"floor":0,"key":"DistilledChaos"},{"floor":0,"key":"SpeedPotion"},{"floor":0,"key":"DuplicationPotion"},{"floor":3,"key":"FairyPotion"},{"floor":3,"key":"Regen Potion"}],"is_trial":false,"path_per_floor":["M","?","?","M","M","E","M","E","T","E","M","E","T","$","R","B",null,"M","$","?","M","M","R","E","R","T","E","M","$","M","?","R","B",null,"M","$","M","?","M","R","E","R","T","E","M","T","M","$","R","B",null],"character_chosen":"DEFECT","items_purchased":["Membership Card","Apotheosis","Ancient Tea Set","Question Card","Capacitor","Regal Pillow","Dream Catcher","Frozen Eye","Mango","Potion Belt","ClockworkSouvenir","Pear","Happy Flower","Chemical X","Whetstone","Runic Capacitor","Emotion Chip","Lee\u0027s Waffle","Shuriken","Bronze Scales","Pantograph","Toolbox","Blood Vial","PreservedInsect","HandDrill","Unceasing Top","Cauldron","Tiny Chest","Gremlin Horn","MealTicket","CaptainsWheel","Medical Kit","Cold Snap+1","Omamori","Letter Opener","Pen Nib","Vajra","Sling","Kunai","Du-Vu Doll","Strange Spoon","Defragment"],"campfire_rested":0,"item_purchase_floors":[0,0,0,0,0,0,0,0,0,0,0,0,0,0,0,0,0,0,0,0,0,0,0,0,0,0,0,0,14,14,19,19,19,29,29,36,36,36,48,48,48,48],"current_hp_per_floor":[106,99,99,101,106,106,106,106,106,106,106,106,106,106,106,106,106,106,106,106,96,106,106,93,93,93,113,113,113,113,113,113,113,113,113,113,113,110,110,110,110,110,110,110,110,110,110,110,110,66],"gold":126,"neow_bonus":"","is_daily":false,"chose_seed":false,"campfire_upgraded":5,"win_rate":0.0,"timestamp":1611208909,"path_taken":["M","?","?","M","M","E","?","E","T","E","M","E","?","$","R","BOSS","M","$","?","M","M","R","E","R","T","E","M","$","M","?","R","BOSS","M","$","M","?","M","R","E","R","T","E","M","?","?","$","R","BOSS"],"items_purchased_type":["Relic","Card","Relic","Relic","Card","Relic","Relic","Relic","Relic","Relic","Relic","Relic","Relic","Relic","Relic","Relic","Relic","Relic","Relic","Relic","Relic","Relic","Relic","Relic","Relic","Relic","Relic","Relic","Relic","Relic","Relic","Relic","Card","Relic","Relic","Relic","Relic","Relic","Relic","Relic","Relic","Card"],"build_version":"2020-12-22","purchased_purges":5,"victory":true,"max_hp_per_floor":[106,106,106,106,106,106,106,106,106,106,106,106,106,106,106,106,106,106,106,106,106,106,106,106,106,106,113,113,113,113,113,113,113,113,113,113,113,110,110,110,110,110,110,110,110,110,110,110,110,110],"relic_stats":{"Regal Pillow":0,"Gremlin Horn":[27,29],"Bag of Preparation":[86],"Whetstone":["Neutralize","Strike_G","Strike_B","Strike_B","Strike_B","Strike_B"],"FrozenCore":[52],"Blood Vial":14,"Dream Catcher":0,"Emotion Chip":[15,9,3,0,3],"Lizard Tail":0,"Sundial":[6],"Pantograph":9,"Prayer Wheel":30,"Tiny Chest":5,"MealTicket":0,"HandDrill":[84],"Necronomicon":[17],"Chemical X":[12],"Kunai":[18],"Lee\u0027s Waffle":21,"Happy Flower":[58],"counters":[86,227],"Eternal Feather":23,"PreservedInsect":289,"Pen Nib":[42],"Letter Opener":[176],"Orichalcum":[168],"War Paint":["Outmaneuver","Defend_G","Defend_G","Survivor","Defend_B","Defend_B","Double Energy","Defend_B"],"Question Card":41,"Medical Kit":[0],"Cables":[92,76,11,0,5],"Peace Pipe":2,"Strange Spoon":[21],"Shuriken":[13],"Ornamental Fan":[120],"Bronze Scales":[322],"Bird Faced Urn":[35],"Turnip":[1],"Art of War":[37],"obtain_stats":[{"TwistedFunnel":24,"energizedSpire:UnstableMolecules":0,"Whetstone":0,"Ginger":0,"Bottled Tornado":0,"Sling":0,"Boot":0,"FrozenCore":0,"Blood Vial":8,"Sundial":44,"MealTicket":6,"HandDrill":8,"Necronomicon":0,"Kunai":0,"Pear":0,"Tingsha":26,"Eternal Feather":0,"Pen Nib":9,"Cables":0,"Bird Faced Urn":0,"MutagenicStrength":20,"energizedSpire:MagnifyingGlass":34,"Unceasing Top":0,"Regal Pillow":0,"Lantern":13,"Torii":0,"Singing Bowl":0,"StoneCalendar":0,"GremlinMask":0,"Bag of Preparation":0,"Smiling Mask":9,"Ancient Tea Set":22,"Shovel":0,"Matryoshka":13,"Ninja Scroll":20,"Toolbox":0,"energizedSpire:HugeHouse":17,"Chemical X":0,"InkBottle":0,"Ring of the Snake":0,"Potion Belt":0,"Lee\u0027s Waffle":0,"The Specimen":20,"Golden Idol":11,"energizedSpire:EnergizedDie":17,"Thread and Needle":0,"PreservedInsect":12,"Omamori":47,"MawBank":43,"Nuclear Battery":34,"Ornamental Fan":0,"betterThird:SlimedRelic":0,"Orrery":0,"Turnip":0,"Art of War":0,"Toy Ornithopter":34,"Ice Cream":0,"Calipers":0,"Gremlin Horn":31,"Vajra":11,"Runic Capacitor":0,"Centennial Puzzle":31,"Lizard Tail":0,"HornCleat":0,"DollysMirror":20,"Strawberry":24,"Prayer Wheel":0,"Toxic Egg 2":26,"Girya":0,"Happy Flower":38,"Dead Branch":0,"Oddly Smooth Stone":0,"Letter Opener":14,"War Paint":25,"Question Card":0,"Du-Vu Doll":36,"OrangePellets":0,"Shuriken":34,"Bronze Scales":0,"Molten Egg 2":24,"Pocketwatch":40,"Meat on the Bone":0,"Darkstone Periapt":0,"Enchiridion":0,"Mango":13,"Juzu Bracelet":27,"Incense Burner":44,"ClockworkSouvenir":0,"Frozen Eye":0,"Dream Catcher":0,"Nunchaku":26,"Emotion Chip":46,"TheAbacus":0,"Gambling Chip":34,"Pantograph":0,"Tiny Chest":10,"Cracked Core":2,"energizedSpire:RedRose":17,"Orichalcum":0,"Medical Kit":0,"White Beast Statue":38,"Mercury Hourglass":48,"Calling Bell":34,"Peace Pipe":31,"Cauldron":0,"Strange Spoon":40,"CaptainsWheel":0,"Anchor":0,"DataDisk":44,"Bag of Marbles":8,"Membership Card":0,"TungstenRod":28,"FossilizedHelix":0},{"TwistedFunnel":12,"energizedSpire:UnstableMolecules":60,"Whetstone":28,"Ginger":28,"Bottled Tornado":28,"Sling":28,"Boot":28,"FrozenCore":60,"Blood Vial":6,"Sundial":23,"MealTicket":6,"HandDrill":6,"Necronomicon":60,"Kunai":37,"Pear":60,"Tingsha":13,"Eternal Feather":37,"Pen Nib":6,"Cables":37,"Bird Faced Urn":28,"MutagenicStrength":47,"energizedSpire:MagnifyingGlass":78,"Unceasing Top":60,"Regal Pillow":28,"Lantern":44,"Torii":28,"Singing Bowl":37,"StoneCalendar":28,"GremlinMask":60,"Bag of Preparation":0,"Smiling Mask":42,"Ancient Tea Set":47,"Shovel":28,"Matryoshka":44,"Ninja Scroll":10,"Toolbox":28,"energizedSpire:HugeHouse":9,"Chemical X":37,"InkBottle":37,"Ring of the Snake":0,"Potion Belt":28,"Lee\u0027s Waffle":28,"The Specimen":10,"Golden Idol":34,"energizedSpire:EnergizedDie":70,"Thread and Needle":28,"PreservedInsect":8,"Omamori":26,"MawBank":22,"Nuclear Battery":52,"Ornamental Fan":37,"betterThird:SlimedRelic":60,"Orrery":28,"Turnip":28,"Art of War":28,"Toy Ornithopter":17,"Ice Cream":0,"Calipers":37,"Gremlin Horn":51,"Vajra":43,"Runic Capacitor":37,"Centennial Puzzle":16,"Lizard Tail":28,"HornCleat":28,"DollysMirror":10,"Strawberry":12,"Prayer Wheel":37,"Toxic Egg 2":74,"Girya":28,"Happy Flower":20,"Dead Branch":0,"Oddly Smooth Stone":37,"Letter Opener":35,"War Paint":13,"Question Card":60,"Du-Vu Doll":19,"OrangePellets":37,"Shuriken":17,"Bronze Scales":28,"Molten Egg 2":12,"Pocketwatch":22,"Meat on the Bone":28,"Darkstone Periapt":28,"Enchiridion":60,"Mango":35,"Juzu Bracelet":49,"Incense Burner":83,"ClockworkSouvenir":28,"Frozen Eye":28,"Dream Catcher":37,"Nunchaku":48,"Emotion Chip":58,"TheAbacus":0,"Gambling Chip":17,"Pantograph":37,"Tiny Chest":34,"Cracked Core":38,"energizedSpire:RedRose":36,"Orichalcum":0,"Medical Kit":37,"White Beast Statue":20,"Mercury Hourglass":59,"Calling Bell":17,"Peace Pipe":51,"Cauldron":28,"Strange Spoon":55,"CaptainsWheel":28,"Anchor":37,"DataDisk":57,"Bag of Marbles":6,"Membership Card":37,"TungstenRod":15,"FossilizedHelix":28},{"TwistedFunnel":31,"energizedSpire:UnstableMolecules":144,"Whetstone":69,"Ginger":69,"Bottled Tornado":69,"Sling":69,"Boot":69,"FrozenCore":144,"Blood Vial":14,"Sundial":56,"MealTicket":14,"HandDrill":14,"Necronomicon":144,"Kunai":87,"Pear":144,"Tingsha":32,"Eternal Feather":87,"Pen Nib":14,"Cables":87,"Bird Faced Urn":69,"MutagenicStrength":111,"energizedSpire:MagnifyingGlass":188,"Unceasing Top":144,"Regal Pillow":69,"Lantern":104,"Torii":69,"Singing Bowl":87,"StoneCalendar":69,"GremlinMask":144,"Bag of Preparation":0,"Smiling Mask":99,"Ancient Tea Set":111,"Shovel":69,"Matryoshka":104,"Ninja Scroll":27,"Toolbox":69,"energizedSpire:HugeHouse":25,"Chemical X":87,"InkBottle":87,"Ring of the Snake":0,"Potion Belt":69,"Lee\u0027s Waffle":69,"The Specimen":27,"Golden Idol":81,"energizedSpire:EnergizedDie":168,"Thread and Needle":69,"PreservedInsect":18,"Omamori":60,"MawBank":54,"Nuclear Battery":122,"Ornamental Fan":87,"betterThird:SlimedRelic":144,"Orrery":69,"Turnip":69,"Art of War":69,"Toy Ornithopter":45,"Ice Cream":0,"Calipers":87,"Gremlin Horn":118,"Vajra":102,"Runic Capacitor":87,"Centennial Puzzle":39,"Lizard Tail":69,"HornCleat":69,"DollysMirror":27,"Strawberry":31,"Prayer Wheel":87,"Toxic Egg 2":177,"Girya":69,"Happy Flower":50,"Dead Branch":0,"Oddly Smooth Stone":87,"Letter Opener":83,"War Paint":32,"Question Card":144,"Du-Vu Doll":49,"OrangePellets":87,"Shuriken":45,"Bronze Scales":69,"Molten Egg 2":31,"Pocketwatch":54,"Meat on the Bone":69,"Darkstone Periapt":69,"Enchiridion":144,"Mango":83,"Juzu Bracelet":114,"Incense Burner":203,"ClockworkSouvenir":69,"Frozen Eye":69,"Dream Catcher":87,"Nunchaku":112,"Emotion Chip":136,"TheAbacus":0,"Gambling Chip":45,"Pantograph":87,"Tiny Chest":81,"Cracked Core":90,"energizedSpire:RedRose":86,"Orichalcum":0,"Medical Kit":87,"White Beast Statue":50,"Mercury Hourglass":139,"Calling Bell":45,"Peace Pipe":118,"Cauldron":69,"Strange Spoon":130,"CaptainsWheel":69,"Anchor":87,"DataDisk":134,"Bag of Marbles":14,"Membership Card":87,"TungstenRod":37,"FossilizedHelix":69}],"Unceasing Top":[19],"Meat on the Bone":0},"card_choices":[{"not_picked":["Glacier","Go for the Eyes+1","Barrage+1"],"picked":"Heatsinks","floor":1},{"not_picked":["Tempest","Conserve Battery","Gash+1","Compile Driver+1"],"picked":"SKIP","floor":1},{"not_picked":["Undo","Coolheaded","Conserve Battery"],"picked":"Double Energy","floor":4},{"not_picked":["Force Field","Beam Cell+1","Auto Shields","Go for the Eyes+1"],"picked":"SKIP","floor":4},{"not_picked":["Scrape+1","Leap","Hologram"],"picked":"Capacitor","floor":5},{"not_picked":["Conserve Battery","Stack","Doom and Gloom+1"],"picked":"Amplify","floor":5},{"not_picked":["Melter+1","Streamline+1","Auto Shields"],"picked":"Capacitor","floor":6},{"not_picked":["Self Repair","Streamline+1","Leap"],"picked":"Genetic Algorithm","floor":7},{"not_picked":["Leap","Go for the Eyes+1","Streamline+1","Rebound+1"],"picked":"SKIP","floor":7},{"not_picked":["Conserve Battery","Scrape+1","Stack","Leap"],"picked":"SKIP","floor":8},{"not_picked":["Doom and Gloom+1","Chaos","Chill","Force Field"],"picked":"SKIP","floor":10},{"not_picked":["Blizzard+1","Loop","Beam Cell+1"],"picked":"White Noise","floor":11},{"not_picked":["BootSequence","Beam Cell+1","Streamline+1","Reprogram"],"picked":"SKIP","floor":11},{"not_picked":["Steam","Compile Driver+1","Gash+1"],"picked":"Core Surge+1","floor":12},{"not_picked":["Thunder Strike+1","Biased Cognition","Rainbow"],"picked":"All For One+1","floor":16},{"not_picked":["Coolheaded","Compile Driver+1","Streamline+1"],"picked":"Sunder+1","floor":18},{"not_picked":["Undo","Conserve Battery","Storm"],"picked":"Fusion+1","floor":18},{"not_picked":["Redo","Barrage+1","Hologram"],"picked":"Sunder+1","floor":21},{"not_picked":["Biased Cognition","Static Discharge+1","Rip and Tear+1","Cold Snap+1"],"picked":"SKIP","floor":21},{"not_picked":["Storm","Electrodynamics","Ball Lightning+1"],"picked":"Cold Snap+1","floor":22},{"not_picked":["Tempest","Sweeping Beam+1","Ball Lightning+1"],"picked":"White Noise+1","floor":22},{"not_picked":["Skim","Conserve Battery","Auto Shields"],"picked":"Blizzard+1","floor":24},{"not_picked":["Melter+1","Beam Cell+1","Streamline+1","Hologram+1"],"picked":"SKIP","floor":27},{"not_picked":["Compile Driver+1","Static Discharge+1","Stack+1"],"picked":"Turbo+1","floor":28},{"not_picked":["Coolheaded+1","Steam+1","Streamline+1"],"picked":"Double Energy+1","floor":28},{"not_picked":["Leap+1","Skim+1","Lockon+1"],"picked":"Double Energy+1","floor":30},{"not_picked":["Steam+1","Scrape+1","Recycle+1"],"picked":"Creative AI","floor":30},{"not_picked":["Core Surge+1","Fission+1","Rainbow+1"],"picked":"Echo Form","floor":33},{"not_picked":["Barrage+1","Compile Driver+1","Genetic Algorithm+1"],"picked":"Cold Snap+1","floor":35},{"not_picked":["Storm+1","Turbo+1","Gash+1"],"picked":"Consume+1","floor":35},{"not_picked":["Streamline+1","Gash+1","Force Field+1"],"picked":"Coolheaded+1","floor":37},{"not_picked":["Streamline+1","Force Field+1","Leap+1"],"picked":"Heatsinks","floor":37},{"not_picked":["Buffer","Streamline+1","Steam+1","Go for the Eyes+1"],"picked":"SKIP","floor":39},{"not_picked":["Sweeping Beam+1","Reinforced Body+1","Scrape+1","Steam Power+1"],"picked":"SKIP","floor":39},{"not_picked":["Ball Lightning+1","Turbo+1","Reprogram+1","Compile Driver+1"],"picked":"SKIP","floor":41},{"not_picked":["Darkness+1","Leap+1","Coolheaded+1"],"picked":"Chaos+1","floor":44},{"not_picked":["Go for the Eyes+1","Gash+1","Force Field+1"],"picked":"Echo Form","floor":45},{"not_picked":["Leap+1","Storm","Blizzard+1","Sweeping Beam+1"],"picked":"SKIP","floor":45},{"not_picked":["Beam Cell+1","Coolheaded+1","Doom and Gloom+1","Rebound+1"],"picked":"SKIP","floor":47},{"not_picked":["Turbo+1","Conserve Battery+1","Barrage+1","Stack+1"],"picked":"SKIP","floor":47}],"player_experience":571502,"relics_obtained":[{"floor":6,"key":"Ornamental Fan"},{"floor":8,"key":"Bag of Preparation"},{"floor":9,"key":"Bird Faced Urn"},{"floor":10,"key":"Oddly Smooth Stone"},{"floor":12,"key":"War Paint"},{"floor":13,"key":"Art of War"},{"floor":24,"key":"Thread and Needle"},{"floor":26,"key":"Toxic Egg 2"},{"floor":27,"key":"Strawberry"},{"floor":41,"key":"DataDisk"},{"floor":43,"key":"Eternal Feather"},{"floor":44,"key":"Incense Burner"},{"floor":46,"key":"Sundial"}],"event_choices":[{"cards_removed":["Strike_B"],"damage_healed":0,"gold_gain":0,"player_choice":"Card Removal","damage_taken":7,"max_hp_gain":0,"max_hp_loss":0,"event_name":"Golden Wing","floor":2,"gold_loss":0},{"damage_healed":0,"gold_gain":0,"player_choice":"Got Potions","damage_taken":0,"max_hp_gain":0,"max_hp_loss":0,"event_name":"Lab","floor":3,"gold_loss":0},{"damage_healed":0,"gold_gain":0,"player_choice":"Obtained Relic","damage_taken":0,"relics_obtained":["Cables"],"max_hp_gain":0,"max_hp_loss":0,"event_name":"Addict","floor":20,"gold_loss":85},{"damage_healed":0,"gold_gain":100,"player_choice":"Bet on Murderer","damage_taken":0,"max_hp_gain":0,"max_hp_loss":0,"event_name":"The Joust","floor":31,"gold_loss":50},{"cards_removed":["Parasite"],"damage_healed":0,"gold_gain":0,"player_choice":"Upgrade and Remove","damage_taken":0,"max_hp_gain":0,"max_hp_loss":0,"event_name":"Designer","floor":38,"gold_loss":90,"cards_upgraded":["Genetic Algorithm"]}],"is_beta":false,"boss_relics":[{"not_picked":["energizedSpire:DeadBattery","Busted Crown"],"picked":"energizedSpire:EnergizedDie"},{"not_picked":["Runic Pyramid","energizedSpire:StickyHand"],"picked":"energizedSpire:MagnifyingGlass"}],"items_purged_floors":[14,19,29,36,48],"is_endless":false,"potions_floor_spawned":[5,6,7,10,21,24,28,30,37,41],"ascension_level":1}}