{"host":"w3q5ijqu8eoknil3","time":1611248269,"event":{"mods":["AchievementEnabler","BaseMod","Block Reminder","Colored Map","Colored Powertips","Curses Come First","Dark Map","Minty Spire (QoL Compilation)","Quick Restart","Relic Stats","StSLib","ojb\u0027s Better Paths Mod","ojb\u0027s Info Mod","slay the spire mod where everything is the same but ironclad has a cowboy hat"],"gold_per_floor":[367,367,106,180,7,40,53,53,53,53,53],"floor_reached":10,"language":"ENG","playtime":267,"items_purged":[],"score":122,"play_id":"a1182d86-1add-437b-ae3d-b66453a9df54","local_time":"20210121165749","is_ascension_mode":true,"campfire_choices":[{"data":"Bouncing Flask","floor":8,"key":"SMITH"}],"circlet_count":0,"master_deck":["AscendersBane","Strike_G","Strike_G","Strike_G","Strike_G","Strike_G","Defend_G","Defend_G","Defend_G","Defend_G","Defend_G","Survivor","Neutralize+1","Bouncing Flask+1","Skewer","Footwork","Blade Dance","Deadly Poison","Noxious Fumes"],"relics":["Ring of the Snake","Question Card","Toolbox","Smiling Mask","Bronze Scales"],"acts_visited":["Exordium"],"potions_floor_usage":[10,10,10],"damage_taken":[{"damage":1,"enemies":"2 Louse","floor":1,"turns":3},{"damage":35,"enemies":"Lagavulin","floor":6,"turns":10},{"damage":4,"enemies":"Cultist","floor":7,"turns":3},{"damage":27,"enemies":"Gremlin Nob","floor":10,"turns":3}],"seed_played":"24167339458341046","potions_obtained":[{"floor":6,"key":"EntropicBrew"},{"floor":7,"key":"Ancient Potion"}],"is_trial":false,"path_per_floor":["M","?","$","T","$","E","M","R","T","E"],"character_chosen":"THE_SILENT","items_purchased":["Bouncing Flask","Skewer","Footwork","Blade Dance","Toolbox"],"campfire_rested":0,"item_purchase_floors":[3,3,3,3,5],"current_hp_per_floor":[58,58,58,58,58,23,19,19,19,0,0],"gold":53,"neow_bonus":"TWO_FIFTY_GOLD","is_daily":false,"chose_seed":false,"campfire_upgraded":1,"win_rate":0.0,"timestamp":1611248269,"path_taken":["M","?","$","?","?","E","M","R","T","E"],"items_purchased_type":["Card","Card","Card","Card","Relic"],"build_version":"2020-12-22","purchased_purges":0,"victory":false,"max_hp_per_floor":[60,60,60,60,60,60,60,60,60,60,60],"relic_stats":{"counters":[4,19],"Bronze Scales":[3],"Question Card":2,"Smiling Mask":0,"obtain_stats":[{"Bronze Scales":9,"Toolbox":5,"Question Card":4,"Smiling Mask":6,"Ring of the Snake":0},{"Bronze Scales":3,"Toolbox":1,"Question Card":1,"Smiling Mask":2,"Ring of the Snake":0},{"Bronze Scales":16,"Toolbox":3,"Question Card":3,"Smiling Mask":13,"Ring of the Snake":0}],"Ring of the Snake":[8]},"card_choices":[{"not_picked":["Slice","Escape Plan","Prepared"],"picked":"SKIP","floor":1},{"not_picked":["Cloak And Dagger","Prepared","Well Laid Plans"],"picked":"Deadly Poison","floor":6},{"not_picked":["Bane","Eviscerate","Prepared"],"picked":"Noxious Fumes","floor":7}],"player_experience":1007169,"relics_obtained":[{"floor":4,"key":"Question Card"},{"floor":6,"key":"Smiling Mask"},{"floor":9,"key":"Bronze Scales"}],"event_choices":[{"damage_healed":0,"gold_gain":0,"player_choice":"Upgraded","damage_taken":0,"max_hp_gain":0,"max_hp_loss":0,"event_name":"Upgrade Shrine","floor":2,"gold_loss":0,"cards_upgraded":["Neutralize"]}],"is_beta":false,"boss_relics":[],"items_purged_floors":[],"is_endless":false,"potions_floor_spawned":[6,7],"killed_by":"Gremlin Nob","ascension_level":18}}