{"host":"22s5scuj7mu87reg","time":1611256952,"event":{"mods":["BaseMod","Better Third Choice","Colored Powertips","Dota2Spire","Downfall","Duelist Mod","GungeonMod","Halation","Hubris","Infinite Spire","Koishi","KomeijiMod","Minty Spire (QoL Compilation)","Quick Restart","Replay The Spire","Shop Mod","StSLib","SuperFastMode","The Jungle","The Mystic","The Necromancer","Wandering Minibosses"],"gold_per_floor":[112,112,112,112,125,154,154,181,206,281,281,294,294,319,319,421,421,438,453,64,79,79,105,105,137,162,162,172,929,949,949,949,1053,1053,1063,1080,1080,1080,1092,1092,1092],"floor_reached":40,"language":"POL","playtime":1819,"items_purged":["Strike_B","Strike_B"],"score":580,"play_id":"916f5dc6-058c-4b40-8b13-979b42c2e56c","local_time":"20210121202232","is_ascension_mode":true,"campfire_choices":[{"data":"Strike_B","floor":7.0,"key":"PURGE"},{"data":"Coolheaded","floor":11.0,"key":"SMITH"},{"data":"Self Repair","floor":13.0,"key":"SMITH"},{"data":"Rainbow","floor":15.0,"key":"SMITH"},{"data":"Creative AI","floor":24.0,"key":"SMITH"},{"data":"hubris:Rewind","floor":27.0,"key":"SMITH"},{"data":"Strike_B","floor":32,"key":"PURGE"}],"circlet_count":0,"master_deck":["Defend_B","Defend_B","Defend_B","Defend_B","Zap","Dualcast","Cold Snap","Self Repair+1","Panic Button","Doom and Gloom","Coolheaded+1","Meteor Strike","Rainbow+1","Creative AI+1","CurseOfTheBell","Compile Driver+1","Loop+1","Beam Cell+1","hubris:Rewind+1","Doom and Gloom","Lockon","ReplayRNGCard","Barrage","Fission","Loop+1","ReplayTheSpireMod:Reroute Power+1","infinitespire:SealOfDarkness+"],"relics":["Dota2Spire:Bloodstone","Peace Pipe","Lantern","infinitespire:Eraser","DemoMod:ClearGuonStone","Dota2Spire:MonkeyKingBar","Calling Bell","MealTicket","Sundial","DemoMod:Antibody","Dota2Spire:EyeOfSkadi","halation:PromiseList","Ancient Tea Set","Blue Doll","wanderingMiniBosses:MasterThiefsPresence","Coffee Dripper","infinitespire:PuzzleCube"],"acts_visited":["Exordium","TheCity","TheBeyond"],"potions_floor_usage":[29,29,33,39],"damage_taken":[{"damage":13.0,"enemies":"Jaw Worm","floor":1.0,"turns":4.0},{"damage":1.0,"enemies":"Small Slimes","floor":5.0,"turns":3.0},{"damage":19.0,"enemies":"Lagavulin","floor":6.0,"turns":7.0},{"damage":11.0,"enemies":"3 Sentries","floor":8.0,"turns":5.0},{"damage":10.0,"enemies":"infinitespire:Voidling","floor":12.0,"turns":2.0},{"damage":19.0,"enemies":"Gremlin Nob","floor":14.0,"turns":4.0},{"damage":3.0,"enemies":"The Guardian","floor":16.0,"turns":7.0},{"damage":0.0,"enemies":"Chosen","floor":18.0,"turns":3.0},{"damage":0.0,"enemies":"Spheric Guardian","floor":19.0,"turns":2.0},{"damage":0.0,"enemies":"Cultist and Chosen","floor":21.0,"turns":7.0},{"damage":15.0,"enemies":"Replay:Snechameleon","floor":23.0,"turns":5.0},{"damage":1.0,"enemies":"Nightmare","floor":25.0,"turns":6.0},{"damage":9.0,"enemies":"Centurion and Healer","floor":28.0,"turns":3.0},{"damage":34,"enemies":"Shelled Parasite and Fungi","floor":29,"turns":6},{"damage":0,"enemies":"3 Cultists","floor":30,"turns":3},{"damage":37,"enemies":"Collector","floor":33,"turns":7},{"damage":24,"enemies":"3 Shapes","floor":35,"turns":3},{"damage":6,"enemies":"3 Darklings","floor":36,"turns":2},{"damage":11,"enemies":"Writhing Mass","floor":39,"turns":4},{"damage":80,"enemies":"Nightmare","floor":40,"turns":5}],"seed_played":"-5856955203404266483","potions_obtained":[{"floor":1.0,"key":"GamblersBrew"},{"floor":12.0,"key":"Block Potion"},{"floor":21.0,"key":"AttackPotion"},{"floor":23.0,"key":"Energy Potion"},{"floor":28,"key":"LiquidBronze"},{"floor":29,"key":"DemoMod:LeadSkinPotion"},{"floor":36,"key":"AttackPotion"}],"is_trial":false,"path_per_floor":["M","?","?","?","M","E","R","E","T","?","R","M","R","E","R","B",null,"M","M","$","M","$","E","R","NM","T","R","M","M","M","?","R","B",null,"M","M","AVR","?","M","NM"],"character_chosen":"DEFECT","items_purchased":["Dota2Spire:EyeOfSkadi"],"campfire_rested":0,"item_purchase_floors":[20],"current_hp_per_floor":[62,62,62,62,68,56,56,52,52,45,45,42,42,33,33,40,75,75,75,80,80,80,80,80,80,80,80,80,80,80,80,80,63,76,62,56,56,80,79,0,0],"gold":1092,"neow_bonus":"BOSS_RELIC","is_daily":false,"chose_seed":false,"campfire_upgraded":5,"win_rate":0.0,"timestamp":1611256952,"path_taken":["M","?","?","?","?","E","R","E","T","?","R","M","R","E","R","BOSS","M","M","$","M","?","E","R","NM","T","R","M","M","M","?","R","BOSS","M","M","AVR","?","M","NM"],"items_purchased_type":["Relic"],"build_version":"2020-12-13","purchased_purges":2,"victory":false,"max_hp_per_floor":[75,75,75,75,75,75,75,75,75,75,75,75,75,75,75,75,75,75,75,80,80,80,80,80,80,80,80,80,80,80,80,80,80,80,80,80,80,80,80,80,80],"card_choices":[{"not_picked":["Scrape","Heatsinks"],"picked":"Cold Snap","floor":1.0},{"not_picked":["Go for the Eyes","ReplaySolidLightProjector"],"picked":"Panic Button","floor":5.0},{"not_picked":["Auto Shields","BasicCrystalCard"],"picked":"Doom and Gloom","floor":6.0},{"not_picked":["Rebound","Steam"],"picked":"Coolheaded","floor":8.0},{"not_picked":["Go for the Eyes","Compile Driver"],"picked":"Meteor Strike","floor":12.0},{"not_picked":["hubris:PowerSurge","Reinforced Body"],"picked":"Rainbow","floor":14.0},{"not_picked":["Seek","Biased Cognition"],"picked":"Creative AI","floor":16.0},{"not_picked":["Steam Power","Loop"],"picked":"Compile Driver+1","floor":18.0},{"not_picked":["Rebound","ReplayTheSpireMod:GoodbyeWorld+1"],"picked":"Loop+1","floor":19.0},{"not_picked":["Go for the Eyes+1","ReplayGash","Steam"],"picked":"SKIP","floor":21.0},{"not_picked":["Go for the Eyes+1","ReplayGash","Steam"],"picked":"SKIP","floor":21.0},{"not_picked":["Recycle","Steam+1"],"picked":"Beam Cell+1","floor":23.0},{"not_picked":["ReplayTheSpireMod:Chaos Vortex","infinitespire:FutureSight"],"picked":"hubris:Rewind","floor":25.0},{"not_picked":["Scrape","Redo+1"],"picked":"Doom and Gloom","floor":25.0},{"not_picked":["BasicCrystalCard","Scrape"],"picked":"Lockon","floor":28},{"not_picked":["Steam+1","Compile Driver"],"picked":"ReplayRNGCard","floor":29},{"not_picked":["Capacitor","Glacier"],"picked":"Barrage","floor":30},{"not_picked":["Core Surge","Mirror Shield"],"picked":"Fission","floor":33},{"not_picked":["Chaos","Barrage"],"picked":"Loop+1","floor":35},{"not_picked":["Cold Snap","Turbo+1"],"picked":"ReplayTheSpireMod:Reroute Power+1","floor":36},{"not_picked":["Streamline","Gash","Hologram"],"picked":"SKIP","floor":39}],"player_experience":161565,"relics_obtained":[{"floor":6.0,"key":"Lantern"},{"floor":8.0,"key":"infinitespire:Eraser"},{"floor":9.0,"key":"DemoMod:ClearGuonStone"},{"floor":14.0,"key":"Dota2Spire:MonkeyKingBar"},{"floor":17.0,"key":"MealTicket"},{"floor":17.0,"key":"Sundial"},{"floor":17.0,"key":"DemoMod:Antibody"},{"floor":23.0,"key":"halation:PromiseList"},{"floor":25.0,"key":"Ancient Tea Set"},{"floor":26.0,"key":"Blue Doll"},{"floor":29,"key":"wanderingMiniBosses:MasterThiefsPresence"}],"event_choices":[{"damage_healed":0.0,"max_hp_gain":0.0,"max_hp_loss":0.0,"gold_gain":0.0,"event_name":"WeMeetAgain","player_choice":"Gave Potion","floor":4.0,"gold_loss":0.0,"damage_taken":0.0,"relics_obtained":["Peace Pipe"]},{"damage_healed":0.0,"max_hp_gain":0.0,"max_hp_loss":0.0,"gold_gain":75.0,"event_name":"FaceTrader","player_choice":"Touch","floor":10.0,"gold_loss":0.0,"damage_taken":7.0}],"is_beta":false,"boss_relics":[{"not_picked":["Abe\u0027s Treasure","ReplayTheSpireMod:DimensionalGlitch"],"picked":"Calling Bell"},{"not_picked":["Cursed Key","Replay:Ancient Bell"],"picked":"Coffee Dripper"}],"items_purged_floors":[20,37],"is_endless":false,"potions_floor_spawned":[1,12,21,23,28,29,36],"killed_by":"Nightmare","ascension_level":5}}