{"host":"x7xd4wkamhrqrrvw","time":1611267271,"event":{"mods":["AchievementEnabler","BaseMod","Minty Spire (QoL Compilation)","StSLib"],"gold_per_floor":[15,35,54,71,21,21,21,50,101,101,118,118,153,167,167,242,242,259,270,54,54,64,64,89,89,89,89,107,118,18,51,51,130,130,146,164,183,183,201,229,229,256,256,256,290,290,290,73,73,73,73,73,1,30,30,30],"floor_reached":55,"language":"ENG","playtime":3543,"items_purged":["Strike_R","Bash"],"score":1411,"play_id":"9b742e4e-b5ec-4f9f-a4f2-79f19f17d374","local_time":"20210121201431","is_ascension_mode":true,"campfire_choices":[{"data":"Armaments","floor":6.0,"key":"SMITH"},{"data":"Corruption","floor":10,"key":"SMITH"},{"data":"Disarm","floor":12,"key":"SMITH"},{"data":"Feel No Pain","floor":15,"key":"SMITH"},{"data":"Fiend Fire","floor":23,"key":"SMITH"},{"data":"Uppercut","floor":32,"key":"SMITH"},{"data":"Barricade","floor":41,"key":"SMITH"},{"floor":44,"key":"RECALL"},{"data":"Perfected Strike","floor":46,"key":"SMITH"},{"data":"Transmutation","floor":49,"key":"SMITH"},{"data":"Pommel Strike","floor":52,"key":"SMITH"}],"circlet_count":0,"master_deck":["AscendersBane","Strike_R","Strike_R","Strike_R","Defend_R","Defend_R","Defend_R","Armaments+1","Shockwave","Metallicize","Disarm+1","Corruption+1","Shrug It Off","Feel No Pain+1","Exhume","Fiend Fire+1","Perfected Strike+1","Limit Break","Uppercut+1","Pommel Strike+1","Barricade+1","Shrug It Off","Dual Wield+1","Perfected Strike+1","Pommel Strike+1","Transmutation+1","Inflame","Entrench+1"],"relics":["Burning Blood","Du-Vu Doll","StrikeDummy","Blood Vial","Dream Catcher","Coffee Dripper","Potion Belt","Bottled Tornado","Lantern","Philosopher\u0027s Stone","Charon\u0027s Ashes","Blue Candle","Mango","Red Skull"],"acts_visited":["Exordium","TheCity","TheBeyond","TheEnding"],"potions_floor_usage":[8,16,24,24,28,29,39,50,50,54,55],"damage_taken":[{"damage":1.0,"enemies":"Cultist","floor":1.0,"turns":4.0},{"damage":4.0,"enemies":"Jaw Worm","floor":2.0,"turns":4.0},{"damage":4.0,"enemies":"Small Slimes","floor":3.0,"turns":5.0},{"damage":1.0,"enemies":"2 Fungi Beasts","floor":4.0,"turns":6.0},{"damage":13,"enemies":"3 Sentries","floor":8,"turns":13},{"damage":17,"enemies":"Lots of Slimes","floor":11,"turns":5},{"damage":3,"enemies":"Gremlin Nob","floor":13,"turns":4},{"damage":5,"enemies":"Large Slime","floor":14,"turns":4},{"damage":15,"enemies":"Slime Boss","floor":16,"turns":13},{"damage":2,"enemies":"Shell Parasite","floor":18,"turns":6},{"damage":0,"enemies":"Chosen","floor":19,"turns":5},{"damage":11,"enemies":"Shelled Parasite and Fungi","floor":22,"turns":6},{"damage":32,"enemies":"Slavers","floor":24,"turns":10},{"damage":0,"enemies":"Snecko","floor":28,"turns":5},{"damage":10,"enemies":"Centurion and Healer","floor":29,"turns":5},{"damage":1,"enemies":"Book of Stabbing","floor":31,"turns":6},{"damage":47,"enemies":"Champ","floor":33,"turns":10},{"damage":4,"enemies":"Orb Walker","floor":35,"turns":4},{"damage":12,"enemies":"3 Darklings","floor":36,"turns":5},{"damage":20,"enemies":"Spire Growth","floor":37,"turns":5},{"damage":7,"enemies":"Writhing Mass","floor":39,"turns":6},{"damage":0,"enemies":"Giant Head","floor":40,"turns":8},{"damage":21,"enemies":"Reptomancer","floor":42,"turns":5},{"damage":0,"enemies":"Giant Head","floor":45,"turns":7},{"damage":46,"enemies":"Donu and Deca","floor":50,"turns":8},{"damage":9,"enemies":"Shield and Spear","floor":54,"turns":3},{"damage":81,"enemies":"The Heart","floor":55,"turns":8}],"seed_played":"-3136313359661495990","potions_obtained":[{"floor":2.0,"key":"LiquidMemories"},{"floor":4.0,"key":"Dexterity Potion"},{"floor":11,"key":"BlessingOfTheForge"},{"floor":16,"key":"SpeedPotion"},{"floor":18,"key":"DistilledChaos"},{"floor":27,"key":"Regen Potion"},{"floor":27,"key":"Weak Potion"},{"floor":27,"key":"Energy Potion"},{"floor":28,"key":"DuplicationPotion"},{"floor":35,"key":"AttackPotion"},{"floor":42,"key":"DuplicationPotion"},{"floor":45,"key":"Dexterity Potion"}],"is_trial":false,"path_per_floor":["M","M","M","M","?","R","?","E","T","R","M","R","E","M","R","B",null,"M","M","$","?","M","R","E","?","T","?","M","M","$","E","R","B",null,"M","M","M","?","M","E","R","E","T","R","E","R","?","$","R","B",null,"R","$","E","B"],"character_chosen":"IRONCLAD","items_purchased":["Fiend Fire","Pommel Strike","Transmutation","Inflame"],"campfire_rested":0,"item_purchase_floors":[20,48,48,53],"current_hp_per_floor":[73,75,75,75,75,75,75,68,68,68,59,59,64,67,67,60,71,75,75,75,61,58,58,34,34,34,34,56,54,54,61,61,22,66,70,66,54,54,55,63,63,50,50,50,72,72,72,72,72,34,79,79,79,78,0,0],"gold":30,"neow_bonus":"ONE_RARE_RELIC","is_daily":false,"chose_seed":false,"campfire_upgraded":10,"win_rate":0.0,"timestamp":1611267271,"path_taken":["M","M","M","M","?","R","?","E","T","R","M","R","E","M","R","BOSS","M","M","$","?","M","R","E","?","T","?","M","M","$","E","R","BOSS","M","M","?","?","M","E","R","E","T","R","E","R","?","?","R","BOSS","R","$","E","BOSS"],"items_purchased_type":["Card","Card","Card","Card"],"build_version":"2020-12-22","purchased_purges":2,"victory":false,"max_hp_per_floor":[75,75,75,75,75,75,75,75,75,75,75,75,75,75,75,75,75,75,75,75,80,80,80,80,80,80,80,80,80,80,80,80,80,80,80,80,80,80,80,80,80,80,80,80,94,94,94,94,94,94,94,94,94,94,94,94],"card_choices":[{"not_picked":["Anger","Iron Wave"],"picked":"Armaments","floor":1.0},{"not_picked":["Warcry","Heavy Blade"],"picked":"Shockwave","floor":2.0},{"not_picked":["Evolve","Shrug It Off"],"picked":"Metallicize","floor":3.0},{"not_picked":["Twin Strike","Intimidate"],"picked":"Disarm","floor":4.0},{"not_picked":["Cleave","Headbutt"],"picked":"Corruption","floor":8},{"not_picked":["Ghostly Armor","Cleave"],"picked":"Shrug It Off","floor":11},{"not_picked":["Power Through","Warcry"],"picked":"Feel No Pain","floor":13},{"not_picked":["Havoc","Pummel","Sever Soul"],"picked":"SKIP","floor":14},{"not_picked":["Impervious","Limit Break"],"picked":"Exhume","floor":16},{"not_picked":["Iron Wave","Blood for Blood","Flex"],"picked":"SKIP","floor":18},{"not_picked":["Blood for Blood","Body Slam+1","Inflame+1"],"picked":"SKIP","floor":19},{"not_picked":["Havoc","Rage"],"picked":"Perfected Strike+1","floor":22},{"not_picked":["Pummel","Body Slam"],"picked":"Limit Break","floor":24},{"not_picked":["Reckless Charge","Clash"],"picked":"Uppercut","floor":28},{"not_picked":["Iron Wave","Anger","Headbutt"],"picked":"SKIP","floor":29},{"not_picked":["Heavy Blade","Bludgeon"],"picked":"Pommel Strike+1","floor":31},{"not_picked":["Bludgeon","Double Tap"],"picked":"Barricade","floor":33},{"not_picked":["Wild Strike","True Grit","Combust"],"picked":"SKIP","floor":35},{"not_picked":["Flex","Thunderclap","Rage"],"picked":"SKIP","floor":36},{"not_picked":["Body Slam","Rampage"],"picked":"Shrug It Off","floor":37},{"not_picked":["Warcry","Cleave+1","Armaments"],"picked":"SKIP","floor":39},{"not_picked":["Rupture","Sword Boomerang","Cleave"],"picked":"SKIP","floor":40},{"not_picked":["Sentinel","Warcry+1"],"picked":"Dual Wield+1","floor":42},{"not_picked":["True Grit+1","Juggernaut"],"picked":"Perfected Strike","floor":45},{"not_picked":["Body Slam+1","Havoc"],"picked":"Entrench+1","floor":54}],"player_experience":376574,"relics_obtained":[{"floor":8,"key":"StrikeDummy"},{"floor":9,"key":"Blood Vial"},{"floor":13,"key":"Dream Catcher"},{"floor":24,"key":"Potion Belt"},{"floor":26,"key":"Bottled Tornado"},{"floor":31,"key":"Lantern"},{"floor":40,"key":"Charon\u0027s Ashes"},{"floor":42,"key":"Blue Candle"},{"floor":45,"key":"Mango"},{"floor":54,"key":"Red Skull"}],"event_choices":[{"cards_removed":["Strike_R"],"damage_healed":0.0,"max_hp_gain":0.0,"max_hp_loss":0.0,"gold_gain":0.0,"event_name":"The Cleric","player_choice":"Card Removal","floor":5.0,"gold_loss":50.0,"damage_taken":0.0},{"cards_removed":["Defend_R"],"damage_healed":0.0,"max_hp_gain":0.0,"max_hp_loss":0.0,"gold_gain":0.0,"event_name":"Bonfire Elementals","player_choice":"Offered Basic","floor":7.0,"gold_loss":0.0,"damage_taken":0.0},{"damage_healed":0,"gold_gain":0,"player_choice":"Shed Blood","damage_taken":19,"max_hp_gain":5,"max_hp_loss":0,"event_name":"Forgotten Altar","floor":21,"gold_loss":0},{"damage_healed":0,"gold_gain":0,"player_choice":"Ignored","damage_taken":0,"max_hp_gain":0,"max_hp_loss":0,"event_name":"Vampires","floor":25,"gold_loss":0},{"damage_healed":0,"gold_gain":0,"player_choice":"Got Potions","damage_taken":0,"max_hp_gain":0,"max_hp_loss":0,"event_name":"Lab","floor":27,"gold_loss":0},{"damage_healed":0,"gold_gain":0,"player_choice":"Ignored","damage_taken":0,"max_hp_gain":0,"max_hp_loss":0,"event_name":"Mysterious Sphere","floor":38,"gold_loss":0},{"damage_healed":0,"gold_gain":0,"player_choice":"Memory 1","damage_taken":0,"max_hp_gain":0,"max_hp_loss":0,"event_name":"SensoryStone","floor":47,"gold_loss":0}],"is_beta":false,"boss_relics":[{"not_picked":["Empty Cage","Ectoplasm"],"picked":"Coffee Dripper"},{"not_picked":["SlaversCollar","Tiny House"],"picked":"Philosopher\u0027s Stone"}],"items_purged_floors":[20,30],"is_endless":false,"potions_floor_spawned":[2,4,11,16,18,22,28,35,42,45],"killed_by":"The Heart","ascension_level":14}}