{"host":"armnliea5o2aqs4b","time":1611203763,"event":{"mods":["BaseMod","Hermit","Hubris","Infinite Spire","Minty Spire (QoL Compilation)","Quick Restart","StSLib","The Construct","The Disciple","The Forsaken"],"gold_per_floor":[114,189,189,202,202,235,235,252,334,363,387,17,17,29,29,134,134,148,148,11,24,24,39,39,51,51,51,61,80,80,80,80,179,179,189,189,189],"floor_reached":36,"language":"ENG","playtime":1121,"items_purged":["Strike_R","Strike_R","theForsaken:PlagueCurse"],"score":417,"play_id":"984d0add-a8ff-427e-9a81-c073ecd6a01f","local_time":"20210121153603","is_ascension_mode":true,"campfire_choices":[{"data":"Infernal Blade","floor":13.0,"key":"SMITH"},{"data":"Uppercut","floor":15.0,"key":"SMITH"},{"data":"Seeing Red","floor":24.0,"key":"SMITH"},{"data":"hubris:Fate","floor":32,"key":"SMITH"}],"circlet_count":0,"master_deck":["Defend_R","Defend_R","Defend_R","Defend_R","Bash","Thunderclap","Flex","Infernal Blade+1","Shrug It Off","Cleave","Intimidate","Uppercut+1","Carnage+1","Combust+1","Flex+1","Rage","Seeing Red+1","Inflame","hubris:Fate+1","Immolate"],"relics":["Burning Blood","NeowsBlessing","hubris:Icosahedron","Ancient Tea Set","Oddly Smooth Stone","Ornamental Fan","Juzu Bracelet","Odd Mushroom","infinitespire:Golems Mask","Astrolabe","theForsaken:PlagueMask","infinitespire:CheckeredPen","Turnip","construct:ClawGrip"],"acts_visited":["Exordium","TheCity","TheBeyond"],"potions_floor_usage":[29,33],"damage_taken":[{"damage":0.0,"enemies":"Cultist","floor":1.0,"turns":1.0},{"damage":0.0,"enemies":"Small Slimes","floor":4.0,"turns":1.0},{"damage":0.0,"enemies":"Gremlin Nob","floor":6.0,"turns":1.0},{"damage":8.0,"enemies":"infinitespire:Voidling","floor":8.0,"turns":3.0},{"damage":21.0,"enemies":"Lagavulin","floor":10.0,"turns":7.0},{"damage":2.0,"enemies":"The Mushroom Lair","floor":11.0,"turns":5.0},{"damage":8.0,"enemies":"Large Slime","floor":14.0,"turns":4.0},{"damage":34.0,"enemies":"Hexaghost","floor":16.0,"turns":8.0},{"damage":10.0,"enemies":"Shell Parasite","floor":18.0,"turns":3.0},{"damage":8.0,"enemies":"3 Byrds","floor":21.0,"turns":3.0},{"damage":29.0,"enemies":"Snake Plant","floor":23.0,"turns":4.0},{"damage":9,"enemies":"Snecko","floor":25,"turns":4},{"damage":3,"enemies":"Shelled Parasite and Fungi","floor":28,"turns":2},{"damage":6,"enemies":"3 Cultists","floor":29,"turns":3},{"damage":47,"enemies":"Collector","floor":33,"turns":6},{"damage":18,"enemies":"3 Shapes","floor":35,"turns":3},{"damage":0,"enemies":"infinitespire:Three Voidlings","floor":36,"turns":1},{"damage":84,"enemies":"Nightmare_Alpha","floor":36,"turns":5}],"seed_played":"3542517635242576457","potions_obtained":[{"floor":6.0,"key":"GamblersBrew"},{"floor":8.0,"key":"ElixirPotion"},{"floor":10.0,"key":"GamblersBrew"},{"floor":21.0,"key":"construct:ShiftPotion"},{"floor":35,"key":"SkillPotion"}],"is_trial":false,"path_per_floor":["M","?","?","M","?","E","?","M","T","E","?","$","R","M","R","B",null,"M","?","$","M","?","M","R","M","T","AVR","M","M","?","?","R","B",null,"M","?"],"character_chosen":"IRONCLAD","items_purchased":["infinitespire:Golems Mask","Seeing Red"],"campfire_rested":0,"item_purchase_floors":[12,20],"current_hp_per_floor":[80,69,69,75,75,80,80,78,78,63,67,67,67,65,65,37,80,76,76,76,74,74,51,51,48,48,48,51,51,51,90,90,49,90,78,0,0],"gold":189,"neow_bonus":"THREE_ENEMY_KILL","is_daily":false,"chose_seed":false,"campfire_upgraded":4,"win_rate":0.0,"timestamp":1611203763,"path_taken":["M","?","?","?","?","E","?","M","T","E","?","$","R","M","R","BOSS","M","?","$","M","?","M","R","M","T","AVR","M","M","?","?","R","BOSS","M","?"],"items_purchased_type":["Relic","Card"],"build_version":"2020-12-22","purchased_purges":3,"victory":false,"max_hp_per_floor":[80,80,80,80,80,80,80,80,80,80,80,80,80,80,80,80,80,80,80,80,80,80,80,80,80,80,80,80,80,80,90,90,90,90,90,90,90],"card_choices":[{"not_picked":["Shrug It Off","Power Through"],"picked":"Thunderclap","floor":1.0},{"not_picked":["Iron Wave","Twin Strike"],"picked":"Flex","floor":4.0},{"not_picked":["Clothesline","Thunderclap"],"picked":"Infernal Blade","floor":6.0},{"not_picked":["Hemokinesis","Blood for Blood"],"picked":"Shrug It Off","floor":8.0},{"not_picked":["Metallicize","Wild Strike"],"picked":"Cleave","floor":10.0},{"not_picked":["Cleave","Anger"],"picked":"Intimidate","floor":11.0},{"not_picked":["Shrug It Off","Burning Pact"],"picked":"Uppercut","floor":14.0},{"not_picked":["Fiend Fire","Brutality"],"picked":"Offering","floor":16.0},{"not_picked":["Perfected Strike+1","Wild Strike"],"picked":"Rage","floor":18.0},{"not_picked":["Clash+1","Wild Strike","Clothesline"],"picked":"SKIP","floor":21.0},{"not_picked":["Flex","Carnage+1","Shrug It Off"],"picked":"SKIP","floor":23.0},{"not_picked":["Bloodletting","Burning Pact"],"picked":"Inflame","floor":25},{"not_picked":["Twin Strike+1","Seeing Red","Clothesline"],"picked":"SKIP","floor":28},{"not_picked":["Carnage","Armaments","Cleave"],"picked":"SKIP","floor":29},{"not_picked":["Exhume","Berserk"],"picked":"Immolate","floor":33},{"not_picked":["Second Wind+1","Battle Trance","Thunderclap+1"],"picked":"SKIP","floor":35}],"player_experience":179394,"relics_obtained":[{"floor":6.0,"key":"Ancient Tea Set"},{"floor":7.0,"key":"Oddly Smooth Stone"},{"floor":9.0,"key":"Ornamental Fan"},{"floor":10.0,"key":"Juzu Bracelet"},{"floor":11.0,"key":"Odd Mushroom"},{"floor":26,"key":"infinitespire:CheckeredPen"}],"event_choices":[{"damage_healed":0.0,"max_hp_gain":0.0,"max_hp_loss":0.0,"gold_gain":75.0,"event_name":"World of Goop","player_choice":"Gather Gold","floor":2.0,"gold_loss":0.0,"damage_taken":11.0},{"damage_healed":0.0,"max_hp_gain":0.0,"max_hp_loss":0.0,"gold_gain":0.0,"event_name":"NoteForYourself","player_choice":"Ignored","floor":3.0,"gold_loss":0.0,"damage_taken":0.0},{"damage_healed":0.0,"max_hp_gain":0.0,"max_hp_loss":0.0,"gold_gain":0.0,"event_name":"Wheel of Change","player_choice":"Relic","floor":7.0,"gold_loss":0.0,"damage_taken":0.0},{"damage_healed":0.0,"max_hp_gain":0.0,"max_hp_loss":0.0,"gold_gain":0.0,"event_name":"Mushrooms","player_choice":"Fought Mushrooms","floor":11.0,"gold_loss":0.0,"damage_taken":0.0},{"damage_healed":0.0,"max_hp_gain":0.0,"max_hp_loss":0.0,"gold_gain":0.0,"event_name":"Vampires","player_choice":"Ignored","floor":19.0,"gold_loss":0.0,"damage_taken":0.0},{"damage_healed":0.0,"max_hp_gain":0.0,"max_hp_loss":0.0,"gold_gain":0.0,"event_name":"Plague Doctor","player_choice":"Obtain Plague Curse","floor":22.0,"gold_loss":0.0,"damage_taken":0.0,"cards_obtained":["theForsaken:PlagueCurse"]},{"damage_healed":0,"gold_gain":0,"player_choice":"Ignored","damage_taken":0,"max_hp_gain":0,"max_hp_loss":0,"event_name":"Ghosts","floor":30,"gold_loss":0},{"cards_removed":["Offering"],"damage_healed":29,"gold_gain":0,"player_choice":"Offered Rare","damage_taken":0,"max_hp_gain":10,"max_hp_loss":0,"event_name":"Bonfire Elementals","floor":31,"gold_loss":0}],"is_beta":false,"boss_relics":[{"not_picked":["hubris:CrackedHourglass","Black Blood"],"picked":"Astrolabe"},{"not_picked":["construct:WeddingRing","Velvet Choker"],"picked":"construct:ClawGrip"}],"items_purged_floors":[12,20,27],"is_endless":false,"potions_floor_spawned":[6,8,10,16,18,21,23,35],"killed_by":"Nightmare_Alpha","ascension_level":1}}