{"host":"skr63qsdfgeey3it","time":1611189206,"event":{"mods":["BaseMod","Colored Map","Hubris","Minty Spire (QoL Compilation)","Replay The Spire","Spicy Shops","StSLib"],"gold_per_floor":[113,123,123,138,138,172,184,213,225,255,267,279,291,317,329,341,341],"floor_reached":16,"language":"ENG","playtime":565,"items_purged":[],"score":163,"play_id":"4ea2d85b-0405-404d-a285-2bf5748db599","local_time":"20210120183326","is_ascension_mode":true,"campfire_choices":[{"floor":7,"key":"REST"},{"data":"ReplayTheSpireMod:Tripwire","floor":12,"key":"SMITH"},{"floor":15,"key":"REST"}],"circlet_count":0,"master_deck":["AscendersBane","Strike_G","Strike_G","Strike_G","Strike_G","Strike_G","Defend_G","Defend_G","Defend_G","Defend_G","Defend_G","Survivor","Neutralize","All Out Attack","Decay","ReplayTheSpireMod:Tripwire+1","Flying Knee","Infinite Blades","ReplayTheSpireMod:Scrap Shanks+1"],"relics":["ReplayTheSpireMod:DimensionalGlitch","Pocketwatch","MawBank","Du-Vu Doll","Frozen Egg 2"],"acts_visited":["Exordium"],"potions_floor_usage":[6,6,16,16],"damage_taken":[{"damage":0,"enemies":"Small Slimes","floor":1,"turns":4},{"damage":0,"enemies":"Cultist","floor":2,"turns":4},{"damage":8,"enemies":"2 Louse","floor":4,"turns":2},{"damage":25,"enemies":"3 Sentries","floor":6,"turns":8},{"damage":16,"enemies":"Exordium Wildlife","floor":8,"turns":5},{"damage":5,"enemies":"3 Louse","floor":10,"turns":3},{"damage":12,"enemies":"Large Slime","floor":14,"turns":5},{"damage":47,"enemies":"Fading Forest","floor":16,"turns":11}],"seed_played":"882920242239657756","potions_obtained":[{"floor":2,"key":"AttackPotion"},{"floor":4,"key":"LiquidMemories"},{"floor":8,"key":"Venom Potion"},{"floor":10,"key":"EntropicBrew"}],"is_trial":false,"path_per_floor":["M","M","?","M","?","E","R","M","T","M","T","R","?","M","R","B"],"character_chosen":"THE_SILENT","items_purchased":[],"campfire_rested":2,"item_purchase_floors":[],"current_hp_per_floor":[63,63,63,55,55,30,51,35,35,30,30,30,30,18,39,0,0],"gold":341,"neow_bonus":"BOSS_RELIC","is_daily":false,"chose_seed":false,"campfire_upgraded":1,"win_rate":0.0,"timestamp":1611189206,"path_taken":["M","M","?","?","?","E","R","M","T","M","?","R","?","M","R","BOSS"],"items_purchased_type":[],"build_version":"2020-12-22","purchased_purges":0,"victory":false,"max_hp_per_floor":[70,70,70,70,70,70,70,70,70,70,70,70,70,70,70,70,70],"card_choices":[{"not_picked":["PiercingWail","Hidden Blade"],"picked":"All Out Attack","floor":1},{"not_picked":["Dagger Throw","Masterful Stab","Bane"],"picked":"SKIP","floor":2},{"not_picked":["Sucker Punch","Deflect"],"picked":"ReplayTheSpireMod:Tripwire","floor":4},{"not_picked":["Prepared","hubris:TrickCloak","Acrobatics"],"picked":"SKIP","floor":6},{"not_picked":["PiercingWail","Underhanded Strike"],"picked":"Flying Knee","floor":8},{"not_picked":["hubris:Sniper","Replay:Poison Smokescreen"],"picked":"Infinite Blades","floor":10},{"not_picked":["Poisoned Stab","Outmaneuver"],"picked":"ReplayTheSpireMod:Scrap Shanks+1","floor":14}],"player_experience":784033,"relics_obtained":[{"floor":6,"key":"MawBank"},{"floor":9,"key":"Du-Vu Doll"},{"floor":11,"key":"Frozen Egg 2"}],"event_choices":[{"damage_healed":0,"gold_gain":0,"player_choice":"Cursed","damage_taken":0,"max_hp_gain":0,"max_hp_loss":0,"event_name":"Wheel of Change","floor":3,"gold_loss":0,"cards_obtained":["Decay"]},{"damage_healed":0,"gold_gain":0,"player_choice":"Box","damage_taken":0,"relics_obtained":["Pocketwatch"],"max_hp_gain":0,"max_hp_loss":0,"event_name":"Big Fish","floor":5,"gold_loss":0,"cards_obtained":["Regret"]},{"cards_removed":["Regret"],"damage_healed":0,"gold_gain":0,"player_choice":"Forget","damage_taken":0,"max_hp_gain":0,"max_hp_loss":0,"event_name":"Living Wall","floor":13,"gold_loss":0}],"is_beta":false,"boss_relics":[],"items_purged_floors":[],"is_endless":false,"potions_floor_spawned":[2,4,8,10],"killed_by":"Fading Forest","ascension_level":12}}