{"host":"ftwnpa9ceeptmrn1","time":1611192998,"event":{"mods":["Aspiration","BaseMod","Colored Map","Colored Powertips","Conspire","Downfall","Hubris","Infinite Spire","Minty Spire (QoL Compilation)","Relic Stats","StSLib","Waifu the Spire","vexMod"],"gold_per_floor":[114,129,129,143,49,83,98,117,117,37,49,49,82,92,92,197,197,213,213,20,30,46,78,78,111,111,111,111,111,111,128,128,228,228,248,266,266,277,277,302,302,302,376,376,402,54,64,64,64,64,64,64,14,40,40,40],"floor_reached":55,"language":"ENG","playtime":8222,"items_purged":["Dualcast","Zap","Strike_B+1"],"score":914,"play_id":"1078d21d-9ae7-42ed-8f0a-82def4c82406","local_time":"20210120193638","is_ascension_mode":true,"campfire_choices":[{"floor":12.0,"key":"REST"},{"floor":15.0,"key":"REST"},{"floor":24.0,"key":"RECALL"},{"floor":28.0,"key":"REST"},{"data":"Creative AI","floor":30.0,"key":"SMITH"},{"data":"Reprogram","floor":32.0,"key":"SMITH"},{"floor":42.0,"key":"REST"},{"data":"Reprogram","floor":44.0,"key":"SMITH"},{"floor":49.0,"key":"REST"},{"data":"Hologram","floor":52.0,"key":"SMITH"}],"circlet_count":1,"master_deck":["Defend_B+1","Defend_B+1","Reprogram+1","Reprogram+1","Melter","Beam Cell","Go for the Eyes","Melter","Conserve Battery","Skim","hubris:PowerSurge","Sunder","conspire:Rain","Streamline","conspire:SharedLibrary+1","Endless Agony","Flying Knee","Backflip","hubris:PowerSurge","FTL","Fusion+1","Loop+1","Creative AI+1","Genetic Algorithm+1","Echo Form","Sweeping Beam","hubris:PowerSurge+1","Hologram+1","Beam Cell+1","Skim+1","hubris:PowerSurge","White Noise","Undo+1","Writhe","Steam"],"relics":["Cracked Core","Vajra","infinitespire:BottledMercury","aspiration:SeaSaltIceCream","Circlet","vexMod:BigBerry","War Paint","WingedGreaves","Regal Pillow","Empty Cage","hubris:Towel","Kunai","infinitespire:Freezer","Emotion Chip"],"acts_visited":["Exordium","TheCity","TheBeyond","TheEnding"],"potions_floor_usage":[],"damage_taken":[{"damage":2.0,"enemies":"2 Louse","floor":1.0,"turns":2.0},{"damage":9.0,"enemies":"Jaw Worm","floor":2.0,"turns":4.0},{"damage":0.0,"enemies":"Cultist","floor":4.0,"turns":3.0},{"damage":40.0,"enemies":"Lagavulin","floor":6.0,"turns":7.0},{"damage":0.0,"enemies":"Looter","floor":7.0,"turns":4.0},{"damage":8.0,"enemies":"Exordium Thugs","floor":8.0,"turns":4.0},{"damage":6.0,"enemies":"Lots of Slimes","floor":11.0,"turns":5.0},{"damage":0.0,"enemies":"Gremlin Nob","floor":13.0,"turns":2.0},{"damage":0.0,"enemies":"Looter","floor":14.0,"turns":1.0},{"damage":24.0,"enemies":"Hexaghost","floor":16.0,"turns":9.0},{"damage":16.0,"enemies":"Chosen","floor":18.0,"turns":5.0},{"damage":0.0,"enemies":"Spheric Guardian","floor":21.0,"turns":1.0},{"damage":20.0,"enemies":"Centurion and Healer","floor":22.0,"turns":6.0},{"damage":17.0,"enemies":"conspire:Head Lice","floor":23.0,"turns":5.0},{"damage":24.0,"enemies":"Gremlin Leader","floor":25.0,"turns":6.0},{"damage":11.0,"enemies":"Shelled Parasite and Fungi","floor":31.0,"turns":4.0},{"damage":38.0,"enemies":"conspire:MysteriousRune","floor":33.0,"turns":10.0},{"damage":47.0,"enemies":"3 Darklings","floor":35.0,"turns":5.0},{"damage":10.0,"enemies":"3 Shapes","floor":36.0,"turns":3.0},{"damage":39.0,"enemies":"Maw","floor":38.0,"turns":9.0},{"damage":62.0,"enemies":"Giant Head","floor":40.0,"turns":10.0},{"damage":70.0,"enemies":"Reptomancer","floor":45.0,"turns":10.0},{"damage":0.0,"enemies":"Sphere and 2 Shapes","floor":47.0,"turns":1.0},{"damage":72.0,"enemies":"infinitespire:MassOfShapes","floor":50.0,"turns":18.0},{"damage":68.0,"enemies":"Shield and Spear","floor":54.0,"turns":9.0},{"damage":62,"enemies":"The Heart","floor":55,"turns":8}],"seed_played":"-1646864003051574643","potions_obtained":[{"floor":1.0,"key":"sneckomod:MuddlingPotion"},{"floor":4.0,"key":"hexamod:SoulburnPotion"},{"floor":11.0,"key":"Explosive Potion"},{"floor":14.0,"key":"Strength Potion"},{"floor":22.0,"key":"FocusPotion"},{"floor":23.0,"key":"PowerPotion"},{"floor":25.0,"key":"FocusPotion"},{"floor":31.0,"key":"SpeedPotion"},{"floor":36.0,"key":"PowerPotion"},{"floor":45.0,"key":"EntropicBrew"},{"floor":47.0,"key":"Fire Potion"}],"is_trial":false,"path_per_floor":["M","M","?","M","$","E","M","M","T","$","M","R","E","M","R","B",null,"M","?","$","M","M","E","R","E","T","?","R","AVR","R","M","R","B",null,"M","M","?","M","?","E","R","R","T","R","E","$","M","?","R","B",null,"R","$","E","B"],"character_chosen":"DEFECT","items_purchased":["Beam Cell","Go for the Eyes","hubris:PowerSurge","hubris:PowerSurge","FTL","SmokeBomb","hubris:PowerSurge","White Noise","Swift Potion"],"campfire_rested":5,"item_purchase_floors":[5,5,10,20,20,46,46,46,53],"current_hp_per_floor":[80,71,55,55,55,15,15,7,7,7,1,25,25,25,49,25,112,96,96,96,96,76,59,59,35,35,27,75,81,81,70,70,32,118,71,61,128,89,89,27,27,80,80,80,10,10,10,42,95,38,128,128,128,60,0,0],"gold":40,"neow_bonus":"TEN_PERCENT_HP_BONUS","is_daily":false,"chose_seed":false,"campfire_upgraded":4,"win_rate":0.0,"timestamp":1611192998,"path_taken":["M","M","?","M","$","E","M","M","T","$","M","R","E","M","R","BOSS","M","?","$","M","?","E","R","E","T","?","R","AVR","R","M","R","BOSS","M","M","?","?","?","E","R","R","T","R","E","$","M","?","R","BOSS","R","$","E","BOSS"],"items_purchased_type":["Card","Card","Card","Card","Card","Potion","Card","Card","Potion"],"build_version":"2020-12-22","purchased_purges":3,"victory":false,"max_hp_per_floor":[82,82,82,82,82,82,82,82,82,82,82,82,82,82,82,82,112,112,112,112,112,112,112,112,112,112,112,112,118,118,118,118,118,118,118,118,128,128,128,128,128,128,128,128,128,128,128,128,128,128,128,128,128,128,128,128],"relic_stats":{"Regal Pillow":45,"Emotion Chip":[8,3,4,0,1],"counters":[26,151],"Kunai":[12],"War Paint":["Defend_B","Fusion"],"obtain_stats":[{"infinitespire:BottledMercury":9,"Regal Pillow":26,"Vajra":6,"Circlet":13,"vexMod:BerryBomb":29,"aspiration:SeaSaltIceCream":13,"War Paint":23,"hubris:Towel":39,"Empty Cage":34,"Emotion Chip":54,"WingedGreaves":25,"Kunai":40,"Cracked Core":0,"vexMod:BigBerry":17,"infinitespire:Freezer":45},{"infinitespire:BottledMercury":6,"Regal Pillow":15,"Vajra":4,"Circlet":8,"vexMod:BerryBomb":15,"aspiration:SeaSaltIceCream":8,"War Paint":14,"hubris:Towel":20,"Empty Cage":17,"Emotion Chip":25,"WingedGreaves":15,"Kunai":21,"Cracked Core":0,"vexMod:BigBerry":10,"infinitespire:Freezer":22},{"infinitespire:BottledMercury":24,"Regal Pillow":64,"Vajra":16,"Circlet":31,"vexMod:BerryBomb":64,"aspiration:SeaSaltIceCream":31,"War Paint":58,"hubris:Towel":95,"Empty Cage":78,"Emotion Chip":143,"WingedGreaves":64,"Kunai":105,"Cracked Core":0,"vexMod:BigBerry":41,"infinitespire:Freezer":115}]},"card_choices":[{"not_picked":["Tempest","Go for the Eyes"],"picked":"Reprogram","floor":1.0},{"not_picked":["Streamline","Redo"],"picked":"Reprogram","floor":2.0},{"not_picked":["Glacier","Gash"],"picked":"Melter","floor":4.0},{"not_picked":["Loop","Ball Lightning"],"picked":"Melter","floor":6.0},{"not_picked":["Static Discharge","Reprogram"],"picked":"Conserve Battery","floor":7.0},{"not_picked":["Glacier","Force Field"],"picked":"Skim","floor":8.0},{"not_picked":["Tempest","Defragment"],"picked":"Sunder","floor":11.0},{"not_picked":["Melter","Coolheaded"],"picked":"conspire:Rain","floor":13.0},{"not_picked":["Undo","Coolheaded"],"picked":"Streamline","floor":14.0},{"not_picked":["Electrodynamics","Seek"],"picked":"Machine Learning","floor":16.0},{"not_picked":["Hello World","Go for the Eyes"],"picked":"conspire:SharedLibrary+1","floor":18.0},{"not_picked":["Coolheaded","Glacier","Auto Shields"],"picked":"SKIP","floor":21.0},{"not_picked":["Blizzard","Beam Cell"],"picked":"Fusion","floor":22.0},{"not_picked":["Darkness+1","Beam Cell"],"picked":"Loop+1","floor":23.0},{"not_picked":["Reinforced Body+1","Cold Snap"],"picked":"Creative AI","floor":25.0},{"not_picked":["Fusion","Rebound"],"picked":"Genetic Algorithm+1","floor":27.0},{"not_picked":["Melter","Barrage","Streamline"],"picked":"SKIP","floor":31.0},{"not_picked":["Hyperbeam","Seek"],"picked":"Echo Form","floor":33.0},{"not_picked":["Redo","Storm"],"picked":"Sweeping Beam","floor":35.0},{"not_picked":["Beam Cell","Darkness"],"picked":"hubris:PowerSurge+1","floor":36.0},{"not_picked":["Beam Cell+1","Compile Driver+1"],"picked":"Hologram","floor":38.0},{"not_picked":["Sweeping Beam","Consume+1"],"picked":"Beam Cell+1","floor":40.0},{"not_picked":["Streamline+1","Rebound+1"],"picked":"Skim+1","floor":45.0},{"not_picked":["conspire:SharedLibrary+1","Stack+1"],"picked":"Undo+1","floor":47.0},{"not_picked":["conspire:SharedLibrary","Reprogram+1"],"picked":"Steam","floor":54.0}],"player_experience":254275,"relics_obtained":[{"floor":6.0,"key":"Vajra"},{"floor":9.0,"key":"infinitespire:BottledMercury"},{"floor":13.0,"key":"aspiration:SeaSaltIceCream"},{"floor":23.0,"key":"War Paint"},{"floor":25.0,"key":"WingedGreaves"},{"floor":26.0,"key":"Regal Pillow"},{"floor":40.0,"key":"Kunai"},{"floor":45.0,"key":"infinitespire:Freezer"},{"floor":54.0,"key":"Emotion Chip"}],"event_choices":[{"damage_healed":0.0,"max_hp_gain":0.0,"max_hp_loss":0.0,"gold_gain":0.0,"event_name":"Shining Light","player_choice":"Entered Light","floor":3.0,"gold_loss":0.0,"damage_taken":16.0,"cards_upgraded":["Defend_B","Strike_B"]},{"cards_removed":["Machine Learning"],"damage_healed":57.0,"max_hp_gain":10.0,"max_hp_loss":0.0,"gold_gain":0.0,"event_name":"Bonfire Elementals","player_choice":"Offered Rare","floor":37.0,"gold_loss":0.0,"damage_taken":0.0},{"damage_healed":32.0,"max_hp_gain":0.0,"max_hp_loss":0.0,"gold_gain":0.0,"event_name":"Winding Halls","player_choice":"Writhe","floor":48.0,"gold_loss":0.0,"damage_taken":0.0,"cards_obtained":["Writhe"]}],"is_beta":false,"boss_relics":[{"not_picked":["Busted Crown","hubris:RunicObelisk"],"picked":"vexMod:BigBerry"},{"not_picked":["Fusion Hammer","aspiration:WatcherSkillbook"],"picked":"Empty Cage"}],"items_purged_floors":[20,29,46],"is_endless":false,"potions_floor_spawned":[1,4,11,14,22,23,25,31,36,45,47],"killed_by":"The Heart","ascension_level":1}}