{"host":"3jpcvpprzj9sjffh","time":1611236594,"event":{"mods":["AchievementEnabler","BaseMod","Colored Map","Minty Spire (QoL Compilation)","Rare Cards Sparkle","SuperFastMode","everything is the same but u backflip on backflip"],"gold_per_floor":[119,48,48,66,81,114,114,129,152,169,169,182,199,150,150,254,254,270,281,281,281],"floor_reached":20,"language":"KOR","playtime":928,"items_purged":[],"score":178,"play_id":"c7e1394f-5b28-4330-beee-a6a10d0ca278","local_time":"20210121224314","is_ascension_mode":false,"campfire_choices":[{"floor":7,"key":"RECALL"},{"data":"MentalFortress","floor":11,"key":"SMITH"},{"floor":15,"key":"REST"}],"circlet_count":0,"master_deck":["Strike_P","Strike_P","Strike_P","Strike_P","Defend_P","Defend_P","Defend_P","Defend_P","Eruption+1","Vigilance","EmptyFist","LikeWater+1","FollowUp","Sanctity","MentalFortress+1","SandsOfTime","DevaForm","Adaptation"],"relics":["PureWater","Regal Pillow","Vajra","SlaversCollar"],"acts_visited":["Exordium","TheCity"],"potions_floor_usage":[6,10,10,12,13,20],"damage_taken":[{"damage":0,"enemies":"2 Louse","floor":1,"turns":1},{"damage":0,"enemies":"Cultist","floor":4,"turns":2},{"damage":1,"enemies":"Jaw Worm","floor":5,"turns":2},{"damage":16,"enemies":"Gremlin Nob","floor":6,"turns":5},{"damage":0,"enemies":"Large Slime","floor":8,"turns":3},{"damage":0,"enemies":"Exordium Wildlife","floor":10,"turns":3},{"damage":33,"enemies":"Gremlin Gang","floor":12,"turns":6},{"damage":10,"enemies":"Lots of Slimes","floor":13,"turns":5},{"damage":36,"enemies":"Hexaghost","floor":16,"turns":10},{"damage":24,"enemies":"Spheric Guardian","floor":18,"turns":6},{"damage":29,"enemies":"2 Thieves","floor":19,"turns":5},{"damage":21,"enemies":"Snake Plant","floor":20,"turns":3}],"seed_played":"5288142075853922473","potions_obtained":[{"floor":4,"key":"EssenceOfSteel"},{"floor":5,"key":"DistilledChaos"},{"floor":6,"key":"StancePotion"},{"floor":8,"key":"ColorlessPotion"},{"floor":10,"key":"ColorlessPotion"},{"floor":19,"key":"Energy Potion"}],"is_trial":false,"path_per_floor":["M","$","?","M","M","E","R","M","T","M","R","M","M","?","R","B",null,"M","M","M"],"character_chosen":"WATCHER","items_purchased":["LikeWater"],"campfire_rested":1,"item_purchase_floors":[2],"current_hp_per_floor":[72,72,72,72,71,55,55,55,55,55,55,22,12,12,48,12,72,48,19,0,0],"gold":281,"neow_bonus":"UPGRADE_CARD","is_daily":false,"chose_seed":false,"campfire_upgraded":1,"win_rate":0.0,"timestamp":1611236594,"path_taken":["M","$","?","M","M","E","R","M","T","M","R","M","?","?","R","BOSS","M","M","M"],"items_purchased_type":["Card"],"build_version":"2020-12-22","purchased_purges":0,"victory":false,"max_hp_per_floor":[72,72,72,72,72,72,72,72,72,72,72,72,72,72,72,72,72,72,72,72,72],"card_choices":[{"not_picked":["Consecrate","Fasting2"],"picked":"EmptyFist","floor":1},{"not_picked":["Protect","CutThroughFate","BowlingBash"],"picked":"SKIP","floor":4},{"not_picked":["Collect","Wallop"],"picked":"FollowUp","floor":5},{"not_picked":["Establishment","Evaluate"],"picked":"Sanctity","floor":6},{"not_picked":["Vengeance","Evaluate"],"picked":"MentalFortress","floor":8},{"not_picked":["Protect","Halt"],"picked":"SandsOfTime","floor":10},{"not_picked":["Indignation","JustLucky","EmptyFist"],"picked":"SKIP","floor":12},{"not_picked":["FlyingSleeves","Evaluate","JustLucky"],"picked":"SKIP","floor":13},{"not_picked":["MasterReality","SpiritShield"],"picked":"DevaForm","floor":16},{"not_picked":["BowlingBash","Halt+1","Evaluate"],"picked":"SKIP","floor":18},{"not_picked":["Perseverance","DeceiveReality"],"picked":"Adaptation","floor":19}],"player_experience":287756,"relics_obtained":[{"floor":6,"key":"Regal Pillow"},{"floor":9,"key":"Vajra"}],"event_choices":[{"damage_healed":0,"gold_gain":0,"player_choice":"Upgraded","damage_taken":0,"max_hp_gain":0,"max_hp_loss":0,"event_name":"Upgrade Shrine","floor":3,"gold_loss":0,"cards_upgraded":["LikeWater"]},{"damage_healed":0,"gold_gain":0,"player_choice":"Left Gold","damage_taken":0,"max_hp_gain":0,"max_hp_loss":0,"event_name":"World of Goop","floor":14,"gold_loss":49}],"is_beta":false,"boss_relics":[{"not_picked":["Coffee Dripper","Tiny House"],"picked":"SlaversCollar"}],"items_purged_floors":[],"is_endless":false,"potions_floor_spawned":[4,5,6,8,10,19],"killed_by":"Snake Plant","ascension_level":0}}