{"host":"a1eatafr7pisesky","time":1611237409,"event":{"mods":["AchievementEnabler","BaseMod","Colored Map","Keyboard Shortcuts","Minty Spire (QoL Compilation)","Say the Spire","StSLib","SuperFastMode","everything is the same but u backflip on backflip"],"gold_per_floor":[211,69,80,94,64,64,76,76,122,135,169,21,36,36,36],"floor_reached":14,"language":"KOR","playtime":335,"items_purged":["Strike_G","Strike_G"],"score":138,"play_id":"aad3620c-bcfb-463a-a2c8-83928d3761b2","local_time":"20210121225649","is_ascension_mode":true,"campfire_choices":[{"data":"Crippling Poison","floor":6.0,"key":"SMITH"},{"data":"Blade Dance","floor":8.0,"key":"SMITH"}],"circlet_count":0,"master_deck":["AscendersBane","Strike_G","Strike_G","Strike_G","Defend_G","Defend_G+1","Defend_G","Defend_G","Defend_G","Survivor+1","Neutralize","Acrobatics","Crippling Poison+1","Blade Dance+1","Backflip","PiercingWail","Reflex","Blade Dance","Accuracy"],"relics":["Ring of the Snake","Pen Nib","War Paint"],"acts_visited":["Exordium"],"potions_floor_usage":[11,11,11,13,14],"damage_taken":[{"damage":5.0,"enemies":"Cultist","floor":1.0,"turns":4.0},{"damage":7.0,"enemies":"Small Slimes","floor":3.0,"turns":4.0},{"damage":4.0,"enemies":"2 Louse","floor":4.0,"turns":4.0},{"damage":15.0,"enemies":"2 Fungi Beasts","floor":7.0,"turns":4.0},{"damage":7.0,"enemies":"Lots of Slimes","floor":10.0,"turns":2.0},{"damage":15,"enemies":"Lagavulin","floor":11,"turns":6},{"damage":5,"enemies":"Gremlin Gang","floor":13,"turns":5},{"damage":11,"enemies":"3 Sentries","floor":14,"turns":4}],"seed_played":"8094438671346663944","potions_obtained":[{"floor":1.0,"key":"DistilledChaos"},{"floor":5.0,"key":"DuplicationPotion"},{"floor":5.0,"key":"SteroidPotion"},{"floor":11,"key":"AttackPotion"},{"floor":13,"key":"Weak Potion"}],"is_trial":false,"path_per_floor":["M","$","M","M","?","R","M","R","T","M","E","$","M","E"],"character_chosen":"THE_SILENT","items_purchased":["Crippling Poison","Blade Dance"],"campfire_rested":0,"item_purchase_floors":[2,12],"current_hp_per_floor":[58,58,51,47,47,47,32,32,32,25,10,10,5,0,0],"gold":36,"neow_bonus":"HUNDRED_GOLD","is_daily":false,"chose_seed":false,"campfire_upgraded":2,"win_rate":0.0,"timestamp":1611237409,"path_taken":["M","$","?","M","?","R","M","R","T","M","E","$","?","E"],"items_purchased_type":["Card","Card"],"build_version":"2020-12-22","purchased_purges":2,"victory":false,"max_hp_per_floor":[70,70,70,70,70,70,70,70,70,70,70,70,70,70,70],"card_choices":[{"not_picked":["Calculated Gamble","Underhanded Strike"],"picked":"Acrobatics","floor":1.0},{"not_picked":["Outmaneuver","Slice"],"picked":"Blade Dance","floor":3.0},{"not_picked":["Escape Plan","Outmaneuver"],"picked":"Backflip","floor":4.0},{"not_picked":["Sucker Punch","Prepared"],"picked":"PiercingWail","floor":7.0},{"not_picked":["Deflect","Dagger Spray"],"picked":"Reflex","floor":10.0},{"not_picked":["All Out Attack","Prepared","Bane"],"picked":"SKIP","floor":11},{"not_picked":["Flying Knee","Tools of the Trade"],"picked":"Accuracy","floor":13}],"player_experience":333599,"relics_obtained":[{"floor":9.0,"key":"Pen Nib"},{"floor":11,"key":"War Paint"}],"event_choices":[{"damage_healed":0.0,"max_hp_gain":0.0,"max_hp_loss":0.0,"gold_gain":0.0,"event_name":"The Woman in Blue","player_choice":"Bought 2 Potions","floor":5.0,"gold_loss":0.0,"damage_taken":0.0}],"is_beta":false,"boss_relics":[],"items_purged_floors":[2,12],"is_endless":false,"potions_floor_spawned":[1,11,13],"killed_by":"3 Sentries","ascension_level":10}}