{"host":"dpbezu80jg8zk7un","time":1611249140,"event":{"mods":["BaseMod","Colored Map","Colored Powertips","Custom Start","DeckTracker","Minty Spire (QoL Compilation)","Quick Restart","StSLib","SuperFastMode"],"gold_per_floor":[110,185,185,200,212,212,262,272,272,304,323,323,351,276,276,349,349,366,366,366,366,378,404,416,328,328,328,348,223,243,272,272,345,345,360,360,360,380,390,416,436,436,436,436,471,471,490,515,515,515,515,515,515,2,27,27,27],"floor_reached":56,"language":"KOR","playtime":2466,"items_purged":["Strike_P","Strike_P+1","Strike_P+1","Defend_P"],"score":2216,"play_id":"6e88d529-2eb8-491c-b5ad-e6457c4849f2","local_time":"20210122021220","is_ascension_mode":true,"campfire_choices":[{"data":"Eruption","floor":6.0,"key":"SMITH"},{"floor":12.0,"key":"REST"},{"data":"Adaptation","floor":15.0,"key":"SMITH"},{"data":"Scrawl","floor":24.0,"key":"SMITH"},{"floor":32.0,"key":"REST"},{"floor":42,"key":"RECALL"},{"data":"TalkToTheHand","floor":49,"key":"SMITH"},{"data":"Madness","floor":53,"key":"SMITH"}],"circlet_count":0,"master_deck":["AscendersBane","Defend_P+1","Eruption+1","Vigilance+1","FlurryOfBlows","WheelKick","EmptyFist","Adaptation+1","FearNoEvil","Scrawl+1","CrushJoints","Tantrum","DeusExMachina","TalkToTheHand+1","Madness+1","Madness","Finesse"],"relics":["PureWater","NeowsBlessing","Potion Belt","Yang","War Paint","Empty Cage","MawBank","Gremlin Horn","Blood Vial","SacredBark","Smiling Mask","Bottled Tornado","Dream Catcher","Letter Opener","Oddly Smooth Stone","Bag of Preparation","Art of War","Shuriken"],"acts_visited":["Exordium","TheCity","TheBeyond","TheEnding"],"potions_floor_usage":[40,40,45,50,51,55,56,56],"damage_taken":[{"damage":0.0,"enemies":"Small Slimes","floor":1.0,"turns":2.0},{"damage":0.0,"enemies":"Cultist","floor":4.0,"turns":1.0},{"damage":0.0,"enemies":"Jaw Worm","floor":5.0,"turns":1.0},{"damage":1.0,"enemies":"Looter","floor":8.0,"turns":2.0},{"damage":9.0,"enemies":"Lagavulin","floor":10.0,"turns":4.0},{"damage":6.0,"enemies":"Large Slime","floor":11.0,"turns":5.0},{"damage":8.0,"enemies":"Gremlin Nob","floor":13.0,"turns":3.0},{"damage":6.0,"enemies":"Slime Boss","floor":16.0,"turns":6.0},{"damage":0.0,"enemies":"3 Byrds","floor":18.0,"turns":4.0},{"damage":0.0,"enemies":"Spheric Guardian","floor":22.0,"turns":1.0},{"damage":22.0,"enemies":"Slavers","floor":23.0,"turns":5.0},{"damage":2.0,"enemies":"Centurion and Healer","floor":28.0,"turns":2.0},{"damage":0.0,"enemies":"Snecko","floor":30.0,"turns":4.0},{"damage":9.0,"enemies":"Book of Stabbing","floor":31.0,"turns":2.0},{"damage":11.0,"enemies":"Automaton","floor":33.0,"turns":7.0},{"damage":0.0,"enemies":"Orb Walker","floor":35.0,"turns":1.0},{"damage":0,"enemies":"3 Darklings","floor":38,"turns":2},{"damage":0,"enemies":"Sphere and 2 Shapes","floor":39,"turns":2},{"damage":0,"enemies":"Reptomancer","floor":40,"turns":2},{"damage":12,"enemies":"Jaw Worm Horde","floor":41,"turns":2},{"damage":9,"enemies":"Nemesis","floor":45,"turns":3},{"damage":0,"enemies":"4 Shapes","floor":47,"turns":1},{"damage":0,"enemies":"Giant Head","floor":48,"turns":4},{"damage":5,"enemies":"Awakened One","floor":50,"turns":4},{"damage":0,"enemies":"Donu and Deca","floor":51,"turns":2},{"damage":0,"enemies":"Shield and Spear","floor":55,"turns":2},{"damage":93,"enemies":"The Heart","floor":56,"turns":3}],"seed_played":"5594259918957596994","potions_obtained":[{"floor":8.0,"key":"BlessingOfTheForge"},{"floor":10.0,"key":"Block Potion"},{"floor":11.0,"key":"Block Potion"},{"floor":18.0,"key":"BottledMiracle"},{"floor":23.0,"key":"Regen Potion"},{"floor":35.0,"key":"Explosive Potion"},{"floor":39,"key":"DistilledChaos"},{"floor":41,"key":"Block Potion"},{"floor":45,"key":"EssenceOfSteel"},{"floor":48,"key":"SkillPotion"}],"is_trial":false,"path_per_floor":["M","?","?","M","M","R","?","M","T","E","M","R","E","$","R","B",null,"M","?","?","?","M","E","R","$","T","T","M","$","M","E","R","B",null,"M","?","?","M","M","E","M","R","T","?","E","T","M","E","R","B","B",null,"R","$","E","B"],"character_chosen":"WATCHER","items_purchased":["Bag of Preparation","DistilledChaos","SteroidPotion","Art of War"],"campfire_rested":2,"item_purchase_floors":[54,54,54,54],"current_hp_per_floor":[61,50,30,30,30,30,24,23,23,14,8,28,20,20,20,14,55,55,55,55,55,55,33,33,33,33,33,31,31,31,22,42,33,59,61,49,49,51,53,55,45,45,45,35,28,28,30,32,32,29,31,59,59,59,61,0,0],"gold":27,"neow_bonus":"THREE_ENEMY_KILL","is_daily":false,"chose_seed":false,"campfire_upgraded":5,"win_rate":0.0,"timestamp":1611249140,"path_taken":["M","?","?","M","M","R","?","M","T","E","?","R","E","$","R","BOSS","M","?","?","?","M","E","R","$","T","?","?","$","M","E","R","BOSS","M","?","?","M","?","E","M","R","T","?","E","?","M","E","R","BOSS","BOSS","R","$","E","BOSS"],"items_purchased_type":["Relic","Potion","Potion","Relic"],"build_version":"2020-12-22","purchased_purges":4,"victory":false,"max_hp_per_floor":[68,68,68,68,68,68,68,68,68,68,68,68,68,68,68,68,68,68,68,68,68,68,68,68,68,68,68,68,68,68,68,68,68,68,68,68,68,68,68,68,68,68,68,68,68,68,68,68,68,68,68,68,68,68,68,68,68],"card_choices":[{"not_picked":["Prostrate","Indignation"],"picked":"FlurryOfBlows","floor":1.0},{"not_picked":["CarveReality","CrushJoints"],"picked":"WheelKick","floor":4.0},{"not_picked":["ClearTheMind","EmptyBody"],"picked":"EmptyFist","floor":5.0},{"not_picked":["FlyingSleeves","Pray","ThirdEye"],"picked":"SKIP","floor":8.0},{"not_picked":["Conclude","SashWhip","Collect"],"picked":"SKIP","floor":10.0},{"not_picked":["BattleHymn","BowlingBash"],"picked":"Adaptation","floor":11.0},{"not_picked":["Establishment","WheelKick"],"picked":"FearNoEvil","floor":13.0},{"not_picked":["ConjureBlade","Establishment"],"picked":"Scrawl","floor":16.0},{"not_picked":["WindmillStrike","FearNoEvil"],"picked":"CrushJoints","floor":18.0},{"not_picked":["Sanctity","ClearTheMind+1","Fasting2"],"picked":"SKIP","floor":22.0},{"not_picked":["Fasting2+1","Judgement","FlyingSleeves"],"picked":"SKIP","floor":23.0},{"not_picked":["PathToVictory","CutThroughFate","Crescendo"],"picked":"SKIP","floor":28.0},{"not_picked":["Evaluate","FlurryOfBlows","LikeWater+1"],"picked":"SKIP","floor":30.0},{"not_picked":["CutThroughFate","Worship"],"picked":"Tantrum","floor":31.0},{"not_picked":["Wish","Establishment"],"picked":"DeusExMachina","floor":33.0},{"not_picked":["Prostrate+1","BowlingBash"],"picked":"TalkToTheHand","floor":35.0},{"not_picked":["FlyingSleeves","SashWhip","Crescendo"],"picked":"SKIP","floor":38},{"not_picked":["SpiritShield","Crescendo","Sanctity"],"picked":"SKIP","floor":39},{"not_picked":["FlurryOfBlows","Evaluate","SandsOfTime"],"picked":"SKIP","floor":40},{"not_picked":["FlyingSleeves","SashWhip","FlurryOfBlows"],"picked":"SKIP","floor":41},{"not_picked":["Mayhem","Discovery"],"picked":"Finesse","floor":44},{"not_picked":["FollowUp","JustLucky","FlurryOfBlows"],"picked":"SKIP","floor":45},{"not_picked":["FlyingSleeves+1","BowlingBash+1","WreathOfFlame+1"],"picked":"SKIP","floor":47},{"not_picked":["Consecrate","Evaluate","WindmillStrike+1"],"picked":"SKIP","floor":48},{"not_picked":["FlyingSleeves","DevaForm","Weave+1"],"picked":"SKIP","floor":55}],"player_experience":2911588,"relics_obtained":[{"floor":9.0,"key":"Potion Belt"},{"floor":10.0,"key":"Yang"},{"floor":13.0,"key":"War Paint"},{"floor":23.0,"key":"MawBank"},{"floor":26.0,"key":"Gremlin Horn"},{"floor":31.0,"key":"Blood Vial"},{"floor":40,"key":"Smiling Mask"},{"floor":43,"key":"Bottled Tornado"},{"floor":45,"key":"Dream Catcher"},{"floor":46,"key":"Letter Opener"},{"floor":48,"key":"Oddly Smooth Stone"},{"floor":55,"key":"Shuriken"}],"event_choices":[{"damage_healed":0.0,"max_hp_gain":0.0,"max_hp_loss":0.0,"gold_gain":75.0,"event_name":"World of Goop","player_choice":"Gather Gold","floor":2.0,"gold_loss":0.0,"damage_taken":11.0},{"damage_healed":0.0,"max_hp_gain":0.0,"max_hp_loss":0.0,"gold_gain":0.0,"event_name":"Shining Light","player_choice":"Entered Light","floor":3.0,"gold_loss":0.0,"damage_taken":20.0,"cards_upgraded":["Strike_P","Strike_P"]},{"damage_healed":0.0,"max_hp_gain":0.0,"max_hp_loss":0.0,"gold_gain":50.0,"event_name":"FaceTrader","player_choice":"Touch","floor":7.0,"gold_loss":0.0,"damage_taken":6.0},{"damage_healed":0.0,"max_hp_gain":0.0,"max_hp_loss":0.0,"gold_gain":0.0,"event_name":"Ghosts","player_choice":"Ignored","floor":19.0,"gold_loss":0.0,"damage_taken":0.0},{"damage_healed":0.0,"max_hp_gain":0.0,"max_hp_loss":0.0,"gold_gain":0.0,"event_name":"The Mausoleum","player_choice":"Ignored","floor":20.0,"gold_loss":0.0,"damage_taken":0.0},{"cards_removed":["Defend_P"],"damage_healed":0.0,"max_hp_gain":0.0,"max_hp_loss":0.0,"gold_gain":0.0,"event_name":"Back to Basics","player_choice":"Elegance","floor":21.0,"gold_loss":0.0,"damage_taken":0.0},{"damage_healed":0.0,"max_hp_gain":0.0,"max_hp_loss":0.0,"gold_gain":0.0,"event_name":"Winding Halls","player_choice":"Embrace Madness","floor":36.0,"gold_loss":0.0,"damage_taken":12.0,"cards_obtained":["Madness","Madness"]},{"damage_healed":0.0,"max_hp_gain":0.0,"max_hp_loss":0.0,"gold_gain":0.0,"event_name":"SecretPortal","player_choice":"Ignored","floor":37.0,"gold_loss":0.0,"damage_taken":0.0},{"damage_healed":0,"gold_gain":0,"player_choice":"Memory 3","damage_taken":10,"max_hp_gain":0,"max_hp_loss":0,"event_name":"SensoryStone","floor":44,"gold_loss":0}],"is_beta":false,"boss_relics":[{"not_picked":["HolyWater","Calling Bell"],"picked":"Empty Cage"},{"not_picked":["Snecko Eye","Runic Dome"],"picked":"SacredBark"}],"items_purged_floors":[14,25,29,54],"is_endless":false,"potions_floor_spawned":[8,10,11,18,23,35,39,41,45,48],"killed_by":"The Heart","ascension_level":20}}