{"host":"q0qnzbgdx8oqogg9","time":1611189797,"event":{"mods":["BaseMod","Minty Spire (QoL Compilation)","Slay-I","StSLib"],"gold_per_floor":[18,36,49,49,19,45,45,75,99,115,83,93,168,168,168,271,271,271,69,9,9,9,9,9,9,9,9,9,9,9,9,9,9,9,9,9,9,9,9,9,9,9,9,9,9,9,9,9,9,9],"floor_reached":51,"language":"ENG","playtime":1823,"items_purged":[],"score":994,"play_id":"72e091ac-0212-4a67-8c85-6af73785feba","local_time":"20210120194317","is_ascension_mode":true,"campfire_choices":[{"data":"Fire Breathing","floor":7.0,"key":"SMITH"},{"data":"Wild Strike","floor":15.0,"key":"SMITH"},{"floor":25.0,"key":"REST"},{"floor":32.0,"key":"REST"},{"floor":40,"key":"REST"},{"floor":49,"key":"REST"}],"circlet_count":0,"master_deck":["Strike_R","Strike_R","Defend_R","Defend_R","Defend_R","Defend_R","Bash","Wild Strike+1","Battle Trance","Fire Breathing+1","Shrug It Off","Wild Strike","Anger","Warcry","Corruption","Fire Breathing+1","Cleave","Spot Weakness","Power Through","Wild Strike+1","Reckless Charge","Immolate","Reckless Charge+1","Sentinel","Sentinel+1","Pummel","Shockwave+1","Disarm+1","Doubt","Apotheosis","Impatience","Clothesline"],"relics":["Burning Blood","StoneCalendar","Ancient Tea Set","Red Skull","Bag of Preparation","Ectoplasm","DollysMirror","Gambling Chip","Mango","Calipers","Snecko Eye","Juzu Bracelet","White Beast Statue","Bird Faced Urn"],"acts_visited":["Exordium","TheCity","TheBeyond"],"potions_floor_usage":[33,50],"damage_taken":[{"damage":8.0,"enemies":"Jaw Worm","floor":1.0,"turns":4.0},{"damage":6.0,"enemies":"Cultist","floor":2.0,"turns":3.0},{"damage":0.0,"enemies":"2 Louse","floor":3.0,"turns":2.0},{"damage":2.0,"enemies":"Looter","floor":5.0,"turns":4.0},{"damage":12.0,"enemies":"Lagavulin","floor":6.0,"turns":7.0},{"damage":7.0,"enemies":"3 Sentries","floor":8.0,"turns":4.0},{"damage":5.0,"enemies":"Large Slime","floor":10.0,"turns":4.0},{"damage":14.0,"enemies":"Exordium Thugs","floor":11.0,"turns":5.0},{"damage":6.0,"enemies":"Exordium Wildlife","floor":12.0,"turns":3.0},{"damage":17.0,"enemies":"The Guardian","floor":16.0,"turns":9.0},{"damage":0.0,"enemies":"Chosen","floor":18.0,"turns":4.0},{"damage":24.0,"enemies":"2 Thieves","floor":20.0,"turns":4.0},{"damage":23.0,"enemies":"Snecko","floor":21.0,"turns":5.0},{"damage":13.0,"enemies":"Gremlin Leader","floor":23.0,"turns":5.0},{"damage":21.0,"enemies":"Slavers","floor":27.0,"turns":3.0},{"damage":30.0,"enemies":"Snake Plant","floor":28.0,"turns":3.0},{"damage":7.0,"enemies":"3 Cultists","floor":30.0,"turns":3.0},{"damage":16.0,"enemies":"Chosen and Byrds","floor":31.0,"turns":4.0},{"damage":14,"enemies":"Automaton","floor":33,"turns":6},{"damage":15,"enemies":"Orb Walker","floor":35,"turns":3},{"damage":5,"enemies":"3 Darklings","floor":36,"turns":2},{"damage":49,"enemies":"Spire Growth","floor":37,"turns":5},{"damage":16,"enemies":"Writhing Mass","floor":39,"turns":4},{"damage":31,"enemies":"Jaw Worm Horde","floor":41,"turns":4},{"damage":38,"enemies":"Spire Growth","floor":44,"turns":5},{"damage":14,"enemies":"2 Orb Walkers","floor":48,"turns":4},{"damage":95,"enemies":"Awakened One","floor":50,"turns":12}],"seed_played":"4021167397735316890","potions_obtained":[{"floor":2.0,"key":"EssenceOfSteel"},{"floor":6.0,"key":"GamblersBrew"},{"floor":8.0,"key":"FearPotion"},{"floor":16.0,"key":"EssenceOfSteel"},{"floor":18.0,"key":"SkillPotion"},{"floor":23.0,"key":"PowerPotion"},{"floor":39,"key":"DuplicationPotion"},{"floor":48,"key":"BloodPotion"}],"is_trial":false,"path_per_floor":["M","M","M","?","M","E","R","E","T","M","M","M","?","?","R","B",null,"M","$","M","M","$","E","?","R","T","E","M","?","M","M","R","B",null,"M","M","M","?","M","R","M","?","T","M","?","T","?","?","R","B",null],"character_chosen":"IRONCLAD","items_purchased":["DollysMirror","Cleave"],"campfire_rested":4,"item_purchase_floors":[19,19],"current_hp_per_floor":[70,70,76,76,80,74,74,73,73,74,66,66,55,48,48,37,69,75,75,57,40,40,33,33,57,71,56,32,32,31,21,49,41,81,72,73,30,30,20,48,23,94,94,62,57,57,57,49,77,12],"gold":9,"neow_bonus":"ONE_RARE_RELIC","is_daily":false,"chose_seed":false,"campfire_upgraded":2,"win_rate":0.0,"timestamp":1611189797,"path_taken":["M","M","M","?","M","E","R","E","T","M","M","?","?","?","R","BOSS","M","$","M","M","$","E","?","R","T","E","M","?","?","M","R","BOSS","M","M","M","?","?","R","M","?","T","M","?","?","?","?","R","BOSS"],"items_purchased_type":["Relic","Card"],"build_version":"2020-12-22","purchased_purges":0,"victory":true,"max_hp_per_floor":[80,80,80,80,80,80,80,80,80,80,80,80,80,80,80,80,80,80,80,80,80,80,80,80,80,94,94,94,94,94,94,94,94,94,94,94,94,94,94,94,94,94,94,94,94,94,94,94,94,94],"card_choices":[{"not_picked":["Clash","Havoc"],"picked":"Wild Strike","floor":1.0},{"not_picked":["Blood for Blood","Twin Strike"],"picked":"Battle Trance","floor":2.0},{"not_picked":["Flex","Disarm"],"picked":"Fire Breathing","floor":3.0},{"not_picked":["Brutality","Disarm"],"picked":"Shrug It Off","floor":5.0},{"not_picked":["Rage","True Grit"],"picked":"Wild Strike","floor":6.0},{"not_picked":["Burning Pact","Warcry"],"picked":"Anger","floor":8.0},{"not_picked":["Anger","Sentinel","Perfected Strike"],"picked":"SKIP","floor":10.0},{"not_picked":["Warcry","Heavy Blade","Body Slam"],"picked":"SKIP","floor":11.0},{"not_picked":["Anger","Clothesline"],"picked":"Warcry","floor":12.0},{"not_picked":["Berserk","Limit Break"],"picked":"Corruption","floor":16.0},{"not_picked":["True Grit","Clothesline","Twin Strike"],"picked":"SKIP","floor":18.0},{"not_picked":["Thunderclap","Armaments"],"picked":"Spot Weakness","floor":20.0},{"not_picked":["Carnage+1","Sword Boomerang","Spot Weakness"],"picked":"SKIP","floor":21.0},{"not_picked":["Anger+1","Immolate"],"picked":"Power Through","floor":23.0},{"not_picked":["Body Slam+1","True Grit"],"picked":"Wild Strike+1","floor":27.0},{"not_picked":["Dropkick","Pommel Strike","Clothesline"],"picked":"SKIP","floor":28.0},{"not_picked":["Dual Wield+1","Sword Boomerang"],"picked":"Reckless Charge","floor":30.0},{"not_picked":["Body Slam","Pommel Strike"],"picked":"Immolate","floor":31.0},{"not_picked":["Feed","Bludgeon"],"picked":"Brutality","floor":33},{"not_picked":["Flex+1","Heavy Blade+1"],"picked":"Reckless Charge+1","floor":35},{"not_picked":["Anger+1","Uppercut+1"],"picked":"Sentinel","floor":36},{"not_picked":["Metallicize","Sword Boomerang"],"picked":"Sentinel+1","floor":37},{"not_picked":["Twin Strike","Anger+1"],"picked":"Shockwave+1","floor":39},{"not_picked":["Pommel Strike+1","Battle Trance"],"picked":"Disarm+1","floor":41},{"not_picked":["Thunderclap","Perfected Strike","Pommel Strike+1"],"picked":"SKIP","floor":44},{"not_picked":["Secret Weapon","Finesse"],"picked":"Apotheosis","floor":45},{"not_picked":["Purity","Violence"],"picked":"Impatience","floor":45},{"not_picked":["Rampage","Carnage+1"],"picked":"Clothesline","floor":48}],"player_experience":243125,"relics_obtained":[{"floor":6.0,"key":"Ancient Tea Set"},{"floor":8.0,"key":"Red Skull"},{"floor":9.0,"key":"Bag of Preparation"},{"floor":23.0,"key":"Gambling Chip"},{"floor":26.0,"key":"Mango"},{"floor":27.0,"key":"Calipers"},{"floor":43,"key":"Juzu Bracelet"},{"floor":46,"key":"White Beast Statue"},{"floor":48,"key":"Bird Faced Urn"}],"event_choices":[{"cards_removed":["Strike_R"],"damage_healed":0.0,"max_hp_gain":0.0,"max_hp_loss":0.0,"gold_gain":0.0,"event_name":"Purifier","player_choice":"Purged","floor":4.0,"gold_loss":0.0,"damage_taken":0.0},{"damage_healed":0.0,"max_hp_gain":0.0,"max_hp_loss":0.0,"gold_gain":75.0,"event_name":"World of Goop","player_choice":"Gather Gold","floor":13.0,"gold_loss":0.0,"damage_taken":11.0},{"cards_removed":["Strike_R"],"damage_healed":0.0,"max_hp_gain":0.0,"max_hp_loss":0.0,"gold_gain":0.0,"event_name":"Golden Wing","player_choice":"Card Removal","floor":14.0,"gold_loss":0.0,"damage_taken":7.0},{"damage_healed":0.0,"max_hp_gain":0.0,"max_hp_loss":0.0,"gold_gain":99.0,"event_name":"Nest","player_choice":"Stole From Cult","floor":24.0,"gold_loss":0.0,"damage_taken":0.0},{"damage_healed":0.0,"max_hp_gain":0.0,"max_hp_loss":0.0,"gold_gain":0.0,"event_name":"Match and Keep!","player_choice":"0 cards matched","floor":29.0,"gold_loss":0.0,"damage_taken":0.0,"cards_obtained":[]},{"damage_healed":0,"gold_gain":0,"cards_transformed":["Brutality"],"player_choice":"Transformed","damage_taken":0,"max_hp_gain":0,"max_hp_loss":0,"event_name":"Transmorgrifier","floor":38,"gold_loss":0,"cards_obtained":["Pummel"]},{"damage_healed":71,"gold_gain":0,"player_choice":"Heal","damage_taken":0,"max_hp_gain":0,"max_hp_loss":0,"event_name":"MindBloom","floor":42,"gold_loss":0,"cards_obtained":["Doubt"]},{"damage_healed":0,"gold_gain":0,"player_choice":"Memory 2","damage_taken":5,"max_hp_gain":0,"max_hp_loss":0,"event_name":"SensoryStone","floor":45,"gold_loss":0},{"cards_removed":["Strike_R"],"damage_healed":0,"gold_gain":0,"player_choice":"Purged","damage_taken":0,"max_hp_gain":0,"max_hp_loss":0,"event_name":"Purifier","floor":47,"gold_loss":0},{"damage_healed":0,"gold_gain":0,"player_choice":"Fight","damage_taken":0,"max_hp_gain":0,"max_hp_loss":0,"event_name":"Mysterious Sphere","floor":48,"gold_loss":0}],"is_beta":false,"boss_relics":[{"not_picked":["Busted Crown","SacredBark"],"picked":"Ectoplasm"},{"not_picked":["Velvet Choker","Empty Cage"],"picked":"Snecko Eye"}],"items_purged_floors":[],"is_endless":false,"potions_floor_spawned":[2,6,8,16,18,23,27,31,39,44,48],"ascension_level":9}}