{"host":"mydft8i2zzydgggw","time":1611243464,"event":{"mods":["AchievementEnabler","BaseMod","BetterRewards","Colored Map","Colored Powertips","DeckTracker","Keyboard Shortcuts","Minty Spire (QoL Compilation)","Rare Cards Sparkle","StSLib","SuperFastMode","everything is the same but u backflip on backflip"],"gold_per_floor":[19,32,32,46,46,71,71,82,105,122,122,122,122,122,122,226,226,166,18,36,36,48,48,48,48],"floor_reached":24,"language":"KOR","playtime":530,"items_purged":["Strike_B"],"score":301,"play_id":"711a3644-da9d-4e55-83a4-6a21d7ae8681","local_time":"20210122003744","is_ascension_mode":true,"campfire_choices":[{"data":"Creative AI","floor":7,"key":"SMITH"},{"data":"Buffer","floor":11,"key":"SMITH"},{"data":"Zap","floor":13,"key":"SMITH"},{"floor":15,"key":"REST"},{"data":"Echo Form","floor":23,"key":"SMITH"}],"circlet_count":0,"master_deck":["AscendersBane","Defend_B","Defend_B","Defend_B","Defend_B","Zap+1","Dualcast","Buffer+1","FTL","Auto Shields","Conserve Battery","Zap","Creative AI+1","Cold Snap","Heatsinks","Echo Form+1","Leap","Coolheaded","Undo+1","Hologram"],"relics":["Cracked Core","Anchor","Oddly Smooth Stone","SlaversCollar"],"acts_visited":["Exordium","TheCity"],"potions_floor_usage":[6,10,16,20],"damage_taken":[{"damage":12,"enemies":"Small Slimes","floor":1,"turns":4},{"damage":2,"enemies":"Jaw Worm","floor":2,"turns":3},{"damage":1,"enemies":"Cultist","floor":4,"turns":4},{"damage":27,"enemies":"Gremlin Nob","floor":6,"turns":5},{"damage":0,"enemies":"Blue Slaver","floor":8,"turns":4},{"damage":0,"enemies":"Large Slime","floor":10,"turns":5},{"damage":23,"enemies":"Hexaghost","floor":16,"turns":10},{"damage":11,"enemies":"2 Thieves","floor":18,"turns":4},{"damage":0,"enemies":"3 Byrds","floor":20,"turns":2},{"damage":10,"enemies":"Shelled Parasite and Fungi","floor":22,"turns":11},{"damage":40,"enemies":"Slavers","floor":24,"turns":9}],"seed_played":"7368168627438688283","potions_obtained":[{"floor":2,"key":"FocusPotion"},{"floor":6,"key":"Fire Potion"},{"floor":8,"key":"LiquidMemories"},{"floor":22,"key":"Ancient Potion"}],"is_trial":false,"path_per_floor":["M","M","?","M","?","E","R","M","T","M","R","?","R","?","R","B",null,"M","$","M","$","M","R","E"],"character_chosen":"DEFECT","items_purchased":["Coolheaded","PowerPotion"],"campfire_rested":1,"item_purchase_floors":[19,19],"current_hp_per_floor":[56,54,54,53,53,26,26,26,26,26,26,19,19,19,41,18,61,50,50,50,50,40,40,0,0],"gold":48,"neow_bonus":"THREE_RARE_CARDS","is_daily":false,"chose_seed":false,"campfire_upgraded":4,"win_rate":0.0,"timestamp":1611243464,"path_taken":["M","M","?","M","?","E","R","?","T","M","R","?","R","?","R","BOSS","M","$","?","$","M","R","E"],"items_purchased_type":["Card","Potion"],"build_version":"2020-12-22","purchased_purges":1,"victory":false,"max_hp_per_floor":[75,75,75,75,75,75,75,75,75,75,75,75,75,75,75,75,75,75,75,75,75,75,75,75,75],"card_choices":[{"not_picked":["Hyperbeam","Multi-Cast"],"picked":"Buffer","floor":0},{"not_picked":["Rebound","Cold Snap"],"picked":"FTL","floor":1},{"not_picked":["Stack","Barrage"],"picked":"Auto Shields","floor":2},{"not_picked":["Scrape","Melter"],"picked":"Conserve Battery","floor":4},{"not_picked":["Chill","Meteor Strike"],"picked":"Creative AI","floor":6},{"not_picked":["Beam Cell","Storm"],"picked":"Cold Snap","floor":8},{"not_picked":["Gash","Barrage"],"picked":"Heatsinks","floor":10},{"not_picked":["Thunder Strike","Buffer"],"picked":"Echo Form","floor":16},{"not_picked":["Go for the Eyes","Barrage"],"picked":"Leap","floor":18},{"not_picked":["Compile Driver","Go for the Eyes+1"],"picked":"Undo+1","floor":20},{"not_picked":["Chaos","Genetic Algorithm+1"],"picked":"Hologram","floor":22}],"player_experience":194748,"relics_obtained":[{"floor":6,"key":"Anchor"},{"floor":9,"key":"Oddly Smooth Stone"}],"event_choices":[{"cards_removed":["Strike_B"],"damage_healed":0,"gold_gain":0,"player_choice":"Forget","damage_taken":0,"max_hp_gain":0,"max_hp_loss":0,"event_name":"Living Wall","floor":3,"gold_loss":0},{"damage_healed":0,"gold_gain":0,"player_choice":"1 cards matched","damage_taken":0,"max_hp_gain":0,"max_hp_loss":0,"event_name":"Match and Keep!","floor":5,"gold_loss":0,"cards_obtained":["Zap"]},{"cards_removed":["Strike_B"],"damage_healed":0,"gold_gain":0,"player_choice":"Card Removal","damage_taken":7,"max_hp_gain":0,"max_hp_loss":0,"event_name":"Golden Wing","floor":12,"gold_loss":0},{"cards_removed":["Strike_B"],"damage_healed":0,"gold_gain":0,"player_choice":"Purged","damage_taken":0,"max_hp_gain":0,"max_hp_loss":0,"event_name":"Purifier","floor":14,"gold_loss":0}],"is_beta":false,"boss_relics":[{"not_picked":["Velvet Choker","Runic Dome"],"picked":"SlaversCollar"}],"items_purged_floors":[19],"is_endless":false,"potions_floor_spawned":[2,6,8,22],"killed_by":"Slavers","ascension_level":11}}