{"host":"2zc57igszyqgae0y","time":1611227830,"event":{"mods":["ATMod(°¢èªMod)","Act Like it!","Aspiration","BaseMod","CapriCore","GifTheSpireLib","Minty Spire (QoL Compilation)","Quick Restart","Rare Cards Sparkle","Replay The Spire","RumiaBox-Â¶Ã×æ«µÄÉñÃØºÐ×Ó","SIMod","Shop Mod","StSLib","[IsaacMod]ÒÔÈö¼âËþ","vexMod"],"gold_per_floor":[117,12,62,62,72,72,104,114,114,127,127,143,159,188,188,291,291,303,271,286,10,25,25,56,56,79,93,122,221,302,317,317,421,521,541,283,303,499,526,552,852,852,852,852,699,699,749,780,780,780,780,780,318,352,352],"floor_reached":56,"language":"ZHS","playtime":2361,"items_purged":["Strike_R","Demonic Infusion"],"score":2130,"play_id":"33899336-ec06-41d5-ba30-5a39b0999879","local_time":"20210121191710","is_ascension_mode":true,"campfire_choices":[{"data":"AT_MachinaRedman","floor":6.0,"key":"SMITH"},{"data":"Bash","floor":11.0,"key":"SMITH"},{"floor":15.0,"key":"RECALL"},{"data":"Flex","floor":23.0,"key":"SMITH"},{"data":"Flex","floor":25.0,"key":"SMITH"},{"data":"Limit Break","floor":32.0,"key":"SMITH"},{"data":"Battle Trance","floor":42.0,"key":"SMITH"},{"floor":49.0,"key":"REST"},{"data":"Pommel Strike","floor":52.0,"key":"SMITH"}],"circlet_count":0,"master_deck":["Strike_R+1","Strike_R","Strike_R+1","Strike_R","Defend_R","Defend_R","Defend_R","Defend_R","Bash+1","AT_MachinaRedman+1","Feed+1","Pommel Strike+1","Battle Trance+1","Limit Break+1","Shrug It Off","Flex+1","Flex+1","Reaper","Headbutt+1","AT_ShrugMaster","Heavy Blade+1"],"relics":["Burning Blood","HushsDoor","AT_ATBox","NeowsBlessing","DoctorsRemote","Eternal Feather","Tiny Chest","Bag of Marbles","aspiration:HiddenCompartment","SoulBox","NineVolt","HowToJump","Replay:Wanted Poster","MerchantsRug","GodSword4","Red Skull","Potion Belt","AT_BladeRuinedKing","Mirror","Cauldron","D6","GodSword6","Chaos","Paper Frog","Philosopher\u0027s Stone"],"acts_visited":["Exordium","TheCity","TheBeyond","TheEnding"],"potions_floor_usage":[],"damage_taken":[{"damage":0.0,"enemies":"2 Louse","floor":1.0,"turns":1.0},{"damage":0.0,"enemies":"Hiden Room Battle","floor":3.0,"turns":1.0},{"damage":0.0,"enemies":"Cultist","floor":5.0,"turns":1.0},{"damage":0.0,"enemies":"Lagavulin","floor":7.0,"turns":2.0},{"damage":0.0,"enemies":"Jaw Worm","floor":8.0,"turns":1.0},{"damage":0.0,"enemies":"Gremlin Gang","floor":10.0,"turns":2.0},{"damage":6.0,"enemies":"Looter","floor":12.0,"turns":2.0},{"damage":0.0,"enemies":"Exordium Thugs","floor":13.0,"turns":3.0},{"damage":15.0,"enemies":"3 Sentries","floor":14.0,"turns":5.0},{"damage":27.0,"enemies":"The Guardian","floor":16.0,"turns":8.0},{"damage":1.0,"enemies":"3 Byrds","floor":18.0,"turns":3.0},{"damage":0.0,"enemies":"Spheric Guardian","floor":20.0,"turns":3.0},{"damage":0.0,"enemies":"Centurion and Healer","floor":22.0,"turns":2.0},{"damage":5.0,"enemies":"Gremlin Leader","floor":24.0,"turns":5.0},{"damage":1.0,"enemies":"Cultist and Chosen","floor":27.0,"turns":3.0},{"damage":13.0,"enemies":"Replay:Snechameleon","floor":28.0,"turns":4.0},{"damage":0.0,"enemies":"3 Cultists","floor":31.0,"turns":3.0},{"damage":0.0,"enemies":"Champ","floor":33.0,"turns":4.0},{"damage":0.0,"enemies":"Orb Walker","floor":35.0,"turns":1.0},{"damage":15.0,"enemies":"3 Darklings","floor":37.0,"turns":3.0},{"damage":30.0,"enemies":"R_Hoarder","floor":40.0,"turns":8.0},{"damage":5.0,"enemies":"Mind Bloom Boss Battle","floor":47.0,"turns":4.0},{"damage":8.0,"enemies":"Giant Head","floor":48.0,"turns":4.0},{"damage":0.0,"enemies":"Time Eater","floor":50.0,"turns":6.0},{"damage":7.0,"enemies":"Shield and Spear","floor":54.0,"turns":6.0},{"damage":0,"enemies":"The Heart","floor":55,"turns":6}],"seed_played":"4978659487549992926","potions_obtained":[{"floor":3.0,"key":"SteroidPotion"},{"floor":5.0,"key":"Dexterity Potion"},{"floor":7.0,"key":"Swift Potion"},{"floor":8.0,"key":"Fire Potion"},{"floor":10.0,"key":"EssenceOfSteel"},{"floor":22.0,"key":"Languid Potion"},{"floor":24.0,"key":"Weak Potion"},{"floor":27.0,"key":"Ancient Potion"},{"floor":45.0,"key":"Ancient Potion"},{"floor":45.0,"key":"Energy Potion"},{"floor":45.0,"key":"Block Potion"},{"floor":45.0,"key":"HeartOfIron"}],"is_trial":false,"path_per_floor":["M","$","?","?","M","R","E","M","T","M","R","M","M","E","R","B",null,"M","?","M","$","M","R","E","R","T","M","E","?","T","M","R","B",null,"M","$","M","?","T","E","?","R","T","T","$","?","?","E","R","B",null,"R","$","E","B",null],"character_chosen":"IRONCLAD","items_purchased":["Feed+1","NineVolt","Flex","MerchantsRug","GodSword4","Cauldron","AT_ShrugMaster","Chaos","Paper Frog"],"campfire_rested":1,"item_purchase_floors":[2,21,21,36,36,45,53,53,53],"current_hp_per_floor":[78,78,84,94,94,94,94,94,94,98,98,102,102,97,106,89,105,114,114,118,118,118,118,118,118,118,118,111,111,111,121,122,122,117,117,117,108,79,79,55,55,64,64,64,64,64,69,69,114,120,121,121,121,125,125],"gold":352,"neow_bonus":"THREE_ENEMY_KILL","is_daily":false,"chose_seed":false,"campfire_upgraded":7,"win_rate":0.0,"timestamp":1611227830,"path_taken":["M","$","?","?","M","R","E","M","T","M","R","M","M","E","R","BOSS","M","?","M","$","M","R","E","R","T","M","E","?","?","M","R","BOSS","M","$","M","?","?","E","?","R","T","?","?","?","?","E","R","BOSS","R","$","E","BOSS"],"items_purchased_type":["Card","Relic","Card","Relic","Relic","Relic","Card","Card","Relic"],"build_version":"2020-12-22","purchased_purges":2,"victory":true,"max_hp_per_floor":[80,80,84,94,94,94,94,94,94,98,98,102,102,106,106,110,110,114,114,118,118,118,118,118,118,118,118,118,118,118,122,122,122,117,117,117,117,117,117,117,117,117,117,117,117,117,121,121,121,121,121,121,121,125,125],"card_choices":[{"not_picked":[],"picked":"EpicFetus","floor":0.0},{"not_picked":["Dropkick","Rupture","Perfected Strike"],"picked":"SKIP","floor":1.0},{"not_picked":["Dual Wield","Armaments","Body Slam"],"picked":"SKIP","floor":5.0},{"not_picked":["Rage","Disarm","Defy Death"],"picked":"SKIP","floor":7.0},{"not_picked":["Perfected Strike","Headbutt","Fiend Fire"],"picked":"SKIP","floor":8.0},{"not_picked":["Wild Strike","Clothesline"],"picked":"Pommel Strike","floor":10.0},{"not_picked":["Hemokinesis","Body Slam","Clothesline"],"picked":"SKIP","floor":12.0},{"not_picked":["Ghostly Armor","Pommel Strike"],"picked":"Battle Trance","floor":13.0},{"not_picked":["Seeing Red","ReplayTheSpireMod:Strike From Hell"],"picked":"Limit Break","floor":14.0},{"not_picked":["Bludgeon","Hemogenesis"],"picked":"Demonic Infusion","floor":16.0},{"not_picked":["Headbutt","Body Slam"],"picked":"Shrug It Off","floor":18.0},{"not_picked":["Combust","Disarm","Armaments"],"picked":"SKIP","floor":20.0},{"not_picked":["True Grit","Headbutt"],"picked":"Flex","floor":22.0},{"not_picked":["Shockwave","Eclipse","Evolve"],"picked":"SKIP","floor":24.0},{"not_picked":["ReplayTheSpireMod:Stacked","Twin Strike","Headbutt"],"picked":"SKIP","floor":27.0},{"not_picked":["Burning Pact+1","Run Through","AT_IchimonjiDouble"],"picked":"SKIP","floor":28.0},{"not_picked":["Inflame","ReplayTheSpireMod:Stacked+1","ReplayTheSpireMod:Strike From Hell+1"],"picked":"SKIP","floor":31.0},{"not_picked":["Offering","Demonic Infusion"],"picked":"Reaper","floor":33.0},{"not_picked":["AT_CaressingTears","AT_BodySlamDance+1","Clash+1"],"picked":"SKIP","floor":35.0},{"not_picked":["Shrug It Off","Power Through"],"picked":"Headbutt+1","floor":37.0},{"not_picked":["Infernal Blade+1","Clothesline+1","Replay:Undeath\u0027s Touch+1"],"picked":"SKIP","floor":40.0},{"not_picked":["Body Slam+1","Flex+1","True Grit+1"],"picked":"SKIP","floor":48.0},{"not_picked":["Corruption","Evolve+1"],"picked":"Heavy Blade+1","floor":54.0}],"player_experience":298265,"relics_obtained":[{"floor":3.0,"key":"Eternal Feather"},{"floor":3.0,"key":"Tiny Chest"},{"floor":7.0,"key":"Bag of Marbles"},{"floor":9.0,"key":"Bottled Flame"},{"floor":14.0,"key":"aspiration:HiddenCompartment"},{"floor":24.0,"key":"Whetstone"},{"floor":28.0,"key":"HowToJump"},{"floor":30.0,"key":"GnawedLeaf"},{"floor":39.0,"key":"Red Skull"},{"floor":40.0,"key":"Potion Belt"},{"floor":43.0,"key":"AT_BladeRuinedKing"},{"floor":44.0,"key":"Mirror"},{"floor":47.0,"key":"D6"},{"floor":48.0,"key":"GodSword6"},{"floor":54.0,"key":"Philosopher\u0027s Stone"}],"event_choices":[{"damage_healed":0.0,"max_hp_gain":0.0,"max_hp_loss":0.0,"gold_gain":0.0,"event_name":"HidenRoomEvent","player_choice":"Fight","floor":3.0,"gold_loss":0.0,"damage_taken":0.0},{"cards_removed":["EpicFetus"],"damage_healed":0.0,"max_hp_gain":10.0,"max_hp_loss":0.0,"gold_gain":0.0,"event_name":"Bonfire Elementals","player_choice":"Offered Rare","floor":4.0,"gold_loss":0.0,"damage_taken":0.0},{"damage_healed":0.0,"max_hp_gain":0.0,"max_hp_loss":0.0,"gold_gain":99.0,"event_name":"Nest","player_choice":"Stole From Cult","floor":29.0,"gold_loss":0.0,"damage_taken":0.0},{"damage_healed":0.0,"max_hp_gain":0.0,"max_hp_loss":0.0,"gold_gain":0.0,"event_name":"SensoryStone","player_choice":"Memory 1","floor":46.0,"gold_loss":0.0,"damage_taken":0.0},{"damage_healed":0.0,"max_hp_gain":0.0,"max_hp_loss":0.0,"gold_gain":0.0,"event_name":"MindBloom","player_choice":"Fight","floor":47.0,"gold_loss":0.0,"damage_taken":0.0}],"is_beta":false,"boss_relics":[{"not_picked":["vexMod:CursedCompass","Coffee Dripper"],"picked":"SoulBox"},{"not_picked":[]},{"not_picked":["Replay:Ancient Bell","aspiration:SilentSkillbook"],"picked":"Replay:Wanted Poster"},{"not_picked":[]}],"items_purged_floors":[21,34],"is_endless":false,"potions_floor_spawned":[3,5,7,8,10,22,24,27,35,37],"ascension_level":9}}