{"host":"v54ek091sdz7ha6h","time":1611272093,"event":{"mods":["BaseMod","Better Vampires","Colored Map","Colored Powertips","Custom Start","DeckTracker","Friendly Minions","Highlight Path","KOR Keyword Fix","Minty Spire (QoL Compilation)","Rare Cards Sparkle","Relic Stats","StSLib","SuperFastMode","The Dragon Tamer","everything is the same but u backflip on backflip"],"gold_per_floor":[109,128,128,53,68,93,112,122,122,150,165,175,191,191,191,286,286,302,302,315,326,343,343,376,402,414,28,45,65,78,78,78,181,181,199,199,214,224,239,274,286,286,286,286,305,305,32,32,32,32,32,32,32,63,63],"floor_reached":56,"language":"KOR","playtime":2683,"items_purged":["DTMod:TargetDefense","DTMod:Feint"],"score":1519,"play_id":"80cb0f08-3075-46ed-ad58-850a833dedfd","local_time":"20210122083453","is_ascension_mode":false,"metric_token":1055,"campfire_choices":[{"data":"DTMod:ShadowImage","floor":15.0,"key":"SMITH"},{"data":"DTMod:RepeatStrike","floor":23.0,"key":"SMITH"},{"floor":32.0,"key":"REST"},{"floor":42.0,"key":"RECALL"},{"data":"DTMod:Haste","floor":46.0,"key":"SMITH"},{"data":"DTMod:CleansingStrike","floor":49.0,"key":"SMITH"},{"data":"DTMod:Astonish","floor":52,"key":"SMITH"}],"dtmod_dragon_data":[48,50,1,3,8,2],"circlet_count":0,"master_deck":["DTMod:DoubleHit+1","DTMod:SwitchingTactic","DTMod:MagiciansMark","DTMod:ComboAttack","DTMod:Coolant","DTMod:ShadowImage+1","DTMod:Astonish+1","DTMod:RepeatStrike+1","DTMod:RepeatStrike","DTMod:FierySynthesis","DTMod:Inferno","DTMod:HeatWave","DTMod:CleansingStrike+1","DTMod:Threaten+1","DTMod:Adaptation+1","DTMod:Dissolve+1","DTMod:Training","DTMod:MasterPlan","DTMod:DragonDance+1","DTMod:ShadowImage+1","DTMod:TriAttack","Parasite","DTMod:Haste+1","DTMod:Threaten","DTMod:Outburst+1","DTMod:QuickFly+1","DTMod:Threaten+1","DTMod:OpeningTactic","DTMod:GhostSkin+1"],"relics":["DTMod:PactStone","Pen Nib","Letter Opener","Bottled Flame","Pandora\u0027s Box","MawBank","Nunchaku","Vajra","Gremlin Horn","Coffee Dripper","Toxic Egg 2","HornCleat","Lantern"],"acts_visited":["Exordium","TheCity","TheBeyond","TheEnding"],"potions_floor_usage":[],"damage_taken":[{"damage":0.0,"enemies":"2 Louse","floor":1.0,"turns":2.0},{"damage":0.0,"enemies":"Cultist","floor":2.0,"turns":2.0},{"damage":0.0,"enemies":"Small Slimes","floor":5.0,"turns":3.0},{"damage":0.0,"enemies":"Gremlin Nob","floor":6.0,"turns":3.0},{"damage":0.0,"enemies":"3 Louse","floor":7.0,"turns":3.0},{"damage":0.0,"enemies":"Lots of Slimes","floor":8.0,"turns":4.0},{"damage":17.0,"enemies":"3 Sentries","floor":10.0,"turns":6.0},{"damage":0.0,"enemies":"Gremlin Gang","floor":11.0,"turns":3.0},{"damage":4.0,"enemies":"3 Louse","floor":12.0,"turns":3.0},{"damage":0.0,"enemies":"Exordium Thugs","floor":13.0,"turns":5.0},{"damage":0.0,"enemies":"Hexaghost","floor":16.0,"turns":9.0},{"damage":0.0,"enemies":"Chosen","floor":18.0,"turns":3.0},{"damage":0.0,"enemies":"Spheric Guardian","floor":20.0,"turns":2.0},{"damage":0.0,"enemies":"3 Cultists","floor":21.0,"turns":3.0},{"damage":0.0,"enemies":"Shelled Parasite and Fungi","floor":22.0,"turns":4.0},{"damage":0.0,"enemies":"Gremlin Leader","floor":24.0,"turns":4.0},{"damage":0.0,"enemies":"Snake Plant","floor":25.0,"turns":2.0},{"damage":0.0,"enemies":"Cultist and Chosen","floor":28.0,"turns":4.0},{"damage":0.0,"enemies":"Centurion and Healer","floor":29.0,"turns":3.0},{"damage":0.0,"enemies":"Snake Plant","floor":30.0,"turns":2.0},{"damage":0.0,"enemies":"Collector","floor":33.0,"turns":7.0},{"damage":0.0,"enemies":"3 Darklings","floor":35.0,"turns":3.0},{"damage":0.0,"enemies":"Orb Walker","floor":37.0,"turns":3.0},{"damage":0.0,"enemies":"Writhing Mass","floor":38.0,"turns":4.0},{"damage":0.0,"enemies":"Jaw Worm Horde","floor":39.0,"turns":2.0},{"damage":0.0,"enemies":"Reptomancer","floor":40.0,"turns":3.0},{"damage":0.0,"enemies":"3 Darklings","floor":41.0,"turns":4.0},{"damage":0.0,"enemies":"Writhing Mass","floor":45.0,"turns":5.0},{"damage":0,"enemies":"Time Eater","floor":50,"turns":10},{"damage":0,"enemies":"Shield and Spear","floor":54,"turns":4},{"damage":37,"enemies":"The Heart","floor":55,"turns":8}],"seed_played":"4745680606144950168","potions_obtained":[{"floor":5.0,"key":"Energy Potion"},{"floor":6.0,"key":"Energy Potion"},{"floor":8.0,"key":"BlessingOfTheForge"},{"floor":10.0,"key":"Swift Potion"},{"floor":13.0,"key":"Dexterity Potion"},{"floor":18.0,"key":"LiquidMemories"},{"floor":24.0,"key":"EntropicBrew"},{"floor":28.0,"key":"PowerPotion"},{"floor":29.0,"key":"Dexterity Potion"},{"floor":30.0,"key":"Weak Potion"},{"floor":35.0,"key":"Fire Potion"},{"floor":37.0,"key":"FearPotion"}],"is_trial":false,"path_per_floor":["M","M","?","$","M","E","M","M","T","E","M","M","M","?","R","B",null,"M","?","M","M","M","R","E","M","T","$","M","M","M","?","R","B",null,"M","?","M","M","M","E","M","R","T","?","M","R","$","T","R","B",null,"R","$","E","B",null],"character_chosen":"THE_DT","items_purchased":["Vajra","Gremlin Horn","DTMod:Threaten+1","DTMod:OpeningTactic"],"campfire_rested":1,"item_purchase_floors":[27,27,47,47],"current_hp_per_floor":[45,45,45,45,45,45,45,45,45,28,28,24,24,29,29,29,50,50,50,50,50,50,50,50,50,50,50,50,50,50,50,50,50,50,50,50,50,50,50,50,50,50,50,50,50,50,50,50,50,50,50,50,50,50,13],"gold":63,"neow_bonus":"UPGRADE_CARD","is_daily":false,"chose_seed":false,"campfire_upgraded":5,"win_rate":0.0,"timestamp":1611272093,"path_taken":["M","M","?","$","?","E","M","M","T","E","?","M","M","?","R","BOSS","M","?","M","M","M","R","E","M","T","$","?","M","?","?","R","BOSS","M","?","?","M","M","E","M","R","T","?","M","R","$","?","R","BOSS","R","$","E","BOSS"],"items_purchased_type":["Relic","Relic","Card","Card"],"build_version":"2020-12-22","purchased_purges":2,"victory":true,"max_hp_per_floor":[45,45,45,45,45,45,45,45,45,45,45,45,45,50,50,50,50,50,50,50,50,50,50,50,50,50,50,50,50,50,50,50,50,50,50,50,50,50,50,50,50,50,50,50,50,50,50,50,50,50,50,50,50,50,50],"relic_stats":{"Nunchaku":[17],"Gremlin Horn":[13,13],"counters":[31,123],"Pandora\u0027s Box":["DTMod:Feint","DTMod:RepeatStrike","DTMod:FierySynthesis","DTMod:Inferno","DTMod:HeatWave","DTMod:CleansingStrike"],"Pen Nib":[28],"Letter Opener":[50],"MawBank":36,"obtain_stats":[{"Lantern":54,"Gremlin Horn":27,"Vajra":27,"Pen Nib":6,"Letter Opener":9,"MawBank":24,"Bottled Flame":10,"Nunchaku":26,"HornCleat":48,"DTMod:PactStone":0,"Pandora\u0027s Box":17,"Coffee Dripper":34,"Toxic Egg 2":40},{"Lantern":30,"Gremlin Horn":17,"Vajra":17,"Pen Nib":4,"Letter Opener":6,"MawBank":16,"Bottled Flame":7,"Nunchaku":17,"HornCleat":28,"DTMod:PactStone":0,"Pandora\u0027s Box":11,"Coffee Dripper":21,"Toxic Egg 2":26},{"Lantern":115,"Gremlin Horn":61,"Vajra":61,"Pen Nib":10,"Letter Opener":17,"MawBank":59,"Bottled Flame":23,"Nunchaku":61,"HornCleat":101,"DTMod:PactStone":0,"Pandora\u0027s Box":43,"Coffee Dripper":77,"Toxic Egg 2":92}]},"card_choices":[{"not_picked":["DTMod:MasterPlan","DTMod:Shift"],"picked":"DTMod:MagiciansMark","floor":1.0},{"not_picked":["DTMod:InvisibleFlame","DTMod:Punisher"],"picked":"DTMod:ComboAttack","floor":2.0},{"not_picked":["DTMod:BizarreTactic","DTMod:HeatWave","DTMod:Weaken"],"picked":"SKIP","floor":5.0},{"not_picked":["DTMod:BlazingStrike","DTMod:Punisher"],"picked":"DTMod:Coolant","floor":6.0},{"not_picked":["DTMod:CalculatedDefense","DTMod:Coolant","DTMod:Weaken"],"picked":"SKIP","floor":7.0},{"not_picked":["DTMod:BlazingStrike","DTMod:Dissolve"],"picked":"DTMod:ShadowImage","floor":8.0},{"not_picked":["DTMod:DarkBreath","DTMod:LastStand","DTMod:DragonDance"],"picked":"SKIP","floor":10.0},{"not_picked":["DTMod:BurningEnergy","DTMod:Overwhelm"],"picked":"DTMod:Feint","floor":11.0},{"not_picked":["DTMod:StarRain","DTMod:CleansingStrike","DTMod:Punisher"],"picked":"SKIP","floor":12.0},{"not_picked":["DTMod:BreakAttack","DTMod:FlameSlash"],"picked":"DTMod:Astonish","floor":13.0},{"not_picked":["DTMod:TriAttack","DTMod:OpeningTactic"],"picked":"DTMod:RepeatStrike","floor":16.0},{"not_picked":["DTMod:RecklessFlurry","DTMod:FlameSlash"],"picked":"DTMod:Threaten+1","floor":18.0},{"not_picked":["DTMod:Weaken+1","DTMod:Overwhelm+1","DTMod:Observe+1"],"picked":"SKIP","floor":20.0},{"not_picked":["DTMod:Haste","DTMod:BurningEnergy+1","DTMod:BalancedStrike+1"],"picked":"SKIP","floor":21.0},{"not_picked":["DTMod:HeatWave+1","DTMod:TauntingStrike+1"],"picked":"DTMod:Adaptation+1","floor":22.0},{"not_picked":["DTMod:Astonish+1","DTMod:FlameSlash"],"picked":"DTMod:Dissolve+1","floor":24.0},{"not_picked":["DTMod:Threaten","DTMod:Feint"],"picked":"DTMod:Training","floor":25.0},{"not_picked":["DTMod:Astonish","DTMod:RunningTactic"],"picked":"DTMod:MasterPlan","floor":28.0},{"not_picked":["DTMod:MagicField+1","DTMod:MaximumCharge"],"picked":"DTMod:DragonDance+1","floor":29.0},{"not_picked":["DTMod:Cover+1","DTMod:BizarreTactic","DTMod:BreakAttack+1"],"picked":"SKIP","floor":30.0},{"not_picked":["DTMod:Prediction","DTMod:Inferno"],"picked":"DTMod:TriAttack","floor":33.0},{"not_picked":["DTMod:BizarreTactic+1","DTMod:Hide+1","DTMod:BlazingStrike"],"picked":"SKIP","floor":35.0},{"not_picked":["DTMod:DeepFocus","DTMod:BizarreTactic+1","DTMod:Feint"],"picked":"SKIP","floor":37.0},{"not_picked":["DTMod:FlameSlash+1","DTMod:StarRain"],"picked":"DTMod:Haste","floor":38.0},{"not_picked":["DTMod:BuildUp+1","DTMod:RecklessFlurry+1"],"picked":"DTMod:Threaten","floor":39.0},{"not_picked":["DTMod:CalculatedDefense","DTMod:Threaten+1"],"picked":"DTMod:Outburst+1","floor":40.0},{"not_picked":["DTMod:BreakAttack","DTMod:FlameSlash","DTMod:BizarreTactic+1"],"picked":"SKIP","floor":41.0},{"not_picked":["DTMod:RecklessFlurry+1","DTMod:Hide+1"],"picked":"DTMod:QuickFly+1","floor":45.0},{"not_picked":["DTMod:DragonDance+1","DTMod:BizarreTactic+1"],"picked":"DTMod:GhostSkin+1","floor":54}],"player_experience":1457421,"relics_obtained":[{"floor":6.0,"key":"Pen Nib"},{"floor":9.0,"key":"Letter Opener"},{"floor":10.0,"key":"Bottled Flame"},{"floor":24.0,"key":"MawBank"},{"floor":26.0,"key":"Nunchaku"},{"floor":40.0,"key":"Toxic Egg 2"},{"floor":48.0,"key":"HornCleat"},{"floor":54,"key":"Lantern"}],"event_choices":[{"cards_removed":["DTMod:Strike"],"damage_healed":0.0,"max_hp_gain":0.0,"max_hp_loss":0.0,"gold_gain":0.0,"event_name":"Purifier","player_choice":"Purged","floor":3.0,"gold_loss":0.0,"damage_taken":0.0},{"damage_healed":0.0,"max_hp_gain":5.0,"max_hp_loss":0.0,"gold_gain":0.0,"event_name":"Big Fish","player_choice":"Donut","floor":14.0,"gold_loss":0.0,"damage_taken":0.0},{"damage_healed":0.0,"max_hp_gain":0.0,"max_hp_loss":0.0,"gold_gain":0.0,"event_name":"N\u0027loth","player_choice":"Ignored","floor":19.0,"gold_loss":0.0,"damage_taken":0.0},{"damage_healed":0.0,"max_hp_gain":0.0,"max_hp_loss":0.0,"gold_gain":0.0,"event_name":"Duplicator","player_choice":"Copied","floor":31.0,"gold_loss":0.0,"damage_taken":0.0,"cards_obtained":["DTMod:ShadowImage"]},{"cards_removed":["DTMod:Feint"],"damage_healed":0.0,"max_hp_gain":0.0,"max_hp_loss":0.0,"gold_gain":0.0,"event_name":"Purifier","player_choice":"Purged","floor":36.0,"gold_loss":0.0,"damage_taken":0.0},{"damage_healed":0.0,"max_hp_gain":0.0,"max_hp_loss":0.0,"gold_gain":0.0,"event_name":"SecretPortal","player_choice":"Ignored","floor":44.0,"gold_loss":0.0,"damage_taken":0.0}],"is_beta":false,"boss_relics":[{"not_picked":["Busted Crown","Velvet Choker"],"picked":"Pandora\u0027s Box"},{"not_picked":["Empty Cage","Sozu"],"picked":"Coffee Dripper"}],"items_purged_floors":[4,47],"is_endless":false,"potions_floor_spawned":[5,6,8,10,13,18,24,28,29,30,35,37],"ascension_level":0}}