{"host":"ooe12lh8pgcirntb","time":1611214409,"event":{"mods":["AchievementEnabler","Act Like it!","Bard","BaseMod","Beaked The Cultist","ChefMod","Colored Map","Colored Powertips","Downfall","Gremlin Mod","Hallownest","Hermit","Infinite Spire","Jorbs\u0027s Wanderer Trilogy","Minty Spire (QoL Compilation)","Robot Space Explorer","StSLib","The Animator","The Blackbeard","The Bug Knight","The Construct","The Cursed","The Disciple","The Hayseed","The Hierophant","The Problem Sleuth","TheVacant"],"gold_per_floor":[99,110,127,137,85,85,85,101,1,27,48,68,68,24,52,156,156,156,179,25,42,42,68,142,161,61,89,117,117,117,132,143,239,239,239,256,283,304,331,331,379,390,390,402,402,402,402,414,438,438,438,438],"floor_reached":50,"language":"ENG","playtime":13593,"items_purged":[],"score":566,"play_id":"21692267-6897-451b-a883-d85b799743ab","local_time":"20210121023329","is_ascension_mode":false,"campfire_choices":[{"data":"hexamod:Float","floor":1,"key":"SMITH"},{"data":"hexamod:SpectersWail","floor":6,"key":"SMITH"},{"data":"hexamod:SwordOfDarkness","floor":9,"key":"SMITH"},{"floor":13,"key":"REST"},{"floor":18,"key":"RECALL"},{"floor":26,"key":"REST"},{"floor":29,"key":"REST"},{"data":"hexamod:ParanormalForm","floor":35,"key":"SMITH"},{"floor":40,"key":"REST"},{"floor":46,"key":"REST"}],"circlet_count":0,"master_deck":["hexamod:Strike+1","hexamod:Strike","hexamod:Strike","hexamod:Strike","hexamod:Defend","hexamod:Defend+1","hexamod:Defend+1","hexamod:Defend+1","hexamod:Sear","hexamod:Float+1","hexamod:Firestarter+1","hexamod:SpectersWail+1","hexamod:SwordOfDarkness+1","hexamod:ShieldOfDarkness+1","hexamod:EmpoweredFlame","hexamod:SecondSeal","hexamod:ThirdSeal","hexamod:FirstSeal","hexamod:RadiantFlame","hexamod:NightmareStrike+1","hexamod:DynamicBlow+1","hexamod:StepThrough+1","hexamod:FifthSeal","hexamod:SixthSeal","hexamod:Firestarter","hexamod:HauntingEcho+1","hexamod:SixthSeal","hexamod:FlamesFromBeyond+1","hexamod:SpectersWail+1","hexamod:SkipABeat","hexamod:BurningTouch","hexamod:ParanormalForm+1","hexamod:SpectersWail+1","hexamod:EtherealExpedition","hexamod:FlamesFromBeyond+1","hexamod:Incineration+1","hexamod:RecurringNightmare+1","hexamod:EmpoweredFlame+1","hexamod:FourthSeal","hexamod:WildfireWeapon","CurseOfTheBell","hexamod:ExtraCrispy+1","hexamod:ShieldOfDarkness+1","hexamod:FirstSeal","hexamod:ShieldOfDarkness+1","hexamod:FlamesFromBeyond+1","hexamod:SoulSteal+1","hexamod:DynamicBlow+1"],"relics":["hexamod:SpiritBrand","downfall:HeartBlessingBlue","hexamod:IceCube","Vajra","expansioncontent:StudyCardRelic","Frozen Eye","Guardian:PocketSentry","infinitespire:EmpoweringShard","downfall:HeartBlessingRed","Calling Bell","HollowMod:PaleOreRelic","Pear","construct:RocketBooster","Pen Nib","infinitespire:FocusingShard","theSleuth:Tectrixcalibur"],"acts_visited":["Exordium","TheCity","TheBeyond"],"potions_floor_usage":[14,16,25,33,33,39,48,49,50],"damage_taken":[{"damage":1,"enemies":"Cultist","floor":2,"turns":3},{"damage":0,"enemies":"2 Louse","floor":3,"turns":2},{"damage":1,"enemies":"Jaw Worm","floor":4,"turns":3},{"damage":0,"enemies":"downfall:FleeingMerchant","floor":5,"turns":4},{"damage":0,"enemies":"Large Slime","floor":8,"turns":5},{"damage":36,"enemies":"Gremlin Gang","floor":10,"turns":5},{"damage":19,"enemies":"Blue Slaver","floor":11,"turns":4},{"damage":0,"enemies":"Lots of Slimes","floor":12,"turns":3},{"damage":15,"enemies":"downfall:FleeingMerchant","floor":14,"turns":4},{"damage":22,"enemies":"Gremlin Gang","floor":15,"turns":4},{"damage":62,"enemies":"WA_ARCHETYPE_RETAIN","floor":16,"turns":11},{"damage":11,"enemies":"Chosen","floor":19,"turns":5},{"damage":20,"enemies":"downfall:FleeingMerchant","floor":20,"turns":4},{"damage":17,"enemies":"Snake Plant","floor":21,"turns":4},{"damage":41,"enemies":"Book of Stabbing","floor":23,"turns":5},{"damage":22,"enemies":"Shelled Parasite and Fungi","floor":25,"turns":3},{"damage":5,"enemies":"Chosen and Byrds","floor":27,"turns":4},{"damage":0,"enemies":"3 Cultists","floor":28,"turns":3},{"damage":7,"enemies":"Snake Plant","floor":31,"turns":2},{"damage":12,"enemies":"Snecko","floor":32,"turns":4},{"damage":35,"enemies":"DF_ARCHETYPE_CLAW","floor":33,"turns":6},{"damage":6,"enemies":"Orb Walker","floor":36,"turns":3},{"damage":43,"enemies":"3 Shapes","floor":37,"turns":5},{"damage":20,"enemies":"Jaw Worm Horde","floor":38,"turns":5},{"damage":32,"enemies":"3 Darklings","floor":39,"turns":4},{"damage":9,"enemies":"Transient","floor":42,"turns":5},{"damage":19,"enemies":"Jaw Worm Horde","floor":44,"turns":4},{"damage":31,"enemies":"Writhing Mass","floor":48,"turns":4},{"damage":0,"enemies":"Maw","floor":49,"turns":4},{"damage":41,"enemies":"SI_POISON_ARCHETYPE","floor":50,"turns":3}],"seed_played":"-3009796535118128329","potions_obtained":[{"floor":3,"key":"FairyPotion"},{"floor":4,"key":"Block Potion"},{"floor":10,"key":"hexamod:DoubleChargePotion"},{"floor":12,"key":"Fruit Juice"},{"floor":16,"key":"bronze:BurnAndBuffPotion"},{"floor":19,"key":"Ancient Potion"},{"floor":23,"key":"champ:CounterPotion"},{"floor":25,"key":"GamblersBrew"},{"floor":37,"key":"ColorlessPotion"},{"floor":39,"key":"GamblersBrew"},{"floor":42,"key":"FearPotion"},{"floor":42,"key":"Fire Potion"},{"floor":49,"key":"PowerPotion"}],"is_trial":false,"path_per_floor":["R","M","M","M","$","R","T","M","R","M","M","M","R","$","M","B",null,"R","M","$","M","AVR","E","T","M","R","M","M","R","?","M","M","B",null,"R","M","M","M","M","R","T","M","T","M","?","R","?","M","M","B"],"character_chosen":"THE_SPIRIT","items_purchased":["hexamod:EmpoweredFlame","hexamod:DynamicBlow","Vajra"],"campfire_rested":5,"item_purchase_floors":[5,14,20],"current_hp_per_floor":[77,76,76,75,75,75,75,75,85,49,30,30,56,53,38,37,92,92,81,68,51,51,17,17,20,47,42,42,69,92,92,87,52,102,102,96,60,47,15,45,45,50,50,31,31,61,61,30,30,0,0,0],"gold":438,"neow_bonus":"TEN_PERCENT_HP_BONUS","is_daily":false,"chose_seed":false,"campfire_upgraded":4,"win_rate":0.0,"timestamp":1611214409,"path_taken":["R","M","M","M","$","R","T","M","R","?","M","M","R","$","M","BOSS","R","M","$","M","AVR","E","T","M","R","M","M","R","?","?","M","BOSS","R","M","M","?","M","R","T","M","?","M","?","R","?","M","M","BOSS"],"items_purchased_type":["Card","Card","Relic"],"build_version":"2020-12-22","purchased_purges":0,"victory":false,"max_hp_per_floor":[77,77,77,77,77,77,77,77,87,87,87,87,87,92,92,92,92,92,92,92,92,92,92,92,92,92,92,92,92,92,92,92,92,102,102,102,102,102,102,102,102,102,102,102,102,102,102,102,102,102,102,102],"card_choices":[{"not_picked":["hexamod:GhostShield","hexamod:RadiantFlame"],"picked":"hexamod:Firestarter","floor":2},{"not_picked":["hexamod:GhostShield","hexamod:NecessarySacrifice"],"picked":"hexamod:SpectersWail","floor":3},{"not_picked":["hexamod:BurningTouch","hexamod:AdvancingGuard"],"picked":"hexamod:SwordOfDarkness","floor":4},{"not_picked":["hexamod:PowerFromBeyond","hexamod:FastForward"],"picked":"hexamod:ShieldOfDarkness","floor":5},{"not_picked":["hexamod:SwordOfDarkness","hexamod:GhostShield"],"picked":"hexamod:SecondSeal","floor":8},{"not_picked":["hexamod:SwordOfDarkness","hexamod:AdvancingGuard","hexamod:ThermalTransfer"],"picked":"SKIP","floor":10},{"not_picked":["hexamod:TimeWarp","hexamod:PhantomFireball"],"picked":"hexamod:ThirdSeal","floor":11},{"not_picked":["hexamod:SecondSeal","hexamod:BurningTouch"],"picked":"hexamod:FirstSeal","floor":12},{"not_picked":["hexamod:GhostOfSpirePast","hexamod:AdvancingGuard"],"picked":"hexamod:RadiantFlame","floor":14},{"not_picked":["hexamod:RadiantFlame","hexamod:GhostLash"],"picked":"hexamod:NightmareStrike","floor":14},{"not_picked":["hexamod:FastForward","hexamod:AdvancingGuard"],"picked":"hexamod:StepThrough","floor":15},{"not_picked":["hexamod:GhostOfSpireFuture","hexamod:Hexaguard","hexamod:RadiantFlame"],"picked":"SKIP","floor":15},{"not_picked":["hexamod:UnleashSpirits","hexamod:TurnItUp"],"picked":"hexamod:FifthSeal","floor":16},{"not_picked":["hexamod:UnlimitedPower","hexamod:GiftsFromTheDead"],"picked":"hexamod:SixthSeal","floor":16},{"not_picked":["hexamod:SuperheatedStrike","hexamod:CatchUp"],"picked":"hexamod:Firestarter","floor":19},{"not_picked":["hexamod:NightmareStrike","hexamod:Hexaguard"],"picked":"hexamod:HauntingEcho","floor":19},{"not_picked":["hexamod:SecondSeal","hexamod:ThirdSeal"],"picked":"hexamod:SixthSeal","floor":20},{"not_picked":["hexamod:FastForward","hexamod:HeatShield"],"picked":"hexamod:FlamesFromBeyond","floor":20},{"not_picked":["hexamod:HauntingEcho","hexamod:NightmareGuise+1"],"picked":"hexamod:SpectersWail","floor":20},{"not_picked":["hexamod:NightmareGuise","hexamod:SuperheatedStrike"],"picked":"hexamod:SkipABeat","floor":21},{"not_picked":["hexamod:FastForward","hexamod:Hexaguard"],"picked":"hexamod:BurningTouch","floor":21},{"not_picked":["hexamod:AdvancingGuard","hexamod:FlamesFromBeyond+1"],"picked":"hexamod:ParanormalForm","floor":23},{"not_picked":["hexamod:SwordOfDarkness","hexamod:HauntingEcho"],"picked":"hexamod:SpectersWail+1","floor":25},{"not_picked":["hexamod:NightmareGuise","hexamod:InspiringFlames"],"picked":"hexamod:EtherealExpedition","floor":25},{"not_picked":["hexamod:BacktrackSmack+1","hexamod:FastForward+1"],"picked":"hexamod:FlamesFromBeyond+1","floor":27},{"not_picked":["hexamod:SuperheatedStrike","hexamod:RetreatToShadows"],"picked":"hexamod:Incineration+1","floor":27},{"not_picked":["hexamod:BacktrackSmack","hexamod:SwordOfDarkness+1"],"picked":"hexamod:RecurringNightmare","floor":28},{"not_picked":["hexamod:NightmareStrike+1","hexamod:HauntingEcho"],"picked":"hexamod:EmpoweredFlame+1","floor":31},{"not_picked":["hexamod:SixthSeal","hexamod:ThirdSeal"],"picked":"hexamod:FourthSeal","floor":32},{"not_picked":["hexamod:SpectralSpark","hexamod:HauntingEcho","hexamod:EtherealExpedition"],"picked":"SKIP","floor":32},{"not_picked":["hexamod:UnleashSpirits","hexamod:ForkedFlame"],"picked":"hexamod:WildfireWeapon","floor":33},{"not_picked":["hexamod:FirstSeal","hexamod:SecondSeal","hexamod:FourthSeal"],"picked":"SKIP","floor":36},{"not_picked":["hexamod:NightmareGuise","hexamod:GhostOfSpireFuture+1","hexamod:EmpoweredFlame+1"],"picked":"SKIP","floor":36},{"not_picked":["hexamod:SkipABeat+1","hexamod:Incineration+1"],"picked":"hexamod:ExtraCrispy+1","floor":37},{"not_picked":["hexamod:SecondSeal","hexamod:SixthSeal","hexamod:ThirdSeal"],"picked":"SKIP","floor":37},{"not_picked":["hexamod:HauntingEcho+1","hexamod:SpectralSpark+1","hexamod:NightmareGuise+1"],"picked":"SKIP","floor":37},{"not_picked":["hexamod:GhostShield","hexamod:RadiantFlame"],"picked":"hexamod:ShieldOfDarkness+1","floor":38},{"not_picked":["hexamod:SixthSeal","hexamod:ThirdSeal"],"picked":"hexamod:FirstSeal","floor":38},{"not_picked":["hexamod:FastForward","hexamod:BacktrackSmack+1","hexamod:ShieldOfDarkness+1"],"picked":"SKIP","floor":38},{"not_picked":["hexamod:Rewind+1","hexamod:DynamicBlow","hexamod:NightmareStrike+1"],"picked":"SKIP","floor":39},{"not_picked":["hexamod:Rewind+1","hexamod:DynamicBlow","hexamod:NightmareStrike+1"],"picked":"SKIP","floor":39},{"not_picked":["hexamod:Hexaguard","hexamod:Incineration"],"picked":"hexamod:ShieldOfDarkness+1","floor":42},{"not_picked":["hexamod:BurningTouch","hexamod:HeatCrush"],"picked":"hexamod:FlamesFromBeyond+1","floor":44},{"not_picked":["hexamod:HeatShield","hexamod:PhantomFireball"],"picked":"hexamod:SoulSteal+1","floor":48},{"not_picked":["hexamod:Firestarter+1","hexamod:FlamesFromBeyond"],"picked":"hexamod:DynamicBlow+1","floor":49},{"not_picked":["hexamod:FourthSeal","hexamod:SixthSeal","hexamod:SecondSeal"],"picked":"SKIP","floor":49}],"player_experience":714642,"relics_obtained":[{"floor":23,"key":"Guardian:PocketSentry"},{"floor":24,"key":"infinitespire:EmpoweringShard"},{"floor":34,"key":"HollowMod:PaleOreRelic"},{"floor":34,"key":"Pear"},{"floor":34,"key":"construct:RocketBooster"},{"floor":41,"key":"Pen Nib"},{"floor":43,"key":"infinitespire:FocusingShard"}],"event_choices":[{"damage_healed":23,"gold_gain":0,"player_choice":"Full Heal","damage_taken":0,"max_hp_gain":0,"max_hp_loss":0,"event_name":"Wheel of Change","floor":30,"gold_loss":0},{"damage_healed":0,"gold_gain":0,"player_choice":"Got Potions","damage_taken":0,"max_hp_gain":0,"max_hp_loss":0,"event_name":"Lab","floor":47,"gold_loss":0}],"is_beta":false,"boss_relics":[{"not_picked":["Cursed Key","beaked:SacredDeck"],"picked":"hexamod:IceCube"},{"not_picked":["SlaversCollar","Empty Cage"],"picked":"Calling Bell"}],"items_purged_floors":[],"is_endless":false,"potions_floor_spawned":[3,4,10,12,16,19,23,25,37,39,42,49],"killed_by":"SI_POISON_ARCHETYPE","ascension_level":0}}