{"host":"2zw05eexjythz74b","time":1611191443,"event":{"mods":["AchievementEnabler","BaseMod","Better Altar","Colored Map","Minty Spire (QoL Compilation)","StSLib","everything is the same but u backflip on backflip"],"gold_per_floor":[110,285,296,296,308,353,365,392,429,455,467,514,539,564,576,693,705,735,747,775,787,815,827,852,864,876,905,945,957,982,1014,1026,1135,1147,1174,1236,1258,1270,1301,1313,1358,1370,1406,1418,1204,1235,1247,1296,1296,1296],"floor_reached":51,"language":"ENG","playtime":2069,"items_purged":["Doubt"],"score":1036,"play_id":"ae814940-b747-45df-a391-fccb6cf7d339","local_time":"20210120191043","is_ascension_mode":true,"campfire_choices":[{"data":"Prepared","floor":7.0,"key":"SMITH"},{"data":"Cloak And Dagger","floor":11.0,"key":"SMITH"},{"data":"Masterful Stab","floor":15.0,"key":"SMITH"},{"data":"Storm of Steel","floor":23.0,"key":"SMITH"},{"data":"Cloak And Dagger","floor":29.0,"key":"SMITH"},{"data":"Terror","floor":32.0,"key":"SMITH"},{"data":"Neutralize","floor":40.0,"key":"SMITH"},{"data":"Infinite Blades","floor":49,"key":"SMITH"}],"circlet_count":0,"master_deck":["Strike_G","Strike_G","Strike_G","Strike_G","Strike_G","Defend_G","Defend_G","Defend_G","Defend_G","Defend_G","Survivor","Neutralize+1","Masterful Stab+1","Accuracy+1","Prepared+1","Cloak And Dagger+1","Terror+1","Blur","Storm of Steel+1","Choke+1","Cloak And Dagger+1","Blade Dance+1","Cloak And Dagger+1","Accuracy+1","Infinite Blades+1","Enlightenment"],"relics":["Ring of the Snake","NeowsBlessing","MawBank","Ninja Scroll","Akabeko","Blood Vial","SacredBark","Nilry\u0027s Codex","Singing Bowl","Bag of Preparation","WristBlade","Turnip","Unceasing Top","Orichalcum","Bag of Marbles","Thread and Needle"],"acts_visited":["Exordium","TheCity","TheBeyond"],"potions_floor_usage":[46,47,47,48,50,50],"damage_taken":[{"damage":0.0,"enemies":"2 Louse","floor":1.0,"turns":1.0},{"damage":0.0,"enemies":"Cultist","floor":3.0,"turns":1.0},{"damage":0.0,"enemies":"Gremlin Nob","floor":6.0,"turns":1.0},{"damage":0.0,"enemies":"Jaw Worm","floor":8.0,"turns":2.0},{"damage":0.0,"enemies":"Large Slime","floor":10.0,"turns":3.0},{"damage":10.0,"enemies":"3 Sentries","floor":12.0,"turns":6.0},{"damage":0.0,"enemies":"3 Louse","floor":13.0,"turns":2.0},{"damage":0.0,"enemies":"Looter","floor":14.0,"turns":1.0},{"damage":37.0,"enemies":"Hexaghost","floor":16.0,"turns":12.0},{"damage":9.0,"enemies":"3 Byrds","floor":18.0,"turns":7.0},{"damage":12.0,"enemies":"Chosen","floor":20.0,"turns":3.0},{"damage":0.0,"enemies":"Snake Plant","floor":22.0,"turns":1.0},{"damage":0.0,"enemies":"Shelled Parasite and Fungi","floor":24.0,"turns":2.0},{"damage":9.0,"enemies":"Centurion and Healer","floor":27.0,"turns":5.0},{"damage":0.0,"enemies":"Gremlin Leader","floor":28.0,"turns":3.0},{"damage":3.0,"enemies":"Cultist and Chosen","floor":30.0,"turns":3.0},{"damage":6.0,"enemies":"3 Cultists","floor":31.0,"turns":3.0},{"damage":54.0,"enemies":"Champ","floor":33.0,"turns":7.0},{"damage":0.0,"enemies":"Orb Walker","floor":35.0,"turns":1.0},{"damage":0.0,"enemies":"Mind Bloom Boss Battle","floor":36.0,"turns":4.0},{"damage":8.0,"enemies":"3 Shapes","floor":37.0,"turns":2.0},{"damage":11.0,"enemies":"Sphere and 2 Shapes","floor":39.0,"turns":4.0},{"damage":0.0,"enemies":"Nemesis","floor":41.0,"turns":3.0},{"damage":0,"enemies":"Reptomancer","floor":46,"turns":1},{"damage":0,"enemies":"Transient","floor":47,"turns":5},{"damage":5,"enemies":"2 Orb Walkers","floor":48,"turns":2},{"damage":35,"enemies":"Donu and Deca","floor":50,"turns":4}],"seed_played":"-7983753191518177761","potions_obtained":[{"floor":3.0,"key":"Energy Potion"},{"floor":8.0,"key":"SmokeBomb"},{"floor":10.0,"key":"Explosive Potion"},{"floor":12.0,"key":"Regen Potion"},{"floor":20.0,"key":"AttackPotion"},{"floor":22.0,"key":"SteroidPotion"},{"floor":25.0,"key":"FairyPotion"},{"floor":27.0,"key":"Poison Potion"},{"floor":35.0,"key":"SkillPotion"},{"floor":46,"key":"Weak Potion"},{"floor":47,"key":"EntropicBrew"}],"is_trial":false,"path_per_floor":["M","?","M","?","?","E","R","M","T","M","R","E","M","M","R","B",null,"M","?","M","?","M","R","M","?","T","M","E","R","M","M","R","B",null,"M","?","M","?","M","R","E","$","T","?","$","E","M","?","R","B",null],"character_chosen":"THE_SILENT","items_purchased":["Infinite Blades","Enlightenment"],"campfire_rested":0,"item_purchase_floors":[45,45],"current_hp_per_floor":[70,70,70,63,63,63,63,63,63,63,63,53,55,57,57,22,70,61,45,35,35,37,37,39,39,39,68,70,70,69,67,67,17,76,78,80,74,76,69,69,73,73,73,73,73,77,81,80,80,47],"gold":1296,"neow_bonus":"THREE_ENEMY_KILL","is_daily":false,"chose_seed":false,"campfire_upgraded":8,"win_rate":0.0,"timestamp":1611191443,"path_taken":["M","?","M","?","?","E","R","?","T","M","R","E","M","M","R","BOSS","M","?","M","?","M","R","M","?","T","?","E","R","M","M","R","BOSS","M","?","M","?","M","R","E","$","T","?","$","E","M","?","R","BOSS"],"items_purchased_type":["Card","Card"],"build_version":"2020-12-22","purchased_purges":1,"victory":true,"max_hp_per_floor":[70,70,70,70,70,70,70,70,70,70,70,70,70,70,70,70,70,70,70,70,70,70,70,70,70,70,72,72,72,72,74,74,76,76,78,80,82,84,86,86,88,88,88,88,88,90,92,94,94,94],"card_choices":[{"not_picked":["Dagger Throw","Tactician"],"picked":"Masterful Stab","floor":1.0},{"not_picked":["Slice","Flying Knee"],"picked":"Accuracy","floor":3.0},{"not_picked":["Slice","Endless Agony"],"picked":"Prepared","floor":6.0},{"not_picked":["Caltrops","Quick Slash"],"picked":"Cloak And Dagger","floor":8.0},{"not_picked":["Reflex","Catalyst"],"picked":"Terror","floor":10.0},{"not_picked":["Underhanded Strike","Venomology"],"picked":"Blur","floor":12.0},{"not_picked":["Sucker Punch","Dagger Spray","Flying Knee"],"picked":"SKIP","floor":13.0},{"not_picked":["Slice","PiercingWail","Sucker Punch"],"picked":"SKIP","floor":14.0},{"not_picked":["Die Die Die","Bullet Time"],"picked":"Storm of Steel","floor":16.0},{"not_picked":["Bouncing Flask","Slice"],"picked":"Choke+1","floor":18.0},{"not_picked":["Blur+1","PiercingWail"],"picked":"Cloak And Dagger","floor":20.0},{"not_picked":["Riddle With Holes","Concentrate"],"picked":"Blade Dance+1","floor":22.0},{"not_picked":["Slice+1","Reflex","Outmaneuver"],"picked":"SKIP","floor":24.0},{"not_picked":["Prepared","Skewer","Concentrate"],"picked":"Singing Bowl","floor":27.0},{"not_picked":["Tactician+1","Sucker Punch"],"picked":"Cloak And Dagger+1","floor":28.0},{"not_picked":["Caltrops","Escape Plan"],"picked":"Accuracy+1","floor":30.0},{"not_picked":["Sucker Punch","Phantasmal Killer","Cloak And Dagger"],"picked":"Singing Bowl","floor":31.0},{"not_picked":["Grand Finale","Bullet Time","Unload"],"picked":"Singing Bowl","floor":33.0},{"not_picked":["Slice","Dagger Spray+1","Dodge and Roll"],"picked":"Singing Bowl","floor":35.0},{"not_picked":["Poisoned Stab+1","Concentrate","Sucker Punch"],"picked":"Singing Bowl","floor":36.0},{"not_picked":["All Out Attack+1","Bane+1","Concentrate+1"],"picked":"Singing Bowl","floor":37.0},{"not_picked":["Violence","Chrysalis","Magnetism"],"picked":"Singing Bowl","floor":38.0},{"not_picked":["Backflip","Poisoned Stab+1","Underhanded Strike"],"picked":"Singing Bowl","floor":39.0},{"not_picked":["Expertise+1","Poisoned Stab+1","Underhanded Strike+1"],"picked":"Singing Bowl","floor":41.0},{"not_picked":["Underhanded Strike","Bullet Time","Bouncing Flask+1"],"picked":"Singing Bowl","floor":46},{"not_picked":["Acrobatics+1","Backflip+1","Dagger Spray"],"picked":"Singing Bowl","floor":47},{"not_picked":["Backflip+1","Underhanded Strike+1","PiercingWail+1"],"picked":"Singing Bowl","floor":48}],"player_experience":236771,"relics_obtained":[{"floor":6.0,"key":"Ninja Scroll"},{"floor":9.0,"key":"Akabeko"},{"floor":12.0,"key":"Blood Vial"},{"floor":19.0,"key":"Nilry\u0027s Codex"},{"floor":26.0,"key":"Singing Bowl"},{"floor":28.0,"key":"Bag of Preparation"},{"floor":36.0,"key":"Turnip"},{"floor":41.0,"key":"Unceasing Top"},{"floor":43.0,"key":"Orichalcum"},{"floor":46,"key":"Bag of Marbles"},{"floor":48,"key":"Thread and Needle"}],"event_choices":[{"damage_healed":0.0,"max_hp_gain":0.0,"max_hp_loss":0.0,"gold_gain":175.0,"event_name":"Liars Game","player_choice":"AGREE","floor":2.0,"gold_loss":0.0,"damage_taken":0.0,"cards_obtained":["Doubt"]},{"damage_healed":0.0,"max_hp_gain":0.0,"max_hp_loss":0.0,"gold_gain":0.0,"event_name":"Scrap Ooze","player_choice":"Success","floor":4.0,"gold_loss":0.0,"damage_taken":7.0,"relics_obtained":["MawBank"]},{"damage_healed":0.0,"max_hp_gain":0.0,"max_hp_loss":0.0,"gold_gain":0.0,"event_name":"Upgrade Shrine","player_choice":"Upgraded","floor":5.0,"gold_loss":0.0,"damage_taken":0.0,"cards_upgraded":["Accuracy"]},{"damage_healed":0.0,"max_hp_gain":0.0,"max_hp_loss":0.0,"gold_gain":0.0,"event_name":"Cursed Tome","player_choice":"Obtained Book","floor":19.0,"gold_loss":0.0,"damage_taken":16.0},{"damage_healed":0.0,"max_hp_gain":0.0,"max_hp_loss":0.0,"gold_gain":0.0,"event_name":"Ghosts","player_choice":"Ignored","floor":21.0,"gold_loss":0.0,"damage_taken":0.0},{"damage_healed":0.0,"max_hp_gain":0.0,"max_hp_loss":0.0,"gold_gain":0.0,"event_name":"Lab","player_choice":"Got Potions","floor":25.0,"gold_loss":0.0,"damage_taken":0.0},{"damage_healed":0.0,"max_hp_gain":0.0,"max_hp_loss":0.0,"gold_gain":0.0,"event_name":"MindBloom","player_choice":"Fight","floor":36.0,"gold_loss":0.0,"damage_taken":0.0},{"damage_healed":0.0,"max_hp_gain":0.0,"max_hp_loss":0.0,"gold_gain":0.0,"event_name":"SensoryStone","player_choice":"Memory 1","floor":38.0,"gold_loss":0.0,"damage_taken":0.0},{"damage_healed":0.0,"max_hp_gain":0.0,"max_hp_loss":0.0,"gold_gain":0.0,"event_name":"Tomb of Lord Red Mask","player_choice":"Ignored","floor":44.0,"gold_loss":0.0,"damage_taken":0.0},{"damage_healed":0,"gold_gain":0,"player_choice":"Fight","damage_taken":0,"max_hp_gain":0,"max_hp_loss":0,"event_name":"Mysterious Sphere","floor":48,"gold_loss":0}],"is_beta":false,"boss_relics":[{"not_picked":["Philosopher\u0027s Stone","Runic Dome"],"picked":"SacredBark"},{"not_picked":["Busted Crown","Velvet Choker"],"picked":"WristBlade"}],"items_purged_floors":[45],"is_endless":false,"potions_floor_spawned":[3,8,10,12,20,22,27,28,35,36,46,47],"ascension_level":3}}