{"host":"4c7oxphrh4ok8x7u","time":1611246978,"event":{"mods":["100% Spire Juice","2.2 Compatiblity","Act Like it!","Arknights The Spire","Aspiration","BaseMod","Better Skull","Better Vampires","BetterRewards","Challenge The Spire","Conjunction","Conspire","Custom Start","Dota2Spire","Ekko","Evolution","Fiend Mod","Friendly Minions","FruityMod","GifTheSpireLib","Good Game Mod","Halation","Hermit","HololiveMod","Hubris","Hyrulean Relics","Jedi Mod","Jess\u0027s Bottle","Kratos Character Expansion","Minty Spire (QoL Compilation)","MostiFishMod","Permanent Neow","Poor People Problems","Prisma Mod","Quarter Circle Forward PUNCH!","RatMod","Replay The Spire","Robot Space Explorer","SCP261 Mod","Shade Mod","Slay the Relics Exporter","Small Relic Pack","Spicy Shops","Spikes Relics","Spires And Sneckos","StS++","StSLib","Stuff the Spire","The Animator","The Blue Laboratory","The Death Knight","The Edgeheg","The Exalted","The Fake Hero","The Servant 0.9.4","The Trickster","TheVacant","TheWitcher","Wandering Minibosses","WarShipGirlsR/????R mod"],"gold_per_floor":[119,142,159,159,175,185,219,229,229,263,53,73,73,90,90,195,195,209,287,304,319,329,361,375,375,375,75,91,110,110,129,129,224,224,238,258,0,11,11,44,44,54,80,113,129,145,145,155,155,155,155,155,80,108,108],"floor_reached":56,"language":"RUS","playtime":2810,"items_purged":[],"score":1574,"play_id":"6d463436-43d9-4c56-b96a-588fe7bd233f","local_time":"20210121193618","is_ascension_mode":false,"campfire_choices":[{"data":"FlawlessForm","floor":13,"key":"SMITH"},{"floor":15,"key":"DIG"},{"data":"BestPractice","floor":25,"key":"SMITH"},{"floor":32,"key":"RECALL"},{"data":"KidneyShot","floor":41,"key":"SMITH"},{"floor":47,"key":"REST"},{"data":"Gouge","floor":49,"key":"SMITH"},{"data":"Bromod:SteelCharge","floor":52,"key":"SMITH"}],"circlet_count":0,"master_deck":["Strike_S","Strike_S","Strike_S","Strike_S","Defend_S+1","Defend_S","Defend_S","Defend_S","Exchange","Bromod:SteelCharge+1","Gouge","SurpressingFire","KidneyShot","Read","FanOfKnives","BottledTime+1","FlawlessForm+1","Luminosity","BestPractice+1","Misdirection","LightFlow","Moonlight","Advance","DoubleEdge+1","SilverBlades","Gouge+1","MurderousAura","MoonPhase","MurderousAura","CurseOfTheBell","SilverBlades+1","SilverBlades+1","KidneyShot+1","BestPractice+1","Luminosity+1","Hightail+1","GearUp+1","Barrier"],"relics":["SplendidAttire","EVO:Axolotl","DaveBox","REME:ComplimentaryCards","FeatherPendant","aspiration:Nostalgia","Hololive_TheStar","SynthV:TestCard","Ornamental Fan","aspiration:HiddenCompartment","aspiration:ChemicalBlood","OldScarf","Replay:Mystery Machine","Turnip","wanderingMiniBosses:Inkheart","halation:Toothbrush","PreservedInsect","Orichalcum","halation:EternalFortune","Calling Bell","Happy Flower","ReplayTheSpireMod:Shallot","conspire:Boomerang","Red Mask","StuffTheSpire:Mouthbags","War Paint","Dota2Spire:ArcaneBoots","DeathKnight:PutricidesVial","Centennial Puzzle"],"acts_visited":["Exordium","TheCity","TheBeyond","TheEnding"],"potions_floor_usage":[31,38,55,55,55],"damage_taken":[{"damage":0,"enemies":"Cultist","floor":1,"turns":3},{"damage":0,"enemies":"Small Slimes","floor":3,"turns":2},{"damage":0,"enemies":"2 Louse","floor":5,"turns":1},{"damage":6,"enemies":"Large Slime","floor":6,"turns":6},{"damage":0,"enemies":"Gremlin Nob","floor":7,"turns":2},{"damage":0,"enemies":"2 Fungi Beasts","floor":8,"turns":3},{"damage":0,"enemies":"Lagavulin","floor":10,"turns":6},{"damage":0,"enemies":"conspire:2 RoseBushes","floor":12,"turns":3},{"damage":8,"enemies":"Lots of Slimes","floor":14,"turns":4},{"damage":9,"enemies":"The Guardian","floor":16,"turns":8},{"damage":0,"enemies":"Shell Parasite","floor":18,"turns":3},{"damage":0,"enemies":"Spheric Guardian","floor":20,"turns":2},{"damage":0,"enemies":"Cultist and Chosen","floor":21,"turns":6},{"damage":7,"enemies":"Snake Plant","floor":22,"turns":2},{"damage":3,"enemies":"conspire:SneckoGhost","floor":23,"turns":4},{"damage":7,"enemies":"conspire:HollyBat","floor":24,"turns":7},{"damage":0,"enemies":"3 Cultists","floor":28,"turns":3},{"damage":0,"enemies":"Snake Plant","floor":29,"turns":3},{"damage":0,"enemies":"Centurion and Healer","floor":31,"turns":3},{"damage":0,"enemies":"conspire:MysteriousRune","floor":33,"turns":5},{"damage":0,"enemies":"3 Darklings","floor":35,"turns":2},{"damage":0,"enemies":"Orb Walker","floor":36,"turns":1},{"damage":0,"enemies":"Transient","floor":38,"turns":5},{"damage":2,"enemies":"R_Hoarder","floor":40,"turns":4},{"damage":6,"enemies":"4 Shapes","floor":42,"turns":4},{"damage":25,"enemies":"Nemesis","floor":44,"turns":3},{"damage":0,"enemies":"Jaw Worm Horde","floor":45,"turns":3},{"damage":6,"enemies":"3 Darklings","floor":46,"turns":5},{"damage":0,"enemies":"Spire Growth","floor":48,"turns":2},{"damage":0,"enemies":"conspire:OrnateMirror","floor":50,"turns":4},{"damage":0,"enemies":"Shield and Spear","floor":54,"turns":4},{"damage":0,"enemies":"The Heart","floor":55,"turns":6}],"seed_played":"-8733804276718642002","potions_obtained":[{"floor":18,"key":"LifebloodPotion"},{"floor":24,"key":"Adrenaline Potion"},{"floor":28,"key":"blueLaboratory:FruitPunch"},{"floor":33,"key":"FearPotion"}],"is_trial":false,"path_per_floor":["M","T","M","?","M","M","E","M","T","E","$","M","R","M","R","B",null,"M","?","M","M","M","E","M","R","T","$","M","M","?","M","R","B",null,"M","M","?","M","$","E","R","M","T","E","M","M","R","M","R","B",null,"R","$","E","B",null],"character_chosen":"THE_SERVANT","items_purchased":["Luminosity","PreservedInsect","Orichalcum","DeathKnight:PutricidesVial"],"campfire_rested":1,"item_purchase_floors":[11,27,27,53],"current_hp_per_floor":[65,65,65,65,65,59,59,59,59,59,59,59,59,51,51,42,65,65,39,39,39,32,29,22,22,22,22,22,22,25,27,27,27,70,70,70,70,70,70,76,76,70,70,45,45,39,61,61,61,61,76,76,76,76,76],"gold":108,"neow_bonus":"NOSTALGIA","is_daily":false,"chose_seed":false,"campfire_upgraded":5,"win_rate":0.0,"timestamp":1611246978,"path_taken":["M","?","?","?","?","M","E","M","T","E","?","M","R","M","R","BOSS","M","?","M","?","?","E","M","R","T","$","?","M","?","M","R","BOSS","M","M","?","M","$","E","R","M","T","E","M","M","R","M","R","BOSS","R","$","E","BOSS"],"items_purchased_type":["Card","Relic","Relic","Relic"],"build_version":"2020-12-22","purchased_purges":0,"victory":true,"max_hp_per_floor":[65,65,65,65,65,65,65,65,65,65,65,65,65,65,65,65,65,65,65,65,65,65,65,65,65,65,65,65,65,68,70,70,70,70,70,70,70,70,70,76,76,76,76,76,76,76,76,76,76,76,76,76,76,76,76],"card_choices":[{"not_picked":["Replace","ShatteredReality","StarChef"],"picked":"Gouge","floor":1},{"not_picked":["Barrier","Defy","Ricochet","Advance","Unruled"],"picked":"SurpressingFire","floor":3},{"not_picked":["DoubleEdge","Rewind","Spin","Starlight","DancingSilver","Initiator"],"picked":"SKIP","floor":5},{"not_picked":["Starlight","FastForward","TimeWarp","StarChef","Unruled"],"picked":"Read","floor":6},{"not_picked":["WasteNot","Replace","Starlight","Alleviate","StarChef"],"picked":"FanOfKnives","floor":7},{"not_picked":["Revamp","Starlight","TimeWarp","DoubleEdge","ShatteredReality"],"picked":"BottledTime","floor":8},{"not_picked":["RealityMarble","Defy","Moonlight","StarChef","Rewind"],"picked":"FlawlessForm","floor":10},{"not_picked":["Unruled","ShiftingGears","Moondial","Contraction","TimeTheft"],"picked":"BestPractice","floor":12},{"not_picked":["DualDimension","Spin","Revamp","Potential","TimeWarp"],"picked":"Misdirection","floor":14},{"not_picked":["KillingDoll","Deny","Solidify","Dilation","Sunlight"],"picked":"LightFlow","floor":16},{"not_picked":["Collapse","Unruled","Spin","TimeWarp+1","ShiftingGears"],"picked":"Moonlight","floor":18},{"not_picked":["DoubleEdge","Rewind+1","Potential","Ricochet","Starlight"],"picked":"Advance","floor":19},{"not_picked":["Spin","Rewind","ShatteredReality","Sabotage","Initiator"],"picked":"DoubleEdge+1","floor":20},{"not_picked":["Manipulate+1","InstantArmor","Spin","Barrier","TimeWarp"],"picked":"SilverBlades","floor":21},{"not_picked":["Alleviate+1","Orbit","FastForward","StarChef","Ricochet","Shuttle"],"picked":"SKIP","floor":22},{"not_picked":["Rearm","Starlight","ShatteredReality","WasteNot+1","FastForward","Rewind+1"],"picked":"SKIP","floor":23},{"not_picked":["Potential","ShatteredReality","TimeWarp","Shuttle","Snipe"],"picked":"Gouge","floor":24},{"not_picked":["DoubleEdge","Ricochet","Rewind","Advance","FastForward+1"],"picked":"MurderousAura","floor":28},{"not_picked":["TimeWarp","Unruled","Replace","Ricochet","Deny","Potential"],"picked":"SKIP","floor":29},{"not_picked":["Potential","FastForward+1","Replace","Misdirection","Revamp"],"picked":"MoonPhase","floor":31},{"not_picked":["Initiator","SilverMatrix","ForgedInTime","TheWorld","Duplication"],"picked":"MurderousAura","floor":33},{"not_picked":["SurpressingFire","Sabotage+1","ReturningBlade","Alleviate+1","ShatteredReality+1"],"picked":"SilverBlades+1","floor":35},{"not_picked":["Alleviate+1","Shuttle+1","ShatteredReality+1","Collapse","Moonlight+1"],"picked":"SilverBlades+1","floor":36},{"not_picked":["Misdirection+1","Foresight","Ricochet","Deny","Sabotage+1","Rewind"],"picked":"SKIP","floor":38},{"not_picked":["Manipulate+1","Rewind+1","FastForward","Read","Gouge"],"picked":"BestPractice+1","floor":40},{"not_picked":["StarChef","Advance+1","TimeTheft","Spin","FastForward+1"],"picked":"Luminosity+1","floor":42},{"not_picked":["StarChef+1","Orbit+1","FloweringNight","Rearm+1","Comet+1"],"picked":"Hightail+1","floor":44},{"not_picked":["Revamp+1","DoubleEdge","TimeWarp","Unruled","Read+1","Replace+1"],"picked":"SKIP","floor":45},{"not_picked":["ReturningBlade+1","Alleviate+1","Potential+1","ShatteredReality","Unruled","FastForward"],"picked":"SKIP","floor":46},{"not_picked":["Revamp","KillingDoll","SurpressingFire+1","ShiftingGears+1","Spin+1"],"picked":"GearUp+1","floor":48},{"not_picked":["Defy+1","RealityMarble","SilverBlades","StarChef+1","SpecialFormula"],"picked":"Barrier","floor":54}],"player_experience":752561,"relics_obtained":[{"floor":1,"key":"SynthV:TestCard"},{"floor":7,"key":"Ornamental Fan"},{"floor":9,"key":"aspiration:HiddenCompartment"},{"floor":10,"key":"aspiration:ChemicalBlood"},{"floor":15,"key":"OldScarf"},{"floor":19,"key":"Replay:Mystery Machine"},{"floor":23,"key":"Turnip"},{"floor":24,"key":"wanderingMiniBosses:Inkheart"},{"floor":26,"key":"halation:Toothbrush"},{"floor":34,"key":"Happy Flower"},{"floor":34,"key":"ReplayTheSpireMod:Shallot"},{"floor":34,"key":"conspire:Boomerang"},{"floor":40,"key":"halation:EternalFortune"},{"floor":40,"key":"StuffTheSpire:Mouthbags"},{"floor":43,"key":"War Paint"},{"floor":44,"key":"Dota2Spire:ArcaneBoots"},{"floor":54,"key":"Centennial Puzzle"}],"event_choices":[{"damage_healed":0,"gold_gain":0,"player_choice":"1 cards matched","damage_taken":0,"max_hp_gain":0,"max_hp_loss":0,"event_name":"Match and Keep!","floor":4,"gold_loss":0,"cards_obtained":["KidneyShot"]},{"damage_healed":0,"gold_gain":0,"player_choice":"Paid","damage_taken":0,"relics_obtained":["Red Mask"],"max_hp_gain":0,"max_hp_loss":0,"event_name":"Tomb of Lord Red Mask","floor":37,"gold_loss":258}],"is_beta":false,"boss_relics":[{"not_picked":["Bromod:ArcaneBarrier","halation:MonkeysPaw"],"picked":"SplendidAttire"},{"not_picked":["StuffTheSpire:RunicConfusion","Astrolabe"],"picked":"Calling Bell"}],"items_purged_floors":[],"is_endless":false,"potions_floor_spawned":[3,5,8,12,18,24,28,29,31,33,40,45,46,54],"ascension_level":0}}