{"host":"thn8o1tmql8xszd5","time":1611205186,"event":{"mods":["AchievementEnabler","Act Like it!","BaseMod","Block Reminder","Colored Map","DeckTracker","Gensokyo","Highlight Path","Minty Spire (QoL Compilation)","Permanent Neow","Quick Restart","Relic Stats","Robot Space Explorer","StSLib","The Animator","The Blue Laboratory"],"gold_per_floor":[115,132,132,148,4,38,38,66,66,86,86,114,0,15,15,15,15],"floor_reached":16,"language":"ENG","playtime":1211,"items_purged":["Clumsy"],"score":152,"play_id":"f278dc1c-499a-4796-850d-6bd186bbe911","local_time":"20210120235946","is_ascension_mode":true,"campfire_choices":[{"data":"RobotSpaceExplorer:StarLightning","floor":7,"key":"SMITH"},{"data":"RobotSpaceExplorer:Accelerator","floor":15,"key":"SMITH"}],"circlet_count":0,"master_deck":["RobotSpaceExplorer:Strike","RobotSpaceExplorer:Strike","RobotSpaceExplorer:Strike","RobotSpaceExplorer:Strike","RobotSpaceExplorer:Defend","RobotSpaceExplorer:Defend","RobotSpaceExplorer:Defend+1","RobotSpaceExplorer:Defend+1","RobotSpaceExplorer:Scan","RobotSpaceExplorer:MiniLasers+1","RobotSpaceExplorer:Counterblock","RobotSpaceExplorer:Pulsar","RobotSpaceExplorer:GlueShot","RobotSpaceExplorer:StarLightning+1","RobotSpaceExplorer:ScrapMissile","RobotSpaceExplorer:MiniDrones","Pain","RobotSpaceExplorer:SurgingShield","RobotSpaceExplorer:Accelerator+1"],"relics":["RobotSpaceExplorer:RoboCore","Gensokyo:NagashiBinaDoll","War Paint","Kunai","Toy Ornithopter","Gensokyo:LunaticRedEyes","RobotSpaceExplorer:FoglandsKnife"],"acts_visited":["Exordium"],"potions_floor_usage":[8,16,16],"damage_taken":[{"damage":1,"enemies":"Gensokyo:Gryphon","floor":1,"turns":3},{"damage":1,"enemies":"Gensokyo:2_Kodama","floor":2,"turns":4},{"damage":0,"enemies":"Gensokyo:3_Fairies","floor":4,"turns":4},{"damage":21,"enemies":"Gensokyo:Mamizou","floor":6,"turns":10},{"damage":11,"enemies":"Gensokyo:Aya","floor":8,"turns":6},{"damage":0,"enemies":"Gensokyo:3_Kodama","floor":10,"turns":5},{"damage":16,"enemies":"Gensokyo:Mamizou","floor":12,"turns":9},{"damage":0,"enemies":"Gensokyo:Kitsune","floor":14,"turns":2},{"damage":84,"enemies":"Gensokyo:Reimu","floor":16,"turns":10}],"seed_played":"-9207881453358293033","potions_obtained":[{"floor":4,"key":"SteroidPotion"},{"floor":8,"key":"FearPotion"},{"floor":12,"key":"blueLaboratory:BubblePotion"}],"is_trial":false,"path_per_floor":["M","M","?","M","$","E","R","E","T","M","?","E","?","M","R","B"],"character_chosen":"RobotSpaceExplorer","items_purchased":["RobotSpaceExplorer:StarLightning"],"campfire_rested":0,"item_purchase_floors":[5],"current_hp_per_floor":[67,66,66,66,66,45,45,34,34,34,34,18,75,75,75,0,0],"gold":15,"neow_bonus":"UPGRADE_CARD","is_daily":false,"chose_seed":false,"campfire_upgraded":2,"win_rate":0.0,"timestamp":1611205186,"path_taken":["M","M","?","?","$","E","R","E","T","M","?","E","?","M","R","BOSS"],"items_purchased_type":["Card"],"build_version":"2020-12-22","purchased_purges":1,"victory":false,"max_hp_per_floor":[75,75,75,75,75,75,75,75,75,75,75,75,75,75,75,75,75],"relic_stats":{"counters":[9,53],"Kunai":[6],"War Paint":["RobotSpaceExplorer:Defend","RobotSpaceExplorer:Defend"],"obtain_stats":[{"RobotSpaceExplorer:FoglandsKnife":12,"RobotSpaceExplorer:RoboCore":0,"Gensokyo:NagashiBinaDoll":3,"Kunai":8,"War Paint":6,"Toy Ornithopter":9,"Gensokyo:LunaticRedEyes":11},{"RobotSpaceExplorer:FoglandsKnife":7,"RobotSpaceExplorer:RoboCore":0,"Gensokyo:NagashiBinaDoll":2,"Kunai":5,"War Paint":4,"Toy Ornithopter":5,"Gensokyo:LunaticRedEyes":6},{"RobotSpaceExplorer:FoglandsKnife":41,"RobotSpaceExplorer:RoboCore":0,"Gensokyo:NagashiBinaDoll":7,"Kunai":27,"War Paint":21,"Toy Ornithopter":27,"Gensokyo:LunaticRedEyes":32}],"Toy Ornithopter":3},"card_choices":[{"not_picked":["RobotSpaceExplorer:Fix","RobotSpaceExplorer:SwiftStep"],"picked":"RobotSpaceExplorer:Counterblock","floor":1},{"not_picked":["RobotSpaceExplorer:ImprovisedAttack","RobotSpaceExplorer:DualCore"],"picked":"RobotSpaceExplorer:Pulsar","floor":2},{"not_picked":["RobotSpaceExplorer:IronShell","RobotSpaceExplorer:ShockKick"],"picked":"RobotSpaceExplorer:GlueShot","floor":4},{"not_picked":["RobotSpaceExplorer:Counterblock","RobotSpaceExplorer:DoubleFind","RobotSpaceExplorer:Ammunition"],"picked":"SKIP","floor":6},{"not_picked":["RobotSpaceExplorer:GearShield","RobotSpaceExplorer:Calculate"],"picked":"RobotSpaceExplorer:ScrapMissile","floor":8},{"not_picked":["RobotSpaceExplorer:FreezingShield","RobotSpaceExplorer:ImprovisedAttack"],"picked":"RobotSpaceExplorer:MiniDrones","floor":10},{"not_picked":["RobotSpaceExplorer:ShockKick","RobotSpaceExplorer:SelfCleaning"],"picked":"RobotSpaceExplorer:SurgingShield","floor":12},{"not_picked":["RobotSpaceExplorer:GlueShot","RobotSpaceExplorer:SwiftStep"],"picked":"RobotSpaceExplorer:Accelerator","floor":14}],"player_experience":714716,"relics_obtained":[{"floor":6,"key":"War Paint"},{"floor":8,"key":"Kunai"},{"floor":9,"key":"Toy Ornithopter"},{"floor":12,"key":"RobotSpaceExplorer:FoglandsKnife"}],"event_choices":[],"is_beta":false,"boss_relics":[],"items_purged_floors":[5],"is_endless":false,"potions_floor_spawned":[4,8,12],"killed_by":"Gensokyo:Reimu","ascension_level":7}}