{"host":"lzpp66udqthct9jv","time":1611267775,"event":{"mods":["Act Like it!","BaseMod","Better-Laid Plans","Chen","Emptier Cage","Gensokyo","Highlight Path","Koishi","Marisa£®ÏF”Í°°ƒß¿Ì…≥£©","Minty Spire (QoL Compilation)","Pale of the Ancients","Quick Restart","Reimu£®≤©¿ˆ¡È√Œ£©","Remilia£®¿Ÿ√◊¿Ú—«£©","Shop Mod","StSLib","The Administrix","The Servant 0.9.4","Yakumo Yukari mod","Youmu£®ªÍ∆«—˝√Œ£©","Yuyuko","ÛÙª÷∏ƒœ"],"gold_per_floor":[114,132,144,163,163,191,191,206,229,229,229],"floor_reached":10,"language":"ZHS","playtime":396,"items_purged":[],"score":140,"play_id":"c1ace689-6334-4b63-afb1-2a10fc1490fc","local_time":"20210122062255","is_ascension_mode":true,"campfire_choices":[{"data":"Crippling Poison","floor":7.0,"key":"SMITH"}],"circlet_count":0,"master_deck":["AscendersBane","Strike_G","Strike_G","Strike_G","Strike_G","Strike_G","Defend_G","Defend_G","Defend_G","Defend_G","Defend_G","Survivor","Neutralize","Well Laid Plans","PiercingWail","Crippling Poison+1","Leg Sweep","Injury"],"relics":["Cursed Key","Calipers","Strawberry"],"acts_visited":["Exordium"],"potions_floor_usage":[],"damage_taken":[{"damage":2.0,"enemies":"2 Louse","floor":1.0,"turns":5.0},{"damage":1.0,"enemies":"Cultist","floor":2.0,"turns":5.0},{"damage":1.0,"enemies":"Small Slimes","floor":3.0,"turns":5.0},{"damage":17.0,"enemies":"Exordium Wildlife","floor":4.0,"turns":11.0},{"damage":36.0,"enemies":"Lagavulin","floor":6.0,"turns":11.0},{"damage":6.0,"enemies":"3 Louse","floor":8.0,"turns":2.0},{"damage":0,"enemies":"3 Sentries","floor":10,"turns":1}],"seed_played":"-4527028371988318060","potions_obtained":[{"floor":1.0,"key":"SteroidPotion"},{"floor":4.0,"key":"Fire Potion"},{"floor":6.0,"key":"SkillPotion"},{"floor":8.0,"key":"CunningPotion"}],"is_trial":false,"path_per_floor":["M","M","M","M","?","E","R","M","T","E"],"character_chosen":"THE_SILENT","items_purchased":[],"campfire_rested":0,"item_purchase_floors":[],"current_hp_per_floor":[57,56,55,38,66,30,30,24,31,31,31],"gold":229,"neow_bonus":"BOSS_RELIC","is_daily":false,"chose_seed":false,"campfire_upgraded":1,"win_rate":0.0,"timestamp":1611267775,"path_taken":["M","M","M","M","?","E","R","?","T","E"],"items_purchased_type":[],"build_version":"2020-12-22","purchased_purges":0,"victory":false,"max_hp_per_floor":[66,66,66,66,66,66,66,66,73,73,73],"card_choices":[{"not_picked":["Noxious Fumes","Cloak And Dagger"],"picked":"Well Laid Plans","floor":1.0},{"not_picked":["Expertise","Eviscerate"],"picked":"Blur","floor":2.0},{"not_picked":["Expertise","Deflect"],"picked":"PiercingWail","floor":3.0},{"not_picked":["Sucker Punch","Backflip"],"picked":"Crippling Poison","floor":4.0},{"not_picked":["Dagger Throw","Deflect","Sucker Punch"],"picked":"SKIP","floor":6.0},{"not_picked":["Poisoned Stab","Caltrops"],"picked":"Leg Sweep","floor":8.0}],"player_experience":1849804,"relics_obtained":[{"floor":6.0,"key":"Calipers"},{"floor":9.0,"key":"Strawberry"}],"event_choices":[{"cards_removed":["Blur"],"damage_healed":28.0,"max_hp_gain":0.0,"max_hp_loss":0.0,"gold_gain":0.0,"event_name":"Bonfire Elementals","player_choice":"Offered Uncommon","floor":5.0,"gold_loss":0.0,"damage_taken":0.0}],"is_beta":false,"boss_relics":[],"items_purged_floors":[],"is_endless":false,"potions_floor_spawned":[1,4,6,8],"killed_by":"3 Sentries","ascension_level":20}}