{"host":"ifd7sfhtlbe34qll","time":1611197503,"event":{"mods":["2.2 Compatiblity","BaseMod","Block Reminder","Colored Map","Curses Come First","Highlight Path","Minty Spire (QoL Compilation)","Potion Indicator Mod","Quick Restart","Relic Stats","StSLib"],"gold_per_floor":[160,160,170,189,189,220,246,246,246],"floor_reached":8,"language":"ENG","playtime":261,"items_purged":[],"score":112,"play_id":"1a191cfc-f662-4778-9694-9253559783c8","local_time":"20210120205143","is_ascension_mode":true,"campfire_choices":[],"circlet_count":0,"master_deck":["AscendersBane","Strike_P","Strike_P+1","Strike_P+1","Strike_P","Defend_P","Defend_P","Defend_P","Eruption","Vigilance","FlurryOfBlows+1","LikeWater","ReachHeaven","Meditate","Scrawl"],"relics":["Tiny House","Juzu Bracelet","Bag of Marbles"],"acts_visited":["Exordium"],"potions_floor_usage":[3,4,8],"damage_taken":[{"damage":2,"enemies":"Cultist","floor":1,"turns":3},{"damage":4,"enemies":"Small Slimes","floor":3,"turns":3},{"damage":0,"enemies":"Jaw Worm","floor":4,"turns":5},{"damage":20,"enemies":"3 Sentries","floor":6,"turns":4},{"damage":20,"enemies":"Lagavulin","floor":8,"turns":2}],"seed_played":"6384848878928561048","potions_obtained":[{"floor":0,"key":"Swift Potion"},{"floor":1,"key":"Swift Potion"},{"floor":3,"key":"Energy Potion"},{"floor":6,"key":"SpeedPotion"}],"is_trial":false,"path_per_floor":["M","?","M","M","?","E","T","E"],"character_chosen":"WATCHER","items_purchased":[],"campfire_rested":0,"item_purchase_floors":[],"current_hp_per_floor":[64,57,53,53,31,11,11,0,0],"gold":246,"neow_bonus":"BOSS_RELIC","is_daily":false,"chose_seed":false,"campfire_upgraded":0,"win_rate":0.0,"timestamp":1611197503,"path_taken":["M","?","M","M","?","E","?","E"],"items_purchased_type":[],"build_version":"2020-12-22","purchased_purges":0,"victory":false,"max_hp_per_floor":[73,73,73,73,73,73,73,73,73],"relic_stats":{"counters":[5,17],"Juzu Bracelet":0,"obtain_stats":[{"Tiny House":0,"Juzu Bracelet":6,"Bag of Marbles":7,"PureWater":0},{"Tiny House":0,"Juzu Bracelet":4,"Bag of Marbles":4,"PureWater":0},{"Tiny House":0,"Juzu Bracelet":15,"Bag of Marbles":15,"PureWater":0}]},"card_choices":[{"not_picked":["LikeWater","EmptyBody"],"picked":"FlurryOfBlows","floor":0},{"not_picked":["Swivel","EmptyMind"],"picked":"LikeWater","floor":1},{"not_picked":["WheelKick","SashWhip"],"picked":"ReachHeaven","floor":3},{"not_picked":["InnerPeace","Prostrate"],"picked":"Meditate","floor":4},{"not_picked":["BattleHymn","ClearTheMind"],"picked":"Scrawl","floor":6}],"player_experience":1440001,"relics_obtained":[{"floor":6,"key":"Juzu Bracelet"},{"floor":7,"key":"Bag of Marbles"}],"event_choices":[{"cards_removed":["Defend_P"],"damage_healed":0,"gold_gain":0,"player_choice":"Card Removal","damage_taken":7,"max_hp_gain":0,"max_hp_loss":0,"event_name":"Golden Wing","floor":2,"gold_loss":0},{"damage_healed":0,"gold_gain":0,"player_choice":"Entered Light","damage_taken":22,"max_hp_gain":0,"max_hp_loss":0,"event_name":"Shining Light","floor":5,"gold_loss":0,"cards_upgraded":["Strike_P","FlurryOfBlows"]}],"is_beta":false,"boss_relics":[],"items_purged_floors":[],"is_endless":false,"potions_floor_spawned":[1,3,6],"killed_by":"Lagavulin","ascension_level":20}}