{"host":"684z1xpuwaoqmmh1","time":1611228852,"event":{"mods":["BaseMod","Downfall","Hermit","Jorbs\u0027s Wanderer Trilogy","Marisa????????","Minty Spire (QoL Compilation)","Robot Space Explorer","Shade Mod","StSLib","The Bug Knight","The Cursed","The Dragon Tamer","The Hayseed","The Hierophant","The Marked","The Mystic","The Runesmith","The Senshi"],"gold_per_floor":[99,115,131,131,141,316,316,316,40,70,87,87,116,131,143,248,248,48,58,74,91,76,99,99,118,118,151,164,175,186,310,323,323,323,323],"floor_reached":33,"language":"ENG","playtime":2203,"items_purged":["Doubt","bronze:Strike"],"score":333,"play_id":"8f21255d-a715-4eb7-a2f3-307291fa67c4","local_time":"20210121133412","is_ascension_mode":false,"campfire_choices":[{"data":"bronze:Goto","floor":1.0,"key":"SMITH"},{"floor":8.0,"key":"RECALL"},{"data":"bronze:SpaghettiCode","floor":18.0,"key":"SMITH"}],"circlet_count":0,"master_deck":["bronze:Strike","bronze:Strike","bronze:Strike","bronze:Defend","bronze:Defend","bronze:Defend","bronze:Defend","bronze:Replicate","bronze:Goto+1","Good Instincts","bronze:Branch","bronze:Branch","bronze:DelayedSlice","bronze:ForceShield","bronze:RecursiveStrike+1","bronze:ChildClass","bronze:DelayedSlice","bronze:Return","bronze:Mutator","bronze:SpaghettiCode+1","bronze:MaxOutput","bronze:Backtrace","bronze:Iterate+1","bronze:Format","bronze:DelayedGuard+1","bronze:ItsAFeature","bronze:WildBeam+1","bronze:Repair","bronze:Virus"],"relics":["bronze:BronzeCore","HornCleat","ClockworkSouvenir","CaptainsWheel","sneckomod:SneckoTalon","downfall:HeartBlessingRed","downfall:HeartBlessingGreen","Ancient Tea Set","Sundial","StoneCalendar","Membership Card"],"acts_visited":["Exordium","TheCity"],"potions_floor_usage":[],"damage_taken":[{"damage":0.0,"enemies":"2 Louse","floor":2.0,"turns":3.0},{"damage":0.0,"enemies":"Small Slimes","floor":3.0,"turns":3.0},{"damage":0.0,"enemies":"Cultist","floor":5.0,"turns":3.0},{"damage":0.0,"enemies":"downfall:FleeingMerchant","floor":9.0,"turns":4.0},{"damage":6.0,"enemies":"Gremlin Nob","floor":10.0,"turns":5.0},{"damage":0.0,"enemies":"Large Slime","floor":11.0,"turns":4.0},{"damage":0.0,"enemies":"HollowMod:MossKnight","floor":13.0,"turns":7.0},{"damage":0.0,"enemies":"Blue Slaver","floor":14.0,"turns":2.0},{"damage":0.0,"enemies":"3 Louse","floor":15.0,"turns":2.0},{"damage":63.0,"enemies":"SI_SHIV_ARCHETYPE","floor":16.0,"turns":11.0},{"damage":0.0,"enemies":"3 Byrds","floor":19.0,"turns":3.0},{"damage":0.0,"enemies":"Shell Parasite","floor":20.0,"turns":2.0},{"damage":0.0,"enemies":"Shelled Parasite and Fungi","floor":21.0,"turns":5.0},{"damage":0,"enemies":"downfall:FleeingMerchant","floor":22,"turns":4},{"damage":0,"enemies":"Snecko","floor":25,"turns":3},{"damage":0,"enemies":"HollowMod:Nosk","floor":27,"turns":5},{"damage":15,"enemies":"Snake Plant","floor":28,"turns":3},{"damage":0,"enemies":"Centurion and Healer","floor":29,"turns":4},{"damage":0,"enemies":"Snecko","floor":30,"turns":2},{"damage":0,"enemies":"downfall:FleeingMerchant","floor":31,"turns":3},{"damage":0,"enemies":"Sentry and Sphere","floor":32,"turns":3},{"damage":63,"enemies":"IC_MUSHROOM_ARCHETYPE","floor":33,"turns":6}],"seed_played":"-7851427188284872550","potions_obtained":[{"floor":2.0,"key":"Swift Potion"},{"floor":11.0,"key":"hexamod:SoulburnPotion"},{"floor":14.0,"key":"SteroidPotion"},{"floor":27,"key":"BlessingOfTheForge"},{"floor":29,"key":"SkillPotion"}],"is_trial":false,"path_per_floor":["R","M","M","?","M","?","T","R","$","E","M","?","E","M","M","B",null,"R","M","M","M","$","T","T","M","?","E","M","M","M","$","M","B"],"character_chosen":"THE_AUTOMATON","items_purchased":["ClockworkSouvenir","bronze:ForceShield","Membership Card"],"campfire_rested":0,"item_purchase_floors":[9,9,31],"current_hp_per_floor":[70,70,70,70,70,70,70,70,70,64,64,64,64,64,64,1,70,70,70,70,70,70,70,70,70,70,70,55,55,55,55,55,0,0,0],"gold":323,"neow_bonus":"RANDOM_COLORLESS","is_daily":false,"chose_seed":false,"campfire_upgraded":2,"win_rate":0.0,"timestamp":1611228852,"path_taken":["R","M","M","?","M","?","T","R","$","E","M","?","E","M","M","BOSS","R","M","M","M","$","?","T","M","?","E","M","M","M","$","M","BOSS"],"items_purchased_type":["Relic","Card","Relic"],"build_version":"2020-12-22","purchased_purges":2,"victory":false,"max_hp_per_floor":[70,70,70,70,70,70,70,70,70,70,70,70,70,70,70,70,70,70,70,70,70,70,70,70,70,70,70,70,70,70,70,70,70,70,70],"card_choices":[{"not_picked":["Madness","Bandage Up"],"picked":"Good Instincts","floor":0.0},{"not_picked":["bronze:FineTuning","bronze:BitShift","bronze:BuggyMess"],"picked":"SKIP","floor":2.0},{"not_picked":["bronze:OilSpill","bronze:ForLoop"],"picked":"bronze:Branch","floor":3.0},{"not_picked":["bronze:BuggyMess","bronze:GetLatest"],"picked":"bronze:Branch","floor":5.0},{"not_picked":["bronze:DelayedGuard","bronze:Allocate"],"picked":"bronze:DelayedSlice","floor":9.0},{"not_picked":["bronze:FineTuning","bronze:Frontload"],"picked":"bronze:RecursiveStrike","floor":10.0},{"not_picked":["bronze:Turbo","bronze:CloningBeam"],"picked":"bronze:ChildClass","floor":11.0},{"not_picked":["bronze:WildBeam","bronze:Deprecate"],"picked":"bronze:DelayedSlice","floor":13.0},{"not_picked":["bronze:BronzeArmor","bronze:CutThrough"],"picked":"bronze:Return","floor":14.0},{"not_picked":["bronze:Overheat","bronze:BitShift"],"picked":"bronze:Mutator","floor":15.0},{"not_picked":["bronze:Virus","bronze:BurnOut"],"picked":"bronze:SpaghettiCode","floor":16.0},{"not_picked":["bronze:Allocate","bronze:Overheat"],"picked":"bronze:MaxOutput","floor":19.0},{"not_picked":["bronze:OilSpill","bronze:Turbo"],"picked":"bronze:Backtrace","floor":20.0},{"not_picked":["bronze:Overload","bronze:Turbo"],"picked":"bronze:Iterate+1","floor":21.0},{"not_picked":["bronze:Overheat+1","bronze:Iterate"],"picked":"bronze:Format","floor":22},{"not_picked":["bronze:Frontload","bronze:Shield"],"picked":"bronze:DelayedGuard+1","floor":25},{"not_picked":["bronze:Iterate","bronze:ItsAFeature","bronze:Backtrace"],"picked":"SKIP","floor":27},{"not_picked":["bronze:BugBarrage+1","bronze:Philosophize"],"picked":"bronze:WildBeam+1","floor":28},{"not_picked":["bronze:Branch","bronze:CutThrough"],"picked":"bronze:Repair","floor":29},{"not_picked":["bronze:Safeguard+1","bronze:BitShift","bronze:DarkDash"],"picked":"SKIP","floor":30},{"not_picked":["bronze:ChosenStrike+1","bronze:ForceShield"],"picked":"bronze:Virus","floor":31},{"not_picked":["bronze:DelayedSlice","bronze:OilSpill","bronze:Overheat"],"picked":"SKIP","floor":32}],"player_experience":2885691,"relics_obtained":[{"floor":7.0,"key":"HornCleat"},{"floor":10.0,"key":"CaptainsWheel"},{"floor":23,"key":"Ancient Tea Set"},{"floor":24,"key":"Sundial"},{"floor":27,"key":"StoneCalendar"}],"event_choices":[{"damage_healed":0,"gold_gain":0,"player_choice":"Read","damage_taken":0,"max_hp_gain":0,"max_hp_loss":0,"event_name":"The Library","floor":26,"gold_loss":0,"cards_obtained":["bronze:ItsAFeature"]}],"is_beta":false,"boss_relics":[{"not_picked":["Coffee Dripper","Sozu"],"picked":"sneckomod:SneckoTalon"}],"items_purged_floors":[9,31],"is_endless":false,"potions_floor_spawned":[2,11,14,27,29,30,32],"killed_by":"IC_MUSHROOM_ARCHETYPE","ascension_level":0}}