{"host":"0wzx847a4uibrodg","time":1611260713,"event":{"mods":["ATMod(∞¢Ë™Mod)","Act Like it!","Aspiration","BaseMod","Gensokyo","KomeijiMod","Minty Spire (QoL Compilation)","Reimu£®≤©¿ˆ¡È√Œ£©","Replay The Spire","Spicy Shops","StSLib","The Cursed","UnlockEverythingMod","vexMod","°æ“≈ŒÔø®≈∆°øREMEMod"],"gold_per_floor":[114,126,141,155,167,167,201,201,224,240,259,259,272,288,288,391,391,410,425,425,438,100,100,133,133,157,157,157],"floor_reached":27,"language":"ZHS","playtime":1324,"items_purged":["Strike_Komeiji"],"score":262,"play_id":"e3be7c53-58a5-4c62-b35a-fc74a2dad0fd","local_time":"20210122042513","is_ascension_mode":true,"campfire_choices":[{"data":"SummerRed+","floor":6,"key":"SWEEP"},{"floor":12,"key":"REST"},{"floor":15,"key":"REST"},{"data":"Sabishigari+1","floor":23,"key":"SWEEP"},{"floor":25,"key":"REST"}],"circlet_count":0,"master_deck":["Strike_Komeiji","Strike_Komeiji","Strike_Komeiji","Defend_Komeiji","Dash_Komeiji","AT_RobotInSpace","Replay:Bag of Tricks","GasuOrimono","RikonNoKama+1","StickyBubble+","DemonLordCradle","SummerRed+","ShyakuBuku","CS_Komachi","Sabishigari+1","TerribleSouvenir","CondensedBubble+","RikonNoKama+1","IceTornado","HisouNoKen","Leg Sweep","Terror","Escape Plan","CondensedBubble+","GasuOrimono","Sabishigari+1","FlashOfSpring+"],"relics":["KomeijisEye","SpellCardsRule","MusicBox","AT_ATBox","REME_ComplimentaryCards","NeowsBlessing","AT_SunfireAegis","Bag of Preparation","Ring of Chaos","SpellExtend","Calipers","CrystalOfMemory","Regal Pillow"],"acts_visited":["Gensokyo:Gensokyo","TheCity"],"potions_floor_usage":[5,16,16,16,21],"damage_taken":[{"damage":0,"enemies":"Gensokyo:2_Kodama","floor":1,"turns":2},{"damage":0,"enemies":"Gensokyo:3_Fairies","floor":2,"turns":1},{"damage":0,"enemies":"Gensokyo:Python","floor":3,"turns":1},{"damage":9,"enemies":"Gensokyo:5_Fairies","floor":4,"turns":4},{"damage":10,"enemies":"Gensokyo:Gryphon_and_Rabbit","floor":5,"turns":5},{"damage":16,"enemies":"Gensokyo:Aya","floor":7,"turns":4},{"damage":21,"enemies":"Gensokyo:3_Kodama","floor":10,"turns":4},{"damage":0,"enemies":"Gensokyo:LivingMonolith","floor":11,"turns":2},{"damage":0,"enemies":"Gensokyo:5_Fairies","floor":13,"turns":3},{"damage":23,"enemies":"Gensokyo:Python_and_Kodama","floor":14,"turns":5},{"damage":17,"enemies":"Gensokyo:Yukari","floor":16,"turns":6},{"damage":1,"enemies":"2 Thieves","floor":18,"turns":4},{"damage":16,"enemies":"Shell Parasite","floor":19,"turns":8},{"damage":12,"enemies":"Chosen and Byrds","floor":21,"turns":5},{"damage":27,"enemies":"Slavers","floor":24,"turns":4},{"damage":30,"enemies":"Shelled Parasite and Fungi","floor":27,"turns":2}],"seed_played":"-222027044653719163","potions_obtained":[{"floor":4,"key":"EssenceOfSteel"},{"floor":5,"key":"Strength Potion"},{"floor":7,"key":"Energy Potion"},{"floor":10,"key":"ZuzhouPotion:ReiMu"},{"floor":19,"key":"PowerPotion"}],"is_trial":false,"path_per_floor":["M","M","M","M","M","R","E","?","T","M","M","R","M","M","R","B",null,"M","M","?","M","$","R","E","R","T","M"],"character_chosen":"KomeijiSatori","items_purchased":["GasuOrimono","SpellExtend"],"campfire_rested":3,"item_purchase_floors":[22,22],"current_hp_per_floor":[50,50,50,43,33,38,26,26,26,10,11,26,26,6,21,12,50,50,37,37,25,25,30,8,23,23,0,0],"gold":157,"neow_bonus":"THREE_ENEMY_KILL","is_daily":false,"chose_seed":false,"campfire_upgraded":0,"win_rate":0.0,"timestamp":1611260713,"path_taken":["M","M","M","M","M","R","E","?","T","M","M","R","M","?","R","BOSS","M","M","?","?","$","R","E","R","T","M"],"items_purchased_type":["Card","Relic"],"build_version":"2020-12-22","purchased_purges":1,"victory":false,"max_hp_per_floor":[50,50,50,50,50,50,50,50,50,50,50,50,50,50,50,50,50,50,50,50,50,50,50,50,50,50,50,50],"card_choices":[{"not_picked":["SeishiRoten+1","StickyBubble+"],"picked":"GasuOrimono","floor":1},{"not_picked":["MusuNoYume","MakuraSeki"],"picked":"SummerFlame+","floor":2},{"not_picked":["SelfTokamak","MusuNoYume"],"picked":"RikonNoKama+1","floor":3},{"not_picked":["KinbakuJin+1","ShyakuBuku"],"picked":"StickyBubble+","floor":4},{"not_picked":["KinbakuJin+1","SummerFlame+"],"picked":"DemonLordCradle","floor":5},{"not_picked":["StaticGreen+","JyouchiJin+1"],"picked":"ShyakuBuku","floor":7},{"not_picked":["MusuNoYume","MissingPower"],"picked":"Sabishigari+1","floor":10},{"not_picked":["DochyakuKami+1","DemonLordCradle"],"picked":"TerribleSouvenir","floor":11},{"not_picked":["HenyouMirume","KinbakuJin+1"],"picked":"CondensedBubble+","floor":13},{"not_picked":["Agarareta+1","NarrowSpark"],"picked":"RikonNoKama+1","floor":14},{"not_picked":["LunaticRedEyes","TenguhouSokujitsuken"],"picked":"IceTornado","floor":16},{"not_picked":["KinbakuJin+1","Melting+1"],"picked":"RikonNoKama+1","floor":18},{"not_picked":["RikonNoKama+1","ShyakuBuku"],"picked":"HisouNoKen","floor":19},{"not_picked":["RikonNoKama+1","SummerFlame+"],"picked":"CondensedBubble+","floor":21},{"not_picked":["ShyakuBuku","YoukiSo+1"],"picked":"FlashOfSpring+","floor":24}],"player_experience":75274,"relics_obtained":[{"floor":7,"key":"AT_SunfireAegis"},{"floor":9,"key":"Bag of Preparation"},{"floor":24,"key":"Calipers"},{"floor":24,"key":"CrystalOfMemory"},{"floor":26,"key":"Regal Pillow"}],"event_choices":[],"is_beta":false,"boss_relics":[{"not_picked":["REME_DemonsWealth","Cursed Key"],"picked":"Ring of Chaos"}],"items_purged_floors":[22],"is_endless":false,"potions_floor_spawned":[4,5,7,10,13,19],"killed_by":"Shelled Parasite and Fungi","ascension_level":2}}