{"host":"eeeqmyc7a1933jos","time":1611236929,"event":{"mods":["2.2 Compatiblity","Act Like it!","BaseMod","CapriCore","Colored Powertips","Conspire","Downfall","Elementarium","Friendly Minions","Gensokyo","GifTheSpireLib","Gremlin Mod","Hallownest","Hermit","Hubris","Infinite Spire","Jorbs\u0027s Wanderer Trilogy","Koishi","Marisa????????","Mimic Mod","Minty Spire (QoL Compilation)","Pale of the Ancients","Random Character Button","Random Character Mod","Rare Cards Sparkle","Reimu??????","Relic Sorter","Relic Stats","SIMod","StSLib","The Administrix","The Bug Knight","The Disciple","The Dragon Tamer","The Exalted","The Hierophant","The Immortal","The Marked","The Mystic","The Runesmith","The Senshi","The Servant 0.9.4","The Vixen","TheBandit","TheFirefly","Wandering Minibosses"],"gold_per_floor":[112,112,131,142,19,51,51,78,102,102,118,145,158,158,158,262,262,228,243,243,193,193],"floor_reached":21,"language":"ENG","playtime":2735,"items_purged":["Bromod:Strike_Bro"],"score":311,"play_id":"6be27961-aa04-433b-af0e-f41c936191d2","local_time":"20210121144849","is_ascension_mode":true,"campfire_choices":[{"data":"Bromod:NoReturn","floor":7,"key":"SMITH"},{"data":"Bromod:Flow","floor":10,"key":"SMITH"},{"data":"Bromod:TargetCracker","floor":15,"key":"SMITH"}],"circlet_count":0,"master_deck":["Bromod:Strike_Bro","Bromod:Defend_Bro","Bromod:Defend_Bro","Bromod:Defend_Bro","Bromod:Defend_Bro","Bromod:SlashDash","Bromod:SlashDash","Bromod:SlashDash","Bromod:Vitality","Bromod:NoReturn+1","Bromod:Foundry","Bromod:SlashDash","Bromod:Flow+1","Bromod:Reflection","Bromod:ShatteringImpact","Bromod:QuickDraw","Bromod:TargetCracker+1","Bromod:ExaltedBlade","Bromod:SlashDash","Bromod:Vitality+1"],"relics":["Bromod:Ordis","Bromod:AscarisDevice","Blood Vial","Lantern","hubris:OldNail","infinitespire:FocusingShard","hubris:Backtick","Bromod:BleedingDragonKey","Bromod:ExtinguishedDragonKey"],"acts_visited":["Exordium","TheCity"],"potions_floor_usage":[6,16,16,16,21],"damage_taken":[{"damage":0.0,"enemies":"Small Slimes","floor":1.0,"turns":3.0},{"damage":6.0,"enemies":"2 Louse","floor":3.0,"turns":5.0},{"damage":4.0,"enemies":"infinitespire:Voidling","floor":4.0,"turns":4.0},{"damage":21,"enemies":"Gremlin Nob","floor":6,"turns":4},{"damage":0,"enemies":"Lagavulin","floor":8,"turns":11},{"damage":2,"enemies":"conspire:2 RoseBushes","floor":11,"turns":9},{"damage":0,"enemies":"HollowMod:MossKnight","floor":12,"turns":12},{"damage":1,"enemies":"2 Fungi Beasts","floor":13,"turns":4},{"damage":25,"enemies":"Slime Boss","floor":16,"turns":13},{"damage":29,"enemies":"Shell Parasite","floor":18,"turns":10},{"damage":12,"enemies":"Chosen","floor":19,"turns":4},{"damage":21,"enemies":"Snecko","floor":21,"turns":9}],"seed_played":"-3117282004524902086","potions_obtained":[{"floor":1.0,"key":"Slimebound:ThreeZeroPotion"},{"floor":4.0,"key":"Bromod:AmmoRestore"},{"floor":11,"key":"ColorlessPotion"},{"floor":12,"key":"Bromod:ShieldRestore"},{"floor":19,"key":"ZuzhouPotion:ReiMu"}],"is_trial":false,"path_per_floor":["M","?","M","M","$","E","R","E","T","R","M","E","M","?","R","B",null,"M","M","?","M"],"character_chosen":"THE_EXALTED","items_purchased":["Bromod:SlashDash"],"campfire_rested":0,"item_purchase_floors":[5],"current_hp_per_floor":[82,79,75,73,73,54,54,56,56,56,56,58,59,59,59,46,82,53,43,21,0,0],"gold":193,"neow_bonus":"TEN_PERCENT_HP_BONUS","is_daily":false,"chose_seed":false,"campfire_upgraded":3,"win_rate":0.0,"timestamp":1611236929,"path_taken":["M","?","M","M","$","E","R","E","T","R","M","E","M","?","R","BOSS","M","M","?","M"],"items_purchased_type":["Card"],"build_version":"2020-12-22","purchased_purges":1,"victory":false,"max_hp_per_floor":[82,82,82,82,82,82,82,82,82,82,82,82,82,82,82,82,82,82,82,21,21,21],"relic_stats":{"Blood Vial":18,"counters":[12,88],"obtain_stats":[{"Blood Vial":2,"Bromod:AscarisDevice":0,"Lantern":8,"hubris:Backtick":17,"Gremlin Horn":6,"Shuriken":17,"Bromod:ExtinguishedDragonKey":20,"infinitespire:FocusingShard":12,"Bromod:BleedingDragonKey":20,"Bromod:Ordis":0,"hubris:OldNail":9},{"Blood Vial":1,"Bromod:AscarisDevice":0,"Lantern":5,"hubris:Backtick":9,"Gremlin Horn":4,"Shuriken":9,"Bromod:ExtinguishedDragonKey":11,"infinitespire:FocusingShard":7,"Bromod:BleedingDragonKey":11,"Bromod:Ordis":0,"hubris:OldNail":5},{"Blood Vial":3,"Bromod:AscarisDevice":0,"Lantern":27,"hubris:Backtick":65,"Gremlin Horn":16,"Shuriken":65,"Bromod:ExtinguishedDragonKey":79,"infinitespire:FocusingShard":48,"Bromod:BleedingDragonKey":79,"Bromod:Ordis":0,"hubris:OldNail":27}]},"card_choices":[{"not_picked":["Bromod:ShatteringImpact","Bromod:SpeedTrigger"],"picked":"Bromod:Vitality","floor":1.0},{"not_picked":["Bromod:Maglev","Bromod:KillingBlow"],"picked":"Bromod:NoReturn","floor":3.0},{"not_picked":["Bromod:SteelFiber","Bromod:PointStrike"],"picked":"Bromod:Foundry","floor":4.0},{"not_picked":["Bromod:ShatteringImpact","Bromod:Rejuvenation"],"picked":"Bromod:Flow","floor":6},{"not_picked":["Bromod:QuickDraw","Bromod:PointStrike"],"picked":"Bromod:Reflection","floor":8},{"not_picked":["Bromod:BriefRespite","Bromod:RadialBlind"],"picked":"Bromod:ShatteringImpact","floor":11},{"not_picked":["Bromod:Vitality","Bromod:PointStrike"],"picked":"Bromod:QuickDraw","floor":12},{"not_picked":["Bromod:OrganShatter","Bromod:EnergySiphon"],"picked":"Bromod:TargetCracker","floor":13},{"not_picked":["Bromod:Thunderbolt","Bromod:Berserker"],"picked":"Bromod:ExaltedBlade","floor":16},{"not_picked":["Bromod:TacticalPump","Bromod:Stretch"],"picked":"Bromod:SlashDash","floor":18},{"not_picked":["Bromod:SlipMagazine","Bromod:BodyCount"],"picked":"Bromod:Vitality+1","floor":19}],"player_experience":1717226,"relics_obtained":[{"floor":6,"key":"Gremlin Horn"},{"floor":8,"key":"Lantern"},{"floor":9,"key":"hubris:OldNail"},{"floor":12,"key":"infinitespire:FocusingShard"}],"event_choices":[{"damage_healed":0.0,"max_hp_gain":0.0,"max_hp_loss":0.0,"gold_gain":0.0,"event_name":"Scrap Ooze","player_choice":"Success","floor":2.0,"gold_loss":0.0,"damage_taken":3.0,"relics_obtained":["Blood Vial"]}],"is_beta":false,"boss_relics":[{"not_picked":["bronze:MakeshiftBattery","Bromod:ArcaneGrace"],"picked":"hubris:Backtick"}],"items_purged_floors":[5],"is_endless":false,"potions_floor_spawned":[1,4,11,12,19],"killed_by":"Snecko","ascension_level":3}}