{"host":"uv231blk40vjdojr","time":1611254720,"event":{"mods":["AchievementEnabler","BaseMod","Bestiary","Minty Spire (QoL Compilation)","Relic Stats"],"gold_per_floor":[111,125,125,148,164,202,7,43,43,59,84,110,110,125,125,221,221,202,225,60,60,60,60,86,86,86,86,11,36,52,66,66,140,140,151,151,151,51,101,101,134,134,185,185,95,125,105,116,116,116,116],"floor_reached":50,"language":"ENG","playtime":2225,"items_purged":["Concentrate","Strike_G"],"score":1138,"play_id":"9bb9c864-bfc8-4401-a737-7dc3ee519194","local_time":"20210121194520","is_ascension_mode":true,"campfire_choices":[{"floor":13,"key":"REST"},{"data":"Malaise","floor":15,"key":"SMITH"},{"floor":23,"key":"REST"},{"floor":25,"key":"REST"},{"data":"Catalyst","floor":32,"key":"SMITH"},{"data":"Backflip","floor":40,"key":"SMITH"},{"floor":42,"key":"REST"},{"floor":44,"key":"RECALL"},{"floor":49,"key":"REST"}],"circlet_count":0,"master_deck":["AscendersBane","Strike_G","Strike_G+1","Defend_G","Defend_G","Defend_G","Defend_G","Defend_G","Survivor+1","Neutralize+1","Poisoned Stab","Bouncing Flask","Crippling Poison","Noxious Fumes","Leg Sweep","Malaise+1","Doppelganger","Backflip+1","Dagger Spray","Reflex","Corpse Explosion","Catalyst+1","Adrenaline","Finesse+1","Wraith Form v2","After Image"],"relics":["Ring of the Serpent","Centennial Puzzle","Bloody Idol","Whetstone","Akabeko","Sling","Omamori","Odd Mushroom","Runic Dome","Chemical X","Juzu Bracelet","Letter Opener","Art of War","Singing Bowl","War Paint","Incense Burner"],"acts_visited":["Exordium","TheCity","TheBeyond"],"potions_floor_usage":[6,16,24,24,35,48],"damage_taken":[{"damage":0,"enemies":"2 Louse","floor":1,"turns":4},{"damage":4,"enemies":"Jaw Worm","floor":2,"turns":3},{"damage":0,"enemies":"Cultist","floor":5,"turns":3},{"damage":12,"enemies":"Lagavulin","floor":6,"turns":5},{"damage":8,"enemies":"Gremlin Nob","floor":8,"turns":3},{"damage":8,"enemies":"Looter","floor":10,"turns":2},{"damage":1,"enemies":"2 Fungi Beasts","floor":11,"turns":4},{"damage":9,"enemies":"The Mushroom Lair","floor":12,"turns":5},{"damage":3,"enemies":"Blue Slaver","floor":14,"turns":4},{"damage":5,"enemies":"Hexaghost","floor":16,"turns":10},{"damage":12,"enemies":"2 Thieves","floor":18,"turns":5},{"damage":5,"enemies":"3 Byrds","floor":19,"turns":5},{"damage":26,"enemies":"Slavers","floor":24,"turns":6},{"damage":14,"enemies":"Book of Stabbing","floor":29,"turns":7},{"damage":12,"enemies":"Cultist and Chosen","floor":30,"turns":4},{"damage":0,"enemies":"Snake Plant","floor":31,"turns":6},{"damage":26,"enemies":"Collector","floor":33,"turns":7},{"damage":4,"enemies":"3 Shapes","floor":35,"turns":2},{"damage":44,"enemies":"Giant Head","floor":41,"turns":8},{"damage":20,"enemies":"Nemesis","floor":46,"turns":7},{"damage":0,"enemies":"Orb Walker","floor":48,"turns":5},{"damage":55,"enemies":"Awakened One","floor":50,"turns":9}],"seed_played":"3230839678836781537","potions_obtained":[{"floor":2,"key":"Weak Potion"},{"floor":5,"key":"Energy Potion"},{"floor":11,"key":"GhostInAJar"},{"floor":12,"key":"Poison Potion"},{"floor":16,"key":"FearPotion"},{"floor":19,"key":"DuplicationPotion"},{"floor":29,"key":"Poison Potion"},{"floor":31,"key":"Explosive Potion"},{"floor":35,"key":"PowerPotion"},{"floor":47,"key":"SkillPotion"}],"is_trial":false,"path_per_floor":["M","M","?","T","M","E","$","E","T","M","M","?","R","M","R","B",null,"M","M","$","?","?","R","E","R","T","?","$","E","M","M","R","B",null,"M","?","?","$","?","R","E","R","T","R","$","E","?","M","R","B"],"character_chosen":"THE_SILENT","items_purchased":["Noxious Fumes","Sling","Chemical X","Wraith Form v2"],"campfire_rested":5,"item_purchase_floors":[7,7,20,45],"current_hp_per_floor":[59,55,55,55,55,43,43,35,35,27,26,17,35,32,32,27,52,40,35,35,35,35,53,32,50,50,50,50,41,34,39,39,18,50,51,51,51,51,56,56,19,37,42,42,42,27,27,34,53,0,0],"gold":116,"neow_bonus":"RANDOM_COMMON_RELIC","is_daily":false,"chose_seed":false,"campfire_upgraded":3,"win_rate":0.0,"timestamp":1611254720,"path_taken":["M","M","?","?","M","E","$","E","T","M","M","?","R","?","R","BOSS","M","?","$","?","?","R","E","R","T","?","?","E","M","M","R","BOSS","M","?","?","$","?","R","E","R","T","R","$","E","?","M","R","BOSS"],"items_purchased_type":["Card","Relic","Relic","Card"],"build_version":"2020-12-22","purchased_purges":2,"victory":false,"max_hp_per_floor":[66,66,60,60,60,60,60,60,60,60,60,60,60,60,60,60,60,60,60,60,60,60,60,60,60,60,60,60,60,60,60,60,60,60,60,60,60,60,60,60,62,62,62,62,62,62,62,64,64,64,64],"relic_stats":{"Centennial Puzzle":[54],"Singing Bowl":4,"counters":[22,114],"Bloody Idol":55,"Juzu Bracelet":1,"Art of War":[17],"Whetstone":["Neutralize","Strike_G"],"Chemical X":[19],"Letter Opener":[222],"War Paint":["Finesse","Survivor"],"obtain_stats":[{"Singing Bowl":41,"Golden Idol":3,"Omamori":8,"Juzu Bracelet":24,"Incense Burner":46,"Whetstone":4,"Letter Opener":26,"Odd Mushroom":12,"War Paint":43,"Sling":7,"Akabeko":6,"Runic Dome":17,"Centennial Puzzle":0,"Bloody Idol":21,"Art of War":29,"Chemical X":20,"Ring of the Serpent":34,"Ring of the Snake":0},{"Singing Bowl":19,"Golden Idol":2,"Omamori":5,"Juzu Bracelet":13,"Incense Burner":20,"Whetstone":2,"Letter Opener":13,"Odd Mushroom":8,"War Paint":19,"Sling":4,"Akabeko":4,"Runic Dome":10,"Centennial Puzzle":0,"Bloody Idol":12,"Art of War":14,"Chemical X":12,"Ring of the Serpent":17,"Ring of the Snake":0},{"Singing Bowl":93,"Golden Idol":7,"Omamori":18,"Juzu Bracelet":59,"Incense Burner":100,"Whetstone":7,"Letter Opener":59,"Odd Mushroom":29,"War Paint":93,"Sling":15,"Akabeko":15,"Runic Dome":43,"Centennial Puzzle":0,"Bloody Idol":53,"Art of War":66,"Chemical X":53,"Ring of the Serpent":83,"Ring of the Snake":0}]},"card_choices":[{"not_picked":["Outmaneuver","Quick Slash"],"picked":"Poisoned Stab","floor":1},{"not_picked":["Outmaneuver","All Out Attack"],"picked":"Bouncing Flask","floor":2},{"not_picked":["Concentrate","Infinite Blades"],"picked":"Sucker Punch","floor":5},{"not_picked":["Skewer","Deflect"],"picked":"Crippling Poison","floor":6},{"not_picked":["Deadly Poison","Setup"],"picked":"Leg Sweep","floor":8},{"not_picked":["Backstab","Slice","Deflect"],"picked":"SKIP","floor":10},{"not_picked":["Blur","Caltrops"],"picked":"Malaise","floor":11},{"not_picked":["Underhanded Strike","Backflip","Outmaneuver"],"picked":"SKIP","floor":14},{"not_picked":["Die Die Die","Phantasmal Killer"],"picked":"Doppelganger","floor":16},{"not_picked":["Setup","Deflect"],"picked":"Backflip","floor":18},{"not_picked":["Riddle With Holes","Underhanded Strike"],"picked":"Dagger Spray","floor":19},{"not_picked":["Underhanded Strike","Heel Hook"],"picked":"Corpse Explosion","floor":24},{"not_picked":["Outmaneuver","Poisoned Stab","Bane"],"picked":"SKIP","floor":29},{"not_picked":["Dagger Throw","Tactician","Infinite Blades"],"picked":"SKIP","floor":30},{"not_picked":["Bouncing Flask","Endless Agony+1","Sucker Punch"],"picked":"SKIP","floor":31},{"not_picked":["Tools of the Trade","Unload"],"picked":"Adrenaline","floor":33},{"not_picked":["Skewer","Backflip","Bane"],"picked":"SKIP","floor":35},{"not_picked":["Enlightenment","Magnetism"],"picked":"Finesse","floor":37},{"not_picked":["Calculated Gamble","Heel Hook","Infinite Blades"],"picked":"Singing Bowl","floor":41},{"not_picked":["Riddle With Holes","Backstab"],"picked":"After Image","floor":46},{"not_picked":["Endless Agony","Dash","Backflip"],"picked":"Singing Bowl","floor":48}],"player_experience":711725,"relics_obtained":[{"floor":4,"key":"Whetstone"},{"floor":6,"key":"Akabeko"},{"floor":8,"key":"Omamori"},{"floor":12,"key":"Odd Mushroom"},{"floor":24,"key":"Juzu Bracelet"},{"floor":26,"key":"Letter Opener"},{"floor":29,"key":"Art of War"},{"floor":41,"key":"Singing Bowl"},{"floor":43,"key":"War Paint"},{"floor":46,"key":"Incense Burner"}],"event_choices":[{"damage_healed":0,"gold_gain":0,"player_choice":"Lose Max HP","damage_taken":0,"relics_obtained":["Golden Idol"],"max_hp_gain":0,"max_hp_loss":6,"event_name":"Golden Idol","floor":3,"gold_loss":0},{"damage_healed":0,"gold_gain":0,"player_choice":"Fought Mushrooms","damage_taken":0,"max_hp_gain":0,"max_hp_loss":0,"event_name":"Mushrooms","floor":12,"gold_loss":0},{"damage_healed":0,"gold_gain":0,"player_choice":"Gave Idol","damage_taken":0,"relics_obtained":["Bloody Idol"],"max_hp_gain":0,"max_hp_loss":0,"event_name":"Forgotten Altar","floor":21,"relics_lost":["Golden Idol"],"gold_loss":0},{"damage_healed":0,"gold_gain":0,"cards_transformed":["Strike_G","Strike_G"],"player_choice":"Became Test Subject","damage_taken":0,"max_hp_gain":0,"max_hp_loss":0,"event_name":"Drug Dealer","floor":22,"gold_loss":0,"cards_obtained":["Concentrate","Reflex"]},{"damage_healed":0,"gold_gain":0,"player_choice":"Read","damage_taken":0,"max_hp_gain":0,"max_hp_loss":0,"event_name":"The Library","floor":27,"gold_loss":0,"cards_obtained":["Catalyst"]},{"cards_removed":["Sucker Punch"],"damage_healed":0,"gold_gain":0,"player_choice":"Removed Attack","damage_taken":0,"max_hp_gain":0,"max_hp_loss":0,"event_name":"Falling","floor":36,"gold_loss":0},{"damage_healed":0,"gold_gain":0,"player_choice":"Memory 1","damage_taken":0,"max_hp_gain":0,"max_hp_loss":0,"event_name":"SensoryStone","floor":37,"gold_loss":0},{"damage_healed":0,"gold_gain":50,"player_choice":"Pray","damage_taken":0,"max_hp_gain":0,"max_hp_loss":0,"event_name":"Golden Shrine","floor":39,"gold_loss":0},{"damage_healed":0,"gold_gain":0,"player_choice":"Bought 1 Potion","damage_taken":0,"max_hp_gain":0,"max_hp_loss":0,"event_name":"The Woman in Blue","floor":47,"gold_loss":0}],"is_beta":false,"boss_relics":[{"not_picked":["Pandora\u0027s Box","SlaversCollar"],"picked":"Runic Dome"},{"not_picked":["SacredBark","Sozu"],"picked":"Ring of the Serpent"}],"items_purged_floors":[28,38],"is_endless":false,"potions_floor_spawned":[2,5,11,12,16,19,29,31,35,46],"killed_by":"Awakened One","ascension_level":20}}