{"host":"sav7uxregyirlf69","time":1611211344,"event":{"mods":["AchievementEnabler","BaseMod","Colored Map","DeckTracker","Keyboard Shortcuts","Minty Spire (QoL Compilation)","READ ME - Guardian Mod","StSLib","SuperFastMode"],"gold_per_floor":[111,125,200,218,218,218,230,264,300,312,130,130,150,166,166,166,166],"floor_reached":16,"language":"KOR","playtime":248,"items_purged":["Strike_R"],"score":204,"play_id":"43701f97-95b0-4f0d-8d2c-a9cb2c18b8bb","local_time":"20210121154224","is_ascension_mode":true,"campfire_choices":[{"data":"Whirlwind","floor":6,"key":"SMITH"},{"data":"Shockwave","floor":10,"key":"SMITH"},{"data":"Evolve","floor":15,"key":"SMITH"}],"circlet_count":0,"master_deck":["AscendersBane","Strike_R","Strike_R","Strike_R","Strike_R","Defend_R","Defend_R","Defend_R","Defend_R","Bash","Whirlwind+1","Shockwave+1","Pommel Strike","Evolve+1"],"relics":["Burning Blood","MawBank","Omamori"],"acts_visited":["Exordium"],"potions_floor_usage":[8,8,16],"damage_taken":[{"damage":9,"enemies":"Small Slimes","floor":1,"turns":4},{"damage":4,"enemies":"2 Louse","floor":2,"turns":2},{"damage":9,"enemies":"Jaw Worm","floor":4,"turns":4},{"damage":10,"enemies":"Gremlin Gang","floor":7,"turns":2},{"damage":5,"enemies":"3 Sentries","floor":8,"turns":2},{"damage":17,"enemies":"Blue Slaver","floor":13,"turns":5},{"damage":17,"enemies":"Looter","floor":14,"turns":3},{"damage":32,"enemies":"Hexaghost","floor":16,"turns":5}],"seed_played":"4261011295452277888","potions_obtained":[{"floor":4,"key":"Swift Potion"},{"floor":7,"key":"Explosive Potion"},{"floor":8,"key":"Regen Potion"}],"is_trial":false,"path_per_floor":["M","M","?","M","?","R","M","E","T","R","$","?","M","M","R","B"],"character_chosen":"IRONCLAD","items_purchased":["Evolve","DuplicationPotion"],"campfire_rested":0,"item_purchase_floors":[11,11],"current_hp_per_floor":[72,74,63,60,65,65,61,62,62,62,62,62,51,40,40,8,8],"gold":166,"neow_bonus":"TEN_PERCENT_HP_BONUS","is_daily":false,"chose_seed":false,"campfire_upgraded":3,"win_rate":0.0,"timestamp":1611211344,"path_taken":["M","M","?","M","?","R","M","E","T","R","$","?","M","?","R","BOSS"],"items_purchased_type":["Card","Potion"],"build_version":"2020-12-22","purchased_purges":1,"victory":false,"max_hp_per_floor":[82,82,82,82,87,87,87,87,87,87,87,87,87,87,87,87,87],"card_choices":[{"not_picked":["Sword Boomerang","Twin Strike"],"picked":"Whirlwind","floor":1},{"not_picked":["Body Slam","Demon Form"],"picked":"Shockwave","floor":2},{"not_picked":["Body Slam","Metallicize","Whirlwind"],"picked":"SKIP","floor":4},{"not_picked":["Heavy Blade","Clothesline","Armaments"],"picked":"SKIP","floor":7},{"not_picked":["Dropkick","Clash"],"picked":"Pommel Strike","floor":8},{"not_picked":["Sword Boomerang","Burning Pact","Perfected Strike"],"picked":"SKIP","floor":13},{"not_picked":["Iron Wave","Anger","Heavy Blade"],"picked":"SKIP","floor":14}],"player_experience":1342180,"relics_obtained":[{"floor":8,"key":"MawBank"},{"floor":9,"key":"Omamori"}],"event_choices":[{"damage_healed":0,"gold_gain":75,"player_choice":"Gather Gold","damage_taken":11,"max_hp_gain":0,"max_hp_loss":0,"event_name":"World of Goop","floor":3,"gold_loss":0},{"damage_healed":0,"gold_gain":0,"player_choice":"Donut","damage_taken":0,"max_hp_gain":5,"max_hp_loss":0,"event_name":"Big Fish","floor":5,"gold_loss":0},{"damage_healed":0,"gold_gain":0,"player_choice":"Got Potions","damage_taken":0,"max_hp_gain":0,"max_hp_loss":0,"event_name":"Lab","floor":12,"gold_loss":0}],"is_beta":false,"boss_relics":[],"items_purged_floors":[11],"is_endless":false,"potions_floor_spawned":[4,7,8],"killed_by":"Hexaghost","ascension_level":20}}