{"host":"hbel9g7s7ibv8po6","time":1611226744,"event":{"mods":["Act Like it!","BaseMod","Duelist Mod","Minty Spire (QoL Compilation)","StSLib"],"gold_per_floor":[143,318,318,333,126,153,153,153,153,153,165,165,165,198,198,299,299,312,312,21,34,48,75,75,85,85,85,120,120,120,147,147,246,246,260,260,279,195,0,26,26,42,113,147,162,162,194,212,212,212,212,212,86,120,120],"floor_reached":56,"language":"ENG","playtime":2289,"items_purged":["Doubt","theDuelist:YellowBelliedOni+1"],"score":2160,"play_id":"6be5084d-50ad-4f1b-ba13-c08ea80b03de","local_time":"20210121185904","is_ascension_mode":true,"campfire_choices":[{"data":"theDuelist:RareDragonMetronome","floor":7.0,"key":"SMITH"},{"data":"theDuelist:Metronome","floor":10.0,"key":"SMITH"},{"data":"theDuelist:PowerMetronome","floor":15.0,"key":"SMITH"},{"data":"theDuelist:MegatypeMetronome","floor":24.0,"key":"SMITH"},{"floor":30.0,"key":"RECALL"},{"floor":32.0,"key":"REST"},{"data":"theDuelist:Wiretap+3","floor":46,"key":"SMITH"},{"floor":49,"key":"REST"},{"floor":52,"key":"REST"}],"circlet_count":0,"master_deck":["theDuelist:AttackMetronome+1","theDuelist:AttackMetronome+1","theDuelist:BlockMetronome+1","theDuelist:MegatypeMetronome+1","theDuelist:SkillMetronome+1","theDuelist:Metronome+1","theDuelist:SolemnStrike+1","theDuelist:TrapMetronome+1","theDuelist:RareDragonMetronome+1","theDuelist:BlockMetronome+1","theDuelist:GhostrickMetronome+1","theDuelist:BlockSpellMetronome+1","theDuelist:AttackMetronome+1","theDuelist:BlockMetronome+1","theDuelist:ScrapFactory+1","theDuelist:BlockMetronome+1","theDuelist:WyrmMetronome+1","theDuelist:Metronome+1","theDuelist:SkillMetronome+1","theDuelist:RareAttackMetronome+1","theDuelist:UncommonAttackMetronome+1","theDuelist:BlockSpellMetronome+1","theDuelist:ArcaneSpellMetronome+1","Madness+1","Madness+1","theDuelist:Wiretap+4","theDuelist:PowerMetronome+1"],"relics":["theDuelist:MillenniumPuzzle","theDuelist:CardPoolRelic","theDuelist:CardPoolBasicRelic","theDuelist:BoosterPackPoolRelic","theDuelist:CardPoolAddRelic","theDuelist:CardPoolMinusRelic","theDuelist:CardPoolSaveRelic","theDuelist:CardPoolOptionsRelic","theDuelist:MillenniumRing","theDuelist:MerchantPendant","Bag of Marbles","Ginger","Philosopher\u0027s Stone","Unceasing Top","Frozen Eye","Shuriken","HornCleat","Sundial","theDuelist:MetronomeRelicB","Frozen Egg 2","Smiling Mask","theDuelist:MetronomeRelicA","Spirit Poop","Red Mask","theDuelist:MonsterEggRelic","InkBottle","Red Skull","Self Forming Clay"],"acts_visited":["Exordium","TheCity","TheBeyond","TheEnding"],"potions_floor_usage":[50,55,55],"damage_taken":[{"damage":0.0,"enemies":"2 Louse","floor":1.0,"turns":1.0},{"damage":0.0,"enemies":"Jaw Worm","floor":4.0,"turns":3.0},{"damage":14.0,"enemies":"3 Sentries","floor":6.0,"turns":3.0},{"damage":0.0,"enemies":"Cultist","floor":11.0,"turns":1.0},{"damage":8.0,"enemies":"Gremlin Nob","floor":14.0,"turns":3.0},{"damage":20.0,"enemies":"The Guardian","floor":16.0,"turns":5.0},{"damage":10.0,"enemies":"Shell Parasite","floor":18.0,"turns":2.0},{"damage":11.0,"enemies":"2 Thieves","floor":21.0,"turns":3.0},{"damage":0.0,"enemies":"Centurion and Healer","floor":22.0,"turns":3.0},{"damage":11.0,"enemies":"theDuelist:KaibaA2","floor":23.0,"turns":4.0},{"damage":9.0,"enemies":"Cultist and Chosen","floor":25.0,"turns":3.0},{"damage":0.0,"enemies":"Slavers","floor":28.0,"turns":3.0},{"damage":2.0,"enemies":"Book of Stabbing","floor":31.0,"turns":3.0},{"damage":35.0,"enemies":"Automaton","floor":33.0,"turns":9.0},{"damage":6.0,"enemies":"3 Shapes","floor":35.0,"turns":2.0},{"damage":0.0,"enemies":"3 Darklings","floor":37.0,"turns":2.0},{"damage":0.0,"enemies":"Reptomancer","floor":40.0,"turns":3.0},{"damage":5.0,"enemies":"Writhing Mass","floor":42.0,"turns":3.0},{"damage":0.0,"enemies":"Giant Head","floor":44.0,"turns":5.0},{"damage":0,"enemies":"Maw","floor":45,"turns":3},{"damage":0,"enemies":"Reptomancer","floor":47,"turns":3},{"damage":0,"enemies":"4 Shapes","floor":48,"turns":1},{"damage":45,"enemies":"Awakened One","floor":50,"turns":5},{"damage":0,"enemies":"Shield and Spear","floor":54,"turns":2},{"damage":25,"enemies":"The Heart","floor":55,"turns":4}],"seed_played":"7764126987237710817","potions_obtained":[{"floor":1.0,"key":"SteroidPotion"},{"floor":4.0,"key":"theDuelist:FireBottle"},{"floor":25.0,"key":"theDuelist:FusionPotion"},{"floor":31.0,"key":"theDuelist:FireBottle"},{"floor":35.0,"key":"theDuelist:FreezingPotion"}],"is_trial":false,"path_per_floor":["M","?","T","M","$","E","R","?","T","R","M","?","?","E","R","B",null,"M","?","$","M","M","E","R","M","T","T","E","?","R","E","R","B",null,"M","?","M","?","?","E","?","M","T","E","M","R","E","M","R","B",null,"R","$","E","B",null],"character_chosen":"THE_DUELIST","items_purchased":["theDuelist:MerchantPendant","theDuelist:WyrmMetronome","theDuelist:MegatypeMetronome","Unceasing Top","theDuelist:PowerMetronome+1"],"campfire_rested":3,"item_purchase_floors":[5,5,5,20,53],"current_hp_per_floor":[72,72,72,72,72,58,58,58,58,58,58,58,80,72,72,52,73,63,63,63,52,52,41,41,32,32,32,32,32,32,30,54,19,65,59,59,59,59,59,59,49,44,44,44,44,44,44,44,68,23,66,80,80,80,55],"gold":120,"neow_bonus":"REMOVE_CARD","is_daily":false,"chose_seed":false,"campfire_upgraded":5,"win_rate":0.0,"timestamp":1611226744,"path_taken":["M","?","?","?","$","E","R","?","T","R","M","?","?","E","R","BOSS","M","?","$","M","M","E","R","M","T","?","E","?","R","E","R","BOSS","M","?","?","?","?","E","?","M","T","E","M","R","E","M","R","BOSS","R","$","E","BOSS"],"items_purchased_type":["Relic","Card","Card","Relic","Card"],"build_version":"2020-12-22","purchased_purges":2,"victory":true,"max_hp_per_floor":[80,80,80,80,80,80,80,80,80,80,80,80,80,80,80,80,80,80,80,80,80,80,80,80,80,80,80,80,80,80,80,80,80,80,80,80,80,80,80,80,80,80,80,80,80,80,80,80,80,80,80,80,80,80,80],"card_choices":[{"not_picked":["theDuelist:TrapMetronome","theDuelist:SkillMetronome","theDuelist:MetalRaidersMetronome","theDuelist:MayakashiMetronome"],"picked":"theDuelist:RareDragonMetronome","floor":1.0},{"not_picked":["theDuelist:BigFire","theDuelist:GauntletWarrior","theDuelist:AttackTheMoon","theDuelist:WormWarlord"],"picked":"theDuelist:SolemnStrike","floor":4.0},{"not_picked":["theDuelist:WarriorMetronome","theDuelist:StampedingMetronome","theDuelist:PowerMetronome","theDuelist:PlantMetronome","theDuelist:NaturiaMetronome"],"picked":"SKIP","floor":6.0},{"not_picked":["theDuelist:PelagicMetronome","theDuelist:OrbMetronome","theDuelist:MonsterMetronome","theDuelist:ArcaneMetronome"],"picked":"theDuelist:BlockSpellMetronome","floor":11.0},{"not_picked":["theDuelist:BattleguardKing","theDuelist:ClearKuriboh","theDuelist:GraniteLoyalist","theDuelist:WormWarlord","theDuelist:BattleOx"],"picked":"SKIP","floor":14.0},{"not_picked":["theDuelist:VampireMetronome","theDuelist:UncommonAttackMetronome","theDuelist:RareMetronome","theDuelist:LegendBlueEyesMetronome"],"picked":"theDuelist:RareAttackMetronome+1","floor":18.0},{"not_picked":["theDuelist:EvilswarmHeliotrope","theDuelist:Sangan","theDuelist:MagicalStone","theDuelist:PurplePainOni","theDuelist:RedHeadedOni"],"picked":"SKIP","floor":21.0},{"not_picked":["theDuelist:BattleguardKing","theDuelist:GraniteLoyalist","theDuelist:LabyrinthWall","theDuelist:EarthEffigy"],"picked":"theDuelist:ScrapFactory","floor":22.0},{"not_picked":["theDuelist:BattleguardKing","theDuelist:BigFire","theDuelist:FuryFire","theDuelist:Sangan","theDuelist:Raigeki"],"picked":"SKIP","floor":23.0},{"not_picked":["theDuelist:ClearKuriboh+1","theDuelist:WormApocalypse","theDuelist:Blockman","theDuelist:MillenniumShield","theDuelist:SolemnStrike"],"picked":"SKIP","floor":25.0},{"not_picked":["theDuelist:Sangan+1","theDuelist:WormKing","theDuelist:OneForOne","theDuelist:RedMedicine","theDuelist:BigEye"],"picked":"SKIP","floor":28.0},{"not_picked":["theDuelist:WormKing","theDuelist:HarpieFeather","theDuelist:MillenniumShield","theDuelist:ForbiddenLance"],"picked":"theDuelist:YellowBelliedOni+1","floor":31.0},{"not_picked":["theDuelist:DeskbotMetronome+1","theDuelist:FiendMetronome","theDuelist:InsectMetronome","theDuelist:MonsterMetronome"],"picked":"theDuelist:GhostrickMetronome+1","floor":35.0},{"not_picked":["theDuelist:BattleOx","theDuelist:MillenniumGolem+1","theDuelist:GraniteLoyalist","theDuelist:ClearKuriboh+1","theDuelist:WormKing+1"],"picked":"SKIP","floor":37.0},{"not_picked":["theDuelist:BattleguardKing","theDuelist:ClearKuriboh","theDuelist:Sangan","theDuelist:BattleOx+1","theDuelist:DestroyerGolem"],"picked":"SKIP","floor":40.0},{"not_picked":["theDuelist:GauntletWarrior+1","theDuelist:MillenniumGolem","theDuelist:FeatherPho+1","theDuelist:MagicHoleGolem"],"picked":"theDuelist:Wiretap+2","floor":42.0},{"not_picked":["theDuelist:AttackMetronome","theDuelist:DeskbotMetronome+1","theDuelist:MachineMetronome","theDuelist:PotMetronome","theDuelist:PowerMetronome+1"],"picked":"SKIP","floor":44.0},{"not_picked":["theDuelist:BattleguardKing","theDuelist:BattleOx","theDuelist:WormKing+1","theDuelist:EarthquakeGiant+1","theDuelist:GaiaMidNightSun+1"],"picked":"SKIP","floor":45},{"not_picked":["theDuelist:BigFire+1","theDuelist:EarthquakeGiant","theDuelist:GiantSoldierSteel","theDuelist:MagicHoleGolem","theDuelist:Wiretap"],"picked":"SKIP","floor":47},{"not_picked":["theDuelist:EvilswarmHeliotrope+1","theDuelist:OneForOne+1","theDuelist:BigKoala","theDuelist:BigFire+1","theDuelist:Sangan"],"picked":"SKIP","floor":48},{"not_picked":["theDuelist:MillenniumGolem+1","theDuelist:AttackTheMoon+1","theDuelist:Raigeki+1","theDuelist:Sangan+1","theDuelist:Blockman+1"],"picked":"SKIP","floor":54}],"player_experience":136641,"relics_obtained":[{"floor":3.0,"key":"theDuelist:MillenniumRing"},{"floor":6.0,"key":"Bag of Marbles"},{"floor":9.0,"key":"theDuelist:TributeEggRelic"},{"floor":14.0,"key":"Ginger"},{"floor":23.0,"key":"Shuriken"},{"floor":26.0,"key":"HornCleat"},{"floor":27.0,"key":"Sundial"},{"floor":28.0,"key":"theDuelist:MetronomeRelicB"},{"floor":31.0,"key":"Smiling Mask"},{"floor":40.0,"key":"theDuelist:MonsterEggRelic"},{"floor":44.0,"key":"InkBottle"},{"floor":47,"key":"Red Skull"},{"floor":54,"key":"Self Forming Clay"}],"event_choices":[{"damage_healed":0.0,"max_hp_gain":0.0,"max_hp_loss":0.0,"gold_gain":175.0,"event_name":"Liars Game","player_choice":"AGREE","floor":2.0,"gold_loss":0.0,"damage_taken":0.0,"cards_obtained":["Doubt"]},{"damage_healed":0.0,"max_hp_gain":0.0,"max_hp_loss":0.0,"gold_gain":0.0,"event_name":"Living Wall","player_choice":"Grow","floor":8.0,"gold_loss":0.0,"damage_taken":0.0,"cards_upgraded":["theDuelist:Metronome"]},{"damage_healed":0.0,"max_hp_gain":0.0,"max_hp_loss":0.0,"gold_gain":0.0,"event_name":"Egyptian Village","player_choice":"Leave","duelist":true,"floor":12.0,"gold_loss":0.0,"damage_taken":0.0},{"damage_healed":0.0,"max_hp_gain":0.0,"max_hp_loss":0.0,"gold_gain":0.0,"event_name":"Tomb of the Nameless","player_choice":"Offering - offered Tribute Egg","duelist":true,"floor":13.0,"gold_loss":0.0,"damage_taken":0.0},{"damage_healed":0.0,"max_hp_gain":0.0,"max_hp_loss":0.0,"gold_gain":0.0,"event_name":"The Library","player_choice":"Read","floor":19.0,"gold_loss":0.0,"damage_taken":0.0,"cards_obtained":["theDuelist:BlockSpellMetronome"]},{"damage_healed":0.0,"max_hp_gain":0.0,"max_hp_loss":0.0,"gold_gain":0.0,"event_name":"Addict","player_choice":"Stole Relic","floor":29.0,"gold_loss":0.0,"damage_taken":0.0,"relics_obtained":["Frozen Egg 2"],"cards_obtained":["Shame"]},{"cards_removed":["Shame"],"damage_healed":0.0,"max_hp_gain":0.0,"max_hp_loss":0.0,"gold_gain":0.0,"event_name":"Bonfire Elementals","player_choice":"Offered Curse","floor":36.0,"gold_loss":0.0,"damage_taken":0.0,"relics_obtained":["Spirit Poop"]},{"damage_healed":0.0,"max_hp_gain":0.0,"max_hp_loss":0.0,"gold_gain":0.0,"event_name":"Card Trader","player_choice":"Purchased Arcana Metronome for 84 Gold.","duelist":true,"floor":38.0,"gold_loss":0.0,"damage_taken":0.0},{"damage_healed":0.0,"max_hp_gain":0.0,"max_hp_loss":0.0,"gold_gain":0.0,"event_name":"Tomb of Lord Red Mask","player_choice":"Paid","floor":39.0,"gold_loss":195.0,"damage_taken":0.0,"relics_obtained":["Red Mask"]},{"damage_healed":0.0,"max_hp_gain":0.0,"max_hp_loss":0.0,"gold_gain":0.0,"event_name":"Winding Halls","player_choice":"Embrace Madness","floor":41.0,"gold_loss":0.0,"damage_taken":10.0,"cards_obtained":["Madness","Madness"]}],"is_beta":false,"boss_relics":[{"not_picked":["SacredBark","Mark of Pain"],"picked":"Philosopher\u0027s Stone"},{"not_picked":["theDuelist:GamblerChip","Fusion Hammer"],"picked":"theDuelist:MetronomeRelicA"}],"items_purged_floors":[5,53],"is_endless":false,"potions_floor_spawned":[1,4,25,28,31,35,37,44],"ascension_level":6}}