{"host":"9vecvdjkx64cw9bo","time":1611223622,"event":{"mods":["Ascension Unlocker","BaseMod","Custom Start","Keyboard Shortcuts","Minty Spire (QoL Compilation)","Quick Restart","StSLib","SuperFastMode"],"gold_per_floor":[119,138,34,34,53,53,79,95,119,147,166,181,37,37,37,37,37],"floor_reached":16,"language":"KOR","playtime":285,"items_purged":["Strike_B","Strike_B"],"score":224,"play_id":"0540c201-e4e3-4e1f-bfee-bffeaccfda1b","local_time":"20210121190702","is_ascension_mode":true,"campfire_choices":[{"data":"Darkness","floor":6.0,"key":"SMITH"},{"data":"Redo","floor":15.0,"key":"SMITH"}],"circlet_count":0,"master_deck":["AscendersBane","Strike_B","Strike_B","Defend_B","Defend_B","Defend_B","Defend_B","Zap","Dualcast","Go for the Eyes","Darkness+1","Redo+1","Capacitor","Chill","Turbo","Compile Driver","Loop"],"relics":["Cracked Core","NeowsBlessing","Toy Ornithopter","Lantern","Smiling Mask","Golden Idol"],"acts_visited":["Exordium"],"potions_floor_usage":[16],"damage_taken":[{"damage":0.0,"enemies":"Cultist","floor":1.0,"turns":1.0},{"damage":0.0,"enemies":"2 Louse","floor":2.0,"turns":1.0},{"damage":0.0,"enemies":"Small Slimes","floor":5.0,"turns":1.0},{"damage":5.0,"enemies":"Lagavulin","floor":7.0,"turns":5.0},{"damage":1.0,"enemies":"3 Louse","floor":8.0,"turns":3.0},{"damage":13.0,"enemies":"Gremlin Nob","floor":10.0,"turns":3.0},{"damage":11.0,"enemies":"Lots of Slimes","floor":11.0,"turns":4.0},{"damage":15.0,"enemies":"Exordium Wildlife","floor":12.0,"turns":5.0},{"damage":39,"enemies":"The Guardian","floor":16,"turns":11}],"seed_played":"2237531615657427542","potions_obtained":[{"floor":1.0,"key":"AttackPotion"},{"floor":5.0,"key":"EssenceOfDarkness"},{"floor":10.0,"key":"SmokeBomb"},{"floor":12.0,"key":"AttackPotion"}],"is_trial":false,"path_per_floor":["M","M","$","?","M","R","E","M","T","E","M","M","$","?","R","B"],"character_chosen":"DEFECT","items_purchased":["Redo","Compile Driver","Loop"],"campfire_rested":0,"item_purchase_floors":[3,13,13],"current_hp_per_floor":[64,64,64,69,69,69,64,63,63,60,49,34,34,34,34,0,0],"gold":37,"neow_bonus":"THREE_ENEMY_KILL","is_daily":false,"chose_seed":false,"campfire_upgraded":2,"win_rate":0.0,"timestamp":1611223622,"path_taken":["M","?","$","?","M","R","E","M","T","E","M","M","$","?","R","BOSS"],"items_purchased_type":["Card","Card","Card"],"build_version":"2020-12-22","purchased_purges":2,"victory":false,"max_hp_per_floor":[71,71,71,76,76,76,76,76,76,76,76,76,76,69,69,69,69],"card_choices":[{"not_picked":["Conserve Battery","Turbo"],"picked":"Go for the Eyes","floor":1.0},{"not_picked":["Beam Cell","Cold Snap"],"picked":"Darkness","floor":2.0},{"not_picked":["Ball Lightning","Gash"],"picked":"Capacitor","floor":5.0},{"not_picked":["Redo","Steam","Barrage"],"picked":"SKIP","floor":7.0},{"not_picked":["Scrape","Sweeping Beam","Cold Snap"],"picked":"SKIP","floor":8.0},{"not_picked":["Go for the Eyes","Force Field","Chaos"],"picked":"SKIP","floor":10.0},{"not_picked":["Hello World","Auto Shields"],"picked":"Chill","floor":11.0},{"not_picked":["Rip and Tear","FTL"],"picked":"Turbo","floor":12.0}],"player_experience":782465,"relics_obtained":[{"floor":7.0,"key":"Toy Ornithopter"},{"floor":9.0,"key":"Lantern"},{"floor":10.0,"key":"Smiling Mask"}],"event_choices":[{"damage_healed":0.0,"max_hp_gain":5.0,"max_hp_loss":0.0,"gold_gain":0.0,"event_name":"Big Fish","player_choice":"Donut","floor":4.0,"gold_loss":0.0,"damage_taken":0.0},{"damage_healed":0.0,"max_hp_gain":0.0,"max_hp_loss":7.0,"gold_gain":0.0,"event_name":"Golden Idol","player_choice":"Lose Max HP","floor":14.0,"gold_loss":0.0,"damage_taken":0.0,"relics_obtained":["Golden Idol"]}],"is_beta":false,"boss_relics":[],"items_purged_floors":[3,13],"is_endless":false,"potions_floor_spawned":[1,5,10,12],"killed_by":"The Guardian","ascension_level":20}}