{"host":"7pdbvbnybm62aded","time":1611195723,"event":{"mods":["BaseMod","Downfall","Minty Spire (QoL Compilation)","READ ME - Guardian Mod","Shop Mod","Spicy Shops","StSLib","The Construct","[IsaacMod]ÒÔÈö¼âËþ","¡¾ÒÅÎï¿¨ÅÆ¡¿REMEMod"],"gold_per_floor":[99,109,134,13417,13433,13488,13488,13473,13488,13514,13526,13326,13365,13379,13393,13491,13491,13491,13509,13509,13509,13526,13526,13552,13587,13587,13616,13616,35,35,75,131,258,258,258,283,221,296,296,323,323,379,412,483,783,783,1083,1115,1134,1170],"floor_reached":51,"language":"ZHS","playtime":2782,"items_purged":["hexamod:BacktrackSmack","hexamod:SixthSeal","hexamod:BacktrackSmack+1"],"score":1463,"play_id":"1b4193a6-946b-4fcc-94bf-982aea39e219","local_time":"20210121102203","is_ascension_mode":true,"campfire_choices":[{"floor":1.0,"key":"RECALL"},{"data":"hexamod:Haunt","floor":12,"key":"SMITH"},{"data":"REME_BuildACard","floor":18,"key":"SMITH"},{"data":"Trip","floor":23,"key":"SMITH"},{"floor":30,"key":"DIG"},{"floor":35,"key":"DIG"}],"circlet_count":0,"master_deck":["hexamod:Sear+1","hexamod:Float+1","REME_MagicPocketWatch+1","hexamod:Haunt+1","hexamod:TimeWarp+1","hexamod:DynamicBlow+1","hexamod:VolcanoVisage+1","hexamod:TurnItUp+1","hexamod:GhostShield+1","hexamod:BurningTouch+1","Trip+1","REME_BuildACard+1","hexamod:ForkedFlame+1","hexamod:RadiantFlame+1","hexamod:HeatCrush","hexamod:SearingWound+1","hexamod:RainOfEmbers+1"],"relics":["hexamod:SpiritBrand","HushsDoor","REME_ComplimentaryCards","The Courier","Ancient Tea Set","BookOfRevelations","Bag of Preparation","downfall:HeartBlessingGreen","downfall:HeartBlessingRed","Centennial Puzzle","Pandora\u0027s Box","MegaBlast","REME_PuzzleBoxRelic","PreservedInsect","BFFS","HowToJump","Bag of Marbles","Frozen Egg 2","Shovel","Blue Candle","Boot","TheBean","Strange Spoon","TungstenRod","Omamori","construct:FoamFinger","Potion Belt","TheBible","Toxic Egg 2","Akabeko","Bronze Scales","Void","Shuriken","Pen Nib","BlankCard","BookofShadows","Gambling Chip","Juzu Bracelet","Happy Flower","Ginger","Darkstone Periapt","StrikeDummy","EdensBlessing","War Paint","hexamod:MatchstickCase","Matryoshka","Vajra","GuppysPaw","Ornamental Fan","Tiny Chest","Oddly Smooth Stone","TuHaoJin","Toy Ornithopter","Blood Vial","DoctorsRemote","D4","Regal Pillow","Pear","Molten Egg 2","REME_ArchaeologicalTools","REME_LimitBreaker","Art of War","Anchor","Orichalcum","SharpPlug","BelialBook","Nunchaku","Peace Pipe","DeadEye","Question Card","construct:RocketBooster","Singing Bowl","Eternal Feather","Gremlin Horn","InkBottle","REME_HourglassOfDeath","SatanicBible","Letter Opener","PunchingBag","Pocketwatch","HornCleat","Kunai","AnarchistCookbook","construct:BoolHorns","PillsDrop","Prayer Wheel","Bird Faced Urn","StoneCalendar","GuppysTail","MagicMushroom","GuppysCollar","GuppysHead","MoneyPower","Dead Branch","Leech","REME_IWantAll","ForgetMeNow","EdensBlessing","D6","hexamod:SoulConsumer","Incense Burner","Calling Bell","CaptainsWheel","Du-Vu Doll","Old Coin","FossilizedHelix"],"acts_visited":["Exordium","TheCity","TheBeyond"],"potions_floor_usage":[13,16],"damage_taken":[{"damage":6.0,"enemies":"Small Slimes","floor":2.0,"turns":3.0},{"damage":8.0,"enemies":"2 Louse","floor":3.0,"turns":3.0},{"damage":0.0,"enemies":"Cultist","floor":4.0,"turns":3.0},{"damage":0.0,"enemies":"Exordium Thugs","floor":5.0,"turns":3.0},{"damage":36.0,"enemies":"Gremlin Nob","floor":6.0,"turns":6.0},{"damage":0.0,"enemies":"downfall:FleeingMerchant","floor":8.0,"turns":4.0},{"damage":0,"enemies":"3 Louse","floor":9,"turns":3},{"damage":0,"enemies":"2 Fungi Beasts","floor":11,"turns":3},{"damage":3,"enemies":"3 Sentries","floor":13,"turns":4},{"damage":0,"enemies":"Lots of Slimes","floor":14,"turns":3},{"damage":0,"enemies":"Red Slaver","floor":15,"turns":2},{"damage":0,"enemies":"SI_SHIV_ARCHETYPE","floor":16,"turns":6},{"damage":0,"enemies":"Shell Parasite","floor":19,"turns":2},{"damage":0,"enemies":"Spheric Guardian","floor":22,"turns":1},{"damage":0,"enemies":"Slavers","floor":25,"turns":2},{"damage":0,"enemies":"Gremlin Leader","floor":27,"turns":3},{"damage":14,"enemies":"downfall:FleeingMerchant","floor":29,"turns":4},{"damage":0,"enemies":"Centurion and Healer","floor":31,"turns":1},{"damage":0,"enemies":"3 Cultists","floor":32,"turns":1},{"damage":0,"enemies":"DF_ARCHETYPE_CLAW","floor":33,"turns":1},{"damage":0,"enemies":"3 Shapes","floor":36,"turns":1},{"damage":0,"enemies":"Nemesis","floor":40,"turns":1},{"damage":0,"enemies":"Nemesis","floor":42,"turns":1},{"damage":0,"enemies":"Giant Head","floor":43,"turns":1},{"damage":0,"enemies":"Reptomancer","floor":48,"turns":1},{"damage":0,"enemies":"Orb Walker","floor":49,"turns":1},{"damage":0,"enemies":"IC_BLOCK_ARCHETYPE","floor":50,"turns":1}],"seed_played":"-2243806817826977280","potions_obtained":[{"floor":2.0,"key":"DuplicationPotion"},{"floor":5.0,"key":"Weak Potion"},{"floor":9,"key":"Dexterity Potion"},{"floor":14,"key":"BlessingOfTheForge"},{"floor":16,"key":"BlessingOfTheForge"},{"floor":25,"key":"ColorlessPotion"},{"floor":32,"key":"Fire Potion"},{"floor":33,"key":"Block Potion"},{"floor":40,"key":"Fire Potion"}],"is_trial":false,"path_per_floor":["R","M","M","M","M","E","T","$","M","T","M","R","E","M","M","B",null,"R","M","?","?","M","R","T","E","?","E","?","$","R","M","M","B",null,"R","M","$","T","?","E","T","?","E","T","?","T","?","E","M","B",null],"character_chosen":"THE_SPIRIT","items_purchased":["MegaBlast","Trip","REME_BuildACard","hexamod:ForkedFlame","hexamod:RadiantFlame","BFFS","HowToJump","Bag of Marbles","Frozen Egg 2","Shovel","Blue Candle","Dream Catcher","Boot","TheBean","Strange Spoon","TungstenRod","Omamori","construct:FoamFinger","Potion Belt","TheBible","Toxic Egg 2","Akabeko","Bronze Scales","Void","Shuriken","Pen Nib","BlankCard","BookofShadows","Gambling Chip","Juzu Bracelet","Happy Flower","Ginger","Darkstone Periapt","StrikeDummy","EdensBlessing","War Paint","hexamod:MatchstickCase","Matryoshka","Strawberry","Vajra","Whetstone","GuppysPaw","Ornamental Fan","Tiny Chest","Oddly Smooth Stone","TuHaoJin","Toy Ornithopter","Blood Vial","DoctorsRemote","D4","Regal Pillow","Pear","Molten Egg 2","REME_ArchaeologicalTools","REME_LimitBreaker","Art of War","Anchor","Orichalcum","SharpPlug","Meat on the Bone","BelialBook","Nunchaku","Peace Pipe","DeadEye","Question Card","construct:RocketBooster","Singing Bowl","Eternal Feather","Gremlin Horn","InkBottle","REME_HourglassOfDeath","SatanicBible","Letter Opener","PunchingBag","Pocketwatch","HornCleat","Kunai","AnarchistCookbook","construct:BoolHorns","PillsDrop","Prayer Wheel","Bird Faced Urn","StoneCalendar","GuppysCollar","GuppysHead","hexamod:RainOfEmbers+1"],"campfire_rested":0,"item_purchase_floors":[17,17,17,17,17,29,29,29,29,29,29,29,29,29,29,29,29,29,29,29,29,29,29,29,29,29,29,29,29,29,29,29,29,29,29,29,29,29,29,29,29,29,29,29,29,29,29,29,29,29,29,29,29,29,29,29,29,29,29,29,29,29,29,29,29,29,29,29,29,29,29,29,29,29,29,29,29,29,29,29,29,29,29,34,34,37],"current_hp_per_floor":[70,64,56,560,560,524,524,524,524,524,524,524,521,521,521,521,642,642,642,642,642,642,642,642,642,642,642,642,655,659,663,549,555,644,644,648,648,648,648,645,645,647,646,646,646,646,646,648,652,652],"gold":1170,"neow_bonus":"RANDOM_COLORLESS","is_daily":false,"chose_seed":false,"campfire_upgraded":3,"win_rate":0.0,"timestamp":1611195723,"path_taken":["R","M","M","?","M","E","T","$","?","?","?","R","E","M","M","BOSS","R","M","?","?","M","R","T","E","?","E","?","$","R","M","M","BOSS","R","M","$","?","?","E","T","?","E","?","?","?","?","E","M","BOSS"],"items_purchased_type":["Relic","Card","Card","Card","Card","Relic","Relic","Relic","Relic","Relic","Relic","Relic","Relic","Relic","Relic","Relic","Relic","Relic","Relic","Relic","Relic","Relic","Relic","Card","Relic","Relic","Relic","Relic","Relic","Relic","Relic","Relic","Relic","Relic","Relic","Relic","Relic","Relic","Relic","Relic","Relic","Relic","Relic","Relic","Relic","Relic","Relic","Relic","Relic","Relic","Relic","Relic","Relic","Relic","Relic","Relic","Relic","Relic","Relic","Relic","Relic","Relic","Relic","Relic","Relic","Relic","Relic","Relic","Relic","Relic","Relic","Relic","Relic","Relic","Relic","Relic","Relic","Relic","Relic","Relic","Relic","Relic","Relic","Relic","Relic","Card"],"build_version":"2020-12-22","purchased_purges":3,"victory":true,"max_hp_per_floor":[70,70,70,700,700,700,700,700,700,700,700,700,700,700,700,700,642,642,642,642,642,642,642,642,642,642,642,642,659,659,663,667,667,644,644,648,648,648,648,645,645,647,646,646,646,646,646,648,652,652],"card_choices":[{"not_picked":["REME_ShortnessOfBreath","Jack Of All Trades"],"picked":"REME_MagicPocketWatch","floor":0.0},{"not_picked":["hexamod:NightmareStrike","hexamod:RecurringNightmare","hexamod:HauntingEcho"],"picked":"SKIP","floor":2.0},{"not_picked":["hexamod:NightmareStrike","hexamod:RecurringNightmare","hexamod:HauntingEcho"],"picked":"SKIP","floor":2.0},{"not_picked":["hexamod:SecondSeal","hexamod:ThermalTransfer","hexamod:GhostLash"],"picked":"SKIP","floor":3.0},{"not_picked":["hexamod:PhantomCloak","hexamod:NightmareGuise","hexamod:FlamesFromBeyond"],"picked":"SKIP","floor":4.0},{"not_picked":["hexamod:ChargedBarrage","hexamod:NecessarySacrifice","hexamod:CatchUp"],"picked":"SKIP","floor":5.0},{"not_picked":["hexamod:GhostShield","hexamod:ShieldOfDarkness","hexamod:FastForward"],"picked":"SKIP","floor":6.0},{"not_picked":["hexamod:Rewind","hexamod:BurningTouch","hexamod:HauntingEcho"],"picked":"SKIP","floor":8},{"not_picked":["hexamod:Incineration","hexamod:Firestarter","hexamod:PowerFromBeyond"],"picked":"SKIP","floor":9},{"not_picked":["hexamod:ThermalTransfer","hexamod:WildfireWeapon"],"picked":"hexamod:Haunt","floor":11},{"not_picked":["hexamod:SpectralAdrenaline","hexamod:Again","hexamod:SecondSeal"],"picked":"SKIP","floor":13},{"not_picked":["hexamod:NecessarySacrifice","hexamod:Hexaguard","hexamod:BurningTouch"],"picked":"SKIP","floor":14},{"not_picked":["hexamod:SpectersWail","hexamod:InspiringFlames","hexamod:RetreatToShadows"],"picked":"SKIP","floor":15},{"not_picked":["hexamod:HeatShield+1","hexamod:GhostShield","hexamod:ShieldOfDarkness"],"picked":"SKIP","floor":19},{"not_picked":["hexamod:HauntingEcho","hexamod:NightmareStrike+1","hexamod:ChargedBarrage"],"picked":"SKIP","floor":22},{"not_picked":["hexamod:PhantomCloak","hexamod:FlamesFromBeyond","hexamod:SwordOfDarkness"],"picked":"SKIP","floor":25},{"not_picked":["hexamod:SecondSeal","hexamod:Rewind","hexamod:FourthSeal"],"picked":"SKIP","floor":27},{"not_picked":["hexamod:UnleashSpirits","hexamod:InspiringFlames","hexamod:SecondSeal"],"picked":"SKIP","floor":29},{"not_picked":["hexamod:BurningTouch+1","hexamod:HeatMetal+1","hexamod:SwordOfDarkness+1","hexamod:BacktrackSmack+1"],"picked":"Singing Bowl","floor":31},{"not_picked":["hexamod:FastForward+1","hexamod:SoulSteal+1","hexamod:GhostOfSpirePast+1","hexamod:SkipABeat+1"],"picked":"Singing Bowl","floor":31},{"not_picked":["hexamod:FlamesFromBeyond+1","hexamod:DynamicBlow+1","hexamod:NightmareGuise+1","hexamod:NecessarySacrifice+1"],"picked":"Singing Bowl","floor":32},{"not_picked":["hexamod:Rewind+1","hexamod:PowerFromBeyond+1","hexamod:BurningTouch+1","hexamod:ThermalTransfer+1"],"picked":"Singing Bowl","floor":32},{"not_picked":["hexamod:GiftsFromTheDead+1","hexamod:TimeOfNeed+1","hexamod:WildfireWeapon+1"],"picked":"hexamod:SearingWound+1","floor":33},{"not_picked":["hexamod:FirstSeal","hexamod:RecurringNightmare+1","hexamod:Again+1","hexamod:SwordOfDarkness+1"],"picked":"Singing Bowl","floor":36},{"not_picked":["hexamod:HauntingEcho+1","hexamod:ParanormalForm+1","hexamod:GhostShield+1","hexamod:RecurringNightmare+1"],"picked":"Singing Bowl","floor":36},{"not_picked":["hexamod:GhostShield+1","hexamod:Rewind+1","hexamod:Firestarter+1","hexamod:SecondSeal"],"picked":"Singing Bowl","floor":40},{"not_picked":["hexamod:InspiringFlames+1","hexamod:CatchUp+1","hexamod:ThermalTransfer+1","hexamod:SpectersWail+1"],"picked":"Singing Bowl","floor":42},{"not_picked":["Guardian:Gem_Cyan","Guardian:Gem_Red","Guardian:Gem_Lightblue"],"picked":"Singing Bowl","floor":43},{"not_picked":["hexamod:CatchUp+1","hexamod:ShieldOfDarkness+1","hexamod:InspiringFlames+1","hexamod:RadiantFlame+1"],"picked":"Singing Bowl","floor":43},{"not_picked":["hexamod:HauntingEcho+1","hexamod:SecondSeal","hexamod:PhantomCloak+1","hexamod:SoulSteal+1"],"picked":"Singing Bowl","floor":48},{"not_picked":["hexamod:GhostOfSpireFuture+1","hexamod:ExtraCrispy+1","hexamod:SwordOfDarkness+1","hexamod:GhostflameBarrier+1"],"picked":"Singing Bowl","floor":49},{"not_picked":["hexamod:PhantomCloak+1","hexamod:UnleashSpirits+1","hexamod:ExtraCrispy+1","hexamod:NightmareStrike+1"],"picked":"Singing Bowl","floor":49}],"player_experience":696515,"relics_obtained":[{"floor":6.0,"key":"Ancient Tea Set"},{"floor":7.0,"key":"BookOfRevelations"},{"floor":10,"key":"Bag of Preparation"},{"floor":13,"key":"Centennial Puzzle"},{"floor":24,"key":"REME_PuzzleBoxRelic"},{"floor":25,"key":"PreservedInsect"},{"floor":30,"key":"GuppysTail"},{"floor":35,"key":"MoneyPower"},{"floor":38,"key":"Lizard Tail"},{"floor":38,"key":"Dead Branch"},{"floor":39,"key":"Leech"},{"floor":40,"key":"REME_IWantAll"},{"floor":41,"key":"ForgetMeNow"},{"floor":42,"key":"Diplopia"},{"floor":43,"key":"D6"},{"floor":44,"key":"hexamod:SoulConsumer"},{"floor":46,"key":"Incense Burner"},{"floor":47,"key":"CaptainsWheel"},{"floor":47,"key":"Du-Vu Doll"},{"floor":47,"key":"Old Coin"},{"floor":48,"key":"FossilizedHelix"}],"event_choices":[{"damage_healed":0,"gold_gain":0,"player_choice":"Got Potions","damage_taken":0,"max_hp_gain":0,"max_hp_loss":0,"event_name":"Lab","floor":20,"gold_loss":0},{"damage_healed":0,"gold_gain":0,"player_choice":"Read","damage_taken":0,"max_hp_gain":0,"max_hp_loss":0,"event_name":"The Library","floor":28,"gold_loss":0,"cards_obtained":["hexamod:HeatCrush"]}],"is_beta":false,"boss_relics":[{"not_picked":["construct:WeddingRing","bronze:MakeshiftBattery"],"picked":"Pandora\u0027s Box"},{"not_picked":[]},{"not_picked":["REME_ChargedStone","Coffee Dripper"],"picked":"MagicMushroom"},{"not_picked":[]}],"items_purged_floors":[17,29,34],"is_endless":false,"potions_floor_spawned":[2,5,9,14,16,25,32,33,40,42,48],"ascension_level":1}}