{"host":"7jl4uf745pjtflnx","time":1611254050,"event":{"mods":["BaseMod","BetterRewards","Hubris","Minty Spire (QoL Compilation)","Replay The Spire","StSLib","SuperFastMode","The Construct"],"gold_per_floor":[133,205,205,223,253,280,280,311,311,20,36,90,121,146,146,237,237,156,156,6,6,6,6,29,39,39],"floor_reached":25,"language":"ENG","playtime":1011,"items_purged":["Strike_G","Strike_G","Strike_G","Replay:Hysterical Blindness"],"score":610,"play_id":"e8380245-e270-4c76-b239-64c43d1b7a8d","local_time":"20210121133410","is_ascension_mode":true,"campfire_choices":[{"floor":7,"key":"REST"},{"data":"ReplayTheSpireMod:Shiv Toss","floor":15,"key":"SMITH"},{"data":"Envenom","floor":23,"key":"SMITH"}],"circlet_count":0,"master_deck":["AscendersBane","Strike_G+1","Strike_G+2","Defend_G+1","Defend_G+1","Defend_G+2","Defend_G+1","Defend_G+1","Survivor","Neutralize","HandOfGreed","Caltrops","hubris:EnhanceAbility","Infinite Blades","Finesse","Deadly Poison","Dagger Spray","Dodge and Roll","Infinite Blades","Infinite Blades","ReplayTheSpireMod:Shiv Toss+1","Bouncing Flask","ReplayTheSpireMod:Speed Training","Envenom+1","hubris:Despair","RitualDagger","Replay:Poison Smokescreen"],"relics":["Ring of the Snake","Replay:Rubber Ducky","Simple Rune","Blood Vial","Boot","Pocketwatch","hubris:TenFootPole","Replay:Ancient Bell","Replay:Bandana","Kunai","Thread and Needle"],"acts_visited":["Exordium","TheCity"],"potions_floor_usage":[11,12,14,14,25],"damage_taken":[{"damage":0,"enemies":"Cultist","floor":1,"turns":5},{"damage":1,"enemies":"Jaw Worm","floor":4,"turns":3},{"damage":1,"enemies":"Small Slimes","floor":5,"turns":3},{"damage":32,"enemies":"Gremlin Nob","floor":6,"turns":5},{"damage":0,"enemies":"Blue Slaver","floor":8,"turns":5},{"damage":0,"enemies":"Large Slime","floor":11,"turns":3},{"damage":5,"enemies":"3 Sentries","floor":12,"turns":6},{"damage":6,"enemies":"3 Louse","floor":13,"turns":2},{"damage":11,"enemies":"Gremlin Nob","floor":14,"turns":4},{"damage":28,"enemies":"Slime Boss","floor":16,"turns":13},{"damage":0,"enemies":"Spheric Guardian","floor":18,"turns":6},{"damage":5,"enemies":"Chosen","floor":24,"turns":4},{"damage":57,"enemies":"Slavers","floor":25,"turns":6}],"seed_played":"5984553676076275916","potions_obtained":[{"floor":5,"key":"Milkshake"},{"floor":6,"key":"Fire Potion"},{"floor":8,"key":"Languid Potion"},{"floor":11,"key":"BlessingOfTheForge"},{"floor":12,"key":"Venom Potion"},{"floor":24,"key":"Explosive Potion"}],"is_trial":false,"path_per_floor":["M","?","?","M","M","E","R","M","T","$","M","E","M","E","R","B",null,"M","?","$","?","?","R","M","E"],"character_chosen":"THE_SILENT","items_purchased":["Replay:Rubber Ducky","HandOfGreed","Caltrops","Simple Rune","hubris:EnhanceAbility","Infinite Blades","Finesse","Deadly Poison","Boot"],"campfire_rested":1,"item_purchase_floors":[0,0,0,0,0,0,0,0,10],"current_hp_per_floor":[21,21,66,65,64,32,51,53,53,53,55,52,48,39,39,13,53,55,55,55,52,52,52,49,0,0],"gold":39,"neow_bonus":"","is_daily":false,"chose_seed":false,"campfire_upgraded":2,"win_rate":0.0,"timestamp":1611254050,"path_taken":["M","?","?","M","?","E","R","M","T","$","M","E","M","E","R","BOSS","M","?","$","?","?","R","M","E"],"items_purchased_type":["Relic","Card","Card","Relic","Card","Card","Card","Card","Relic"],"build_version":"2020-12-22","purchased_purges":4,"victory":false,"max_hp_per_floor":[66,66,66,66,66,66,66,66,66,66,66,66,66,66,66,66,66,66,66,66,66,66,66,66,66,66],"card_choices":[{"not_picked":["ReplayTheSpireMod:Scrap Shanks","Prepared"],"picked":"Dagger Spray","floor":1},{"not_picked":["ReplayTheSpireMod:The Works","Hidden Blade"],"picked":"Dodge and Roll","floor":4},{"not_picked":["Outmaneuver","Finisher"],"picked":"Infinite Blades","floor":5},{"not_picked":["Sneak Up","Dagger Spray"],"picked":"Infinite Blades","floor":6},{"not_picked":["Slice","hubris:SlightOfHand","Reflex"],"picked":"SKIP","floor":8},{"not_picked":["Well Laid Plans","Quick Slash","hubris:TrickCloak"],"picked":"SKIP","floor":11},{"not_picked":["Malaise","Bane"],"picked":"ReplayTheSpireMod:Shiv Toss","floor":12},{"not_picked":["Dagger Spray","Underhanded Strike"],"picked":"Bouncing Flask","floor":13},{"not_picked":["Noxious Fumes","Expertise"],"picked":"ReplayTheSpireMod:Speed Training","floor":14},{"not_picked":["Doppelganger","Venomology"],"picked":"Envenom","floor":16},{"not_picked":["ReplayTheSpireMod:Faulty Equipment","Parasite"],"picked":"hubris:Despair","floor":17},{"not_picked":["Replay:Hysterical Blindness","hubris:Envy"],"picked":"ReplayTheSpireMod:IOU","floor":17},{"not_picked":["hubris:Sloth","ReplayTheSpireMod:Doomed"],"picked":"Replay:Hysterical Blindness","floor":17},{"not_picked":["Hidden Blade","Sucker Punch","Flying Knee"],"picked":"SKIP","floor":18},{"not_picked":["hubris:TrickCloak","Draining Mist"],"picked":"Replay:Poison Smokescreen","floor":24}],"player_experience":722040,"relics_obtained":[{"floor":6,"key":"Blood Vial"},{"floor":12,"key":"Pocketwatch"},{"floor":14,"key":"hubris:TenFootPole"}],"event_choices":[{"damage_healed":0,"gold_gain":72,"player_choice":"Gained Gold","damage_taken":0,"max_hp_gain":0,"max_hp_loss":0,"event_name":"Golden Wing","floor":2,"gold_loss":0},{"damage_healed":45,"gold_gain":0,"player_choice":"Full Heal","damage_taken":0,"max_hp_gain":0,"max_hp_loss":0,"event_name":"Wheel of Change","floor":3,"gold_loss":0},{"damage_healed":0,"gold_gain":0,"player_choice":"Simplicity","damage_taken":0,"max_hp_gain":0,"max_hp_loss":0,"event_name":"Back to Basics","floor":19,"gold_loss":0,"cards_upgraded":["Strike_G","Strike_G","Defend_G","Defend_G","Defend_G","Defend_G","Defend_G"]},{"damage_healed":0,"gold_gain":0,"player_choice":"Joined the Cult","damage_taken":6,"max_hp_gain":0,"max_hp_loss":0,"event_name":"Nest","floor":21,"gold_loss":0,"cards_obtained":["RitualDagger"]}],"is_beta":false,"boss_relics":[{"not_picked":["hubris:HollowSoul","Tiny House"],"picked":"Replay:Ancient Bell"},{"not_picked":["ReplayFunnel","hubris:ToyBattleship"],"picked":"Replay:Bandana"},{"not_picked":["hubris:DeckOfHolding","ReplayTheSpireMod:Shallot"],"picked":"Kunai"},{"not_picked":["Basket Of Snakes","Replay:PocketPolymizer"],"picked":"Thread and Needle"}],"items_purged_floors":[0,0,10,20],"is_endless":false,"potions_floor_spawned":[5,6,8,11,12,24],"killed_by":"Slavers","ascension_level":18}}