{"host":"v7f6n6ea3j6on08h","time":1611190898,"event":{"mods":["AchievementEnabler","Aspiration","BaseMod","Duelist Mod","Friendly Minions","Hubris","Minty Spire (QoL Compilation)","Replay The Spire","StSLib"],"gold_per_floor":[142,154,3,15,30,55,55,84,84,114,114,143,43,43,43,119,119,129,129,143,18,38,64,64,91,138,10,43,54,54,84,84,163,163,177,177,177],"floor_reached":36,"language":"ENG","playtime":2590,"items_purged":["theDuelist:CastleWalls","Regret","theDuelist:Sparks"],"score":986,"play_id":"e4aec26f-0960-47c3-a85e-b8242c9da1ef","local_time":"20210120200138","is_ascension_mode":true,"campfire_choices":[{"data":"theDuelist:TyrantWing","floor":7,"key":"SMITH"},{"floor":15,"key":"RECALL"},{"floor":24,"key":"REST"},{"floor":30,"key":"REST"}],"circlet_count":0,"master_deck":["AscendersBane","theDuelist:BabyDragon","theDuelist:CastleWalls","theDuelist:CaveDragon","theDuelist:CaveDragon","theDuelist:LesserDragon","theDuelist:LesserDragon","theDuelist:YamataDragon","theDuelist:DragonRavine","theDuelist:TyrantWing+1","theDuelist:InfernityDoomDragon","theDuelist:YamataDragon","theDuelist:CoralDragon","theDuelist:WaterDragon","theDuelist:RedEyesZombie+1","Necronomicurse","theDuelist:ChimeratechOverdragon","theDuelist:Mountain+1","theDuelist:EvilMind","theDuelist:TotemDragon+1","theDuelist:SliferSky+1","theDuelist:CyberneticRevolution"],"relics":["theDuelist:MillenniumPuzzle","theDuelist:CardPoolRelic","theDuelist:CardPoolBasicRelic","theDuelist:BoosterPackPoolRelic","theDuelist:CardPoolAddRelic","theDuelist:CardPoolMinusRelic","theDuelist:CardPoolSaveRelic","theDuelist:CardPoolOptionsRelic","aspiration:Nostalgia","Burning Blood","Frozen Egg 2","Snake Skull","hubris:MedicalManual","Bottled Lightning","Pantograph","aspiration:StickyExplosives_weak","theDuelist:DragonRelic","aspiration:PoetsPen_weak","Necronomicon","hubris:SphereOfDissonance","Unceasing Top","hubris:Reverence","Nunchaku","SlaversCollar"],"acts_visited":["Exordium","TheCity","TheBeyond"],"potions_floor_usage":[6,12,12,23,25,25,28,29,33,35],"damage_taken":[{"damage":0,"enemies":"Cultist","floor":1,"turns":2},{"damage":0,"enemies":"2 Louse","floor":2,"turns":3},{"damage":7,"enemies":"Small Slimes","floor":4,"turns":2},{"damage":5,"enemies":"Gremlin Gang","floor":5,"turns":5},{"damage":9,"enemies":"3 Sentries","floor":6,"turns":5},{"damage":6,"enemies":"Replay:BlueRogue","floor":8,"turns":4},{"damage":40,"enemies":"Lagavulin","floor":10,"turns":6},{"damage":10,"enemies":"3 Sentries","floor":12,"turns":4},{"damage":34,"enemies":"The Guardian","floor":16,"turns":9},{"damage":12,"enemies":"2 Thieves","floor":18,"turns":4},{"damage":0,"enemies":"3 Byrds","floor":20,"turns":6},{"damage":0,"enemies":"Snake Plant","floor":22,"turns":5},{"damage":8,"enemies":"theDuelist:KaibaA2","floor":23,"turns":4},{"damage":28,"enemies":"Replay:Snechameleon","floor":25,"turns":5},{"damage":3,"enemies":"theDuelist:KaibaA2","floor":28,"turns":4},{"damage":26,"enemies":"3 Cultists","floor":29,"turns":6},{"damage":23,"enemies":"Book of Stabbing","floor":31,"turns":5},{"damage":34,"enemies":"hubris:MusketHawk","floor":33,"turns":6},{"damage":42,"enemies":"Orb Walker","floor":35,"turns":4},{"damage":26,"enemies":"3 Shapes","floor":36,"turns":2}],"seed_played":"6669101420530231295","potions_obtained":[{"floor":1,"key":"SteroidPotion"},{"floor":6,"key":"Fire Potion"},{"floor":10,"key":"theDuelist:CoolBottle"},{"floor":22,"key":"ColorlessPotion"},{"floor":23,"key":"EntropicBrew"},{"floor":29,"key":"theDuelist:ExtraOrbsBottle"},{"floor":31,"key":"theDuelist:BurningPotion"},{"floor":33,"key":"theDuelist:DragonOrbBottle"}],"is_trial":false,"path_per_floor":["M","M","$","M","M","E","R","E","T","E","?","E","$","?","R","B",null,"M","?","M","$","M","E","R","E","T","$","E","M","R","E","R","B",null,"M","M"],"character_chosen":"THE_DUELIST","items_purchased":["theDuelist:InfernityDoomDragon","theDuelist:TotemDragon+1","theDuelist:FlamingBottle"],"campfire_rested":2,"item_purchase_floors":[3,27,27],"current_hp_per_floor":[69,70,70,69,70,67,67,67,67,33,33,29,29,21,21,18,57,51,30,36,36,42,40,61,39,39,39,42,22,43,26,26,23,58,22,0,0],"gold":177,"neow_bonus":"NOSTALGIA","is_daily":false,"chose_seed":false,"campfire_upgraded":1,"win_rate":0.0,"timestamp":1611190898,"path_taken":["M","M","?","M","M","E","R","E","T","E","?","E","$","?","R","BOSS","M","?","M","$","M","E","R","E","T","$","E","M","R","E","R","BOSS","M","M"],"items_purchased_type":["Card","Card","Potion"],"build_version":"2020-12-22","purchased_purges":3,"victory":false,"max_hp_per_floor":[70,70,70,70,70,70,70,70,70,70,70,70,70,70,70,70,70,70,70,70,70,70,70,70,70,70,70,70,70,70,70,70,70,70,70,70,70],"card_choices":[{"not_picked":["theDuelist:SpiralSpearStrike","theDuelist:BerserkerSoul","theDuelist:DragonTreasure","theDuelist:ClawHermos"],"picked":"theDuelist:DragonRavine","floor":1},{"not_picked":["theDuelist:SpiralSpearStrike+1","theDuelist:SafeZone","theDuelist:FireDarts","theDuelist:DefenseDraw"],"picked":"theDuelist:TyrantWing","floor":2},{"not_picked":["theDuelist:Hydrogeddon","theDuelist:CyberDinosaur","theDuelist:BlackPtera","theDuelist:DarkDriceratops"],"picked":"theDuelist:YamataDragon","floor":4},{"not_picked":["theDuelist:TyrantWing","theDuelist:SpiralSpearStrike+1","theDuelist:FireDarts","theDuelist:DefenseZone+1","theDuelist:DefenseDraw"],"picked":"SKIP","floor":5},{"not_picked":["theDuelist:MirageDragon","theDuelist:ScrapIronScarecrow","theDuelist:Pyrorex","theDuelist:ArtifactIgnition"],"picked":"theDuelist:CoralDragon","floor":6},{"not_picked":["theDuelist:Kabazauls","theDuelist:MoltenDestruction","theDuelist:BlackPtera","theDuelist:FrostflameDragon","theDuelist:GalaxySoldier+1"],"picked":"SKIP","floor":8},{"not_picked":["theDuelist:Pyrorex","theDuelist:HazyFlameHydra","theDuelist:GiantRex","theDuelist:Freezadon","theDuelist:Anthrosaurus"],"picked":"SKIP","floor":10},{"not_picked":["theDuelist:BigFire","theDuelist:BigEye","theDuelist:PreventRat","theDuelist:ScrapFactory","theDuelist:GreenGraveOni"],"picked":"SKIP","floor":12},{"not_picked":["theDuelist:Scapegoat","theDuelist:OceanDragonLord","theDuelist:Lancephorhynchus","theDuelist:BlueDuston"],"picked":"theDuelist:WaterDragon","floor":16},{"not_picked":["theDuelist:BlackBrutdrago","theDuelist:AmuletDragon+1","theDuelist:SuperancientDinobeast+1","theDuelist:SuperStridentBlaze"],"picked":"theDuelist:RedEyesZombie+1","floor":18},{"not_picked":["theDuelist:TailSwipe","theDuelist:BerserkScales+1","theDuelist:BSkullDragon","theDuelist:GravityLash"],"picked":"theDuelist:ChimeratechOverdragon","floor":20},{"not_picked":["theDuelist:StampingDestruction","theDuelist:AncientRules","theDuelist:SystemDown+1","theDuelist:Dracocension"],"picked":"theDuelist:Mountain+1","floor":22},{"not_picked":["theDuelist:RedEyes","theDuelist:MadSwordBeast","theDuelist:SafeZone","theDuelist:EvolutionBurst"],"picked":"theDuelist:EvilMind","floor":23},{"not_picked":["theDuelist:BattleguardKing","theDuelist:BigFire+1","theDuelist:Hinotama","theDuelist:LightningDarts","theDuelist:Raigeki"],"picked":"SKIP","floor":25},{"not_picked":["theDuelist:SurvivalFittest+1","theDuelist:Scapegoat+1","theDuelist:BlueDuston","theDuelist:BlasterDragonInfernos"],"picked":"theDuelist:SliferSky+1","floor":28},{"not_picked":["theDuelist:BattleguardKing","theDuelist:Hinotama","theDuelist:LightningDarts","theDuelist:RainbowOverdragon+1","theDuelist:SmashingGround"],"picked":"SKIP","floor":29},{"not_picked":["theDuelist:InfernityDoomDragon+1","theDuelist:FiendSkull+1","theDuelist:ChimeratechOverdragon+1"],"picked":"SKIP","floor":31},{"not_picked":["theDuelist:SauropodBrachion+1","theDuelist:Sabersaurus","theDuelist:Destroyersaurus","theDuelist:Beatraptor","theDuelist:Anthrosaurus+1"],"picked":"SKIP","floor":35}],"player_experience":1069717,"relics_obtained":[{"floor":6,"key":"Frozen Egg 2"},{"floor":8,"key":"Snake Skull"},{"floor":9,"key":"hubris:MedicalManual"},{"floor":10,"key":"Bottled Lightning"},{"floor":12,"key":"aspiration:StickyExplosives_weak"},{"floor":19,"key":"Necronomicon"},{"floor":23,"key":"hubris:SphereOfDissonance"},{"floor":25,"key":"Unceasing Top"},{"floor":28,"key":"hubris:Reverence"},{"floor":31,"key":"Nunchaku"}],"event_choices":[{"damage_healed":0,"gold_gain":0,"player_choice":"Box","damage_taken":0,"relics_obtained":["Pantograph"],"max_hp_gain":0,"max_hp_loss":0,"event_name":"Big Fish","floor":11,"gold_loss":0,"cards_obtained":["Regret"]},{"damage_healed":0,"gold_gain":0,"player_choice":"Dig - random Duelist relic","duelist":true,"damage_taken":0,"max_hp_gain":0,"max_hp_loss":0,"event_name":"Aknamkanon\u0027s Tomb","floor":14,"gold_loss":0},{"damage_healed":0,"gold_gain":0,"player_choice":"Obtained Book","damage_taken":21,"max_hp_gain":0,"max_hp_loss":0,"event_name":"Cursed Tome","floor":19,"gold_loss":0}],"is_beta":false,"boss_relics":[{"not_picked":["Astrolabe","Honey Jar"],"picked":"aspiration:PoetsPen_weak"},{"not_picked":["Replay:Bronze Core","HoveringKite"],"picked":"SlaversCollar"}],"items_purged_floors":[3,13,21],"is_endless":false,"potions_floor_spawned":[1,6,10,22,23,29,31,33],"killed_by":"3 Shapes","ascension_level":20}}