{"host":"i0avyit1s6jb1siw","time":1611227048,"event":{"mods":["BaseMod","DeckTracker","Dota2Spire","Highlight Path","Minty Spire (QoL Compilation)","Quick Restart","StSLib","SuperFastMode"],"gold_per_floor":[112,212,51,67,87,112,112,139,139,164,164,13,27,27,27,27,101,101,115,131,145,44,55,55,90,90,90,90,9,22,53,153,153,228,228,239,251,269,5,15,47,47,60,60,94,113,167,186,215,215,245,305,305,305,79,135,135,135],"floor_reached":57,"language":"ENG","playtime":3158,"items_purged":["Strike_G","Sucker Punch"],"score":2184,"play_id":"a916dec8-f381-4344-b7d9-f08ffc9dbe70","local_time":"20210121120408","is_ascension_mode":true,"campfire_choices":[{"data":"Skewer","floor":7.0,"key":"SMITH"},{"floor":11.0,"key":"REST"},{"data":"Well Laid Plans","floor":16.0,"key":"SMITH"},{"data":"Adrenaline","floor":24.0,"key":"SMITH"},{"data":"Wraith Form v2","floor":28.0,"key":"SMITH"},{"data":"Wraith Form v2","floor":33.0,"key":"SMITH"},{"data":"Burst","floor":42.0,"key":"SMITH"},{"floor":50.0,"key":"RECALL"},{"data":"After Image","floor":54.0,"key":"SMITH"}],"circlet_count":0,"master_deck":["AscendersBane","Survivor","Neutralize","Skewer+1","Backstab","Well Laid Plans+1","Dagger Spray","Leg Sweep","Dash","Burst+1","Masterful Stab","Crippling Poison","Malaise","Adrenaline+1","Prepared","Bullet Time","Wraith Form v2+1","Dodge and Roll","After Image+1","Deflect","Escape Plan+1","Finesse","Eviscerate","Acrobatics","Wraith Form v2+1","PiercingWail","Reflex","Corpse Explosion","Outmaneuver+1","After Image","Flechettes","Catalyst+1"],"relics":["Ring of the Snake","NeowsBlessing","Orrery","Mercury Hourglass","Toy Ornithopter","Dota2Spire:MagicBottle","Bag of Preparation","Pandora\u0027s Box","Oddly Smooth Stone","Meat on the Bone","Dota2Spire:UrnOfShadows","Mango","Question Card","Dota2Spire:Bloodstone","DollysMirror","Dota2Spire:BladeMail","The Courier","Strawberry","Thread and Needle","Dota2Spire:HandOfMidas","Paper Crane","Eternal Feather"],"acts_visited":["Exordium","TheCity","TheBeyond","TheEnding"],"potions_floor_usage":[56,57,57],"damage_taken":[{"damage":0.0,"enemies":"Jaw Worm","floor":1.0,"turns":1.0},{"damage":0.0,"enemies":"Cultist","floor":4.0,"turns":1.0},{"damage":0.0,"enemies":"Small Slimes","floor":5.0,"turns":1.0},{"damage":26.0,"enemies":"Lagavulin","floor":6.0,"turns":7.0},{"damage":29.0,"enemies":"Gremlin Nob","floor":8.0,"turns":5.0},{"damage":0.0,"enemies":"2 Fungi Beasts","floor":13.0,"turns":3.0},{"damage":8.0,"enemies":"The Guardian","floor":17.0,"turns":16.0},{"damage":0.0,"enemies":"Chosen","floor":19.0,"turns":5.0},{"damage":0.0,"enemies":"3 Byrds","floor":20.0,"turns":3.0},{"damage":11.0,"enemies":"Shelled Parasite and Fungi","floor":21.0,"turns":6.0},{"damage":0.0,"enemies":"Snake Plant","floor":23.0,"turns":5.0},{"damage":18.0,"enemies":"Slavers","floor":25.0,"turns":6.0},{"damage":1.0,"enemies":"Sentry and Sphere","floor":30.0,"turns":5.0},{"damage":13.0,"enemies":"Gremlin Leader","floor":31.0,"turns":9.0},{"damage":0.0,"enemies":"Colosseum Slavers","floor":32.0,"turns":4.0},{"damage":0.0,"enemies":"Colosseum Nobs","floor":32.0,"turns":6.0},{"damage":12.0,"enemies":"Champ","floor":34.0,"turns":20.0},{"damage":20.0,"enemies":"3 Darklings","floor":36.0,"turns":4.0},{"damage":0.0,"enemies":"3 Shapes","floor":37.0,"turns":3.0},{"damage":0.0,"enemies":"Sphere and 2 Shapes","floor":38.0,"turns":8.0},{"damage":0.0,"enemies":"Maw","floor":40.0,"turns":8.0},{"damage":0.0,"enemies":"Reptomancer","floor":41.0,"turns":6.0},{"damage":0.0,"enemies":"3 Darklings","floor":43.0,"turns":3.0},{"damage":24.0,"enemies":"Nemesis","floor":45.0,"turns":17.0},{"damage":0.0,"enemies":"Jaw Worm Horde","floor":46.0,"turns":2.0},{"damage":0.0,"enemies":"2 Orb Walkers","floor":47.0,"turns":4.0},{"damage":1.0,"enemies":"Transient","floor":48.0,"turns":6.0},{"damage":44.0,"enemies":"Reptomancer","floor":49.0,"turns":10.0},{"damage":0.0,"enemies":"Donu and Deca","floor":51.0,"turns":11.0},{"damage":41.0,"enemies":"Awakened One","floor":52.0,"turns":29.0},{"damage":127,"enemies":"Shield and Spear","floor":56,"turns":13},{"damage":99,"enemies":"The Heart","floor":57,"turns":13}],"seed_played":"-7320469945202673744","potions_obtained":[{"floor":1.0,"key":"AttackPotion"},{"floor":4.0,"key":"Swift Potion"},{"floor":17.0,"key":"CunningPotion"},{"floor":21.0,"key":"PowerPotion"},{"floor":30.0,"key":"SpeedPotion"},{"floor":32.0,"key":"FairyPotion"},{"floor":34.0,"key":"DistilledChaos"},{"floor":36.0,"key":"Dota2Spire:HealingSalve"},{"floor":41.0,"key":"PowerPotion"},{"floor":48.0,"key":"EntropicBrew"}],"is_trial":false,"path_per_floor":["M","?","$","M","M","E","R","E","T","T","R","$","M","T","?","R","B",null,"M","M","M","$","M","R","E","?","T","R","$","M","E","?","R","B",null,"M","M","M","$","M","E","R","M","T","E","M","?","M","E","R","B","B",null,"R","$","E","B"],"character_chosen":"THE_SILENT","items_purchased":["Orrery","Masterful Stab","Finesse","Wraith Form v2","DollysMirror","Paper Crane"],"campfire_rested":1,"item_purchase_floors":[3,12,22,29,39,55],"current_hp_per_floor":[59,59,59,59,59,33,33,4,4,4,23,23,23,23,23,23,24,56,56,56,45,45,45,45,32,32,32,32,32,43,44,67,67,60,75,60,60,60,60,60,60,60,60,60,55,55,69,68,51,51,66,37,75,75,75,29,0,0],"gold":135,"neow_bonus":"THREE_ENEMY_KILL","is_daily":false,"chose_seed":false,"campfire_upgraded":7,"win_rate":0.0,"timestamp":1611227048,"path_taken":["M","?","?","?","M","E","R","E","T","T","R","$","M","?","?","R","BOSS","M","M","M","$","M","R","E","?","T","R","?","M","E","?","R","BOSS","M","M","M","$","M","E","R","M","T","E","M","?","M","E","R","BOSS","BOSS","R","$","E","BOSS"],"items_purchased_type":["Relic","Card","Card","Card","Relic","Relic"],"build_version":"2020-12-22","purchased_purges":2,"victory":false,"max_hp_per_floor":[66,66,66,66,66,66,66,66,66,66,66,66,66,66,66,66,66,66,66,66,66,66,66,66,66,66,66,66,66,66,66,80,80,80,80,80,80,80,80,80,80,80,80,80,87,87,87,87,87,87,87,87,87,87,87,87,87,87],"card_choices":[{"not_picked":["Flying Knee","Cloak And Dagger"],"picked":"Skewer","floor":1.0},{"not_picked":["Setup","Backflip"],"picked":"Backstab","floor":3.0},{"not_picked":["Acrobatics","Expertise"],"picked":"Well Laid Plans","floor":3.0},{"not_picked":["Sucker Punch","Dagger Throw"],"picked":"Dagger Spray","floor":3.0},{"not_picked":["Quick Slash","Caltrops","Endless Agony"],"picked":"SKIP","floor":4.0},{"not_picked":["Dodge and Roll","Accuracy"],"picked":"Leg Sweep","floor":5.0},{"not_picked":["Riddle With Holes","Flechettes"],"picked":"Dash","floor":6.0},{"not_picked":["Slice","Blade Dance"],"picked":"Burst","floor":8.0},{"not_picked":["Acrobatics","Underhanded Strike"],"picked":"Crippling Poison","floor":13.0},{"not_picked":["Unload","Wraith Form v2"],"picked":"Malaise","floor":17.0},{"not_picked":["Poisoned Stab","Sucker Punch","Well Laid Plans+1"],"picked":"SKIP","floor":19.0},{"not_picked":["Flying Knee","Concentrate","Setup"],"picked":"SKIP","floor":20.0},{"not_picked":["Terror","Endless Agony"],"picked":"Escape Plan+1","floor":21.0},{"not_picked":["Quick Slash","Deflect"],"picked":"Eviscerate","floor":23.0},{"not_picked":["Bane","Quick Slash"],"picked":"Acrobatics","floor":25.0},{"not_picked":["Eviscerate","Slice","Heel Hook"],"picked":"SKIP","floor":30.0},{"not_picked":["Dodge and Roll","Footwork"],"picked":"PiercingWail","floor":31.0},{"not_picked":["Cloak And Dagger","Noxious Fumes"],"picked":"Reflex","floor":32.0},{"not_picked":["Night Terror","Die Die Die","A Thousand Cuts"],"picked":"Corpse Explosion","floor":34.0},{"not_picked":["Dagger Throw","Blade Dance","Cloak And Dagger","All Out Attack"],"picked":"SKIP","floor":36.0},{"not_picked":["Sucker Punch","Escape Plan+1","Deflect+1"],"picked":"Outmaneuver+1","floor":37.0},{"not_picked":["Expertise","Sucker Punch+1","Leg Sweep","Blade Dance"],"picked":"SKIP","floor":38.0},{"not_picked":["Endless Agony","Backflip","Slice","Noxious Fumes"],"picked":"SKIP","floor":40.0},{"not_picked":["Sucker Punch+1","Backstab","Leg Sweep","Catalyst"],"picked":"SKIP","floor":41.0},{"not_picked":["Flying Knee+1","Bane","Deflect","Deadly Poison"],"picked":"SKIP","floor":43.0},{"not_picked":["Backflip","Unload","Deadly Poison","Dodge and Roll"],"picked":"SKIP","floor":45.0},{"not_picked":["Dagger Throw","Choke+1","Acrobatics","Quick Slash"],"picked":"SKIP","floor":46.0},{"not_picked":["Underhanded Strike+1","Backflip","Predator+1","Storm of Steel"],"picked":"SKIP","floor":48.0},{"not_picked":["Backflip","Dodge and Roll","Predator"],"picked":"Flechettes","floor":49.0},{"not_picked":["Deadly Poison","Accuracy+1","Storm of Steel"],"picked":"Catalyst+1","floor":56}],"player_experience":2311899,"relics_obtained":[{"floor":6.0,"key":"Mercury Hourglass"},{"floor":8.0,"key":"Toy Ornithopter"},{"floor":10.0,"key":"Dota2Spire:MagicBottle"},{"floor":14.0,"key":"Bag of Preparation"},{"floor":25.0,"key":"Oddly Smooth Stone"},{"floor":27.0,"key":"Meat on the Bone"},{"floor":31.0,"key":"Dota2Spire:UrnOfShadows"},{"floor":32.0,"key":"Mango"},{"floor":32.0,"key":"Question Card"},{"floor":41.0,"key":"Dota2Spire:BladeMail"},{"floor":44.0,"key":"The Courier"},{"floor":45.0,"key":"Strawberry"},{"floor":47.0,"key":"Thread and Needle"},{"floor":49.0,"key":"Dota2Spire:HandOfMidas"},{"floor":56,"key":"Eternal Feather"}],"event_choices":[{"damage_healed":0.0,"max_hp_gain":0.0,"max_hp_loss":0.0,"gold_gain":100.0,"event_name":"Wheel of Change","player_choice":"Gold","floor":2.0,"gold_loss":0.0,"damage_taken":0.0},{"damage_healed":0.0,"max_hp_gain":0.0,"max_hp_loss":0.0,"gold_gain":0.0,"event_name":"Liars Game","player_choice":"Ignored","floor":15.0,"gold_loss":0.0,"damage_taken":0.0},{"cards_removed":["All Out Attack"],"damage_healed":0.0,"max_hp_gain":0.0,"max_hp_loss":0.0,"gold_gain":0.0,"event_name":"Purifier","player_choice":"Purged","floor":26.0,"gold_loss":0.0,"damage_taken":0.0},{"damage_healed":0.0,"max_hp_gain":0.0,"max_hp_loss":0.0,"gold_gain":0.0,"event_name":"Colosseum","player_choice":"Fight","floor":32.0,"gold_loss":0.0,"damage_taken":0.0},{"damage_healed":0.0,"max_hp_gain":0.0,"max_hp_loss":0.0,"gold_gain":0.0,"event_name":"Colosseum","player_choice":"Fought Nobs","floor":32.0,"gold_loss":0.0,"damage_taken":0.0},{"damage_healed":0.0,"max_hp_gain":0.0,"max_hp_loss":0.0,"gold_gain":0.0,"event_name":"Mysterious Sphere","player_choice":"Fight","floor":47.0,"gold_loss":0.0,"damage_taken":0.0}],"is_beta":false,"boss_relics":[{"not_picked":["Calling Bell","Velvet Choker"],"picked":"Pandora\u0027s Box"},{"not_picked":["Astrolabe","Busted Crown"],"picked":"Dota2Spire:Bloodstone"}],"items_purged_floors":[12,39],"is_endless":false,"potions_floor_spawned":[1,4,17,21,30,32,34,36,41,45,48],"killed_by":"The Heart","ascension_level":20}}