{"host":"t6r1isv2bex5ovch","time":1611248322,"event":{"mods":["AchievementEnabler","Act Like it!","Aspiration","BaseMod","Better Altar","Better Match","Better Note","Better Sensory Stone","Better Skull","Better Third Choice","Better Vampires","Colored Powertips","Displayed Cursed Tome","Evolution","Fox Events","Hubris","Minty Spire (QoL Compilation)","StS++","StSLib","The Jungle"],"gold_per_floor":[116,41,41,56,81,113,113,129,206,234,251,280,280,293,293,390,467,477,477,495,1,1,31,5,32,109,109,109,134,134,9,9,9,9],"floor_reached":33,"language":"ENG","playtime":2062,"items_purged":["Defend_G","Injury","Strike_G"],"score":452,"play_id":"413935c3-5ac7-4d06-a490-02a11d56e19b","local_time":"20210122025842","is_ascension_mode":true,"campfire_choices":[{"floor":7.0,"key":"RECALL"},{"data":"Terror","floor":13,"key":"SMITH"},{"data":"Noxious Fumes","floor":15,"key":"SMITH"},{"data":"StSpp:FiercePoison","floor":27,"key":"SMITH"},{"data":"Deadly Poison","floor":32,"key":"SMITH"}],"circlet_count":0,"master_deck":["Dagger Throw","Strike_G","Strike_G","Strike_G","Defend_G","Defend_G","Defend_G","Defend_G","Survivor","Neutralize+1","Terror+1","Noxious Fumes+1","Deadly Poison+1","Dagger Spray+1","StSpp:PoisonousPunch+1","Deadly Poison","Bane+1","Envenom+1","Dagger Spray+1","Skewer+1","StSpp:FiercePoison+1","Dagger Spray+1"],"relics":["Ring of the Snake","EVO:Axolotl","aspiration:DSix","Molten Egg 2","foxEvents:LuckyCharm","PreservedInsect","Mango","Eternal Feather","StSpp:PileOfSugar","Meat on the Bone","aspiration:VileToxins","Ornamental Fan","aspiration:FrozenJewel","aspiration:ChemicalBlood"],"acts_visited":["Exordium","Exordium"],"potions_floor_usage":[12,23,29,30,33,33,33],"damage_taken":[{"damage":1.0,"enemies":"Small Slimes","floor":1.0,"turns":4.0},{"damage":3.0,"enemies":"Jaw Worm","floor":4.0,"turns":3.0},{"damage":14.0,"enemies":"Colosseum Slavers","floor":5.0,"turns":3.0},{"damage":38.0,"enemies":"3 Sentries","floor":6.0,"turns":9.0},{"damage":1.0,"enemies":"Cultist","floor":8.0,"turns":3.0},{"damage":12.0,"enemies":"Lagavulin","floor":10.0,"turns":5.0},{"damage":4,"enemies":"3 Louse","floor":11,"turns":3},{"damage":2,"enemies":"3 Sentries","floor":12,"turns":6},{"damage":13,"enemies":"Exordium Wildlife","floor":14,"turns":3},{"damage":14,"enemies":"Hexaghost","floor":16,"turns":6},{"damage":32,"enemies":"theJungle:Flameango_and_Byrd","floor":18,"turns":3},{"damage":30,"enemies":"theJungle:GiantWrat","floor":20,"turns":3},{"damage":0,"enemies":"theJungle:2_Phrogs","floor":23,"turns":3},{"damage":3,"enemies":"theJungle:Cassacara","floor":25,"turns":3},{"damage":0,"enemies":"theJungle:MamaSnecko","floor":29,"turns":3},{"damage":0,"enemies":"theJungle:Snecko_Cultist_And_Trap","floor":30,"turns":1},{"damage":62,"enemies":"theJungle:FunGuy","floor":33,"turns":6}],"seed_played":"-794362269170473257","potions_obtained":[{"floor":4.0,"key":"Strength Potion"},{"floor":5.0,"key":"Regen Potion"},{"floor":8.0,"key":"Block Potion"},{"floor":11,"key":"AttackPotion"},{"floor":16,"key":"SmokeBomb"},{"floor":20,"key":"SpeedPotion"},{"floor":23,"key":"ColorlessPotion"},{"floor":25,"key":"FearPotion"},{"floor":29,"key":"ColorlessPotion"}],"is_trial":false,"path_per_floor":["M","$","?","M","?","E","R","M","T","E","M","E","R","M","R","B",null,"M","?","M","$","?","E","$","E","T","R","?","E","M","$","R","B"],"character_chosen":"THE_SILENT","items_purchased":["Meat on the Bone","aspiration:VileToxins","Dagger Spray+1"],"campfire_rested":0,"item_purchase_floors":[21,21,24],"current_hp_per_floor":[69,69,69,66,52,29,29,28,28,30,26,24,33,20,29,15,84,52,52,22,22,17,29,29,38,38,50,50,50,50,50,62,0,0],"gold":9,"neow_bonus":"DSIX","is_daily":false,"chose_seed":false,"campfire_upgraded":4,"win_rate":0.0,"timestamp":1611248322,"path_taken":["M","$","?","M","?","E","R","M","T","E","M","E","R","M","R","BOSS","M","?","?","$","?","E","?","E","T","R","?","E","M","$","R","BOSS"],"items_purchased_type":["Relic","Relic","Card"],"build_version":"2020-12-22","purchased_purges":3,"victory":false,"max_hp_per_floor":[70,70,70,70,70,70,70,70,70,84,84,84,84,84,84,84,84,84,84,84,84,89,89,89,89,89,89,89,89,89,89,89,89,89],"card_choices":[{"not_picked":["Acrobatics","StSpp:Dive"],"picked":"Terror","floor":1.0},{"not_picked":["Terror","Backflip"],"picked":"Noxious Fumes","floor":4.0},{"not_picked":["Accuracy","Dagger Throw+1"],"picked":"Deadly Poison","floor":5.0},{"not_picked":["Deadly Poison","Crippling Poison"],"picked":"Dagger Spray+1","floor":6.0},{"not_picked":["All Out Attack+1","Acrobatics"],"picked":"StSpp:PoisonousPunch+1","floor":8.0},{"not_picked":["Escape Plan","StSpp:Dive"],"picked":"Deadly Poison","floor":10.0},{"not_picked":["Quick Slash+1","Underhanded Strike+1","Sucker Punch+1"],"picked":"SKIP","floor":11},{"not_picked":["StSpp:Throw","Riddle With Holes+1","Finisher+1"],"picked":"SKIP","floor":12},{"not_picked":["All Out Attack+1","StSpp:Dive"],"picked":"Bane+1","floor":14},{"not_picked":["Malaise","Night Terror"],"picked":"Envenom","floor":16},{"not_picked":["hubris:SlightOfHand+1","Deflect+1"],"picked":"Dagger Spray+1","floor":18},{"not_picked":["StSpp:CorrosivePoison","Quick Slash+1"],"picked":"Skewer+1","floor":20},{"not_picked":["Flying Knee+1","Sucker Punch+1"],"picked":"StSpp:FiercePoison","floor":23},{"not_picked":["Heel Hook+1","Cloak And Dagger","After Image"],"picked":"SKIP","floor":25},{"not_picked":["Deadly Poison","Cloak And Dagger","Deflect"],"picked":"SKIP","floor":29}],"player_experience":352955,"relics_obtained":[{"floor":5.0,"key":"foxEvents:LuckyCharm"},{"floor":6.0,"key":"PreservedInsect"},{"floor":10.0,"key":"Mango"},{"floor":12,"key":"Eternal Feather"},{"floor":23,"key":"Ornamental Fan"},{"floor":25,"key":"aspiration:FrozenJewel"},{"floor":29,"key":"aspiration:ChemicalBlood"}],"event_choices":[{"damage_healed":0,"gold_gain":0,"player_choice":"Upgraded","damage_taken":0,"max_hp_gain":0,"max_hp_loss":0,"event_name":"Upgrade Shrine","floor":19,"gold_loss":0,"cards_upgraded":["Envenom"]}],"is_beta":false,"boss_relics":[{"not_picked":["Empty Cage","Astrolabe"],"picked":"StSpp:PileOfSugar"}],"items_purged_floors":[2,21,31],"is_endless":false,"potions_floor_spawned":[4,5,8,11,16,20,23,25,29],"killed_by":"theJungle:FunGuy","ascension_level":3}}