{"host":"0iuhrgzkozzv273x","time":1611199181,"event":{"mods":["2.2 Compatiblity","Astrologer","BaseMod","ChefMod","Colored Map","Curses Come First","Downfall","Hermit","Jorbs\u0027s Wanderer Trilogy","Key Reminder","Minty Spire (QoL Compilation)","Robot Space Explorer","Shade Mod","Spire Arcade","StSLib","The Construct","The Cursed","The Disciple","The Hayseed","The Runesmith","The Showman","TheFirefly","Unceasing Turn Reminder","Wandering Minibosses","thorton"],"gold_per_floor":[159,159,184,221,257,269,281,329,364,383,383,383],"floor_reached":10,"language":"ENG","playtime":586,"items_purged":[],"score":82,"play_id":"3d54fc1f-1443-41cb-b6e3-46713b7f59f2","local_time":"20210120221941","is_ascension_mode":true,"campfire_choices":[{"data":"thethorton:Heckle","floor":6,"key":"SMITH"}],"circlet_count":0,"master_deck":["thethorton:Strike","thethorton:Strike","thethorton:Strike","thethorton:Defend","thethorton:Defend","thethorton:Defend","thethorton:Defend","thethorton:Heckle+1","thethorton:CreditCard","Normality","thethorton:LongTermPayoff","thethorton:StampSmack","thethorton:WhirlingBriefcase","thethorton:LongTermPayoff","thethorton:BusinessCard","thethorton:Rebalance"],"relics":["thethorton:CouragePotion","NeowsBlessing","MawBank","Runesmith:AutoHammer","sneckomod:BlankCard"],"acts_visited":["Exordium"],"potions_floor_usage":[5,5,10],"damage_taken":[{"damage":0,"enemies":"2 Louse","floor":1,"turns":2},{"damage":0,"enemies":"Jaw Worm","floor":3,"turns":1},{"damage":0,"enemies":"Cultist","floor":4,"turns":2},{"damage":36,"enemies":"Exordium Thugs","floor":5,"turns":9},{"damage":26,"enemies":"3 Sentries","floor":8,"turns":7},{"damage":11,"enemies":"Lagavulin","floor":10,"turns":2}],"seed_played":"-7236254826963752459","potions_obtained":[{"floor":1,"key":"Weak Potion"},{"floor":4,"key":"SpeedPotion"},{"floor":8,"key":"CultistPotion"}],"is_trial":false,"path_per_floor":["M","?","M","M","M","R","?","E","T","E"],"character_chosen":"THE_THORT","items_purchased":[],"campfire_rested":0,"item_purchase_floors":[],"current_hp_per_floor":[68,68,68,68,32,32,32,6,6,0,0,0],"gold":383,"neow_bonus":"THREE_ENEMY_KILL","is_daily":false,"chose_seed":false,"campfire_upgraded":1,"win_rate":0.0,"timestamp":1611199181,"path_taken":["M","?","M","M","M","R","?","E","T","E"],"items_purchased_type":[],"build_version":"2020-12-22","purchased_purges":0,"victory":false,"max_hp_per_floor":[68,68,68,68,68,68,68,68,68,68,68,68],"card_choices":[{"not_picked":["thethorton:FearfulRun","thethorton:AngerMoment"],"picked":"thethorton:LongTermPayoff","floor":1},{"not_picked":["thethorton:ShoutAndRun","thethorton:DownPayment"],"picked":"thethorton:StampSmack","floor":3},{"not_picked":["thethorton:SeeingDouble","thethorton:GoldBuffer"],"picked":"thethorton:WhirlingBriefcase","floor":4},{"not_picked":["thethorton:DualBap","thethorton:RunningKick"],"picked":"thethorton:LongTermPayoff","floor":5},{"not_picked":["thethorton:SicklyRun","thethorton:AngerMoment"],"picked":"thethorton:Rebalance","floor":8}],"player_experience":1488124,"relics_obtained":[{"floor":8,"key":"Runesmith:AutoHammer"},{"floor":9,"key":"sneckomod:BlankCard"}],"event_choices":[{"damage_healed":0,"gold_gain":0,"cards_transformed":["thethorton:Strike"],"player_choice":"Change","damage_taken":0,"max_hp_gain":0,"max_hp_loss":0,"event_name":"Living Wall","floor":7,"gold_loss":0,"cards_obtained":["thethorton:BusinessCard"]}],"is_beta":false,"boss_relics":[],"items_purged_floors":[],"is_endless":false,"potions_floor_spawned":[1,4,8],"killed_by":"Lagavulin","ascension_level":4}}