{"host":"dhyczjm99amxd3qx","time":1611192013,"event":{"mods":["BaseMod","Colored Map","Googly Eyes","Highlight Path","Minty Spire (QoL Compilation)","Quick Restart","StSLib"],"gold_per_floor":[113,128,138,156,172,198,215,215,262,262,187,187,218,229,229,324,324,343,30,47,67,81,109,109,140,140,159,185,185,204,69,69,69,69],"floor_reached":33,"language":"ENG","playtime":1883,"items_purged":["Strike_B","Dualcast"],"score":458,"play_id":"55103b01-48c7-4c69-8bc0-a1652dfed35c","local_time":"20210120202013","is_ascension_mode":true,"campfire_choices":[{"data":"Zap","floor":8.0,"key":"SMITH"},{"data":"Echo Form","floor":10.0,"key":"SMITH"},{"floor":15.0,"key":"REST"},{"data":"Rainbow","floor":24.0,"key":"SMITH"},{"data":"Glacier","floor":29.0,"key":"SMITH"},{"data":"Electrodynamics","floor":32.0,"key":"SMITH"}],"circlet_count":0,"master_deck":["Strike_B","Strike_B","Strike_B","Defend_B","Defend_B","Defend_B","Defend_B","Zap+1","Cold Snap","Ball Lightning","Self Repair","Conserve Battery","Echo Form+1","Blizzard+1","Coolheaded","Cold Snap","Rainbow+1","Redo+1","Glacier+1","Compile Driver","Compile Driver+1","Electrodynamics+1"],"relics":["Cracked Core","Mango","Lantern","Regal Pillow","Coffee Dripper","Happy Flower","Meat on the Bone","Juzu Bracelet","Molten Egg 2","White Beast Statue"],"acts_visited":["Exordium","TheCity"],"potions_floor_usage":[33,33,33],"damage_taken":[{"damage":0.0,"enemies":"Cultist","floor":1.0,"turns":4.0},{"damage":7.0,"enemies":"Jaw Worm","floor":2.0,"turns":3.0},{"damage":0.0,"enemies":"2 Louse","floor":3.0,"turns":3.0},{"damage":11.0,"enemies":"Large Slime","floor":4.0,"turns":4.0},{"damage":31.0,"enemies":"Exordium Thugs","floor":5.0,"turns":5.0},{"damage":7.0,"enemies":"3 Sentries","floor":6.0,"turns":6.0},{"damage":23.0,"enemies":"3 Louse","floor":7.0,"turns":3.0},{"damage":9.0,"enemies":"Lagavulin","floor":13.0,"turns":5.0},{"damage":3.0,"enemies":"Red Slaver","floor":14.0,"turns":4.0},{"damage":2.0,"enemies":"The Guardian","floor":16.0,"turns":9.0},{"damage":5.0,"enemies":"Chosen","floor":18.0,"turns":4.0},{"damage":3.0,"enemies":"Spheric Guardian","floor":20.0,"turns":4.0},{"damage":16.0,"enemies":"Cultist and Chosen","floor":21.0,"turns":5.0},{"damage":34.0,"enemies":"Snake Plant","floor":22.0,"turns":5.0},{"damage":19.0,"enemies":"Book of Stabbing","floor":23.0,"turns":6.0},{"damage":47.0,"enemies":"Slavers","floor":25.0,"turns":5.0},{"damage":11.0,"enemies":"Centurion and Healer","floor":27.0,"turns":6.0},{"damage":14.0,"enemies":"Book of Stabbing","floor":28.0,"turns":5.0},{"damage":0.0,"enemies":"Snecko","floor":30.0,"turns":4.0},{"damage":52,"enemies":"Collector","floor":33,"turns":8}],"seed_played":"7881518666812895104","potions_obtained":[{"floor":3.0,"key":"Explosive Potion"},{"floor":5.0,"key":"DistilledChaos"},{"floor":7.0,"key":"BlessingOfTheForge"},{"floor":13.0,"key":"FocusPotion"},{"floor":14.0,"key":"SkillPotion"},{"floor":20.0,"key":"FearPotion"},{"floor":25.0,"key":"EssenceOfSteel"},{"floor":28.0,"key":"ColorlessPotion"},{"floor":30.0,"key":"Block Potion"}],"is_trial":false,"path_per_floor":["M","M","M","M","M","E","M","R","T","R","$","?","E","M","R","B",null,"M","$","M","M","M","E","R","E","T","M","E","R","M","$","R","B"],"character_chosen":"DEFECT","items_purchased":["Happy Flower","Glacier","Electrodynamics"],"campfire_rested":1,"item_purchase_floors":[19,19,31],"current_hp_per_floor":[75,68,68,64,40,54,38,38,38,38,38,38,36,47,90,95,96,96,96,93,84,64,52,52,24,24,25,30,30,49,49,49,0,0],"gold":69,"neow_bonus":"TEN_PERCENT_HP_BONUS","is_daily":false,"chose_seed":false,"campfire_upgraded":5,"win_rate":0.0,"timestamp":1611192013,"path_taken":["M","M","M","M","M","E","?","R","T","R","$","?","E","M","R","BOSS","M","$","?","M","M","E","R","E","T","M","E","R","M","$","R","BOSS"],"items_purchased_type":["Relic","Card","Card"],"build_version":"2020-12-22","purchased_purges":2,"victory":false,"max_hp_per_floor":[82,82,82,82,82,96,96,96,96,96,96,96,96,96,96,96,96,96,96,96,96,96,96,96,96,96,96,96,96,96,96,96,96,96],"card_choices":[{"not_picked":["Stack","Conserve Battery"],"picked":"Cold Snap","floor":1.0},{"not_picked":["Consume","Leap"],"picked":"Ball Lightning","floor":2.0},{"not_picked":["Tempest","Go for the Eyes"],"picked":"Self Repair","floor":3.0},{"not_picked":["Hologram","Self Repair"],"picked":"Conserve Battery","floor":4.0},{"not_picked":["Cold Snap","Undo"],"picked":"Echo Form","floor":5.0},{"not_picked":["Steam","Streamline"],"picked":"Blizzard","floor":6.0},{"not_picked":["Barrage","Undo"],"picked":"Coolheaded","floor":7.0},{"not_picked":["Core Surge","Force Field","Aggregate"],"picked":"SKIP","floor":13.0},{"not_picked":["Conserve Battery","Streamline"],"picked":"Cold Snap","floor":14.0},{"not_picked":["Biased Cognition","Multi-Cast"],"picked":"Rainbow","floor":16.0},{"not_picked":["Aggregate","Steam"],"picked":"Redo+1","floor":18.0},{"not_picked":["Tempest+1","Doom and Gloom+1","Coolheaded+1"],"picked":"SKIP","floor":20.0},{"not_picked":["Sweeping Beam+1","Rebound"],"picked":"Compile Driver","floor":21.0},{"not_picked":["Redo","Turbo","Barrage"],"picked":"SKIP","floor":22.0},{"not_picked":["Stack","Rebound","Creative AI"],"picked":"SKIP","floor":23.0},{"not_picked":["Streamline","Darkness","Capacitor"],"picked":"SKIP","floor":25.0},{"not_picked":["Stack","Static Discharge+1","Coolheaded"],"picked":"SKIP","floor":27.0},{"not_picked":["Steam Power+1","Gash+1","Double Energy"],"picked":"SKIP","floor":28.0},{"not_picked":["Stack","Go for the Eyes+1"],"picked":"Compile Driver+1","floor":30.0}],"player_experience":343704,"relics_obtained":[{"floor":6.0,"key":"Mango"},{"floor":9.0,"key":"Lantern"},{"floor":13.0,"key":"Regal Pillow"},{"floor":23.0,"key":"Meat on the Bone"},{"floor":25.0,"key":"Juzu Bracelet"},{"floor":26.0,"key":"Molten Egg 2"},{"floor":28.0,"key":"White Beast Statue"}],"event_choices":[{"damage_healed":0.0,"max_hp_gain":0.0,"max_hp_loss":0.0,"gold_gain":0.0,"event_name":"Accursed Blacksmith","player_choice":"Forge","floor":12.0,"gold_loss":0.0,"damage_taken":0.0,"cards_upgraded":["Blizzard"]}],"is_beta":false,"boss_relics":[{"not_picked":["Calling Bell","Empty Cage"],"picked":"Coffee Dripper"}],"items_purged_floors":[11,19],"is_endless":false,"potions_floor_spawned":[3,5,7,13,14,20,25,28,30],"killed_by":"Collector","ascension_level":7}}