{"host":"tkinv8gv6hgcc58b","time":1611255615,"event":{"mods":["AchievementEnabler","BaseMod","BetterRewards","Colored Map","Downfall","Googly Eyes","Hermit","Minty Spire (QoL Compilation)","READ ME - Guardian Mod","Rare Cards Sparkle","Relic Filter","Shop Mod","StSLib","The Cursed","The Disciple"],"gold_per_floor":[109,7,22,97,110,140,140,140,164,164,193,193,210,245,245,347,347,347,347,347,307,19,19,19,19,19,19,19,19,19,19,19,19,19,19,19,19,19,19,19,19,19,19,19,19,19,19,19,19,19],"floor_reached":51,"language":"ENG","playtime":4167,"items_purged":[],"score":1267,"play_id":"592ff79b-0291-48c7-896d-00caefdd6f82","local_time":"20210121140015","is_ascension_mode":true,"campfire_choices":[{"floor":7.0,"key":"REST"},{"data":"Eruption","floor":10.0,"key":"SMITH"},{"floor":12.0,"key":"REST"},{"data":"Omniscience","floor":15.0,"key":"SMITH"},{"data":"Vault","floor":23.0,"key":"SMITH"},{"floor":25.0,"key":"REST"},{"data":"Adaptation","floor":28.0,"key":"SMITH"},{"data":"MentalFortress","floor":32.0,"key":"SMITH"},{"data":"Devotion","floor":41,"key":"SMITH"},{"data":"Wish","floor":44,"key":"SMITH"},{"data":"MentalFortress","floor":49,"key":"SMITH"}],"circlet_count":0,"master_deck":["Strike_P","Strike_P","Strike_P","Strike_P+1","Defend_P","Defend_P","Defend_P","Eruption+1","Vigilance","BowlingBash","Swivel","FearNoEvil","EmptyFist","Prostrate","Tantrum","FearNoEvil","SashWhip+1","Omniscience+1","EmptyFist","Pray","Vault+1","EmptyFist","Judgement","Adaptation+1","MentalFortress+1","Devotion+1","Evaluate+1","Wish+1","MentalFortress+1","Scrawl+1"],"relics":["HolyWater","Centennial Puzzle","Bag of Marbles","Boot","Mummified Hand","Ectoplasm","Pantograph","GoldenEye","FossilizedHelix","Blood Vial","Oddly Smooth Stone","Dead Branch","Ancient Tea Set","Toxic Egg 2","Damaru"],"acts_visited":["Exordium","TheCity","TheBeyond"],"potions_floor_usage":[50],"damage_taken":[{"damage":18.0,"enemies":"Jaw Worm","floor":1.0,"turns":4.0},{"damage":0.0,"enemies":"Small Slimes","floor":3.0,"turns":3.0},{"damage":0.0,"enemies":"Cultist","floor":5.0,"turns":3.0},{"damage":24.0,"enemies":"Gremlin Nob","floor":6.0,"turns":4.0},{"damage":16.0,"enemies":"Lagavulin","floor":11.0,"turns":6.0},{"damage":0.0,"enemies":"Large Slime","floor":13.0,"turns":2.0},{"damage":0.0,"enemies":"Gremlin Nob","floor":14.0,"turns":2.0},{"damage":73.0,"enemies":"Hexaghost","floor":16.0,"turns":13.0},{"damage":9.0,"enemies":"Shell Parasite","floor":18.0,"turns":4.0},{"damage":28.0,"enemies":"Book of Stabbing","floor":24.0,"turns":6.0},{"damage":0.0,"enemies":"Gremlin Leader","floor":27.0,"turns":4.0},{"damage":16.0,"enemies":"Book of Stabbing","floor":29.0,"turns":5.0},{"damage":0.0,"enemies":"3 Byrds","floor":30.0,"turns":3.0},{"damage":12.0,"enemies":"Snake Plant","floor":31.0,"turns":2.0},{"damage":41.0,"enemies":"Automaton","floor":33.0,"turns":10.0},{"damage":11,"enemies":"3 Darklings","floor":35,"turns":4},{"damage":0,"enemies":"Orb Walker","floor":36,"turns":3},{"damage":2,"enemies":"Sphere and 2 Shapes","floor":37,"turns":4},{"damage":0,"enemies":"Mind Bloom Boss Battle","floor":39,"turns":8},{"damage":0,"enemies":"Giant Head","floor":40,"turns":6},{"damage":0,"enemies":"Nemesis","floor":42,"turns":4},{"damage":0,"enemies":"Maw","floor":45,"turns":5},{"damage":0,"enemies":"3 Darklings","floor":46,"turns":4},{"damage":0,"enemies":"Jaw Worm Horde","floor":48,"turns":3},{"damage":40,"enemies":"Time Eater","floor":50,"turns":10}],"seed_played":"6356411659679420329","potions_obtained":[{"floor":1.0,"key":"ColorlessPotion"},{"floor":5.0,"key":"SteroidPotion"},{"floor":13.0,"key":"Dexterity Potion"},{"floor":14.0,"key":"Regen Potion"},{"floor":18.0,"key":"LiquidBronze"},{"floor":24.0,"key":"Swift Potion"},{"floor":27.0,"key":"PowerPotion"},{"floor":36,"key":"BlessingOfTheForge"}],"is_trial":false,"path_per_floor":["M","$","M","?","M","E","R","?","T","R","E","R","M","E","R","B",null,"M","?","$","?","$","R","E","R","T","E","R","E","M","M","R","B",null,"M","M","M","?","?","E","R","E","T","R","M","M","$","M","R","B",null],"character_chosen":"WATCHER","items_purchased":["Swivel","EmptyFist","Prostrate","Pantograph","EmptyFist"],"campfire_rested":3,"item_purchase_floors":[0,2,2,22,22],"current_hp_per_floor":[48,48,48,37,37,13,34,58,58,58,42,63,63,63,63,4,72,63,63,63,63,63,63,35,56,56,56,56,42,44,34,34,20,72,61,63,63,63,72,72,72,72,72,72,72,72,72,72,72,32],"gold":19,"neow_bonus":"","is_daily":false,"chose_seed":false,"campfire_upgraded":8,"win_rate":0.0,"timestamp":1611255615,"path_taken":["M","$","M","?","M","E","R","?","T","R","E","R","M","E","R","BOSS","M","?","$","?","$","R","E","R","T","E","R","E","M","M","R","BOSS","M","M","M","?","?","E","R","E","T","R","M","M","?","?","R","BOSS"],"items_purchased_type":["Card","Card","Card","Relic","Card"],"build_version":"2020-12-22","purchased_purges":0,"victory":true,"max_hp_per_floor":[72,72,72,72,72,72,72,72,72,72,72,72,72,72,72,72,72,72,72,72,72,72,72,72,72,72,72,72,72,72,72,72,72,72,72,72,72,72,72,72,72,72,72,72,72,72,72,72,72,72],"card_choices":[{"not_picked":["Conclude","CutThroughFate"],"picked":"FearNoEvil","floor":1.0},{"not_picked":["CutThroughFate","BowlingBash"],"picked":"Tantrum","floor":3.0},{"not_picked":["CutThroughFate","Wireheading"],"picked":"FearNoEvil","floor":5.0},{"not_picked":["Meditate","CrushJoints"],"picked":"SashWhip","floor":6.0},{"not_picked":["BowlingBash","Evaluate"],"picked":"Omniscience","floor":11.0},{"not_picked":["Crescendo","FearNoEvil"],"picked":"EmptyFist","floor":13.0},{"not_picked":["FlurryOfBlows","Consecrate"],"picked":"Pray","floor":14.0},{"not_picked":["ConjureBlade","Establishment"],"picked":"Vault","floor":16.0},{"not_picked":["Consecrate","SashWhip","JustLucky+1"],"picked":"SKIP","floor":18.0},{"not_picked":["CutThroughFate","BattleHymn+1"],"picked":"Judgement","floor":24.0},{"not_picked":["Halt","Fasting2+1"],"picked":"Adaptation","floor":27.0},{"not_picked":["Meditate","FlyingSleeves","Sanctity+1"],"picked":"SKIP","floor":29.0},{"not_picked":["Crescendo+1","WreathOfFlame"],"picked":"MentalFortress","floor":30.0},{"not_picked":["WreathOfFlame","ClearTheMind","PathToVictory"],"picked":"SKIP","floor":31.0},{"not_picked":["Ragnarok","Vault"],"picked":"Devotion","floor":33.0},{"not_picked":["Protect","ThirdEye","Nirvana+1"],"picked":"SKIP","floor":35},{"not_picked":["PathToVictory","SashWhip+1","Prostrate"],"picked":"SKIP","floor":36},{"not_picked":["FlyingSleeves","ThirdEye"],"picked":"Evaluate+1","floor":37},{"not_picked":["FollowUp+1","SandsOfTime+1"],"picked":"Wish","floor":39},{"not_picked":["Blasphemy","SandsOfTime","Meditate+1"],"picked":"SKIP","floor":40},{"not_picked":["Indignation+1","CutThroughFate","Consecrate"],"picked":"SKIP","floor":42},{"not_picked":["Halt+1","ClearTheMind+1"],"picked":"MentalFortress","floor":45},{"not_picked":["FlurryOfBlows+1","BowlingBash","JustLucky"],"picked":"SKIP","floor":46},{"not_picked":["Evaluate+1","FlurryOfBlows"],"picked":"Scrawl+1","floor":48}],"player_experience":1054648,"relics_obtained":[{"floor":6.0,"key":"Centennial Puzzle"},{"floor":9.0,"key":"Bag of Marbles"},{"floor":11.0,"key":"Boot"},{"floor":14.0,"key":"Mummified Hand"},{"floor":24.0,"key":"GoldenEye"},{"floor":26.0,"key":"FossilizedHelix"},{"floor":27.0,"key":"Blood Vial"},{"floor":29.0,"key":"Oddly Smooth Stone"},{"floor":39,"key":"Dead Branch"},{"floor":40,"key":"Ancient Tea Set"},{"floor":42,"key":"Toxic Egg 2"},{"floor":43,"key":"Damaru"}],"event_choices":[{"damage_healed":0.0,"max_hp_gain":0.0,"max_hp_loss":0.0,"gold_gain":75.0,"event_name":"World of Goop","player_choice":"Gather Gold","floor":4.0,"gold_loss":0.0,"damage_taken":11.0},{"damage_healed":24.0,"max_hp_gain":0.0,"max_hp_loss":0.0,"gold_gain":0.0,"event_name":"Big Fish","player_choice":"Banana","floor":8.0,"gold_loss":0.0,"damage_taken":0.0},{"damage_healed":0.0,"max_hp_gain":0.0,"max_hp_loss":0.0,"gold_gain":0.0,"event_name":"Designer","player_choice":"Upgraded Two","floor":21.0,"gold_loss":40.0,"damage_taken":0.0,"cards_upgraded":["Strike_P","SashWhip"]},{"cards_removed":["Defend_P"],"damage_healed":0,"gold_gain":0,"player_choice":"Removed Skill","damage_taken":0,"max_hp_gain":0,"max_hp_loss":0,"event_name":"Falling","floor":38,"gold_loss":0},{"damage_healed":0,"gold_gain":0,"player_choice":"Fight","damage_taken":0,"max_hp_gain":0,"max_hp_loss":0,"event_name":"MindBloom","floor":39,"gold_loss":0}],"is_beta":false,"boss_relics":[{"not_picked":["bronze:MakeshiftBattery","Runic Dome"],"picked":"Ectoplasm"},{"not_picked":["SacredBark","Empty Cage"],"picked":"HolyWater"}],"items_purged_floors":[],"is_endless":false,"potions_floor_spawned":[1,5,13,14,18,24,27,31,36,39,45,48],"ascension_level":4}}