{"host":"ELF","time":1611221369,"event":{"mods":["BaseMod","Bestiary","Minty Spire (QoL Compilation)","Relic Stats","Slay the Relics Exporter"],"gold_per_floor":[109,133,292,292,317,360,360,360,360,22,22,40,60,94,94,177,204,231,67,93,115,37,37,75,75,102,102,102,102],"floor_reached":28,"language":"ENG","playtime":2394,"items_purged":[],"score":584,"play_id":"54e47b32-7bce-4030-badb-cebc6a0a6da6","local_time":"20210121032929","is_ascension_mode":true,"campfire_choices":[{"data":"Hologram","floor":8,"key":"SMITH"},{"floor":11,"key":"REST"},{"data":"Coolheaded","floor":15,"key":"SMITH"},{"floor":23,"key":"REST"},{"data":"Storm","floor":25,"key":"SMITH"}],"circlet_count":0,"master_deck":["AscendersBane","Defend_B","Defend_B","Defend_B","Defend_B+1","Zap","Dualcast","Hologram+1","Darkness+1","Capacitor","Conserve Battery","Storm+1","Coolheaded+1","Genetic Algorithm","Machine Learning","Sweeping Beam+1","Seek+1","Meteor Strike+1","Chill","Force Field","Stack+1","Self Repair","Defragment"],"relics":["Cracked Core","NeowsBlessing","CeramicFish","War Paint","Shuriken","Regal Pillow","Orichalcum","HornCleat","Astrolabe","Happy Flower","Smiling Mask","Omamori","Enchiridion"],"acts_visited":["Exordium","TheCity"],"potions_floor_usage":[16,24,24,28],"damage_taken":[{"damage":0,"enemies":"Cultist","floor":1,"turns":1},{"damage":0,"enemies":"Jaw Worm","floor":5,"turns":1},{"damage":0,"enemies":"Gremlin Nob","floor":6,"turns":1},{"damage":0,"enemies":"2 Louse","floor":13,"turns":4},{"damage":21,"enemies":"Lagavulin","floor":14,"turns":6},{"damage":48,"enemies":"Slime Boss","floor":16,"turns":9},{"damage":11,"enemies":"Spheric Guardian","floor":18,"turns":5},{"damage":0,"enemies":"Chosen","floor":20,"turns":5},{"damage":28,"enemies":"Centurion and Healer","floor":21,"turns":9},{"damage":0,"enemies":"Gremlin Leader","floor":24,"turns":6},{"damage":38,"enemies":"Book of Stabbing","floor":28,"turns":7}],"seed_played":"-3442679508092417136","potions_obtained":[{"floor":5,"key":"SpeedPotion"},{"floor":14,"key":"BlessingOfTheForge"},{"floor":16,"key":"Block Potion"},{"floor":18,"key":"AttackPotion"},{"floor":24,"key":"Weak Potion"}],"is_trial":false,"path_per_floor":["M","T","?","?","M","E","?","R","T","$","R","?","M","E","R","B",null,"M","$","M","M","$","R","E","R","T","?","E"],"character_chosen":"DEFECT","items_purchased":["Regal Pillow","Orichalcum","Happy Flower","Self Repair"],"campfire_rested":2,"item_purchase_floors":[10,10,19,22],"current_hp_per_floor":[64,64,64,64,64,64,57,57,57,57,71,71,71,50,50,2,54,43,43,43,15,15,51,58,58,58,37,0,0],"gold":102,"neow_bonus":"THREE_ENEMY_KILL","is_daily":false,"chose_seed":false,"campfire_upgraded":3,"win_rate":0.0,"timestamp":1611221369,"path_taken":["M","?","?","?","?","E","?","R","T","$","R","?","?","E","R","BOSS","M","$","M","?","$","R","E","R","T","?","E"],"items_purchased_type":["Relic","Relic","Relic","Card"],"build_version":"2020-12-18","purchased_purges":0,"victory":false,"max_hp_per_floor":[71,71,71,71,71,71,71,71,71,71,71,71,71,71,71,71,71,71,71,71,71,71,71,71,71,71,71,71,71],"relic_stats":{"Regal Pillow":15,"Happy Flower":[9],"counters":[11,54],"Shuriken":[1],"CeramicFish":144,"Astrolabe":["Sweeping Beam","Seek","Meteor Strike"],"War Paint":["Darkness","Defend_B"],"Orichalcum":[54],"Smiling Mask":0,"obtain_stats":[{"Regal Pillow":10,"NeowsBlessing":0,"Happy Flower":19,"CeramicFish":2,"Astrolabe":17,"Enchiridion":27,"Omamori":26,"War Paint":6,"Orichalcum":10,"Smiling Mask":24,"HornCleat":14,"Shuriken":9,"Cracked Core":0},{"Regal Pillow":3,"NeowsBlessing":0,"Happy Flower":7,"CeramicFish":1,"Astrolabe":6,"Enchiridion":10,"Omamori":10,"War Paint":3,"Orichalcum":3,"Smiling Mask":10,"HornCleat":5,"Shuriken":3,"Cracked Core":0},{"Regal Pillow":3,"NeowsBlessing":0,"Happy Flower":27,"CeramicFish":1,"Astrolabe":22,"Enchiridion":47,"Omamori":47,"War Paint":3,"Orichalcum":3,"Smiling Mask":47,"HornCleat":13,"Shuriken":3,"Cracked Core":0}]},"card_choices":[{"not_picked":["Beam Cell","Aggregate"],"picked":"Hologram","floor":1},{"not_picked":["Skim","Beam Cell"],"picked":"Darkness","floor":5},{"not_picked":["Lockon","Redo"],"picked":"Capacitor","floor":6},{"not_picked":["Turbo","Go for the Eyes"],"picked":"Coolheaded","floor":13},{"not_picked":["Hologram","Ball Lightning"],"picked":"Genetic Algorithm","floor":14},{"not_picked":["Core Surge","Amplify"],"picked":"Machine Learning","floor":16},{"not_picked":["Turbo","Coolheaded"],"picked":"Chill","floor":18},{"not_picked":["Recycle","Reprogram+1"],"picked":"Force Field","floor":20},{"not_picked":["Go for the Eyes","Beam Cell+1"],"picked":"Stack+1","floor":21},{"not_picked":["Chill","Capacitor"],"picked":"Defragment","floor":24}],"player_experience":3238812,"relics_obtained":[{"floor":2,"key":"CeramicFish"},{"floor":6,"key":"War Paint"},{"floor":9,"key":"Shuriken"},{"floor":14,"key":"HornCleat"},{"floor":24,"key":"Smiling Mask"},{"floor":26,"key":"Omamori"},{"floor":27,"key":"Enchiridion"}],"event_choices":[{"damage_healed":0,"gold_gain":150,"player_choice":"AGREE","damage_taken":0,"max_hp_gain":0,"max_hp_loss":0,"event_name":"Liars Game","floor":3,"gold_loss":0,"cards_obtained":["Doubt"]},{"cards_removed":["Doubt"],"damage_healed":0,"gold_gain":0,"player_choice":"Forget","damage_taken":0,"max_hp_gain":0,"max_hp_loss":0,"event_name":"Living Wall","floor":4,"gold_loss":0},{"cards_removed":["Strike_B"],"damage_healed":0,"gold_gain":0,"player_choice":"Card Removal","damage_taken":7,"max_hp_gain":0,"max_hp_loss":0,"event_name":"Golden Wing","floor":7,"gold_loss":0},{"damage_healed":0,"gold_gain":0,"player_choice":"2 cards matched","damage_taken":0,"max_hp_gain":0,"max_hp_loss":0,"event_name":"Match and Keep!","floor":12,"gold_loss":0,"cards_obtained":["Conserve Battery","Storm"]},{"damage_healed":0,"gold_gain":0,"player_choice":"Obtained Book","damage_taken":21,"max_hp_gain":0,"max_hp_loss":0,"event_name":"Cursed Tome","floor":27,"gold_loss":0}],"is_beta":true,"boss_relics":[{"not_picked":["Runic Dome","FrozenCore"],"picked":"Astrolabe"}],"items_purged_floors":[],"is_endless":false,"potions_floor_spawned":[5,14,16,18,24],"killed_by":"Book of Stabbing","ascension_level":20}}