{"host":"bq4pt811tk9yrmjl","time":1611253229,"event":{"mods":["AchievementEnabler","BaseMod","Colored Map","Colored Powertips","Defuse TimeMaze Blight","Hermit","Minty Spire (QoL Compilation)","StSLib","SuperFastMode"],"gold_per_floor":[119,174,174,184,184,212,212,237,264,264,264,110,123,152,152,251,251,217,142,102,118,170,170,183,201,201,215,70,70,0,34,34,129,129,141,141,164,164,181,213,213,213,213,67,81,81,81,93,93,93,93,93,18,18,18],"floor_reached":54,"language":"ENG","playtime":1140,"items_purged":[],"score":817,"play_id":"111d439e-6603-4a03-9966-118bf9c3d859","local_time":"20210121162029","is_ascension_mode":true,"campfire_choices":[{"data":"hermit:Maintenance","floor":7.0,"key":"SMITH"},{"data":"hermit:Determination","floor":10.0,"key":"SMITH"},{"floor":15.0,"key":"REST"},{"floor":23.0,"key":"REST"},{"floor":29.0,"key":"REST"},{"floor":32.0,"key":"REST"},{"floor":41.0,"key":"RECALL"},{"floor":47,"key":"REST"},{"data":"hermit:HighNoon","floor":49,"key":"SMITH"},{"data":"hermit:Shortfuse","floor":52,"key":"SMITH"}],"circlet_count":0,"master_deck":["hermit:Strike_Hermit","hermit:Strike_Hermit","hermit:Strike_Hermit","hermit:Strike_Hermit","hermit:Defend_Hermit+1","hermit:Defend_Hermit","hermit:Defend_Hermit+1","hermit:Defend_Hermit+1","hermit:Snapshot+1","hermit:Covet+1","hermit:Maintenance+1","hermit:Determination+1","hermit:GhostlyPresence","hermit:FlashPowder+1","hermit:Shortfuse+1","hermit:Shortfuse+1","hermit:Vantage+1","hermit:HighNoon+1","hermit:Coalescence+1","hermit:Glare+1"],"relics":["hermit:Momento","NeowsBlessing","Anchor","WingedGreaves","PreservedInsect","Omamori","hermit:Horseshoe","Calling Bell","Tiny Chest","Letter Opener","hermit:CharredGlove","Bronze Scales","Mercury Hourglass","Membership Card","Bottled Lightning","Philosopher\u0027s Stone","Art of War","Regal Pillow","Blood Vial","hermit:PetGhost","War Paint"],"acts_visited":["Exordium","TheCity","TheBeyond","TheEnding"],"potions_floor_usage":[42,45,48,54],"damage_taken":[{"damage":0.0,"enemies":"Small Slimes","floor":1.0,"turns":1.0},{"damage":0.0,"enemies":"Cultist","floor":4.0,"turns":1.0},{"damage":0.0,"enemies":"3 Sentries","floor":6.0,"turns":3.0},{"damage":12.0,"enemies":"Lagavulin","floor":8.0,"turns":7.0},{"damage":0.0,"enemies":"2 Louse","floor":13.0,"turns":2.0},{"damage":22.0,"enemies":"3 Sentries","floor":14.0,"turns":10.0},{"damage":30.0,"enemies":"Hexaghost","floor":16.0,"turns":15.0},{"damage":17.0,"enemies":"2 Thieves","floor":18.0,"turns":5.0},{"damage":12.0,"enemies":"Spheric Guardian","floor":21.0,"turns":4.0},{"damage":37.0,"enemies":"Snecko","floor":24.0,"turns":7.0},{"damage":11.0,"enemies":"Cultist and Chosen","floor":25.0,"turns":6.0},{"damage":7.0,"enemies":"Shelled Parasite and Fungi","floor":27.0,"turns":6.0},{"damage":0.0,"enemies":"Book of Stabbing","floor":31.0,"turns":4.0},{"damage":39.0,"enemies":"Automaton","floor":33.0,"turns":14.0},{"damage":12.0,"enemies":"3 Darklings","floor":35.0,"turns":7.0},{"damage":2.0,"enemies":"3 Shapes","floor":39.0,"turns":6.0},{"damage":10.0,"enemies":"Giant Head","floor":40.0,"turns":8.0},{"damage":0,"enemies":"Nemesis","floor":42,"turns":1},{"damage":5,"enemies":"Spire Growth","floor":45,"turns":5},{"damage":10,"enemies":"4 Shapes","floor":48,"turns":7},{"damage":54,"enemies":"Time Eater","floor":50,"turns":10},{"damage":55,"enemies":"Shield and Spear","floor":54,"turns":5}],"seed_played":"-6941309255344525411","potions_obtained":[{"floor":1.0,"key":"Explosive Potion"},{"floor":8.0,"key":"Fruit Juice"},{"floor":13.0,"key":"Weak Potion"},{"floor":16.0,"key":"EssenceOfSteel"},{"floor":18.0,"key":"Fire Potion"},{"floor":21.0,"key":"EssenceOfSteel"},{"floor":27.0,"key":"Block Potion"},{"floor":31.0,"key":"SmokeBomb"},{"floor":39.0,"key":"Weak Potion"},{"floor":40.0,"key":"ColorlessPotion"},{"floor":45,"key":"Energy Potion"},{"floor":48,"key":"Explosive Potion"}],"is_trial":false,"path_per_floor":["M","?","?","M","?","E","R","E","T","R","?","$","M","E","R","B",null,"M","?","?","M","T","R","M","M","T","M","$","R","?","E","R","B",null,"M","?","T","?","M","E","R","E","T","$","M","$","R","M","R","B",null,"R","$","E"],"character_chosen":"HERMIT","items_purchased":["Omamori","Membership Card","hermit:PetGhost","hermit:HighNoon","War Paint"],"campfire_rested":5,"item_purchase_floors":[12,28,44,44,53],"current_hp_per_floor":[75,75,75,75,68,68,68,61,61,61,61,61,61,39,63,33,80,63,63,63,51,51,75,38,27,27,20,20,44,44,44,68,29,80,68,68,68,68,66,56,56,56,56,56,53,53,80,70,70,18,80,80,80,25,25],"gold":18,"neow_bonus":"THREE_ENEMY_KILL","is_daily":false,"chose_seed":false,"campfire_upgraded":4,"win_rate":0.0,"timestamp":1611253229,"path_taken":["M","?","?","?","?","E","R","E","T","R","?","$","?","E","R","BOSS","M","?","?","?","?","R","M","?","T","M","$","R","?","E","R","BOSS","M","?","?","?","M","E","R","E","T","$","?","?","R","M","R","BOSS","R","$","E"],"items_purchased_type":["Relic","Relic","Relic","Card","Relic"],"build_version":"2020-12-22","purchased_purges":0,"victory":false,"max_hp_per_floor":[75,75,75,75,75,75,75,80,80,80,80,80,80,80,80,80,80,80,80,80,80,80,80,80,80,80,80,80,80,80,80,80,80,80,80,80,80,80,80,80,80,80,80,80,80,80,80,80,80,80,80,80,80,80,80],"card_choices":[{"not_picked":["hermit:Feint","hermit:Manifest","hermit:Snipe"],"picked":"SKIP","floor":1.0},{"not_picked":["hermit:Dive","hermit:Coalescence"],"picked":"hermit:Maintenance","floor":4.0},{"not_picked":["hermit:TakeAim","hermit:Spite","hermit:Determination"],"picked":"SKIP","floor":6.0},{"not_picked":["hermit:Grudge","hermit:HighCaliber"],"picked":"hermit:Determination","floor":8.0},{"not_picked":["hermit:Feint","hermit:ShadowCloak"],"picked":"hermit:GhostlyPresence","floor":13.0},{"not_picked":["hermit:PistolWhip","hermit:DeadMansHand","hermit:LoneWolf"],"picked":"SKIP","floor":14.0},{"not_picked":["hermit:Scavenge","hermit:LowProfile","hermit:LuckOfTheDraw"],"picked":"SKIP","floor":18.0},{"not_picked":["hermit:WideOpen+1","hermit:Horror","hermit:Desperado+1"],"picked":"SKIP","floor":21.0},{"not_picked":["hermit:Determination","hermit:Dive"],"picked":"hermit:FlashPowder+1","floor":24.0},{"not_picked":["hermit:Vantage","hermit:GoldenBullet","hermit:Deadeye"],"picked":"SKIP","floor":25.0},{"not_picked":["hermit:TrackingShot","hermit:GoldenBullet","hermit:Glare"],"picked":"SKIP","floor":27.0},{"not_picked":["hermit:Roulette","hermit:Glare","hermit:Quickdraw"],"picked":"SKIP","floor":31.0},{"not_picked":["hermit:Horror+1","hermit:Roulette+1"],"picked":"hermit:Shortfuse","floor":35.0},{"not_picked":["hermit:Showdown","hermit:GhostlyPresence+1"],"picked":"hermit:Shortfuse+1","floor":39.0},{"not_picked":["hermit:Roulette","hermit:Malice+1"],"picked":"hermit:Vantage+1","floor":40.0},{"not_picked":["hermit:GhostlyPresence","hermit:Headshot"],"picked":"hermit:Coalescence+1","floor":45},{"not_picked":["hermit:Roulette","hermit:WideOpen+1"],"picked":"hermit:Glare+1","floor":48}],"player_experience":201914,"relics_obtained":[{"floor":6.0,"key":"WingedGreaves"},{"floor":8.0,"key":"PreservedInsect"},{"floor":14.0,"key":"hermit:Horseshoe"},{"floor":17.0,"key":"Tiny Chest"},{"floor":17.0,"key":"Letter Opener"},{"floor":17.0,"key":"hermit:CharredGlove"},{"floor":22.0,"key":"Bronze Scales"},{"floor":26.0,"key":"Mercury Hourglass"},{"floor":31.0,"key":"Bottled Lightning"},{"floor":37.0,"key":"Art of War"},{"floor":40.0,"key":"Regal Pillow"},{"floor":43,"key":"Blood Vial"}],"event_choices":[{"damage_healed":0.0,"max_hp_gain":0.0,"max_hp_loss":0.0,"gold_gain":55.0,"event_name":"Golden Wing","player_choice":"Gained Gold","floor":2.0,"gold_loss":0.0,"damage_taken":0.0},{"damage_healed":0.0,"max_hp_gain":0.0,"max_hp_loss":0.0,"gold_gain":0.0,"event_name":"Wheel of Change","player_choice":"Cursed","floor":3.0,"gold_loss":0.0,"damage_taken":0.0,"cards_obtained":["Decay"]},{"damage_healed":0.0,"max_hp_gain":0.0,"max_hp_loss":0.0,"gold_gain":0.0,"event_name":"Scrap Ooze","player_choice":"Success","floor":5.0,"gold_loss":0.0,"damage_taken":7.0,"relics_obtained":["Anchor"]},{"damage_healed":0.0,"max_hp_gain":0.0,"max_hp_loss":0.0,"gold_gain":0.0,"event_name":"Accursed Blacksmith","player_choice":"Forge","floor":11.0,"gold_loss":0.0,"damage_taken":0.0,"cards_upgraded":["hermit:Snapshot"]},{"cards_removed":["Decay"],"damage_healed":0.0,"max_hp_gain":0.0,"max_hp_loss":0.0,"gold_gain":0.0,"event_name":"Beggar","player_choice":"Gave Gold","floor":19.0,"gold_loss":75.0,"damage_taken":0.0},{"damage_healed":0.0,"max_hp_gain":0.0,"max_hp_loss":0.0,"gold_gain":0.0,"event_name":"Designer","player_choice":"Upgraded Two","floor":20.0,"gold_loss":40.0,"damage_taken":0.0,"cards_upgraded":["hermit:Covet","hermit:Defend_Hermit"]},{"damage_healed":0.0,"max_hp_gain":0.0,"max_hp_loss":0.0,"gold_gain":0.0,"event_name":"Masked Bandits","player_choice":"Paid Fearfully","floor":30.0,"gold_loss":70.0,"damage_taken":0.0},{"damage_healed":0.0,"max_hp_gain":0.0,"max_hp_loss":0.0,"gold_gain":0.0,"event_name":"SensoryStone","player_choice":"Memory 1","floor":36.0,"gold_loss":0.0,"damage_taken":0.0},{"damage_healed":0.0,"max_hp_gain":0.0,"max_hp_loss":0.0,"gold_gain":0.0,"event_name":"Transmorgrifier","player_choice":"Ignored","floor":38.0,"gold_loss":0.0,"damage_taken":0.0}],"is_beta":false,"boss_relics":[{"not_picked":["hermit:DentedPlate","Empty Cage"],"picked":"Calling Bell"},{"not_picked":["Snecko Eye","Pandora\u0027s Box"],"picked":"Philosopher\u0027s Stone"}],"items_purged_floors":[],"is_endless":false,"potions_floor_spawned":[1,8,13,16,18,21,27,31,39,40,45,48],"killed_by":"Shield and Spear","ascension_level":1}}