{"host":"n605f8gctjc87d7h","time":1611264563,"event":{"mods":["Aspiration","Bard","BaseMod","Better Match","Better Note","Better Skull","Better Third Choice","Conspire","Halation","Hermit","Infinite Spire","Minty Spire (QoL Compilation)","Replay The Spire","Retaliation","Shade Mod","Spicy Shops","StS++","StSLib","The IronCluck"],"gold_per_floor":[114,64,75,75,100,100,136,136,160,205,242,263,263,295,295,404,404,440,456,488,506,506,506,558,558,584,584,642,679,706,178,178,295,295,309,309,309,309,320,320,10,43,43,69,107,107,107,131,131,155],"floor_reached":51,"language":"ENG","playtime":5051,"items_purged":["Defend_G"],"score":1079,"play_id":"1e6a1bbd-5f7f-457c-976b-4602a00ed59c","local_time":"20210121132923","is_ascension_mode":true,"campfire_choices":[{"data":"StSpp:ChainedTrap","floor":6,"key":"SMITH"},{"floor":8,"key":"REST"},{"data":"Underhanded Strike","floor":13,"key":"SMITH"},{"floor":15,"key":"REST"},{"floor":23,"key":"REST"},{"floor":25,"key":"REST"},{"data":"Noxious Fumes","floor":27,"key":"SMITH"},{"data":"Strike_G","floor":32,"key":"PURGE"},{"data":"Footwork","floor":40,"key":"SMITH"},{"data":"Prepared","floor":47,"key":"SMITH"},{"data":"ReplayTheSpireMod:Speed Training","floor":49,"key":"SMITH"}],"circlet_count":0,"master_deck":["AscendersBane","Strike_G","Strike_G","Defend_G","Defend_G","Defend_G","Survivor","Neutralize","Prepared+1","conspire:SpireCoStock","StSpp:ChainedTrap+1","Quick Slash","Underhanded Strike+1","After Image","Acrobatics","Deflect","All Out Attack","Malaise","Noxious Fumes+1","ReplayTheSpireMod:Speed Training+1","Blur","Escape Plan","Slice","Footwork+1","Dramatic Entrance","Bullet Time","Backstab","Eviscerate+1","Footwork+1","StSpp:StrikeFirst+1","Masterful Stab"],"relics":["Ring of the Snake","Anchor","conspire:TopHat","Snecko Scales","CultistMask","halation:SwordOfLegend","Gremlin Food","MealTicket","infinitespire:PuzzleCube","Blue Doll","Eternal Feather","SlaversCollar","StSpp:GiftCard","infinitespire:BottledMercury","Bronze Scales","ReplayTheSpireMod:Shallot"],"acts_visited":["Exordium","TheCity","TheBeyond"],"potions_floor_usage":[10,14,20,21,24,33,33],"damage_taken":[{"damage":6,"enemies":"Jaw Worm","floor":1,"turns":8},{"damage":2,"enemies":"2 Louse","floor":3,"turns":3},{"damage":9,"enemies":"infinitespire:Voidling","floor":5,"turns":5},{"damage":9,"enemies":"Blue Slaver","floor":7,"turns":6},{"damage":17,"enemies":"Lagavulin","floor":10,"turns":7},{"damage":4,"enemies":"Lots of Slimes","floor":11,"turns":7},{"damage":0,"enemies":"Exordium Wildlife","floor":12,"turns":4},{"damage":12,"enemies":"Exordium Thugs","floor":14,"turns":6},{"damage":14,"enemies":"The Guardian","floor":16,"turns":16},{"damage":0,"enemies":"conspire:FuzzyDice","floor":18,"turns":9},{"damage":14,"enemies":"3 Byrds","floor":19,"turns":6},{"damage":14,"enemies":"Sentry and Sphere","floor":20,"turns":6},{"damage":8,"enemies":"3 Cultists","floor":21,"turns":5},{"damage":0,"enemies":"Book of Stabbing","floor":24,"turns":7},{"damage":0,"enemies":"conspire:SneckoGhost","floor":28,"turns":9},{"damage":0,"enemies":"Snake Plant","floor":29,"turns":5},{"damage":45,"enemies":"Collector","floor":33,"turns":11},{"damage":4,"enemies":"3 Shapes","floor":35,"turns":4},{"damage":1,"enemies":"Orb Walker","floor":39,"turns":5},{"damage":24,"enemies":"Nemesis","floor":42,"turns":9},{"damage":0,"enemies":"Sphere and 2 Shapes","floor":44,"turns":5},{"damage":2,"enemies":"Transient","floor":45,"turns":5},{"damage":0,"enemies":"Jaw Worm Horde","floor":48,"turns":4},{"damage":68,"enemies":"Donu and Deca","floor":50,"turns":13}],"seed_played":"8893468327450976914","potions_obtained":[{"floor":1,"key":"CunningPotion"},{"floor":3,"key":"Adrenaline Potion"},{"floor":7,"key":"infinitespire:BlackPotion"},{"floor":11,"key":"AttackPotion"},{"floor":19,"key":"Swift Potion"},{"floor":24,"key":"Adrenaline Potion"},{"floor":29,"key":"Strength Potion"},{"floor":33,"key":"BlessingOfTheForge"}],"is_trial":false,"path_per_floor":["M","?","M","?","M","R","M","R","T","E","M","M","R","M","R","B",null,"M","M","M","M","?","R","E","R","T","R","E","M","T","$","R","B",null,"M","AVR","?","?","M","R","$","E","T","M","M","?","R","M","R","B",null],"character_chosen":"THE_SILENT","items_purchased":["Blue Doll","Eternal Feather","Dramatic Entrance","AttackPotion","Strength Potion","Eviscerate+1","infinitespire:BottledMercury"],"campfire_rested":4,"item_purchase_floors":[31,31,31,41,41,41,41],"current_hp_per_floor":[57,57,55,55,55,55,46,67,67,50,46,46,46,34,55,41,63,63,49,35,27,27,48,48,68,68,68,68,68,68,70,70,25,59,55,55,55,55,54,70,70,46,46,46,44,44,70,70,70,2],"gold":155,"neow_bonus":"RANDOM_EVENT","is_daily":false,"chose_seed":false,"campfire_upgraded":6,"win_rate":0.0,"timestamp":1611264563,"path_taken":["M","?","M","?","M","R","M","R","T","E","?","M","R","M","R","BOSS","M","?","M","M","?","R","E","R","T","R","E","?","?","?","R","BOSS","M","AVR","?","?","M","R","$","E","T","M","M","?","R","M","R","BOSS"],"items_purchased_type":["Relic","Relic","Card","Potion","Potion","Card","Relic"],"build_version":"2020-12-22","purchased_purges":1,"victory":true,"max_hp_per_floor":[70,70,70,70,70,70,70,70,70,70,70,70,70,70,70,70,70,70,70,70,70,70,70,70,70,70,70,70,70,70,70,70,70,70,70,70,70,70,70,70,70,70,70,70,70,70,70,70,70,70],"card_choices":[{"not_picked":["ReplayTheSpireMod:Exploit Weakness","Deflect"],"picked":"Prepared","floor":1},{"not_picked":["Masterful Stab","Cloak And Dagger"],"picked":"StSpp:ChainedTrap","floor":3},{"not_picked":["Hidden Blade","PiercingWail"],"picked":"Quick Slash","floor":5},{"not_picked":["Cloak And Dagger","Dagger Throw"],"picked":"Underhanded Strike","floor":7},{"not_picked":["Masterful Stab","Calculated Gamble"],"picked":"After Image","floor":10},{"not_picked":["Cloak And Dagger","Eviscerate"],"picked":"Acrobatics","floor":11},{"not_picked":["ReplayTheSpireMod:Scrap Shanks","Blade Dance"],"picked":"Deflect","floor":12},{"not_picked":["Endless Agony","Riddle With Holes"],"picked":"All Out Attack","floor":14},{"not_picked":["Poison Darts","Atom Bomb"],"picked":"Malaise","floor":16},{"not_picked":["Prepared","StSpp:PoisonousPunch","Quick Slash"],"picked":"SKIP","floor":18},{"not_picked":["Outmaneuver+1","Catalyst+1"],"picked":"Noxious Fumes","floor":19},{"not_picked":["Dagger Spray+1","Heel Hook"],"picked":"ReplayTheSpireMod:Speed Training","floor":20},{"not_picked":["Poisoned Stab","Hidden Blade"],"picked":"Blur","floor":21},{"not_picked":["Bane+1","StSpp:Anticipation"],"picked":"Escape Plan","floor":24},{"not_picked":["Night Terror","PiercingWail+1"],"picked":"Slice","floor":28},{"not_picked":["Outmaneuver","PiercingWail"],"picked":"Footwork","floor":29},{"not_picked":["Adrenaline","Burst"],"picked":"Bullet Time","floor":33},{"not_picked":["Poisoned Stab+1","Flying Knee+1","StSpp:PoisonousPunch+1"],"picked":"SKIP","floor":35},{"not_picked":["Flying Knee","PiercingWail"],"picked":"Backstab","floor":39},{"not_picked":["StSpp:PoisonousPunch+1","Masterful Stab+1"],"picked":"Footwork+1","floor":42},{"not_picked":["Hidden Blade+1","Flying Knee","Blade Dance+1"],"picked":"SKIP","floor":44},{"not_picked":["StSpp:TimeParadox+1","Hidden Blade"],"picked":"StSpp:StrikeFirst+1","floor":45},{"not_picked":["Underhanded Strike","Finisher+1","Quick Slash+1"],"picked":"SKIP","floor":48}],"player_experience":627622,"relics_obtained":[{"floor":9,"key":"Anchor"},{"floor":10,"key":"conspire:TopHat"},{"floor":24,"key":"halation:SwordOfLegend"},{"floor":26,"key":"Gremlin Food"},{"floor":28,"key":"MealTicket"},{"floor":30,"key":"infinitespire:PuzzleCube"},{"floor":42,"key":"Bronze Scales"},{"floor":43,"key":"ReplayTheSpireMod:Shallot"}],"event_choices":[{"damage_healed":0,"gold_gain":0,"player_choice":"Invest 1","damage_taken":0,"max_hp_gain":0,"max_hp_loss":0,"event_name":"conspire:Investor","floor":2,"gold_loss":0},{"cards_removed":["Defend_G"],"damage_healed":0,"gold_gain":0,"player_choice":"Forget","damage_taken":0,"max_hp_gain":0,"max_hp_loss":0,"event_name":"Living Wall","floor":4,"gold_loss":0},{"damage_healed":0,"gold_gain":0,"player_choice":"Trade","damage_taken":0,"relics_obtained":["CultistMask"],"max_hp_gain":0,"max_hp_loss":0,"event_name":"FaceTrader","floor":22,"gold_loss":0},{"damage_healed":0,"gold_gain":0,"player_choice":"Ignored","damage_taken":0,"max_hp_gain":0,"max_hp_loss":0,"event_name":"Mysterious Sphere","floor":38,"gold_loss":0},{"damage_healed":0,"gold_gain":0,"cards_transformed":["Strike_G"],"player_choice":"Transformed","damage_taken":0,"max_hp_gain":0,"max_hp_loss":0,"event_name":"Transmorgrifier","floor":46,"gold_loss":0,"cards_obtained":["Masterful Stab"]}],"is_beta":false,"boss_relics":[{"not_picked":["conspire:SeveredTorchhead","Replay:Grab Bag"],"picked":"Snecko Scales"},{"not_picked":["StSpp:CrystalBall","Replay:Wanted Poster"],"picked":"SlaversCollar"}],"items_purged_floors":[36],"is_endless":false,"potions_floor_spawned":[1,3,7,11,19,24,29,33,45,48],"ascension_level":10}}