{"host":"9slw7l0ws16384qq","time":1611249324,"event":{"mods":["A Penny For Your Troubles","BaseMod","Colored Map","Evolution","Hubris","Minty Spire (QoL Compilation)","Replay The Spire","Shedinja","StS++","StSLib","The Dragon Tamer","The Marked"],"gold_per_floor":[111,111,111,121,46,76,76,76,76,88,167,167,167,184,184,287,287,298,143,143,242,242,272,317,351,375,394,394,408,408,420,420,516,516,533,385,396,414,432,463,463,482,505,505,525,537,537,549,549,550],"floor_reached":51,"language":"FRA","playtime":2511,"items_purged":["Quick Slash"],"score":967,"play_id":"18ef5455-81bf-4a90-8d10-e8962ebdf653","local_time":"20210121181524","is_ascension_mode":false,"campfire_choices":[{"data":"Shedinja:AerialAce","floor":7.0,"key":"SMITH"},{"data":"Neutralize","floor":12.0,"key":"SMITH"},{"data":"After Image","floor":30.0,"key":"SMITH"},{"floor":32.0,"key":"DIG"},{"data":"After Image","floor":41,"key":"SMITH"},{"data":"A Thousand Cuts","floor":44,"key":"SMITH"},{"data":"Phantasmal Killer","floor":47,"key":"SMITH"},{"data":"StSpp:SwitchWeapon","floor":49,"key":"SMITH"}],"circlet_count":1,"master_deck":["Quick Slash","Quick Slash","Quick Slash","Dodge and Roll","Dodge and Roll","Dodge and Roll","Dodge and Roll+1","Survivor","Neutralize+1","Shedinja:AerialAce+1","Leg Sweep","ReplayTheSpireMod:From All Sides","StSpp:AbandonFlesh","Glass Knife","Replay:Bag of Tricks","Bullet Time","Envenom","Atom Bomb","Doppelganger","Grand Finale","Adrenaline","Venomology","After Image+1","Die Die Die","A Thousand Cuts+1","ReplayTheSpireMod:Necrosis","Malaise","StSpp:Landslide","Poison Darts","Tools of the Trade","Unload","ReplayTheSpireMod:From All Sides","Storm of Steel","Night Terror","Phantasmal Killer+1","Burst","Wraith Form v2","StSpp:SwitchWeapon+1","Corpse Explosion","Draining Mist","After Image+1"],"relics":["Ring of the Snake","EVO:Axolotl","Shedinja:EnergyLoss","Pantograph","Circlet","Blue Candle","ReplayTheSpireMod:Ninjato","StSpp:TwinEgg","StSpp:CrystalBall","Chemical X","hubris:BottledHeart","hubris:PeanutButter","Boot","Orichalcum","Vajra","HornCleat","hubris:AstralHammer","Philosopher\u0027s Stone","TwistedFunnel","Oddly Smooth Stone","Gremlin Food"],"acts_visited":["Exordium","TheCity","TheBeyond"],"potions_floor_usage":[50,50,50],"damage_taken":[{"damage":0.0,"enemies":"2 Louse","floor":1.0,"turns":3.0},{"damage":0.0,"enemies":"Jaw Worm","floor":4.0,"turns":3.0},{"damage":15.0,"enemies":"Lagavulin","floor":6.0,"turns":8.0},{"damage":0.0,"enemies":"Cultist","floor":10.0,"turns":3.0},{"damage":1.0,"enemies":"Exordium Thugs","floor":14.0,"turns":3.0},{"damage":23.0,"enemies":"Hexaghost","floor":16.0,"turns":15.0},{"damage":18.0,"enemies":"Shell Parasite","floor":18.0,"turns":7.0},{"damage":0.0,"enemies":"Book of Stabbing","floor":23.0,"turns":8.0},{"damage":0.0,"enemies":"Replay:Snechameleon","floor":25.0,"turns":5.0},{"damage":0.0,"enemies":"Spheric Guardian","floor":27.0,"turns":4.0},{"damage":0.0,"enemies":"Chosen and Byrds","floor":29.0,"turns":4.0},{"damage":0.0,"enemies":"Shelled Parasite and Fungi","floor":31.0,"turns":3.0},{"damage":0.0,"enemies":"Automaton","floor":33.0,"turns":8.0},{"damage":0.0,"enemies":"Orb Walker","floor":35.0,"turns":2.0},{"damage":0.0,"enemies":"3 Darklings","floor":37.0,"turns":3.0},{"damage":0.0,"enemies":"Spire Growth","floor":38.0,"turns":4.0},{"damage":0,"enemies":"Sphere and 2 Shapes","floor":39,"turns":4},{"damage":0,"enemies":"Giant Head","floor":40,"turns":8},{"damage":0,"enemies":"4 Shapes","floor":42,"turns":2},{"damage":0,"enemies":"Writhing Mass","floor":45,"turns":5},{"damage":0,"enemies":"Jaw Worm Horde","floor":46,"turns":4},{"damage":0,"enemies":"Spire Growth","floor":48,"turns":5},{"damage":0,"enemies":"Donu and Deca","floor":50,"turns":8}],"seed_played":"4190717054561674736","potions_obtained":[{"floor":10.0,"key":"Toxic Potion"},{"floor":16.0,"key":"DuplicationPotion"},{"floor":23.0,"key":"FearPotion"},{"floor":24.0,"key":"FairyPotion"}],"is_trial":false,"path_per_floor":["M","?","?","M","$","E","R","?","T","M","T","R","?","M","R_BF","B",null,"M","$","?","?","?","E","?","E","T","M","T","M","R","M","R_BF","B",null,"M","$","M","M","M","E","R","M","T","R","M","M","R","M","R","B",null],"character_chosen":"THE_SILENT","items_purchased":["Chemical X","TwistedFunnel"],"campfire_rested":0,"item_purchase_floors":[19,36],"current_hp_per_floor":[70,70,70,70,70,55,55,55,55,64,64,64,64,63,70,47,70,52,52,1,1,1,1,1,1,1,1,1,1,1,1,1,1,1,1,1,1,1,1,1,1,1,1,1,1,1,1,1,1,1],"gold":550,"neow_bonus":"RANDOM_EVENT","is_daily":false,"chose_seed":false,"campfire_upgraded":7,"win_rate":0.0,"timestamp":1611249324,"path_taken":["M","?","?","M","$","E","R","?","T","?","?","R","?","M","R_BF","BOSS","M","$","?","?","?","E","?","E","T","M","?","M","R","M","R_BF","BOSS","M","$","M","?","M","E","R","M","T","R","M","M","R","M","R","BOSS"],"items_purchased_type":["Relic","Relic"],"build_version":"2020-12-22","purchased_purges":1,"victory":true,"max_hp_per_floor":[70,70,70,70,70,70,70,70,70,70,70,70,70,70,70,70,70,70,70,1,1,1,1,1,1,1,1,1,1,1,1,1,1,1,1,1,1,1,1,1,1,1,1,1,1,1,1,1,1,1],"card_choices":[{"not_picked":["Cloak And Dagger","Deadly Poison","Bane"],"picked":"SKIP","floor":1.0},{"not_picked":["Dagger Spray","PiercingWail","StSpp:Lure"],"picked":"SKIP","floor":4.0},{"not_picked":["Poisoned Stab","StSpp:Anticipation","Setup"],"picked":"SKIP","floor":6.0},{"not_picked":["Terror","Deflect","StSpp:Dive"],"picked":"SKIP","floor":10.0},{"not_picked":["Slice","Backflip"],"picked":"Leg Sweep","floor":14.0},{"not_picked":["Glass Knife","Tools of the Trade"],"picked":"ReplayTheSpireMod:From All Sides","floor":16.0},{"not_picked":["Outmaneuver","Noxious Fumes"],"picked":"Draining Mist","floor":18.0},{"not_picked":["Deadly Poison","ReplayTheSpireMod:Exploit Weakness","hubris:Counter"],"picked":"SKIP","floor":23.0},{"not_picked":["Masterful Stab","PiercingWail","Riddle With Holes"],"picked":"SKIP","floor":25.0},{"not_picked":["Dagger Spray","StSpp:Throw","Deadly Poison"],"picked":"SKIP","floor":27.0},{"not_picked":["StSpp:Lure","Underhanded Strike+1","Dash"],"picked":"SKIP","floor":29.0},{"not_picked":["Outmaneuver","Underhanded Strike+1","Sucker Punch"],"picked":"SKIP","floor":31.0},{"not_picked":["Poison Darts","StSpp:AbandonFlesh"],"picked":"After Image","floor":33.0},{"not_picked":["Toxin Wave+1","Noxious Fumes+1","Poisoned Stab"],"picked":"SKIP","floor":35.0},{"not_picked":["Dodge and Roll+1","Distraction","hubris:SlightOfHand+1"],"picked":"SKIP","floor":37.0},{"not_picked":["Infinite Blades+1","Crippling Poison","Dodge and Roll"],"picked":"SKIP","floor":38.0},{"not_picked":["hubris:SlightOfHand+1","StSpp:PoisonousPunch","Footwork"],"picked":"SKIP","floor":39},{"not_picked":["ReplayTheSpireMod:The Works+1","Terror+1","Masterful Stab+1"],"picked":"SKIP","floor":40},{"not_picked":["StSpp:PoisonousPunch+1","Poisoned Stab","Blur"],"picked":"SKIP","floor":42},{"not_picked":["hubris:SlightOfHand+1","Acrobatics","Blur+1"],"picked":"SKIP","floor":45},{"not_picked":["ReplayTheSpireMod:Shiv Toss+1","Poisoned Stab+1","StSpp:PoisonousPunch+1"],"picked":"SKIP","floor":46},{"not_picked":["Sneak Up+1","ReplayTheSpireMod:Scrap Shanks","Blade Dance+1"],"picked":"SKIP","floor":48}],"player_experience":1650159,"relics_obtained":[{"floor":6.0,"key":"Pantograph"},{"floor":9.0,"key":"ReplayTheSpireMod:Ninjato"},{"floor":11.0,"key":"StSpp:TwinEgg"},{"floor":23.0,"key":"hubris:PeanutButter"},{"floor":24.0,"key":"Boot"},{"floor":25.0,"key":"Orichalcum"},{"floor":26.0,"key":"Vajra"},{"floor":28.0,"key":"HornCleat"},{"floor":32.0,"key":"hubris:AstralHammer"},{"floor":40,"key":"Oddly Smooth Stone"},{"floor":43,"key":"Gremlin Food"}],"event_choices":[{"cards_removed":["Defend_G"],"damage_healed":0.0,"max_hp_gain":0.0,"max_hp_loss":0.0,"gold_gain":0.0,"event_name":"Living Wall","player_choice":"Forget","floor":3.0,"gold_loss":0.0,"damage_taken":0.0},{"cards_removed":["Quick Slash"],"damage_healed":0.0,"max_hp_gain":0.0,"max_hp_loss":0.0,"gold_gain":0.0,"event_name":"WeMeetAgain","player_choice":"Gave Card","floor":8.0,"gold_loss":0.0,"damage_taken":0.0,"relics_obtained":["Blue Candle"]},{"damage_healed":0.0,"max_hp_gain":0.0,"max_hp_loss":0.0,"gold_gain":99.0,"event_name":"Nest","player_choice":"Stole From Cult","floor":21.0,"gold_loss":0.0,"damage_taken":0.0},{"damage_healed":0.0,"max_hp_gain":0.0,"max_hp_loss":0.0,"gold_gain":0.0,"event_name":"Vampires","player_choice":"Ignored","floor":22.0,"gold_loss":0.0,"damage_taken":0.0}],"is_beta":false,"boss_relics":[{"not_picked":["hubris:CrackedHourglass","hubris:TerracottaHorce"],"picked":"StSpp:CrystalBall"},{"not_picked":["Replay:Grab Bag","Pandora\u0027s Box"],"picked":"Philosopher\u0027s Stone"}],"items_purged_floors":[5],"is_endless":false,"potions_floor_spawned":[10,16,23,31,37,38,42,46,48],"ascension_level":0}}