{"host":"cjmwurvrz00ml9vd","time":1611260761,"event":{"mods":["2.2 Compatiblity","AchievementEnabler","Act Like it!","Aspiration","BaseMod","Beaked The Cultist","Better Third Choice","BetterRewards","Colored Powertips","Conspire","Energized Spire","Infinite Spire","Marisa????????","Marked Mod","Minty Spire (QoL Compilation)","Replay The Spire","Say the Spire","StSLib","The Blackbeard","The Cursed","The Disciple","The Hierophant","The Jungle","The Necromancer","The Servant 0.9.4","TheFirefly","vexMod"],"gold_per_floor":[117,135,135,135,53,87,87,107,133,152,152,164,164,164,164,263,263,281,206,206,216,315,315,315,331,331,347,373,373,373,373],"floor_reached":30,"language":"ENG","playtime":1027,"items_purged":["Force Field+1"],"score":530,"play_id":"4fa22d41-88b1-4f2f-943c-e3e5f30abdb0","local_time":"20210121212601","is_ascension_mode":true,"campfire_choices":[{"floor":7,"key":"REST"},{"data":"ReplayTheSpireMod:Fabricate Wheel","floor":11,"key":"SMITH"},{"floor":13,"key":"REST"},{"data":"Dualcast","floor":15,"key":"SMITH"},{"data":"Go for the Eyes","floor":24,"key":"SMITH"}],"circlet_count":0,"master_deck":["Defend_B","Defend_B","Defend_B","Defend_B","Zap+1","Dualcast+1","Gash+1","Finesse","Streamline","All For One","Go for the Eyes+1","Gash","Bite","Bite","Bite","Bite","Bite","Panic Button","Fission+1","Decay"],"relics":["Cracked Core","Mirror","Prayer Wheel","aspiration:FrozenJewel","Golden Egg"],"acts_visited":["Exordium","TheCity"],"potions_floor_usage":[6,8,25,28,28,30],"damage_taken":[{"damage":0,"enemies":"Cultist","floor":1,"turns":2},{"damage":5,"enemies":"Small Slimes","floor":2,"turns":3},{"damage":23,"enemies":"Lagavulin","floor":6,"turns":5},{"damage":0,"enemies":"infinitespire:Voidling","floor":8,"turns":3},{"damage":0,"enemies":"2 Fungi Beasts","floor":10,"turns":2},{"damage":17,"enemies":"Exordium Wildlife","floor":12,"turns":6},{"damage":67,"enemies":"Fading Forest","floor":16,"turns":11},{"damage":24,"enemies":"2 Thieves","floor":18,"turns":4},{"damage":20,"enemies":"Shell Parasite","floor":21,"turns":5},{"damage":27,"enemies":"Cultist and Chosen","floor":25,"turns":7},{"damage":11,"enemies":"conspire:HollyBat","floor":27,"turns":5},{"damage":19,"enemies":"Replay:Snechameleon","floor":28,"turns":6},{"damage":21,"enemies":"Sentry and Sphere","floor":30,"turns":3}],"seed_played":"-6242833354221111288","potions_obtained":[{"floor":1,"key":"Block Potion"},{"floor":8,"key":"EssenceOfSteel"},{"floor":16,"key":"Death Potion"},{"floor":21,"key":"DuplicationPotion"},{"floor":27,"key":"Doom Potion"}],"is_trial":false,"path_per_floor":["M","M","?","?","$","E","R","M","T","M","R","M","R","?","R","B",null,"M","$","?","M","?","?","R","M","T","M","E","?","M"],"character_chosen":"DEFECT","items_purchased":["Gash+1","Strength Potion","Finesse"],"campfire_rested":2,"item_purchase_floors":[0,0,5],"current_hp_per_floor":[57,52,52,52,52,29,51,51,51,53,53,38,60,60,60,15,60,38,38,38,30,30,37,37,22,22,19,10,10,0,0],"gold":373,"neow_bonus":"","is_daily":false,"chose_seed":false,"campfire_upgraded":3,"win_rate":0.0,"timestamp":1611260761,"path_taken":["M","?","?","?","$","E","R","?","T","M","R","M","R","?","R","BOSS","M","$","?","M","?","?","R","?","T","M","E","?","M"],"items_purchased_type":["Card","Potion","Card"],"build_version":"2020-12-22","purchased_purges":1,"victory":false,"max_hp_per_floor":[75,75,75,75,75,75,75,75,75,75,75,75,75,75,75,75,75,75,75,75,75,75,75,75,75,75,75,75,75,75,75],"card_choices":[{"not_picked":["Beam Cell","Doom and Gloom","Sweeping Beam"],"picked":"SKIP","floor":1},{"not_picked":["Blizzard","conspire:Rain","Steam Power"],"picked":"SKIP","floor":2},{"not_picked":["Doom and Gloom","Go for the Eyes"],"picked":"Streamline","floor":6},{"not_picked":["Conserve Battery","Sweeping Beam","Go for the Eyes"],"picked":"SKIP","floor":8},{"not_picked":["Barrage","ReplayTheSpireMod:GoodbyeWorld"],"picked":"ReplayTheSpireMod:Fabricate Wheel","floor":10},{"not_picked":["Coolheaded","Steam","Sunder"],"picked":"SKIP","floor":12},{"not_picked":["Hologram","Cold Snap","Reprogram"],"picked":"SKIP","floor":12},{"not_picked":["Cold Snap","Ball Lightning"],"picked":"Go for the Eyes","floor":18},{"not_picked":["ReplayTheSpireMod:Dual Polarity+1","Steam Power"],"picked":"Gash","floor":18},{"not_picked":["Hologram","Turbo","Sunder"],"picked":"SKIP","floor":21},{"not_picked":["Turbo","Conserve Battery","Redo"],"picked":"SKIP","floor":21},{"not_picked":["BasicCrystalCard+1","ReplayTheSpireMod:System Scan"],"picked":"Panic Button","floor":25},{"not_picked":["Conserve Battery+1","Storm","Sweeping Beam"],"picked":"SKIP","floor":25},{"not_picked":["ReplayTheSpireMod:System Scan","Heatsinks","Turbo+1"],"picked":"SKIP","floor":27},{"not_picked":["Consume","Beam Cell+1","Auto Shields"],"picked":"SKIP","floor":27},{"not_picked":["Gash","Compile Driver"],"picked":"Fission","floor":28}],"player_experience":634035,"relics_obtained":[{"floor":6,"key":"Mirror"},{"floor":9,"key":"Blood Vial"},{"floor":26,"key":"aspiration:FrozenJewel"},{"floor":28,"key":"Golden Egg"}],"event_choices":[{"damage_healed":52,"gold_gain":0,"player_choice":"Leave","damage_taken":0,"max_hp_gain":0,"max_hp_loss":75,"event_name":"betterThird:BetterShining","floor":3,"gold_loss":0},{"damage_healed":0,"gold_gain":0,"player_choice":"Forge","damage_taken":0,"max_hp_gain":0,"max_hp_loss":0,"event_name":"Accursed Blacksmith","floor":4,"gold_loss":0,"cards_upgraded":["Zap"]},{"damage_healed":0,"gold_gain":0,"player_choice":"Became a vampire (Vial)","damage_taken":0,"max_hp_gain":0,"max_hp_loss":0,"event_name":"Vampires","floor":20,"relics_lost":["Blood Vial"],"gold_loss":0,"cards_obtained":["Bite","Bite","Bite","Bite","Bite"]},{"damage_healed":0,"gold_gain":99,"player_choice":"Steal","damage_taken":0,"max_hp_gain":0,"max_hp_loss":0,"event_name":"betterThird:BetterNest","floor":22,"gold_loss":0},{"damage_healed":0,"gold_gain":0,"player_choice":"Smashed Altar","damage_taken":0,"max_hp_gain":0,"max_hp_loss":0,"event_name":"Forgotten Altar","floor":29,"gold_loss":0,"cards_obtained":["Decay"]}],"is_beta":false,"boss_relics":[{"not_picked":["Busted Crown","Fusion Hammer","Replay:Drink Me"]}],"items_purged_floors":[19],"is_endless":false,"potions_floor_spawned":[1,8,16,21,27],"killed_by":"Sentry and Sphere","ascension_level":9}}