{"host":"gndxudri6ebovps6","time":1611214923,"event":{"mods":["AchievementEnabler","Act Like it!","Aspiration","BaseMod","Better Altar","Better Match","Better Note","Better Sensory Stone","Better Skull","Better Vampires","BetterRewards","Block Reminder","Conspire","GifTheSpireLib","Hubris","Infinite Spire","Marked Mod","Minty Spire (QoL Compilation)","Pale of the Ancients","Quick Restart","Replay The Spire","Shop Mod","Spicy Shops","Spikes Relics","StSLib","Stuff the Spire","The Bug Knight","The Cursed","The Disciple","The Judge","The Necromancer","everything is the same but u backflip on backflip","vexMod"],"gold_per_floor":[118,136,136,152,70,70,96,96,145,177,34,65,65,65,65,168,168,185,38,53,128,140,140,175,175,175,175,191,291,291,311,311,416,416,433,433,443,183,183,183,183,201,201,201,215,233,247,86,86,86,86],"floor_reached":50,"language":"ENG","playtime":1976,"items_purged":[],"score":710,"play_id":"990c7617-7b30-4534-9667-58dda078a30b","local_time":"20210121054203","is_ascension_mode":true,"campfire_choices":[{"data":"Summon_Undead_Army","floor":6,"key":"SMITH"},{"data":"Summon_Undead_Army","floor":8,"key":"SMITH"},{"data":"Strike_W","floor":13,"key":"SMITH"},{"data":"Thousand_Bone_Knives","floor":15,"key":"SMITH"},{"data":"Spectral_Armor","floor":23,"key":"SMITH"},{"floor":25,"key":"REST"},{"data":"Summon_Death_Knight","floor":27,"key":"SMITH"},{"floor":30,"key":"REST"},{"data":"Necrotic_Claws","floor":32,"key":"SMITH"},{"data":"Toxic_Smoke_Screen","floor":32,"key":"SMITH"},{"data":"Summon_Undead_Army+1","floor":40,"key":"SMITH"},{"data":"Summon_Undead_Army+1","floor":40,"key":"SMITH"},{"data":"infinitespire:Execution","floor":44,"key":"SMITH"},{"data":"Summon_Undead_Army+2","floor":44,"key":"SMITH"},{"data":"Summon_Undead_Army+3","floor":49,"key":"SMITH"},{"data":"Summon_Undead_Army+2","floor":49,"key":"SMITH"}],"circlet_count":0,"master_deck":["Strike_W","Strike_W","Strike_W","Defend_W","Defend_W","Defend_W","Defend_W","Negative_Energy_Arrows+1","Bone_Wall","Summon_Undead_Army+4","Bone_Armor","Thousand_Bone_Knives+1","Summon_Undead_Army+3","Bone_Spikes","Strike_W+1","Summon_Death_Knight+1","Detonate_Bones","Uncharnel+1","Spectral_Armor+1","Chill_Blood+1","Bone_Shift","Toxic_Smoke_Screen+1","Necrotic_Claws+1","Plague_Bolt+1","Death_Knell","Summon_Vampire_Lady","CurseOfTheBell","Chill_Blood","Summon_Undead_Army+1","infinitespire:Execution+1","Bone_Armor+1","Bone_Shift+1","Siphon_Strength","Spectral_Walk","Amnesia"],"relics":["Vampire_Amulet","CherryCoatedStake","Mango","Lantern","RollingBoulder","Sling","StuffTheSpire:Mouthbags","SnailShell","Quantum Egg","Pocketwatch","RoseTintedShades","Replay:Arrowhead","Calling Bell","Vajra","Rawhide","conspire:InfiniteJournal","vexMod:InvisibilityCloak","hubris:CrystalStatue","Pen Nib","ReplayTheSpireMod:CursedCoin","aspiration:SneckoTail"],"acts_visited":["Exordium","TheCity","TheBeyond"],"potions_floor_usage":[7,10,22,22,28,31,31,33,45,47],"damage_taken":[{"damage":0,"enemies":"Small Slimes","floor":1,"turns":4},{"damage":0,"enemies":"Cultist","floor":2,"turns":3},{"damage":4,"enemies":"Jaw Worm","floor":4,"turns":3},{"damage":11,"enemies":"Gremlin Nob","floor":7,"turns":4},{"damage":11,"enemies":"3 Sentries","floor":10,"turns":4},{"damage":16,"enemies":"Gremlin Nob","floor":12,"turns":3},{"damage":0,"enemies":"The Guardian","floor":16,"turns":9},{"damage":2,"enemies":"Chosen","floor":18,"turns":3},{"damage":24,"enemies":"2 Thieves","floor":20,"turns":5},{"damage":15,"enemies":"Centurion and Healer","floor":22,"turns":6},{"damage":16,"enemies":"conspire:SneckoGhost","floor":24,"turns":5},{"damage":5,"enemies":"Snecko","floor":28,"turns":5},{"damage":14,"enemies":"Colosseum Slavers","floor":29,"turns":5},{"damage":5,"enemies":"Colosseum Nobs","floor":29,"turns":5},{"damage":0,"enemies":"Shelled Parasite and Fungi","floor":31,"turns":4},{"damage":47,"enemies":"hubris:MusketHawk","floor":33,"turns":7},{"damage":0,"enemies":"3 Shapes","floor":35,"turns":5},{"damage":5,"enemies":"Orb Walker","floor":37,"turns":4},{"damage":25,"enemies":"4 Shapes","floor":42,"turns":5},{"damage":5,"enemies":"Maw","floor":45,"turns":6},{"damage":25,"enemies":"Jaw Worm Horde","floor":46,"turns":4},{"damage":1,"enemies":"Sphere and 2 Shapes","floor":47,"turns":7},{"damage":75,"enemies":"conspire:OrnateMirror","floor":50,"turns":6}],"seed_played":"-3655314936362361724","potions_obtained":[{"floor":1,"key":"Flashbang"},{"floor":7,"key":"Energy Potion"},{"floor":16,"key":"BlessingOfTheForge"},{"floor":20,"key":"Weak Potion"},{"floor":24,"key":"Energy Potion"},{"floor":28,"key":"SpeedPotion"},{"floor":29,"key":"Weak Potion"},{"floor":31,"key":"PowerPotion"},{"floor":42,"key":"FearPotion"},{"floor":46,"key":"SkillPotion"}],"is_trial":false,"path_per_floor":["M","M","?","M","$","R","E","R","T","E","$","E","R","?","R","B",null,"M","$","M","?","M","R","E","R","T","R","M","?","R","M","R","B",null,"M","?","M","$","?","R","AVR","M","T","R","M","M","M","$","R","B"],"character_chosen":"NECROMANCER","items_purchased":["CherryCoatedStake","Sling","SnailShell","Spectral_Armor","vexMod:InvisibilityCloak","ReplayTheSpireMod:CursedCoin","aspiration:SneckoTail"],"campfire_rested":2,"item_purchase_floors":[5,11,19,19,38,48,48],"current_hp_per_floor":[75,75,75,73,73,73,78,78,78,78,78,64,64,69,69,71,88,88,88,68,59,51,51,37,65,65,65,62,56,84,91,91,46,82,94,94,91,91,91,91,91,79,79,79,76,61,74,74,74,0,0],"gold":86,"neow_bonus":"UPGRADE_CARD","is_daily":false,"chose_seed":false,"campfire_upgraded":14,"win_rate":0.0,"timestamp":1611214923,"path_taken":["M","M","?","?","$","R","E","R","T","E","$","E","R","?","R","BOSS","M","$","M","?","?","R","E","R","T","R","M","?","R","M","R","BOSS","M","?","?","$","?","R","AVR","M","T","R","M","M","M","?","R","BOSS"],"items_purchased_type":["Relic","Relic","Relic","Card","Relic","Relic","Relic"],"build_version":"2020-12-22","purchased_purges":0,"victory":false,"max_hp_per_floor":[75,75,75,75,75,75,89,89,89,89,89,89,89,94,94,94,94,94,94,94,94,94,94,94,94,94,94,94,94,94,94,94,94,94,94,94,94,94,94,94,94,94,94,94,94,94,94,94,94,94,94],"card_choices":[{"not_picked":["Chill_Blood","Death_Coil"],"picked":"Summon_Undead_Army","floor":1},{"not_picked":["Shackles_Of_Pain","Blood_Curse"],"picked":"Bone_Armor","floor":2},{"not_picked":["Chill_Blood","Life_Tap"],"picked":"Thousand_Bone_Knives","floor":4},{"not_picked":["Negative_Energy_Burst","Negative_Energy_Sphere"],"picked":"Summon_Undead_Army","floor":7},{"not_picked":["Shackles_Of_Pain","Negative_Energy_Mist"],"picked":"Bone_Spikes","floor":10},{"not_picked":["Blood_Magic","Bone_Spikes"],"picked":"Summon_Death_Knight","floor":12},{"not_picked":["Negative_Energy_Bomb","Reap_The_Weak"],"picked":"Detonate_Bones","floor":16},{"not_picked":["Bone_Bullets+1","Blood_Whip+1"],"picked":"Uncharnel+1","floor":18},{"not_picked":["Flesh_Made_Foul","Negative_Energy_Sphere+1"],"picked":"Chill_Blood+1","floor":20},{"not_picked":["Blood_Is_Power","Consume_Illness"],"picked":"Bone_Shift","floor":22},{"not_picked":["Scare","Blood_Magic"],"picked":"Toxic_Smoke_Screen","floor":24},{"not_picked":["Bone_Bullets","Acid_Javelin"],"picked":"Necrotic_Claws","floor":28},{"not_picked":["Blood_Curse+1","Bone_Spikes"],"picked":"Plague_Bolt+1","floor":29},{"not_picked":["Epidemic","Finger_Of_Death"],"picked":"Death_Knell","floor":31},{"not_picked":["Reap_The_Weak","Summon_Death_Knight"],"picked":"Summon_Vampire_Lady","floor":33},{"not_picked":["Death_March_Dance","Death_Coil+1","Negative_Energy_Burst"],"picked":"SKIP","floor":35},{"not_picked":["Corrupt","Stop_Heart"],"picked":"Chill_Blood","floor":37},{"not_picked":["Consume_Illness","Blood_Whip+1"],"picked":"Bone_Armor+1","floor":42},{"not_picked":["Deaths_Shadow","Bone_Spikes"],"picked":"Bone_Shift+1","floor":45},{"not_picked":["Bone_Shift","Death_March_Dance"],"picked":"Siphon_Strength","floor":46},{"not_picked":["Summon_Vampire_Lady","Bone_Spikes+1"],"picked":"Spectral_Walk","floor":47}],"player_experience":510404,"relics_obtained":[{"floor":7,"key":"Mango"},{"floor":9,"key":"Lantern"},{"floor":10,"key":"RollingBoulder"},{"floor":12,"key":"StuffTheSpire:Mouthbags"},{"floor":24,"key":"Quantum Egg"},{"floor":26,"key":"Pocketwatch"},{"floor":29,"key":"RoseTintedShades"},{"floor":29,"key":"Replay:Arrowhead"},{"floor":34,"key":"Vajra"},{"floor":34,"key":"Rawhide"},{"floor":34,"key":"conspire:InfiniteJournal"},{"floor":43,"key":"Pen Nib"}],"event_choices":[{"damage_healed":0,"gold_gain":0,"player_choice":"Ignored","damage_taken":0,"max_hp_gain":0,"max_hp_loss":0,"event_name":"Transmorgrifier","floor":3,"gold_loss":0},{"damage_healed":0,"gold_gain":0,"player_choice":"Donut","damage_taken":0,"max_hp_gain":5,"max_hp_loss":0,"event_name":"Big Fish","floor":14,"gold_loss":0},{"damage_healed":0,"gold_gain":75,"player_choice":"Touch","damage_taken":9,"max_hp_gain":0,"max_hp_loss":0,"event_name":"FaceTrader","floor":21,"gold_loss":0},{"damage_healed":0,"gold_gain":0,"player_choice":"Fight","damage_taken":0,"max_hp_gain":0,"max_hp_loss":0,"event_name":"Colosseum","floor":29,"gold_loss":0},{"damage_healed":0,"gold_gain":0,"player_choice":"Fought Nobs","damage_taken":0,"max_hp_gain":0,"max_hp_loss":0,"event_name":"Colosseum","floor":29,"gold_loss":0},{"damage_healed":0,"gold_gain":0,"player_choice":"Copied","damage_taken":0,"max_hp_gain":0,"max_hp_loss":0,"event_name":"Duplicator","floor":39,"gold_loss":0,"cards_obtained":["Summon_Undead_Army"]}],"is_beta":false,"boss_relics":[{"not_picked":["ReplayTheSpireMod:DimensionalGlitch","vexMod:MegatonBomb","conspire:RunicOctahedron"]},{"not_picked":["Kintsugi","aspiration:RunicSpoon"],"picked":"Calling Bell"}],"items_purged_floors":[],"is_endless":false,"potions_floor_spawned":[1,7,16,20,24,28,29,31,42,46],"killed_by":"conspire:OrnateMirror","ascension_level":5}}