{"host":"1a3cjta80tad0aqj","time":1611262081,"event":{"mods":["2.2 Compatiblity","AchievementEnabler","BaseMod","Colored Map","DeckTracker","KOR Keyword Fix","Keyboard Shortcuts","Minty Spire (QoL Compilation)","Permanent Neow","Quick Restart","Random Character Button","StSLib","SuperFastMode","everything is the same but u backflip on backflip"],"gold_per_floor":[18,29,29,29,43,74,74,102,126,126,126,148,148,188,197,331,412,426,454,472,472,496,496,496],"floor_reached":23,"language":"KOR","playtime":1160,"items_purged":[],"score":281,"play_id":"87be6a00-4ca3-468d-b129-c85019551597","local_time":"20210122054801","is_ascension_mode":true,"campfire_choices":[{"floor":7.0,"key":"DIG"},{"floor":10.0,"key":"DIG"},{"floor":15.0,"key":"REST"}],"circlet_count":0,"master_deck":["Bash","Headbutt","Sever Soul","Injury","Shockwave","Wild Strike","Immolate+1","Dark Embrace","Pommel Strike","Impervious","Blood for Blood","Bludgeon","Seeing Red","Second Wind","Wild Strike","Limit Break","Body Slam","Armaments+1","Double Tap","Reaper","Reckless Charge+1"],"relics":["Burning Blood","Shovel","Golden Idol","CeramicFish","Dream Catcher","Ancient Tea Set","Pen Nib","Oddly Smooth Stone","Pandora\u0027s Box","Nilry\u0027s Codex"],"acts_visited":["Exordium","TheCity"],"potions_floor_usage":[23,23],"damage_taken":[{"damage":16.0,"enemies":"Jaw Worm","floor":1.0,"turns":5.0},{"damage":0.0,"enemies":"2 Louse","floor":2.0,"turns":3.0},{"damage":10.0,"enemies":"Small Slimes","floor":5.0,"turns":3.0},{"damage":25.0,"enemies":"Lagavulin","floor":6.0,"turns":5.0},{"damage":6.0,"enemies":"2 Fungi Beasts","floor":8.0,"turns":3.0},{"damage":3.0,"enemies":"Large Slime","floor":12.0,"turns":6.0},{"damage":25.0,"enemies":"3 Sentries","floor":14.0,"turns":4.0},{"damage":44.0,"enemies":"Hexaghost","floor":16.0,"turns":8.0},{"damage":0.0,"enemies":"Spheric Guardian","floor":18.0,"turns":3.0},{"damage":8.0,"enemies":"2 Thieves","floor":19.0,"turns":3.0},{"damage":18,"enemies":"Snake Plant","floor":22,"turns":3},{"damage":46,"enemies":"Gremlin Leader","floor":23,"turns":2}],"seed_played":"-5040863194727693478","potions_obtained":[{"floor":1.0,"key":"AttackPotion"},{"floor":2.0,"key":"Dexterity Potion"},{"floor":8.0,"key":"CultistPotion"},{"floor":16.0,"key":"DistilledChaos"},{"floor":18.0,"key":"PowerPotion"},{"floor":22,"key":"EssenceOfSteel"}],"is_trial":false,"path_per_floor":["M","M","?","$","M","E","R","M","T","R","?","M","?","E","R","B",null,"M","M","?","?","M","E"],"character_chosen":"IRONCLAD","items_purchased":[],"campfire_rested":1,"item_purchase_floors":[],"current_hp_per_floor":[62,68,68,68,64,45,45,45,45,45,50,53,53,34,59,21,69,75,73,73,57,45,0,0],"gold":496,"neow_bonus":"ONE_RARE_RELIC","is_daily":false,"chose_seed":false,"campfire_upgraded":0,"win_rate":0.0,"timestamp":1611262081,"path_taken":["M","M","?","$","M","E","R","M","T","R","?","M","?","E","R","BOSS","M","M","?","?","M","E"],"items_purchased_type":[],"build_version":"2020-12-22","purchased_purges":0,"victory":false,"max_hp_per_floor":[80,80,80,80,80,80,80,80,80,80,85,85,85,85,85,85,85,85,85,85,85,85,85,85],"card_choices":[{"not_picked":["Anger","Rupture"],"picked":"Headbutt","floor":1.0},{"not_picked":["Clash","Shrug It Off"],"picked":"Sever Soul","floor":2.0},{"not_picked":["Twin Strike","Searing Blow"],"picked":"Shockwave","floor":5.0},{"not_picked":["Clothesline","Clash","Evolve"],"picked":"SKIP","floor":6.0},{"not_picked":["Heavy Blade","Thunderclap"],"picked":"Wild Strike","floor":8.0},{"not_picked":["Entrench","Disarm"],"picked":"Immolate","floor":12.0},{"not_picked":["Sentinel","Clash"],"picked":"Dark Embrace","floor":14.0},{"not_picked":["Rage","Uppercut"],"picked":"Pommel Strike","floor":15.0},{"not_picked":["Immolate","Brutality"],"picked":"Impervious","floor":16.0},{"not_picked":["Iron Wave","Thunderclap","Anger"],"picked":"SKIP","floor":18.0},{"not_picked":["Immolate","Clothesline+1"],"picked":"Armaments+1","floor":19.0},{"not_picked":["Perfected Strike","Heavy Blade"],"picked":"Reckless Charge+1","floor":22}],"player_experience":863235,"relics_obtained":[{"floor":6.0,"key":"CeramicFish"},{"floor":7.0,"key":"Dream Catcher"},{"floor":9.0,"key":"Ancient Tea Set"},{"floor":10.0,"key":"Pen Nib"},{"floor":14.0,"key":"Oddly Smooth Stone"},{"floor":21,"key":"Nilry\u0027s Codex"}],"event_choices":[{"damage_healed":0.0,"max_hp_gain":0.0,"max_hp_loss":0.0,"gold_gain":0.0,"event_name":"Golden Idol","player_choice":"Take Wound","floor":3.0,"gold_loss":0.0,"damage_taken":0.0,"relics_obtained":["Golden Idol"],"cards_obtained":["Injury"]},{"damage_healed":0.0,"max_hp_gain":5.0,"max_hp_loss":0.0,"gold_gain":0.0,"event_name":"Big Fish","player_choice":"Donut","floor":11.0,"gold_loss":0.0,"damage_taken":0.0},{"damage_healed":0.0,"max_hp_gain":0.0,"max_hp_loss":0.0,"gold_gain":0.0,"event_name":"Living Wall","player_choice":"Grow","floor":13.0,"gold_loss":0.0,"damage_taken":0.0,"cards_upgraded":["Immolate"]},{"damage_healed":0,"gold_gain":0,"cards_transformed":["Dark Embrace","Evolve"],"player_choice":"Became Test Subject","damage_taken":0,"max_hp_gain":0,"max_hp_loss":0,"event_name":"Drug Dealer","floor":20,"gold_loss":0,"cards_obtained":["Double Tap","Reaper"]},{"damage_healed":0,"gold_gain":0,"player_choice":"Obtained Book","damage_taken":16,"max_hp_gain":0,"max_hp_loss":0,"event_name":"Cursed Tome","floor":21,"gold_loss":0}],"is_beta":false,"boss_relics":[{"not_picked":["Black Blood","Runic Dome"],"picked":"Pandora\u0027s Box"}],"items_purged_floors":[],"is_endless":false,"potions_floor_spawned":[1,2,8,16,18,22],"killed_by":"Gremlin Leader","ascension_level":8}}