{"host":"6drv1qzpbnls60z2","time":1611226572,"event":{"mods":["ATMod(°¢èªMod)","Act Like it!","Arknights The Spire","BaseMod","Hallownest","Luminous","Minty Spire (QoL Compilation)","Reimu£¨²©ÀöÁéÃÎ£©","Replay The Spire","Shop Mod","Spicy Shops","StSLib","The Dragon Tamer","TheWitcher","Uncapped","¡¾ÒÅÎï¿¨ÅÆ¡¿REMEMod","²ÐÁôÖ®Îï","óô»ðÖ¸ÄÏ"],"gold_per_floor":[112,130,145,69,80,120,120,152,177,177,210,210,224,234,234,313,313,328,21,33,33,53,53,53,86,136,170,189,20,20,39,39,116,116,126,126,11,26,40,69,69,100,100,111,111,111,145,158,14,87,161,161,179,179,229,19,37,65,65,91,91,102,102,113,113,127,127,201,201],"floor_reached":68,"language":"ZHS","playtime":5969,"items_purged":[],"score":3583,"play_id":"9c25ccb6-a300-4f94-b5b6-3fedaec8ab9e","local_time":"20210121185612","daily_mods":["SealedDeck"],"is_ascension_mode":true,"campfire_choices":[{"data":"AT_LightSaberMaster","floor":7.0,"key":"SMITH"},{"data":"Luminous:Accumulation_Luminous","floor":10.0,"key":"SMITH"},{"data":"Luminous:Accumulation_Luminous","floor":15.0,"key":"SMITH"},{"floor":23.0,"key":"REST"},{"data":"ats:Part Time Job","floor":32.0,"key":"SMITH"},{"floor":41.0,"key":"REST"},{"floor":46.0,"key":"REST"},{"data":"Madness","floor":63,"key":"SMITH"},{"floor":65,"key":"REST"},{"data":"Writhe","floor":67,"key":"PURGE"}],"circlet_count":0,"master_deck":["AscendersBane","ats:Assault Order","PlaceholderMod:StressReaction","PlaceholderMod:StrongAcid","ats:Healing Strengthening+1","PlaceholderMod:Polyp","ats:Revitalization","Luminous:Accumulation_Luminous+1","PlaceholderMod:InnerStable","Luminous:Light_Glare","SubAcupoint:ReiMu+1","AT_LightSaberMaster+1","Luminous:Light_Track","CareerPray:ReiMu+1","PlaceholderMod:SubstitutionNucleophilic1","ats:Part Time Job+1","ats:Apocalypse","ats:Thorns","PlaceholderMod:Corrosion+1","Luminous:Accumulation_Luminous+1","ats:Shadow Assault+1","PlaceholderMod:EvolutionSpray","PlaceholderMod:ParasiteChange+1","PlaceholderMod:ParasiteChange+1","CommonCold","Luminous:Light_Glare+1","PlaceholderMod:Eat+1","PlaceholderMod:HornyBlast+1","Luminous:Light_Sylvan_Lance+1","PlaceholderMod:ConsolidateHit+1","ats:Defend Order+1","KamiRite:ReiMu+1","ats:Soul Absorption+1","Madness","Madness+1","Luminous:Accumulation_Luminous+1","Luminous:Light_Sylvan_Lance+1","PlaceholderMod:PoisonBlast","Luminous:Light_Glare+1","PlaceholderMod:DirectingGroup","PlaceholderMod:HardStrike+1","PlaceholderMod:Hyperplasia+1","ats:Composite Medical Shells+1","Luminous:Lania_Blessing_Luminous+1","PlaceholderMod:NutritionAbsorb","PlaceholderMod:QualitativeChange+1","ats:Hammer On+1","ats:Song Of Battle+1","Meditation:ReiMu","ats:Closed Bolt Burst Fire+1","Luminous:Abyss_Heart_Luminous+1"],"relics":["ats:Sanity","AT_ATBox","REME_ComplimentaryCards","ats:Originium","Golden Egg","Centennial Puzzle","ReplayFunnel","Molten Egg 2","Gremlin Food","Blue Candle","ReplayTheSpireMod:TigerMarble","Bag of Marbles","PlaceholderMod:SoulofChaos","REME_ChargedStone","Art of War","AT_PhaseBoots","ats:Military Tradition","Frozen Egg 2","Membership Card","SacredBark","MerchantsRug","Chemical X","PreservedInsect","Pet Ghost"],"acts_visited":["Exordium","TheCity","TheBeyond"],"potions_floor_usage":[68],"damage_taken":[{"damage":0.0,"enemies":"Cultist","floor":1.0,"turns":5.0},{"damage":19.0,"enemies":"Jaw Worm","floor":2.0,"turns":6.0},{"damage":0.0,"enemies":"Small Slimes","floor":3.0,"turns":3.0},{"damage":11.0,"enemies":"Red Slaver","floor":5.0,"turns":3.0},{"damage":16.0,"enemies":"Exordium Wildlife","floor":6.0,"turns":5.0},{"damage":1.0,"enemies":"Lagavulin","floor":8.0,"turns":8.0},{"damage":14.0,"enemies":"Gremlin Nob","floor":11.0,"turns":4.0},{"damage":8.0,"enemies":"Looter","floor":13.0,"turns":4.0},{"damage":3.0,"enemies":"Blue Slaver","floor":14.0,"turns":4.0},{"damage":36.0,"enemies":"Hexaghost","floor":16.0,"turns":9.0},{"damage":3.0,"enemies":"Shell Parasite","floor":18.0,"turns":5.0},{"damage":0.0,"enemies":"Spheric Guardian","floor":20.0,"turns":7.0},{"damage":24.0,"enemies":"Shelled Parasite and Fungi","floor":22.0,"turns":6.0},{"damage":19.0,"enemies":"Gremlin Leader","floor":25.0,"turns":6.0},{"damage":6.0,"enemies":"Book of Stabbing","floor":27.0,"turns":5.0},{"damage":17.0,"enemies":"Centurion and Healer","floor":28.0,"turns":5.0},{"damage":3.0,"enemies":"Sentry and Sphere","floor":31.0,"turns":5.0},{"damage":0.0,"enemies":"Champ","floor":33.0,"turns":11.0},{"damage":2.0,"enemies":"Orb Walker","floor":35.0,"turns":2.0},{"damage":22.0,"enemies":"3 Darklings","floor":38.0,"turns":3.0},{"damage":79.0,"enemies":"4 Shapes","floor":39.0,"turns":6.0},{"damage":0.0,"enemies":"Nemesis","floor":40.0,"turns":5.0},{"damage":10.0,"enemies":"R_Hoarder","floor":42.0,"turns":9.0},{"damage":51.0,"enemies":"Jaw Worm Horde","floor":44.0,"turns":6.0},{"damage":3.0,"enemies":"Nemesis","floor":47.0,"turns":5.0},{"damage":7.0,"enemies":"Transient","floor":48.0,"turns":6.0},{"damage":72.0,"enemies":"Awakened One","floor":50.0,"turns":8.0},{"damage":50.0,"enemies":"Time Eater","floor":51.0,"turns":12.0},{"damage":3,"enemies":"Cultist","floor":53,"turns":3},{"damage":20,"enemies":"Jaw Worm","floor":57,"turns":2},{"damage":10,"enemies":"3 Sentries","floor":58,"turns":2},{"damage":0,"enemies":"Lagavulin","floor":60,"turns":4},{"damage":0,"enemies":"2 Louse","floor":62,"turns":1},{"damage":75,"enemies":"Lots of Slimes","floor":64,"turns":4},{"damage":12,"enemies":"Large Slime","floor":66,"turns":3},{"damage":37,"enemies":"Hexaghost","floor":68,"turns":6}],"seed_played":"-3005835170157410870","potions_obtained":[{"floor":2.0,"key":"DuplicationPotion"},{"floor":3.0,"key":"REME_GoldPotion"},{"floor":13.0,"key":"EssenceOfSteel"},{"floor":14.0,"key":"Energy Potion"},{"floor":28.0,"key":"GrandPatriotsElixir:ReiMu"},{"floor":48.0,"key":"Dexterity Potion"},{"floor":51.0,"key":"Death Potion"},{"floor":60,"key":"ZuzhouPotion:ReiMu"},{"floor":62,"key":"Dexterity Potion"},{"floor":64,"key":"Explosive Potion"},{"floor":68,"key":"ats:Top Emergency Sanity Potion"}],"is_trial":true,"path_per_floor":["M","M","M","$","M","M","R","E","T","R","E","?","M","M","R","B",null,"M","$","M","?","M","R","T","E","T","E","M","$","?","M","R","B",null,"M","?","$","M","M","E","R","E","T","M","?","R","E","M","R","B","B",null,"M","?","?","$","M","E","?","E","T","M","R","M","R","M","R","B"],"character_chosen":"DOCTOR_CLASS","items_purchased":["ats:Part Time Job","Molten Egg 2","PlaceholderMod:ParasiteChange","PlaceholderMod:ConsolidateHit+1","ats:Defend Order","Luminous:Accumulation_Luminous","Luminous:Light_Wash_Luminous","ats:Composite Medical Shells+1","Membership Card","MerchantsRug","PlaceholderMod:QualitativeChange","Chemical X","PreservedInsect"],"campfire_rested":4,"item_purchase_floors":[4,19,19,29,29,37,37,49,49,56,56,56,56],"current_hp_per_floor":[72,59,61,61,53,53,53,72,72,72,67,72,67,72,72,72,72,72,72,72,72,67,72,72,66,66,72,76,76,56,80,80,84,84,84,71,71,59,2,19,45,70,70,50,53,80,90,90,90,46,81,88,90,98,101,101,84,74,70,76,76,86,86,18,50,48,48,50,50],"gold":201,"neow_bonus":"","is_daily":false,"chose_seed":false,"campfire_upgraded":5,"win_rate":0.0,"timestamp":1611226572,"path_taken":["M","M","M","$","M","M","R","E","T","R","E","?","?","M","R","BOSS","M","$","M","?","M","R","?","E","T","E","M","$","?","M","R","BOSS","M","?","$","M","M","E","R","E","T","M","?","R","E","M","R","BOSS","BOSS","M","?","?","$","?","E","?","E","T","M","R","M","R","M","R","BOSS"],"items_purchased_type":["Card","Relic","Card","Card","Card","Card","Card","Card","Relic","Relic","Card","Relic","Relic"],"build_version":"2020-12-22","purchased_purges":0,"victory":false,"max_hp_per_floor":[72,72,72,72,72,72,72,72,72,72,72,72,72,72,72,72,72,72,72,72,72,72,72,72,72,72,72,76,76,84,84,84,84,84,84,87,87,87,87,87,87,87,87,87,90,90,90,90,90,90,90,90,90,98,101,101,104,104,107,107,107,107,107,107,107,107,107,107,107],"card_choices":[{"not_picked":["SpringWay:ReiMu","Luminous:Light_Reflection"],"picked":"Luminous:Light_Track","floor":1.0},{"not_picked":["PlaceholderMod:StrongAcid","ats:Encircling Forest"],"picked":"CareerPray:ReiMu","floor":2.0},{"not_picked":["PlaceholderMod:TriggerStrike","ats:Consecutive Shot Auto"],"picked":"PlaceholderMod:SubstitutionNucleophilic1","floor":3.0},{"not_picked":["Luminous:Mana_Well_Luminous","ats:LN2 Cannon"],"picked":"ats:Apocalypse","floor":5.0},{"not_picked":["ats:Childhood Dance","Conquer:ReiMu"],"picked":"PlaceholderMod:Sweep","floor":6.0},{"not_picked":["Crusade:ReiMu","ats:Demon Strength"],"picked":"ats:Thorns","floor":8.0},{"not_picked":["Luminous:Blinding_Pillar_Luminous","DoubleButterfly:ReiMu"],"picked":"PlaceholderMod:Corrosion","floor":11.0},{"not_picked":["PlaceholderMod:HornyBlast","Luminous:Magic_Boost_Luminous","TightArray:ReiMu"],"picked":"SKIP","floor":13.0},{"not_picked":["EmergencyTakeOff:ReiMu","MountainWay:ReiMu"],"picked":"Luminous:Accumulation_Luminous","floor":14.0},{"not_picked":["Dreaming:ReiMu","Luminous:Mirror_Force_Luminous"],"picked":"ats:Shadow Assault","floor":16.0},{"not_picked":["PlaceholderMod:Corrosion","ats:Assault Order"],"picked":"PlaceholderMod:EvolutionSpray","floor":18.0},{"not_picked":["PlaceholderMod:OHStrongAttack+1","WonderfulDomain:ReiMu","Luminous:Blinding_Pillar_Luminous"],"picked":"SKIP","floor":20.0},{"not_picked":["Enchanting:ReiMu","Luminous:Dark_Raid+1"],"picked":"Luminous:Light_Glare+1","floor":22.0},{"not_picked":["Luminous:Blinding_Pillar_Luminous","Luminous:Light_Sylvan_Lance+1"],"picked":"PlaceholderMod:Eat+1","floor":25.0},{"not_picked":["ats:Support Order","SubcavityFantasy:ReiMu"],"picked":"PlaceholderMod:HornyBlast+1","floor":27.0},{"not_picked":["PlaceholderMod:AttackAsDefend+1","Intuition:ReiMu"],"picked":"Luminous:Light_Sylvan_Lance+1","floor":28.0},{"not_picked":["Amulet:ReiMu","ats:Poison Spread+1","Luminous:Chase_Spell_Luminous"],"picked":"SKIP","floor":31.0},{"not_picked":["Luminous:Balance_Baptism+1","ats:Dogmatic Field"],"picked":"KamiRite:ReiMu","floor":33.0},{"not_picked":["ats:Guardian Obelisk+1","Luminous:Light_Sylvan_Lance+1"],"picked":"ats:Soul Absorption+1","floor":35.0},{"not_picked":["ats:Explosion Area Strengthen+1","PhosphorusFlame:ReiMu"],"picked":"Luminous:Light_Sylvan_Lance+1","floor":38.0},{"not_picked":["SubAcupoint:ReiMu+1","AirStrike:ReiMu+1"],"picked":"PlaceholderMod:PoisonBlast","floor":39.0},{"not_picked":["NineCharacters:ReiMu","EmergencyTakeOff:ReiMu+1"],"picked":"Luminous:Light_Glare+1","floor":40.0},{"not_picked":["PlaceholderMod:Sweep+1","Luminous:Balance_Ender+1"],"picked":"PlaceholderMod:DirectingGroup","floor":42.0},{"not_picked":["Luminous:Dark_Pressure_Void+1","ats:Thorns","AlertArray:ReiMu"],"picked":"SKIP","floor":44.0},{"not_picked":["TightArray:ReiMu+1","ats:Neurotoxin+1"],"picked":"PlaceholderMod:HardStrike+1","floor":47.0},{"not_picked":["PlaceholderMod:NearChange","ats:Leaping Hammer+1"],"picked":"PlaceholderMod:Hyperplasia+1","floor":48.0},{"not_picked":["PlaceholderMod:SelfCoupling+1","Shading:ReiMu"],"picked":"Luminous:Lania_Blessing_Luminous+1","floor":50.0},{"not_picked":["PlaceholderMod:Sweep+1","ats:Flame Of Heaven"],"picked":"PlaceholderMod:NutritionAbsorb","floor":53},{"not_picked":["AirStrike:ReiMu+1","Amulet:ReiMu","ats:Red Shift+1"],"picked":"SKIP","floor":57},{"not_picked":["Luminous:Dark_Dim_Erosion+1","ats:Calcification"],"picked":"ats:Hammer On+1","floor":58},{"not_picked":["PayForSelf:ReiMu+1","ats:Closed Bolt Burst Fire+1"],"picked":"ats:Song Of Battle+1","floor":60},{"not_picked":["Amulet:ReiMu","AlertArray:ReiMu"],"picked":"Meditation:ReiMu","floor":62},{"not_picked":["ats:Explosion Area Strengthen+1","Luminous:Magic_Boost_Luminous"],"picked":"ats:Closed Bolt Burst Fire+1","floor":64},{"not_picked":["Luminous:Dark_Dim_Erosion+1","PlaceholderMod:SevereHeat"],"picked":"Luminous:Abyss_Heart_Luminous+1","floor":66}],"player_experience":97605,"relics_obtained":[{"floor":8.0,"key":"ats:Originium"},{"floor":8.0,"key":"Golden Egg"},{"floor":9.0,"key":"Centennial Puzzle"},{"floor":11.0,"key":"ats:Originium"},{"floor":11.0,"key":"ReplayFunnel"},{"floor":24.0,"key":"Blue Candle"},{"floor":25.0,"key":"ats:Originium"},{"floor":25.0,"key":"ReplayTheSpireMod:TigerMarble"},{"floor":26.0,"key":"Bag of Marbles"},{"floor":27.0,"key":"PlaceholderMod:SoulofChaos"},{"floor":40.0,"key":"Art of War"},{"floor":42.0,"key":"AT_SpeedBoots"},{"floor":43.0,"key":"ats:Military Tradition"},{"floor":47.0,"key":"Frozen Egg 2"},{"floor":58,"key":"ats:Originium"},{"floor":61,"key":"Pet Ghost"}],"event_choices":[{"cards_removed":["PlaceholderMod:Sweep"],"damage_healed":5.0,"max_hp_gain":0.0,"max_hp_loss":0.0,"gold_gain":0.0,"event_name":"Bonfire Elementals","player_choice":"Offered Common","floor":12.0,"gold_loss":0.0,"damage_taken":0.0},{"cards_removed":["PlaceholderMod:Sweep"],"damage_healed":5.0,"max_hp_gain":0.0,"max_hp_loss":0.0,"gold_gain":0.0,"event_name":"Bonfire Elementals","player_choice":"Offered Special","floor":12.0,"gold_loss":0.0,"damage_taken":0.0},{"damage_healed":0.0,"max_hp_gain":5.0,"max_hp_loss":0.0,"gold_gain":0.0,"event_name":"Forgotten Altar","player_choice":"Shed Blood","floor":30.0,"gold_loss":0.0,"damage_taken":28.0},{"damage_healed":0.0,"max_hp_gain":0.0,"max_hp_loss":0.0,"gold_gain":0.0,"event_name":"Winding Halls","player_choice":"Embrace Madness","floor":36.0,"gold_loss":0.0,"damage_taken":16.0,"cards_obtained":["Madness","Madness"]},{"cards_removed":["Luminous:Light_Wash_Luminous"],"damage_healed":0.0,"max_hp_gain":0.0,"max_hp_loss":0.0,"gold_gain":0.0,"event_name":"Falling","player_choice":"Removed Power","floor":45.0,"gold_loss":0.0,"damage_taken":0.0},{"damage_healed":0,"gold_gain":0,"player_choice":"Donut","damage_taken":0,"max_hp_gain":5,"max_hp_loss":0,"event_name":"Big Fish","floor":54,"gold_loss":0},{"damage_healed":0,"gold_gain":50,"player_choice":"Pray","damage_taken":0,"max_hp_gain":0,"max_hp_loss":0,"event_name":"Golden Shrine","floor":55,"gold_loss":0},{"cards_removed":["SnafuTest:PowerEleganceEmbodiment"],"damage_healed":0,"gold_gain":0,"player_choice":"Card Removal","damage_taken":7,"max_hp_gain":0,"max_hp_loss":0,"event_name":"Golden Wing","floor":59,"gold_loss":0}],"is_beta":false,"boss_relics":[{"not_picked":["Replay:Wanted Poster","Painkiller Herb"],"picked":"Runic Pyramid"},{"not_picked":["Kintsugi","ats:Omniscience"],"picked":"REME_ChargedStone"},{"not_picked":["Calling Bell","Ring of Chaos"],"picked":"SacredBark"}],"items_purged_floors":[],"is_endless":true,"potions_floor_spawned":[2,3,13,14,16,28,31,38,48,51,60,62,64,68],"killed_by":"Hexaghost","ascension_level":20}}