{"host":"ypphcgdomtfqpc2w","time":1611234548,"event":{"mods":["BaseMod","DeckTracker","Minty Spire (QoL Compilation)","Relic Stats","StSLib"],"gold_per_floor":[118,132,43,59,69,69,102,122,122,133,133,133,144,170,170,247,247,221,221,221,221,221],"floor_reached":21,"language":"ENG","playtime":938,"items_purged":[],"score":436,"play_id":"adb848ab-fcc2-4450-a72f-039c829ed2da","local_time":"20210121220908","is_ascension_mode":true,"campfire_choices":[{"data":"Rupture","floor":6,"key":"SMITH"},{"data":"Rupture","floor":11,"key":"SMITH"},{"data":"Brutality","floor":15,"key":"SMITH"}],"circlet_count":0,"master_deck":["AscendersBane","Strike_R","Strike_R","Strike_R","Defend_R","Defend_R","Defend_R","Defend_R","Bash","Reaper","Whirlwind","Flex","Brutality+1","Spot Weakness","Rupture+1","Rupture+1","Shrug It Off","Disarm","Shrug It Off","Corruption","Dual Wield","Exhume","Barricade"],"relics":["Burning Blood","PreservedInsect","Omamori","Red Skull","Black Star"],"acts_visited":["Exordium","TheCity"],"potions_floor_usage":[7,13,14,16,18,19],"damage_taken":[{"damage":12,"enemies":"Cultist","floor":1,"turns":4},{"damage":22,"enemies":"Small Slimes","floor":2,"turns":5},{"damage":0,"enemies":"2 Louse","floor":4,"turns":1},{"damage":4,"enemies":"2 Fungi Beasts","floor":5,"turns":3},{"damage":38,"enemies":"Lagavulin","floor":7,"turns":8},{"damage":14,"enemies":"Looter","floor":8,"turns":3},{"damage":59,"enemies":"Gremlin Gang","floor":10,"turns":7},{"damage":8,"enemies":"Exordium Thugs","floor":13,"turns":4},{"damage":0,"enemies":"3 Sentries","floor":14,"turns":1},{"damage":36,"enemies":"Slime Boss","floor":16,"turns":7},{"damage":43,"enemies":"2 Thieves","floor":18,"turns":4},{"damage":46,"enemies":"3 Byrds","floor":19,"turns":5},{"damage":79,"enemies":"Cultist and Chosen","floor":21,"turns":5}],"seed_played":"-9014922103478751582","potions_obtained":[{"floor":1,"key":"SpeedPotion"},{"floor":4,"key":"Explosive Potion"},{"floor":10,"key":"SkillPotion"},{"floor":14,"key":"BlessingOfTheForge"},{"floor":16,"key":"Swift Potion"},{"floor":18,"key":"SmokeBomb"}],"is_trial":false,"path_per_floor":["M","M","$","M","M","R","E","M","T","M","R","?","M","E","R","B",null,"M","M","?","M"],"character_chosen":"IRONCLAD","items_purchased":["Brutality"],"campfire_rested":0,"item_purchase_floors":[3],"current_hp_per_floor":[48,40,40,46,65,65,51,56,56,36,36,41,39,45,45,32,68,45,41,41,0,0],"gold":221,"neow_bonus":"THREE_RARE_CARDS","is_daily":false,"chose_seed":false,"campfire_upgraded":3,"win_rate":0.0,"timestamp":1611234548,"path_taken":["M","M","?","M","M","R","E","M","T","M","R","?","M","E","R","BOSS","M","M","?","M"],"items_purchased_type":["Card"],"build_version":"2020-12-22","purchased_purges":0,"victory":false,"max_hp_per_floor":[75,75,75,75,75,75,75,75,75,75,75,80,80,80,80,80,80,80,80,80,80,80],"relic_stats":{"counters":[13,57],"PreservedInsect":33,"Black Star":0,"obtain_stats":[{"PreservedInsect":7,"Omamori":9,"Black Star":17,"Burning Blood":0,"Red Skull":14},{"PreservedInsect":5,"Omamori":6,"Black Star":10,"Burning Blood":0,"Red Skull":9},{"PreservedInsect":21,"Omamori":24,"Black Star":43,"Burning Blood":0,"Red Skull":36}],"Burning Blood":72},"card_choices":[{"not_picked":["Limit Break","Exhume"],"picked":"Reaper","floor":0},{"not_picked":["Ghostly Armor","Flex"],"picked":"Whirlwind","floor":1},{"not_picked":["Rage","Wild Strike"],"picked":"Flex","floor":2},{"not_picked":["Metallicize","Combust"],"picked":"Spot Weakness","floor":4},{"not_picked":["Clothesline","Fire Breathing"],"picked":"Rupture","floor":5},{"not_picked":["Shrug It Off","Hemokinesis"],"picked":"Rupture","floor":7},{"not_picked":["Inflame","Clash"],"picked":"Shrug It Off","floor":8},{"not_picked":["Clash","Wild Strike","Rampage"],"picked":"SKIP","floor":10},{"not_picked":["Sentinel","Warcry"],"picked":"Disarm","floor":13},{"not_picked":["Perfected Strike","Thunderclap"],"picked":"Shrug It Off","floor":14},{"not_picked":["Bludgeon","Demon Form"],"picked":"Corruption","floor":16},{"not_picked":["Pommel Strike","Thunderclap"],"picked":"Dual Wield","floor":18}],"player_experience":2086595,"relics_obtained":[{"floor":7,"key":"PreservedInsect"},{"floor":9,"key":"Omamori"},{"floor":14,"key":"Red Skull"}],"event_choices":[{"damage_healed":0,"gold_gain":0,"player_choice":"Donut","damage_taken":0,"max_hp_gain":5,"max_hp_loss":0,"event_name":"Big Fish","floor":12,"gold_loss":0},{"damage_healed":0,"gold_gain":0,"cards_transformed":["Strike_R","Strike_R"],"player_choice":"Became Test Subject","damage_taken":0,"max_hp_gain":0,"max_hp_loss":0,"event_name":"Drug Dealer","floor":20,"gold_loss":0,"cards_obtained":["Exhume","Barricade"]}],"is_beta":false,"boss_relics":[{"not_picked":["Fusion Hammer","Tiny House"],"picked":"Black Star"}],"items_purged_floors":[],"is_endless":false,"potions_floor_spawned":[1,4,10,14,16,18],"killed_by":"Cultist and Chosen","ascension_level":20}}