{"host":"1c52r9kaxdyo25eq","time":1611241429,"event":{"mods":["AchievementEnabler","BaseMod","Minty Spire (QoL Compilation)","Rare Cards Sparkle","SuperFastMode","everything is the same but u backflip on backflip"],"gold_per_floor":[117,117,135,135,210,210,254,279,279,309,323,342,342,342,342,435,435,449,449,472,397,412,412,21,21,21,21,34,78,3,28,28,118,118,136,149,149,173,189,189,89,89,114,114,114,114,132,200,200,200,200],"floor_reached":50,"language":"KOR","playtime":1285,"items_purged":["Strike_G","Defend_G"],"score":995,"play_id":"ac633d7c-b503-425b-b37a-bb3273b62f34","local_time":"20210122000349","is_ascension_mode":true,"campfire_choices":[{"data":"Dagger Spray","floor":6.0,"key":"SMITH"},{"floor":15.0,"key":"REST"},{"floor":23.0,"key":"REST"},{"data":"Reflex","floor":25.0,"key":"SMITH"},{"floor":27.0,"key":"REST"},{"floor":32.0,"key":"REST"},{"floor":40.0,"key":"RECALL"},{"data":"Backflip","floor":44.0,"key":"SMITH"},{"data":"Grand Finale","floor":49.0,"key":"SMITH"}],"circlet_count":0,"master_deck":["AscendersBane","Defend_G+1","Defend_G+1","Survivor","Dagger Spray+1","Grand Finale+1","Cloak And Dagger","Reflex+1","Quick Slash+1","PiercingWail","Acrobatics+1","Die Die Die+1","Dagger Throw+1","Backflip+1","Prepared+1","Deadly Poison","Prepared+1"],"relics":["Ring of the Snake","NeowsBlessing","Golden Idol","Molten Egg 2","Shuriken","Empty Cage","Kunai","Strawberry","MealTicket","Coffee Dripper","Pantograph"],"acts_visited":["Exordium","TheCity","TheBeyond"],"potions_floor_usage":[],"damage_taken":[{"damage":0.0,"enemies":"Small Slimes","floor":1.0,"turns":1.0},{"damage":0.0,"enemies":"2 Louse","floor":3.0,"turns":1.0},{"damage":0.0,"enemies":"Gremlin Nob","floor":7.0,"turns":1.0},{"damage":0.0,"enemies":"Cultist","floor":8.0,"turns":4.0},{"damage":3.0,"enemies":"Blue Slaver","floor":11.0,"turns":3.0},{"damage":0.0,"enemies":"2 Fungi Beasts","floor":12.0,"turns":3.0},{"damage":25.0,"enemies":"The Guardian","floor":16.0,"turns":11.0},{"damage":17.0,"enemies":"Spheric Guardian","floor":18.0,"turns":5.0},{"damage":1.0,"enemies":"2 Thieves","floor":20.0,"turns":2.0},{"damage":11.0,"enemies":"Cultist and Chosen","floor":22.0,"turns":4.0},{"damage":2.0,"enemies":"Snake Plant","floor":28.0,"turns":3.0},{"damage":29.0,"enemies":"Slavers","floor":29.0,"turns":2.0},{"damage":0.0,"enemies":"Snecko","floor":31.0,"turns":4.0},{"damage":45.0,"enemies":"Collector","floor":33.0,"turns":7.0},{"damage":31.0,"enemies":"3 Shapes","floor":35.0,"turns":8.0},{"damage":0.0,"enemies":"Orb Walker","floor":36.0,"turns":2.0},{"damage":4.0,"enemies":"Maw","floor":38.0,"turns":6.0},{"damage":7.0,"enemies":"Jaw Worm Horde","floor":39.0,"turns":2.0},{"damage":10.0,"enemies":"Writhing Mass","floor":47.0,"turns":3.0},{"damage":46,"enemies":"Time Eater","floor":50,"turns":4}],"seed_played":"-4091006806517165169","potions_obtained":[{"floor":8.0,"key":"GamblersBrew"},{"floor":11.0,"key":"GhostInAJar"},{"floor":16.0,"key":"LiquidMemories"},{"floor":18.0,"key":"Block Potion"},{"floor":20.0,"key":"FearPotion"},{"floor":22.0,"key":"Weak Potion"},{"floor":28.0,"key":"Poison Potion"},{"floor":36.0,"key":"EssenceOfSteel"},{"floor":47.0,"key":"SteroidPotion"}],"is_trial":false,"path_per_floor":["M","?","M","?","?","R","E","M","T","?","M","M","?","?","R","B",null,"M","?","M","?","M","R","$","R","T","R","M","E","?","M","R","B",null,"M","M","?","M","M","R","$","?","T","R","?","?","M","T","R","B"],"character_chosen":"THE_SILENT","items_purchased":["Backflip","Kunai"],"campfire_rested":4,"item_purchase_floors":[24,24],"current_hp_per_floor":[59,59,59,59,48,48,48,48,48,48,45,45,38,20,38,13,48,31,31,30,30,19,37,37,37,44,64,62,33,33,33,53,8,52,21,21,21,17,10,10,25,25,25,25,52,52,42,42,42,6,6],"gold":200,"neow_bonus":"THREE_ENEMY_KILL","is_daily":false,"chose_seed":false,"campfire_upgraded":4,"win_rate":0.0,"timestamp":1611241429,"path_taken":["M","?","M","?","?","R","E","M","T","?","M","M","?","?","R","BOSS","M","?","?","?","M","R","$","R","T","R","M","E","?","?","R","BOSS","M","M","?","?","M","R","$","?","T","R","?","?","M","?","R","BOSS"],"items_purchased_type":["Card","Relic"],"build_version":"2020-12-22","purchased_purges":2,"victory":false,"max_hp_per_floor":[66,60,60,60,60,60,60,60,60,60,60,60,60,60,60,60,60,60,60,60,60,60,60,60,60,67,67,67,67,67,67,67,67,67,67,67,67,67,67,67,67,64,64,64,52,52,52,52,52,52,52],"card_choices":[{"not_picked":["Deflect","Cloak And Dagger"],"picked":"Dagger Spray","floor":1.0},{"not_picked":["Catalyst","Crippling Poison"],"picked":"Grand Finale","floor":3.0},{"not_picked":["Eviscerate+1","Flechettes+1"],"picked":"Reflex","floor":7.0},{"not_picked":["Riddle With Holes+1","Slice+1"],"picked":"Quick Slash+1","floor":8.0},{"not_picked":["Cloak And Dagger","Accuracy"],"picked":"PiercingWail","floor":11.0},{"not_picked":["PiercingWail","Slice+1"],"picked":"Acrobatics","floor":12.0},{"not_picked":["Wraith Form v2","A Thousand Cuts"],"picked":"Die Die Die+1","floor":16.0},{"not_picked":["Quick Slash+1","Deflect","Underhanded Strike+1"],"picked":"SKIP","floor":18.0},{"not_picked":["Underhanded Strike+1","Blade Dance","Expertise"],"picked":"SKIP","floor":20.0},{"not_picked":["Accuracy","Caltrops"],"picked":"Dagger Throw+1","floor":22.0},{"not_picked":["Dagger Throw+1","Cloak And Dagger","Masterful Stab+1"],"picked":"SKIP","floor":28.0},{"not_picked":["Sucker Punch+1","Bane+1","PiercingWail"],"picked":"SKIP","floor":29.0},{"not_picked":["Deadly Poison","Dodge and Roll","Heel Hook+1"],"picked":"SKIP","floor":31.0},{"not_picked":["Crippling Poison","Dodge and Roll"],"picked":"Prepared+1","floor":35.0},{"not_picked":["Cloak And Dagger","Terror"],"picked":"Deadly Poison","floor":36.0},{"not_picked":["Flechettes+1","Bane+1"],"picked":"Prepared+1","floor":38.0},{"not_picked":["Crippling Poison","Endless Agony+1","Unload+1"],"picked":"SKIP","floor":39.0},{"not_picked":["Quick Slash+1","Choke+1","Distraction+1"],"picked":"SKIP","floor":47.0}],"player_experience":604621,"relics_obtained":[{"floor":7.0,"key":"Molten Egg 2"},{"floor":9.0,"key":"Shuriken"},{"floor":26.0,"key":"Strawberry"},{"floor":29.0,"key":"MealTicket"},{"floor":48.0,"key":"Pantograph"}],"event_choices":[{"damage_healed":0.0,"max_hp_gain":0.0,"max_hp_loss":6.0,"gold_gain":0.0,"event_name":"Golden Idol","player_choice":"Lose Max HP","floor":2.0,"gold_loss":0.0,"damage_taken":0.0,"relics_obtained":["Golden Idol"]},{"damage_healed":0.0,"max_hp_gain":0.0,"max_hp_loss":0.0,"gold_gain":0.0,"cards_transformed":["Defend_G"],"event_name":"Living Wall","player_choice":"Change","floor":4.0,"gold_loss":0.0,"damage_taken":0.0,"cards_obtained":["Cloak And Dagger"]},{"damage_healed":0.0,"max_hp_gain":0.0,"max_hp_loss":0.0,"gold_gain":75.0,"event_name":"World of Goop","player_choice":"Gather Gold","floor":5.0,"gold_loss":0.0,"damage_taken":11.0},{"damage_healed":0.0,"max_hp_gain":0.0,"max_hp_loss":0.0,"gold_gain":30.0,"event_name":"Dead Adventurer","player_choice":"Searched \u00271\u0027 times","floor":10.0,"gold_loss":0.0,"damage_taken":0.0},{"cards_removed":["Strike_G"],"damage_healed":0.0,"max_hp_gain":0.0,"max_hp_loss":0.0,"gold_gain":0.0,"event_name":"Golden Wing","player_choice":"Card Removal","floor":13.0,"gold_loss":0.0,"damage_taken":7.0},{"damage_healed":0.0,"max_hp_gain":0.0,"max_hp_loss":0.0,"gold_gain":0.0,"event_name":"Shining Light","player_choice":"Entered Light","floor":14.0,"gold_loss":0.0,"damage_taken":18.0,"cards_upgraded":["Defend_G","Defend_G"]},{"damage_healed":0.0,"max_hp_gain":0.0,"max_hp_loss":0.0,"gold_gain":0.0,"event_name":"Accursed Blacksmith","player_choice":"Forge","floor":19.0,"gold_loss":0.0,"damage_taken":0.0,"cards_upgraded":["Acrobatics"]},{"cards_removed":["Strike_G"],"damage_healed":0.0,"max_hp_gain":0.0,"max_hp_loss":0.0,"gold_gain":0.0,"event_name":"Beggar","player_choice":"Gave Gold","floor":21.0,"gold_loss":75.0,"damage_taken":0.0},{"cards_removed":["Strike_G"],"damage_healed":0.0,"max_hp_gain":0.0,"max_hp_loss":0.0,"gold_gain":0.0,"event_name":"Designer","player_choice":"Single Remove","floor":30.0,"gold_loss":75.0,"damage_taken":0.0},{"damage_healed":0.0,"max_hp_gain":0.0,"max_hp_loss":0.0,"gold_gain":0.0,"event_name":"Match and Keep!","player_choice":"0 cards matched","floor":37.0,"gold_loss":0.0,"damage_taken":0.0,"cards_obtained":[]},{"damage_healed":0.0,"max_hp_gain":0.0,"max_hp_loss":3.0,"gold_gain":0.0,"event_name":"Winding Halls","player_choice":"Max HP","floor":42.0,"gold_loss":0.0,"damage_taken":0.0},{"damage_healed":52.0,"max_hp_gain":0.0,"max_hp_loss":12.0,"gold_gain":0.0,"event_name":"The Moai Head","player_choice":"Heal","floor":45.0,"gold_loss":0.0,"damage_taken":0.0},{"cards_removed":["Neutralize"],"damage_healed":0.0,"max_hp_gain":0.0,"max_hp_loss":0.0,"gold_gain":0.0,"event_name":"Falling","player_choice":"Removed Attack","floor":46.0,"gold_loss":0.0,"damage_taken":0.0}],"is_beta":false,"boss_relics":[{"not_picked":["Sozu","Calling Bell"],"picked":"Empty Cage"},{"not_picked":["Busted Crown","Pandora\u0027s Box"],"picked":"Coffee Dripper"}],"items_purged_floors":[24,41],"is_endless":false,"potions_floor_spawned":[8,11,12,16,18,20,22,28,36,47],"killed_by":"Time Eater","ascension_level":20}}