{"host":"o1scrl1hgy598kuq","time":1611214462,"event":{"mods":["BaseMod","Colored Map","Colored Powertips","Minty Spire (QoL Compilation)","Remilia??????","Replay The Spire","Shop Mod","StSLib","The Jungle","The Marked","The Servant 0.9.4"],"gold_per_floor":[112,112,125,125,137,137,151,184,184,184,213,105,120,139,139,237,237,249,249,249,264,1,1,17,17,67,67,67,67,67,67,79,79,79],"floor_reached":33,"language":"ENG","playtime":1349,"items_purged":["Defend_G","Strike_G"],"score":367,"play_id":"e2988120-33bb-4dce-b419-cc3937b1baa3","local_time":"20210121013422","is_ascension_mode":true,"campfire_choices":[{"data":"Trip","floor":6.0,"key":"SMITH"},{"data":"Accuracy","floor":10.0,"key":"SMITH"},{"data":"Terror","floor":15.0,"key":"SMITH"},{"data":"ReplayTheSpireMod:Shiv Toss","floor":23,"key":"SMITH"},{"data":"Cloak And Dagger","floor":25,"key":"SMITH"}],"circlet_count":0,"master_deck":["Strike_G","Strike_G","Strike_G","Defend_G","Defend_G","Defend_G","Survivor","Neutralize","Quick Slash","Well Laid Plans","Cloak And Dagger+1","Trip+1","Dash","Accuracy+1","Prepared","Terror+1","Infinite Blades","Footwork","Crippling Poison","After Image","Underhanded Strike","Hidden Blade","ReplayTheSpireMod:Shiv Toss+1","Infinite Blades","A Thousand Cuts","Blur"],"relics":["Ring of the Snake","Pen Nib","Gremlin Horn","Matryoshka","Coffee Dripper","Strawberry","Mercury Hourglass","Paper Crane","Vajra"],"acts_visited":[],"potions_floor_usage":[28,33],"damage_taken":[{"damage":5.0,"enemies":"Small Slimes","floor":1.0,"turns":3.0},{"damage":0.0,"enemies":"Cultist","floor":3.0,"turns":4.0},{"damage":0.0,"enemies":"2 Louse","floor":5.0,"turns":2.0},{"damage":3.0,"enemies":"Large Slime","floor":7.0,"turns":5.0},{"damage":0.0,"enemies":"Gremlin Nob","floor":8.0,"turns":2.0},{"damage":25.0,"enemies":"Lagavulin","floor":11.0,"turns":5.0},{"damage":2.0,"enemies":"Red Slaver","floor":13.0,"turns":3.0},{"damage":0.0,"enemies":"Looter","floor":14.0,"turns":3.0},{"damage":19.0,"enemies":"Slime Boss","floor":16.0,"turns":6.0},{"damage":0.0,"enemies":"Chosen","floor":18.0,"turns":4.0},{"damage":21.0,"enemies":"2 Thieves","floor":21.0,"turns":4.0},{"damage":30,"enemies":"Snake Plant","floor":24,"turns":5},{"damage":8,"enemies":"Shelled Parasite and Fungi","floor":28,"turns":4},{"damage":6,"enemies":"Cultist and Chosen","floor":32,"turns":5},{"damage":2,"enemies":"Centurion and Healer","floor":33,"turns":1}],"seed_played":"3341198154177636714","potions_obtained":[{"floor":1.0,"key":"ColorlessPotion"},{"floor":5.0,"key":"CunningPotion"},{"floor":8.0,"key":"PowerPotion"},{"floor":14.0,"key":"FearPotion"},{"floor":21.0,"key":"SmokeBomb"},{"floor":32,"key":"Weak Potion"}],"is_trial":false,"path_per_floor":["M","?","M","?","M","R","M","E","T","R","E","$","M","M","R","B",null,"M","T","?","M","$","R","M","R","T","$","M","$","PTL","PTL","M","M"],"character_chosen":"THE_SILENT","items_purchased":["Infinite Blades","Hidden Blade","ReplayTheSpireMod:Shiv Toss","Infinite Blades"],"campfire_rested":0,"item_purchase_floors":[12,22,22,22],"current_hp_per_floor":[58,63,63,63,63,63,60,60,60,60,35,35,33,33,33,14,60,60,67,67,46,46,46,16,16,16,16,8,8,8,8,2,0,0],"gold":79,"neow_bonus":"TRANSFORM_CARD","is_daily":false,"chose_seed":false,"campfire_upgraded":5,"win_rate":0.0,"timestamp":1611214462,"path_taken":["M","?","M","?","M","R","M","E","T","R","E","$","M","M","R","BOSS","M","?","?","?","$","R","M","R","T","$","M","?","PTL","PTL","M","M"],"items_purchased_type":["Card","Card","Card","Card"],"build_version":"2020-12-22","purchased_purges":2,"victory":false,"max_hp_per_floor":[70,75,75,75,75,75,75,75,75,75,75,75,75,75,75,75,75,75,82,82,82,82,82,82,82,82,82,82,82,82,82,82,82,82],"card_choices":[{"not_picked":["Tactician","Poisoned Stab"],"picked":"Well Laid Plans","floor":1.0},{"not_picked":["Bane","Deflect"],"picked":"Cloak And Dagger","floor":3.0},{"not_picked":["Predator","Skewer"],"picked":"Dash","floor":5.0},{"not_picked":["Skewer","Underhanded Strike"],"picked":"Accuracy","floor":7.0},{"not_picked":["Quick Slash","Blur"],"picked":"Prepared","floor":8.0},{"not_picked":["Deflect","Doppelganger"],"picked":"Terror","floor":11.0},{"not_picked":["Cloak And Dagger","Acrobatics"],"picked":"Footwork","floor":13.0},{"not_picked":["Masterful Stab","Blur"],"picked":"Crippling Poison","floor":14.0},{"not_picked":["Doppelganger","Phantasmal Killer"],"picked":"After Image","floor":16.0},{"not_picked":["Quick Slash","Underhanded Strike+1","Bane+1"],"picked":"SKIP","floor":18.0},{"not_picked":["Terror","Deadly Poison","Dodge and Roll+1"],"picked":"SKIP","floor":21.0},{"not_picked":["Dagger Throw+1","Blur"],"picked":"A Thousand Cuts","floor":24},{"not_picked":["Dagger Spray","Predator+1"],"picked":"Blur","floor":32}],"player_experience":198850,"relics_obtained":[{"floor":8.0,"key":"Pen Nib"},{"floor":9.0,"key":"Gremlin Horn"},{"floor":11.0,"key":"Matryoshka"},{"floor":19.0,"key":"Strawberry"},{"floor":19.0,"key":"Mercury Hourglass"},{"floor":26,"key":"Paper Crane"},{"floor":26,"key":"Vajra"}],"event_choices":[{"damage_healed":0.0,"max_hp_gain":5.0,"max_hp_loss":0.0,"gold_gain":0.0,"event_name":"Big Fish","player_choice":"Donut","floor":2.0,"gold_loss":0.0,"damage_taken":0.0},{"damage_healed":0.0,"max_hp_gain":0.0,"max_hp_loss":0.0,"gold_gain":0.0,"event_name":"Match and Keep!","player_choice":"1 cards matched","floor":4.0,"gold_loss":0.0,"damage_taken":0.0,"cards_obtained":["Trip"]},{"damage_healed":0.0,"max_hp_gain":0.0,"max_hp_loss":0.0,"gold_gain":0.0,"cards_transformed":["Strike_G"],"event_name":"Transmorgrifier","player_choice":"Transformed","floor":20.0,"gold_loss":0.0,"damage_taken":0.0,"cards_obtained":["Underhanded Strike"]}],"is_beta":false,"boss_relics":[{"not_picked":["Velvet Choker","Ectoplasm"],"picked":"Coffee Dripper"}],"items_purged_floors":[12,22],"is_endless":false,"potions_floor_spawned":[1,5,8,14,21,28,32],"killed_by":"Centurion and Healer","ascension_level":6}}