{"host":"c97twqu0op5dg8i4","time":1611273411,"event":{"mods":["AchievementEnabler","BaseMod","Colored Map","Minty Spire (QoL Compilation)","Permanent Neow"],"gold_per_floor":[114,133,146,161,174,174,249,249,297,297,297,297,317,28,39,39,143,143,163,174,89,108,33,59,59,59,83,116,128,148,148,148],"floor_reached":31,"language":"ENG","playtime":1288,"items_purged":["Parasite"],"score":350,"play_id":"e6c890c0-acd9-491c-9e1f-ae7085934970","local_time":"20210121185651","is_ascension_mode":true,"campfire_choices":[{"data":"Defragment","floor":6,"key":"SMITH"},{"data":"Biased Cognition","floor":12,"key":"SMITH"},{"data":"Zap","floor":16,"key":"SMITH"},{"data":"Lockon","floor":26,"key":"SMITH"}],"circlet_count":0,"master_deck":["Strike_B","Strike_B","Strike_B+1","Strike_B","Defend_B","Defend_B","Defend_B","Defend_B+1","Zap+1","Dualcast","Reinforced Body","Defragment+1","Streamline","Biased Cognition+1","Skim","Lockon+1","Sweeping Beam","Core Surge","CurseOfTheBell","Coolheaded","Lockon","Doom and Gloom+1","Steam","Consume","Storm+1"],"relics":["Nuclear Battery","Lantern","Eternal Feather","Ice Cream","Calling Bell","Bag of Marbles","HornCleat","Calipers","Cables","Omamori","Letter Opener","Happy Flower","Oddly Smooth Stone"],"acts_visited":["Exordium","TheCity"],"potions_floor_usage":[4,17,22,30,31,31],"damage_taken":[{"damage":9,"enemies":"Cultist","floor":1,"turns":5},{"damage":0,"enemies":"Small Slimes","floor":2,"turns":3},{"damage":8,"enemies":"Jaw Worm","floor":3,"turns":4},{"damage":5,"enemies":"Gremlin Gang","floor":4,"turns":6},{"damage":1,"enemies":"2 Fungi Beasts","floor":5,"turns":3},{"damage":5,"enemies":"Exordium Wildlife","floor":13,"turns":4},{"damage":5,"enemies":"Red Slaver","floor":15,"turns":3},{"damage":16,"enemies":"Hexaghost","floor":17,"turns":9},{"damage":0,"enemies":"Spheric Guardian","floor":19,"turns":3},{"damage":3,"enemies":"Chosen","floor":20,"turns":6},{"damage":21,"enemies":"Centurion and Healer","floor":22,"turns":5},{"damage":9,"enemies":"Book of Stabbing","floor":24,"turns":5},{"damage":28,"enemies":"Slavers","floor":28,"turns":5},{"damage":0,"enemies":"Snecko","floor":29,"turns":5},{"damage":2,"enemies":"Cultist and Chosen","floor":30,"turns":3},{"damage":17,"enemies":"Snake Plant","floor":31,"turns":1}],"seed_played":"7385189011921333863","potions_obtained":[{"floor":1,"key":"DuplicationPotion"},{"floor":5,"key":"EssenceOfSteel"},{"floor":15,"key":"FearPotion"},{"floor":20,"key":"SkillPotion"},{"floor":28,"key":"AttackPotion"},{"floor":30,"key":"Strength Potion"}],"is_trial":false,"path_per_floor":["M","M","M","M","M","R","?","?","T","T","?","R","M","$","M","R","B",null,"M","M","?","M","$","E","T","R","T","E","M","M","M"],"character_chosen":"DEFECT","items_purchased":["Ice Cream"],"campfire_rested":0,"item_purchase_floors":[14],"current_hp_per_floor":[59,59,51,46,45,45,34,19,19,19,37,46,41,41,36,45,29,64,64,61,61,40,40,31,31,43,43,15,15,13,0,0],"gold":148,"neow_bonus":"BOSS_RELIC","is_daily":false,"chose_seed":false,"campfire_upgraded":4,"win_rate":0.0,"timestamp":1611273411,"path_taken":["M","?","M","M","M","R","?","?","T","T","?","R","?","$","M","R","BOSS","M","?","?","M","$","E","?","R","T","E","M","M","M"],"items_purchased_type":["Relic"],"build_version":"2020-12-22","purchased_purges":1,"victory":false,"max_hp_per_floor":[75,75,75,75,75,75,75,75,75,75,75,75,75,75,75,75,75,75,75,75,75,75,72,72,72,72,72,72,72,72,72,72],"card_choices":[{"not_picked":["Undo","Aggregate"],"picked":"Reinforced Body","floor":1},{"not_picked":["Coolheaded","Conserve Battery"],"picked":"Defragment","floor":2},{"not_picked":["Reprogram","Beam Cell"],"picked":"Streamline","floor":3},{"not_picked":["Heatsinks","Conserve Battery"],"picked":"Biased Cognition","floor":4},{"not_picked":["Steam","Hologram"],"picked":"Skim","floor":5},{"not_picked":["Steam Power","Streamline"],"picked":"Lockon","floor":13},{"not_picked":["Compile Driver","Skim"],"picked":"Sweeping Beam","floor":15},{"not_picked":["Buffer","Biased Cognition"],"picked":"Core Surge","floor":17},{"not_picked":["Undo","Hello World"],"picked":"Coolheaded","floor":19},{"not_picked":["Streamline+1","Gash"],"picked":"Lockon","floor":20},{"not_picked":["Reprogram+1","Steam"],"picked":"Doom and Gloom+1","floor":22},{"not_picked":["Streamline","Turbo"],"picked":"Steam","floor":24},{"not_picked":["Darkness+1","Hologram"],"picked":"Consume","floor":28},{"not_picked":["Go for the Eyes","Turbo"],"picked":"Storm+1","floor":29},{"not_picked":["Beam Cell","Rebound","Blizzard"],"picked":"SKIP","floor":30}],"player_experience":282308,"relics_obtained":[{"floor":9,"key":"Lantern"},{"floor":10,"key":"Eternal Feather"},{"floor":18,"key":"Bag of Marbles"},{"floor":18,"key":"HornCleat"},{"floor":18,"key":"Calipers"},{"floor":24,"key":"Omamori"},{"floor":25,"key":"Letter Opener"},{"floor":27,"key":"Happy Flower"},{"floor":28,"key":"Oddly Smooth Stone"}],"event_choices":[{"damage_healed":0,"gold_gain":75,"player_choice":"Gather Gold","damage_taken":11,"max_hp_gain":0,"max_hp_loss":0,"event_name":"World of Goop","floor":7,"gold_loss":0},{"damage_healed":0,"gold_gain":0,"player_choice":"Entered Light","damage_taken":15,"max_hp_gain":0,"max_hp_loss":0,"event_name":"Shining Light","floor":8,"gold_loss":0,"cards_upgraded":["Strike_B","Defend_B"]},{"damage_healed":18,"gold_gain":0,"player_choice":"Healed and dodged fight","damage_taken":0,"max_hp_gain":0,"max_hp_loss":0,"event_name":"Mushrooms","floor":11,"gold_loss":0,"cards_obtained":["Parasite"]},{"damage_healed":0,"gold_gain":0,"player_choice":"Obtained Relic","damage_taken":0,"relics_obtained":["Cables"],"max_hp_gain":0,"max_hp_loss":0,"event_name":"Addict","floor":21,"gold_loss":85}],"is_beta":false,"boss_relics":[{"not_picked":["Ectoplasm","Cursed Key"],"picked":"Calling Bell"}],"items_purged_floors":[23],"is_endless":false,"potions_floor_spawned":[1,5,15,20,28,30],"killed_by":"Snake Plant","ascension_level":6}}