{"host":"ELF","time":1611255272,"event":{"mods":["BaseMod","Bestiary","Minty Spire (QoL Compilation)","Relic Stats","Slay the Relics Exporter"],"gold_per_floor":[110,110,127,144,155,155,185,16,16,34,34,46,0,0,0,0,0],"floor_reached":16,"language":"ENG","playtime":695,"items_purged":[],"score":204,"play_id":"1fb55ceb-1a67-48e3-a50a-7d655a9fc711","local_time":"20210121125432","is_ascension_mode":true,"campfire_choices":[{"floor":6,"key":"REST"},{"floor":11,"key":"REST"},{"floor":15,"key":"REST"}],"circlet_count":0,"master_deck":["AscendersBane","Strike_G","Strike_G","Strike_G","Strike_G","Strike_G","Defend_G","Defend_G","Defend_G","Defend_G","Defend_G","Survivor","Neutralize","Deadly Poison","Dodge and Roll+1","Deflect+1","Terror+1","Setup+1","Phantasmal Killer+1","Footwork","Well Laid Plans","Prepared+1"],"relics":["Philosopher\u0027s Stone","Toxic Egg 2","Matryoshka","Boot"],"acts_visited":["Exordium"],"potions_floor_usage":[12],"damage_taken":[{"damage":2,"enemies":"Small Slimes","floor":1,"turns":4},{"damage":0,"enemies":"2 Louse","floor":3,"turns":3},{"damage":6,"enemies":"Cultist","floor":4,"turns":5},{"damage":32,"enemies":"Large Slime","floor":5,"turns":11},{"damage":15,"enemies":"Lagavulin","floor":7,"turns":8},{"damage":4,"enemies":"Exordium Wildlife","floor":10,"turns":7},{"damage":13,"enemies":"Gremlin Gang","floor":12,"turns":6},{"damage":44,"enemies":"Slime Boss","floor":16,"turns":9}],"seed_played":"441854701850032247","potions_obtained":[{"floor":5,"key":"Energy Potion"},{"floor":7,"key":"Explosive Potion"}],"is_trial":false,"path_per_floor":["M","?","M","M","M","R","E","$","T","M","R","M","?","?","R","B"],"character_chosen":"THE_SILENT","items_purchased":["Phantasmal Killer+1","Footwork"],"campfire_rested":3,"item_purchase_floors":[8,8],"current_hp_per_floor":[57,52,52,46,14,33,18,18,18,14,33,20,20,20,39,0,0],"gold":0,"neow_bonus":"BOSS_RELIC","is_daily":false,"chose_seed":false,"campfire_upgraded":0,"win_rate":0.0,"timestamp":1611255272,"path_taken":["M","?","M","M","M","R","E","$","T","M","R","M","?","?","R","BOSS"],"items_purchased_type":["Card","Card"],"build_version":"2020-12-18","purchased_purges":0,"victory":false,"max_hp_per_floor":[66,66,66,66,66,66,66,66,66,66,66,66,66,66,66,66,66],"relic_stats":{"counters":[8,53],"Boot":[8],"obtain_stats":[{"Matryoshka":7,"Philosopher\u0027s Stone":0,"Toxic Egg 2":2,"Boot":9,"Ring of the Snake":0},{"Matryoshka":5,"Philosopher\u0027s Stone":0,"Toxic Egg 2":1,"Boot":5,"Ring of the Snake":0},{"Matryoshka":31,"Philosopher\u0027s Stone":0,"Toxic Egg 2":4,"Boot":31,"Ring of the Snake":0}]},"card_choices":[{"not_picked":["Backflip","Acrobatics"],"picked":"Deadly Poison","floor":1},{"not_picked":["Poisoned Stab","Flying Knee"],"picked":"Dodge and Roll+1","floor":3},{"not_picked":["Bane","Slice"],"picked":"Deflect+1","floor":4},{"not_picked":["Concentrate+1","Reflex+1"],"picked":"Terror+1","floor":5},{"not_picked":["Sucker Punch","Concentrate+1"],"picked":"Setup+1","floor":7},{"not_picked":["Acrobatics+1","Skewer"],"picked":"Well Laid Plans","floor":10},{"not_picked":["Bane","Concentrate+1"],"picked":"Prepared+1","floor":12}],"player_experience":3261059,"relics_obtained":[{"floor":7,"key":"Matryoshka"},{"floor":9,"key":"Boot"}],"event_choices":[{"damage_healed":0,"gold_gain":0,"player_choice":"Success","damage_taken":5,"relics_obtained":["Toxic Egg 2"],"max_hp_gain":0,"max_hp_loss":0,"event_name":"Scrap Ooze","floor":2,"gold_loss":0},{"damage_healed":0,"gold_gain":0,"player_choice":"Left Gold","damage_taken":0,"max_hp_gain":0,"max_hp_loss":0,"event_name":"World of Goop","floor":13,"gold_loss":46},{"damage_healed":0,"gold_gain":0,"player_choice":"Ignored","damage_taken":0,"max_hp_gain":0,"max_hp_loss":0,"event_name":"Liars Game","floor":14,"gold_loss":0}],"is_beta":true,"boss_relics":[],"items_purged_floors":[],"is_endless":false,"potions_floor_spawned":[5,7],"killed_by":"Slime Boss","ascension_level":20}}