{"host":"jb40sdn36ct36hhv","time":1611213115,"event":{"mods":["Act Like it!","BaseMod","Better Third Choice","Minty Spire (QoL Compilation)","QueenMod","StSLib"],"gold_per_floor":[118,132,151,169,189,217,217,217,268,299,224,45,56,87,87,183,183,202,402,422,422,436,464,474,474,474,489,489,523,536,451,451,552,552,565,583,600,800,800,831,831,91,117,136,136,136,150,185,185,185,185,185,29,55,55],"floor_reached":56,"language":"ENG","playtime":5947,"items_purged":["QueenMod:Strike","QueenMod:Strike","QueenMod:Recruit+1"],"score":1319,"play_id":"62093b3f-98a2-43d0-9bc9-24e640577485","local_time":"20210120231155","is_ascension_mode":false,"campfire_choices":[{"data":"QueenMod:Recruit","floor":7.0,"key":"SMITH"},{"data":"QueenMod:Mark","floor":15.0,"key":"SMITH"},{"data":"QueenMod:ForcedMarch","floor":25.0,"key":"SMITH"},{"data":"QueenMod:BirthingCells","floor":28.0,"key":"SMITH"},{"data":"QueenMod:Infest","floor":32.0,"key":"SMITH"},{"data":"QueenMod:HoneyShield","floor":41.0,"key":"SMITH"},{"floor":45.0,"key":"RECALL"},{"data":"QueenMod:WarriorDrones","floor":49.0,"key":"SMITH"},{"data":"QueenMod:WarTrumpet","floor":52.0,"key":"SMITH"}],"circlet_count":0,"master_deck":["QueenMod:Defend+1","QueenMod:Defend+1","QueenMod:Defend+1","QueenMod:Defend+1","QueenMod:QuickJabs","QueenMod:Conscripts","QueenMod:Conscripts","QueenMod:Conscripts","QueenMod:Reinforcements","QueenMod:Conscripts","QueenMod:Conscripts","QueenMod:Conscripts","QueenMod:Conscripts","QueenMod:Conscripts","QueenMod:Conscripts","QueenMod:Conscripts","QueenMod:Conscripts","QueenMod:Conscripts","QueenMod:BirthingCells+1","QueenMod:Mark+1","QueenMod:OverwhelmingForce","QueenMod:ForcedMarch+1","QueenMod:Feint+1","QueenMod:BusyBees","QueenMod:WarriorDrones+1","QueenMod:Infest+1","QueenMod:Charge+1","QueenMod:BirthingCells","QueenMod:PopulateOrder+1","QueenMod:Knighting","QueenMod:Drone","QueenMod:Drone","QueenMod:HoneyShield+1","QueenMod:Drone","QueenMod:ScoutingParty","QueenMod:GnatSquadron","QueenMod:Drone","QueenMod:WarTrumpet+1","QueenMod:Drone","QueenMod:HoneyTrap+1","QueenMod:Drone","QueenMod:Feast","QueenMod:Garrison+1","QueenMod:Drone"],"relics":["QueenMod:QueensBanner","Oddly Smooth Stone","Prayer Wheel","Boot","Sundial","Anchor","Empty Cage","StoneCalendar","Du-Vu Doll","Bag of Marbles","Tiny Chest","Eternal Feather","SacredBark","Ginger","Pocketwatch","Blue Candle","Gambling Chip","Bottled Tornado","Bronze Scales","Letter Opener","Centennial Puzzle","Mercury Hourglass"],"acts_visited":["Exordium","TheCity","TheBeyond","TheEnding"],"potions_floor_usage":[55,55,55],"damage_taken":[{"damage":0.0,"enemies":"2 Louse","floor":1.0,"turns":3.0},{"damage":1.0,"enemies":"Jaw Worm","floor":2.0,"turns":4.0},{"damage":0.0,"enemies":"Cultist","floor":3.0,"turns":3.0},{"damage":4.0,"enemies":"2 Fungi Beasts","floor":4.0,"turns":5.0},{"damage":6.0,"enemies":"Lots of Slimes","floor":5.0,"turns":4.0},{"damage":21.0,"enemies":"Lagavulin","floor":6.0,"turns":8.0},{"damage":2.0,"enemies":"Gremlin Nob","floor":10.0,"turns":3.0},{"damage":0.0,"enemies":"3 Louse","floor":13.0,"turns":3.0},{"damage":9.0,"enemies":"3 Sentries","floor":14.0,"turns":5.0},{"damage":6.0,"enemies":"Hexaghost","floor":16.0,"turns":7.0},{"damage":6.0,"enemies":"Shell Parasite","floor":18.0,"turns":4.0},{"damage":0.0,"enemies":"2 Thieves","floor":20.0,"turns":3.0},{"damage":9.0,"enemies":"Snecko","floor":22.0,"turns":5.0},{"damage":3.0,"enemies":"Gremlin Leader","floor":23.0,"turns":6.0},{"damage":7.0,"enemies":"Snake Plant","floor":24.0,"turns":4.0},{"damage":0.0,"enemies":"3 Cultists","floor":27.0,"turns":4.0},{"damage":3.0,"enemies":"Book of Stabbing","floor":29.0,"turns":4.0},{"damage":7.0,"enemies":"Cultist and Chosen","floor":30.0,"turns":6.0},{"damage":4.0,"enemies":"Champ","floor":33.0,"turns":6.0},{"damage":11.0,"enemies":"3 Shapes","floor":35.0,"turns":7.0},{"damage":0.0,"enemies":"Orb Walker","floor":36.0,"turns":2.0},{"damage":1.0,"enemies":"Maw","floor":37.0,"turns":5.0},{"damage":1.0,"enemies":"Reptomancer","floor":40.0,"turns":6.0},{"damage":23.0,"enemies":"Writhing Mass","floor":44.0,"turns":7.0},{"damage":7.0,"enemies":"4 Shapes","floor":47.0,"turns":5.0},{"damage":3.0,"enemies":"Nemesis","floor":48.0,"turns":4.0},{"damage":36.0,"enemies":"Time Eater","floor":50.0,"turns":14.0},{"damage":25.0,"enemies":"Shield and Spear","floor":54.0,"turns":4.0},{"damage":47,"enemies":"The Heart","floor":55,"turns":5}],"seed_played":"-1059411405755773335","potions_obtained":[{"floor":1.0,"key":"EssenceOfSteel"},{"floor":2.0,"key":"Block Potion"},{"floor":3.0,"key":"Swift Potion"},{"floor":6.0,"key":"Regen Potion"},{"floor":10.0,"key":"ColorlessPotion"},{"floor":22.0,"key":"SteroidPotion"},{"floor":24.0,"key":"Swift Potion"},{"floor":30.0,"key":"Swift Potion"},{"floor":37.0,"key":"PowerPotion"},{"floor":54.0,"key":"DistilledChaos"}],"is_trial":false,"path_per_floor":["M","M","M","M","M","E","R","?","T","E","$","$","M","E","R","B",null,"M","?","M","?","M","E","M","R","T","M","R","E","M","?","R","B",null,"M","M","M","?","?","E","R","$","T","M","R","T","M","E","R","B",null,"R","$","E","B",null],"character_chosen":"THE_QUEEN","items_purchased":["QueenMod:BirthingCells","Gambling Chip","Bottled Tornado","QueenMod:GnatSquadron","DuplicationPotion","QueenMod:Feast"],"campfire_rested":0,"item_purchase_floors":[12,42,42,42,53,53],"current_hp_per_floor":[75,74,74,70,64,43,43,43,43,41,41,41,41,46,46,40,75,69,69,69,69,60,57,50,50,50,50,50,47,40,40,58,54,75,64,64,63,63,63,62,75,75,75,52,73,73,66,63,75,39,75,75,75,50,3],"gold":55,"neow_bonus":"RANDOM_COMMON_RELIC","is_daily":false,"chose_seed":false,"campfire_upgraded":8,"win_rate":0.0,"timestamp":1611213115,"path_taken":["M","M","M","M","M","E","R","?","T","E","?","$","?","E","R","BOSS","M","?","?","?","M","E","M","R","T","M","R","E","M","?","R","BOSS","M","M","M","?","?","E","R","$","T","M","R","?","?","E","R","BOSS","R","$","E","BOSS"],"items_purchased_type":["Card","Relic","Relic","Card","Potion","Card"],"build_version":"2020-12-22","purchased_purges":3,"victory":true,"max_hp_per_floor":[75,75,75,75,75,75,75,75,75,75,75,75,75,75,75,75,75,75,75,75,75,75,75,75,75,75,75,75,75,75,75,75,75,75,75,75,75,75,75,75,75,75,75,75,75,75,75,75,75,75,75,75,75,75,75],"card_choices":[{"not_picked":["QueenMod:OverwhelmingForce","QueenMod:Regroup","QueenMod:Garrison"],"picked":"SKIP","floor":1.0},{"not_picked":["QueenMod:Mark","QueenMod:PerfectLanding"],"picked":"QueenMod:Conscripts","floor":2.0},{"not_picked":["QueenMod:Flyby","QueenMod:StrategicGenius"],"picked":"QueenMod:Reinforcements","floor":3.0},{"not_picked":["QueenMod:HoneycombSmash","QueenMod:StrategicGenius"],"picked":"QueenMod:Conscripts","floor":4.0},{"not_picked":["QueenMod:Feast","QueenMod:HoneycombSmash"],"picked":"QueenMod:Conscripts","floor":5.0},{"not_picked":["QueenMod:SplitStrike","QueenMod:Incubate"],"picked":"QueenMod:TortureDance","floor":6.0},{"not_picked":["QueenMod:Advisor","QueenMod:HiveNetwork"],"picked":"QueenMod:Conscripts","floor":10.0},{"not_picked":["QueenMod:Fleche","QueenMod:AttackOrder"],"picked":"QueenMod:Mark","floor":13.0},{"not_picked":["QueenMod:HoneycombSmash","QueenMod:Rally","QueenMod:ChainStrike"],"picked":"SKIP","floor":13.0},{"not_picked":["QueenMod:SwarmingStrike","QueenMod:FullRetreat"],"picked":"QueenMod:OverwhelmingForce","floor":14.0},{"not_picked":["QueenMod:Knighting","QueenMod:SecretWeapon"],"picked":"QueenMod:ForcedMarch","floor":16.0},{"not_picked":["QueenMod:Flyby","QueenMod:Fleche"],"picked":"QueenMod:Feint+1","floor":18.0},{"not_picked":["QueenMod:Rally+1","QueenMod:PopulateOrder","QueenMod:AttackOrder"],"picked":"SKIP","floor":18.0},{"not_picked":["QueenMod:Gather","QueenMod:RoyalOrder"],"picked":"QueenMod:BusyBees","floor":19.0},{"not_picked":["QueenMod:Regroup","QueenMod:HoneycombSmash"],"picked":"QueenMod:WarriorDrones","floor":20.0},{"not_picked":["QueenMod:Gather","QueenMod:HexGuard+1"],"picked":"QueenMod:Infest","floor":20.0},{"not_picked":["QueenMod:Incubate","QueenMod:HiveDefenses"],"picked":"QueenMod:Charge+1","floor":22.0},{"not_picked":["QueenMod:HiveDefenses","QueenMod:CrossGuard+1"],"picked":"QueenMod:BirthingCells","floor":22.0},{"not_picked":["QueenMod:WorkerDrones","QueenMod:Mark","QueenMod:PopulateOrder"],"picked":"SKIP","floor":23.0},{"not_picked":["QueenMod:Beekeeping","QueenMod:KillerQueen","QueenMod:HoldPosition+1"],"picked":"SKIP","floor":24.0},{"not_picked":["QueenMod:DefendOrder","QueenMod:KillerQueen","QueenMod:TortureDance"],"picked":"SKIP","floor":24.0},{"not_picked":["QueenMod:HiveNetwork","QueenMod:Flyby+1"],"picked":"QueenMod:PopulateOrder+1","floor":27.0},{"not_picked":["QueenMod:Reinforcements","QueenMod:Flyby","QueenMod:HoldPosition+1"],"picked":"SKIP","floor":27.0},{"not_picked":["QueenMod:Incubate","QueenMod:Fortify","QueenMod:PopulateOrder"],"picked":"SKIP","floor":29.0},{"not_picked":["QueenMod:Flyby","QueenMod:Rally+1","QueenMod:DefendOrder"],"picked":"SKIP","floor":30.0},{"not_picked":["QueenMod:SwarmingStrike","QueenMod:Parry+1","QueenMod:Ambush"],"picked":"SKIP","floor":30.0},{"not_picked":["QueenMod:SecretWeapon","QueenMod:EliteSoldiers"],"picked":"QueenMod:Knighting","floor":33.0},{"not_picked":["QueenMod:HoneycombSmash+1","QueenMod:Flyby","QueenMod:Incubate"],"picked":"SKIP","floor":35.0},{"not_picked":["QueenMod:Rally+1","QueenMod:Fleche+1","QueenMod:HoneycombSmash+1"],"picked":"SKIP","floor":35.0},{"not_picked":["QueenMod:Mark","QueenMod:SwarmingStrike","QueenMod:SplitStrike"],"picked":"SKIP","floor":36.0},{"not_picked":["QueenMod:TortureDance","QueenMod:DefendOrder+1","QueenMod:Incubate"],"picked":"SKIP","floor":36.0},{"not_picked":["QueenMod:Incubate","QueenMod:SplitStrike","QueenMod:WorkerDrones+1"],"picked":"SKIP","floor":37.0},{"not_picked":["QueenMod:OverwhelmingForce","QueenMod:Ambush","QueenMod:Feint"],"picked":"SKIP","floor":37.0},{"not_picked":["QueenMod:BirthingCells+1","QueenMod:WarBuzz+1"],"picked":"QueenMod:HoneyShield","floor":38.0},{"not_picked":["QueenMod:Incubate+1","QueenMod:HoldPosition+1"],"picked":"QueenMod:ScoutingParty","floor":40.0},{"not_picked":["QueenMod:SplitStrike","QueenMod:AttackOrder"],"picked":"QueenMod:WarTrumpet","floor":44.0},{"not_picked":["QueenMod:HoneyTrap","QueenMod:Gather+1","QueenMod:HexGuard"],"picked":"SKIP","floor":44.0},{"not_picked":["QueenMod:Incubate","QueenMod:Assimilate","QueenMod:DignifiedSlap"],"picked":"SKIP","floor":47.0},{"not_picked":["QueenMod:SwarmingStrike","QueenMod:Gather+1","QueenMod:Ambush"],"picked":"SKIP","floor":47.0},{"not_picked":["QueenMod:Gather","QueenMod:HonorGuard"],"picked":"QueenMod:HoneyTrap+1","floor":48.0},{"not_picked":["QueenMod:ProtectQueen","QueenMod:Fleche"],"picked":"QueenMod:Garrison+1","floor":54.0}],"player_experience":950644,"relics_obtained":[{"floor":6.0,"key":"Prayer Wheel"},{"floor":9.0,"key":"Boot"},{"floor":10.0,"key":"Sundial"},{"floor":14.0,"key":"Anchor"},{"floor":19.0,"key":"StoneCalendar"},{"floor":19.0,"key":"Du-Vu Doll"},{"floor":23.0,"key":"Bag of Marbles"},{"floor":29.0,"key":"Tiny Chest"},{"floor":38.0,"key":"Ginger"},{"floor":38.0,"key":"Pocketwatch"},{"floor":40.0,"key":"Blue Candle"},{"floor":43.0,"key":"Bronze Scales"},{"floor":46.0,"key":"Letter Opener"},{"floor":48.0,"key":"Centennial Puzzle"},{"floor":54.0,"key":"Mercury Hourglass"}],"event_choices":[{"damage_healed":0.0,"max_hp_gain":0.0,"max_hp_loss":4.0,"gold_gain":0.0,"event_name":"betterThird:BetterWriting","player_choice":"Simplicity","floor":21.0,"gold_loss":0.0,"damage_taken":0.0},{"damage_healed":0.0,"max_hp_gain":0.0,"max_hp_loss":0.0,"gold_gain":0.0,"event_name":"Addict","player_choice":"Obtained Relic","floor":31.0,"gold_loss":85.0,"damage_taken":0.0,"relics_obtained":["Eternal Feather"]},{"damage_healed":0.0,"max_hp_gain":0.0,"max_hp_loss":0.0,"gold_gain":0.0,"event_name":"Tomb of Lord Red Mask","player_choice":"Ignored","floor":39.0,"gold_loss":0.0,"damage_taken":0.0}],"is_beta":false,"boss_relics":[{"not_picked":["Snecko Eye","Velvet Choker"],"picked":"Empty Cage"},{"not_picked":["Tiny House","Fusion Hammer"],"picked":"SacredBark"}],"items_purged_floors":[11,12,42],"is_endless":false,"potions_floor_spawned":[1,2,3,6,10,22,24,29,30,33,35,37,54],"ascension_level":0}}