{"host":"uflv0e3ja7hvnij7","time":1611253256,"event":{"mods":["BaseMod","Better Altar","Better Match","Better Note","Better Sensory Stone","Better Skull","Better Third Choice","Marisa????????","Minty Spire (QoL Compilation)","Permanent Neow","Replay The Spire","Shop Mod","StSLib"],"gold_per_floor":[216,216,235,255,24,24,24,24,24,24,48,58,11,29,29,29,29],"floor_reached":16,"language":"ENG","playtime":669,"items_purged":["Strike_P"],"score":131,"play_id":"20b2834a-7148-472f-ab72-8642d0d106ab","local_time":"20210121132056","is_ascension_mode":true,"campfire_choices":[{"data":"Eruption","floor":6,"key":"SMITH"}],"circlet_count":0,"master_deck":["Strike_P","Strike_P","Defend_P","Defend_P","Defend_P","Defend_P","Eruption+1","Vigilance","Replay:Battleflow","FlurryOfBlows","EmptyMind+1","FlurryOfBlows"],"relics":["PureWater","Tiny Chest","Orichalcum","Lantern"],"acts_visited":["Exordium"],"potions_floor_usage":[12],"damage_taken":[{"damage":1,"enemies":"Small Slimes","floor":1,"turns":4},{"damage":2,"enemies":"Cultist","floor":3,"turns":3},{"damage":6,"enemies":"Jaw Worm","floor":4,"turns":2},{"damage":18,"enemies":"Exordium Wildlife","floor":12,"turns":7},{"damage":12,"enemies":"Looter","floor":14,"turns":2},{"damage":46,"enemies":"Hexaghost","floor":16,"turns":10}],"seed_played":"-7000101706767106953","potions_obtained":[{"floor":3,"key":"ColorlessPotion"}],"is_trial":false,"path_per_floor":["M","?","M","M","$","R","$","?","T","?","T","M","$","M","R","B"],"character_chosen":"WATCHER","items_purchased":["Tiny Chest","FlurryOfBlows"],"campfire_rested":0,"item_purchase_floors":[5,13],"current_hp_per_floor":[64,64,62,56,56,56,56,56,56,49,49,31,31,19,40,0,0],"gold":29,"neow_bonus":"HUNDRED_GOLD","is_daily":false,"chose_seed":false,"campfire_upgraded":1,"win_rate":0.0,"timestamp":1611253256,"path_taken":["M","?","M","M","$","R","?","?","T","?","?","M","$","M","R","BOSS"],"items_purchased_type":["Relic","Card"],"build_version":"2020-12-22","purchased_purges":1,"victory":false,"max_hp_per_floor":[72,72,72,72,72,72,72,72,72,72,72,72,72,72,72,72,72],"card_choices":[{"not_picked":["CrushJoints","JustLucky","ThirdEye"],"picked":"SKIP","floor":1},{"not_picked":["Replay:AtTheReady","Wireheading"],"picked":"Replay:Battleflow","floor":3},{"not_picked":["Evaluate","BowlingBash"],"picked":"FlurryOfBlows","floor":4},{"not_picked":["Halt","ThirdEye"],"picked":"EmptyMind","floor":12},{"not_picked":["BattleHymn","Halt","Conclude"],"picked":"SKIP","floor":14}],"player_experience":582067,"relics_obtained":[{"floor":9,"key":"Orichalcum"},{"floor":11,"key":"Lantern"}],"event_choices":[{"damage_healed":0,"gold_gain":0,"player_choice":"Bought 0 Potions","damage_taken":0,"max_hp_gain":0,"max_hp_loss":0,"event_name":"The Woman in Blue","floor":2,"gold_loss":0},{"cards_removed":["Strike_P"],"damage_healed":0,"gold_gain":0,"player_choice":"Card Removal","damage_taken":7,"max_hp_gain":0,"max_hp_loss":0,"event_name":"Golden Wing","floor":10,"gold_loss":0}],"is_beta":false,"boss_relics":[],"items_purged_floors":[5],"is_endless":false,"potions_floor_spawned":[3],"killed_by":"Hexaghost","ascension_level":9}}