{"host":"w8xisjf5mgmfjvmt","time":1611213483,"event":{"mods":["BaseMod","BetterRewards","Challenge The Spire","Conspire","Dota2Spire","Energized Spire","Filter the Spire","Luminous","Minty Spire (QoL Compilation)","Quarter Circle Forward PUNCH!","Quick Restart","Relic Stats","Replay The Spire","Shop Mod","Spicy Shops","StSLib","Starting Relic: Pandora\u0027s Box","Yakumo Yukari mod","Youmu£¨»êÆÇÑýÃÎ£©","¡¾ÒÅÎï¿¨ÅÆ¡¿REMEMod","óô»ðÖ¸ÄÏ"],"gold_per_floor":[138,57,77,87,87,114,145,145,145,161,175,187,75,91,91,190,190],"floor_reached":16,"language":"ZHS","playtime":958,"items_purged":["Parasite"],"score":154,"play_id":"6d11dae9-c286-4580-9431-b6b8e349d3ca","local_time":"20210121151803","is_ascension_mode":false,"campfire_choices":[{"data":"Bait_HighSpeedFlying_purple","floor":8,"key":"SMITH"},{"floor":15,"key":"DIG"}],"circlet_count":0,"master_deck":["Observe_purple_1+1","Observe_purple_2","OmniscientAndOmnipotent_Monster_purple","MNeedle_purple","Bait_HighSpeedFlying_purple+1","Line_surface_state_purple","Umbrella_purple","Worldmountain_purple","Worldmountain_purple","MeetDecomposer_purple","REME_ProfessionalPlagiarism","GluttonyofRealm_purpleEX","MNeedle_purple","DarkRealmRedLine_purple","RuleDissolution_purple","Fancifulhole_purple","StateErode_purple","WorldDissolvedintheRealm_purple","DimensionStaggered_purple","WorldDissolvedintheRealm_purple","AdvanceAttack_purple","ExternalForce_HighSpeedFlying_purple"],"relics":["Boundary_crack","Memoryfragments_purpleEX","REME_ComplimentaryCards","TungstenRod","Dota2Spire:Dagon","Sundial","qcfpunch:Combat_Fatigues"],"acts_visited":["Exordium"],"potions_floor_usage":[11,11],"damage_taken":[{"damage":0,"enemies":"Cultist","floor":1,"turns":2},{"damage":0,"enemies":"Small Slimes","floor":3,"turns":3},{"damage":0,"enemies":"2 Louse","floor":4,"turns":1},{"damage":41,"enemies":"3 Sentries","floor":6,"turns":6},{"damage":21,"enemies":"conspire:MimicChest","floor":7,"turns":5},{"damage":0,"enemies":"Looter","floor":10,"turns":2},{"damage":1,"enemies":"Lots of Slimes","floor":11,"turns":3},{"damage":5,"enemies":"Red Slaver","floor":12,"turns":2},{"damage":5,"enemies":"Looter","floor":14,"turns":2},{"damage":27,"enemies":"Hexaghost","floor":16,"turns":7}],"seed_played":"585227235157441573","potions_obtained":[{"floor":4,"key":"SkillPotion"},{"floor":10,"key":"BlessingOfTheForge"},{"floor":12,"key":"CultistPotion"}],"is_trial":false,"path_per_floor":["M","$","M","M","?","E","?","R","T","M","M","M","$","M","R","B"],"character_chosen":"Youkari","items_purchased":["DarkRealmRedLine_purple","ExternalForce_HighSpeedFlying_purple"],"campfire_rested":0,"item_purchase_floors":[2,13],"current_hp_per_floor":[70,70,73,73,73,43,32,32,32,38,48,49,49,50,50,26,26],"gold":190,"neow_bonus":"RANDOM_COLORLESS_2","is_daily":false,"chose_seed":false,"campfire_upgraded":1,"win_rate":0.0,"timestamp":1611213483,"path_taken":["M","?","M","M","?","E","?","R","T","M","M","?","?","M","R","BOSS"],"items_purchased_type":["Card","Card"],"build_version":"2020-12-22","purchased_purges":1,"victory":false,"max_hp_per_floor":[70,70,73,73,73,73,76,76,76,76,80,80,77,80,80,80,80],"relic_stats":{"counters":[10,33],"Sundial":[0],"obtain_stats":[{"qcfpunch:Combat_Fatigues":15,"Sundial":9,"Dota2Spire:Dagon":7,"Boundary_crack":0,"TungstenRod":6,"Memoryfragments_purpleEX":0,"REME_ComplimentaryCards":0},{"qcfpunch:Combat_Fatigues":9,"Sundial":5,"Dota2Spire:Dagon":5,"Boundary_crack":0,"TungstenRod":4,"Memoryfragments_purpleEX":0,"REME_ComplimentaryCards":0},{"qcfpunch:Combat_Fatigues":26,"Sundial":17,"Dota2Spire:Dagon":17,"Boundary_crack":0,"TungstenRod":12,"Memoryfragments_purpleEX":0,"REME_ComplimentaryCards":0}],"TungstenRod":13},"card_choices":[{"not_picked":["REME_WheelOfFate","The Bomb"],"picked":"REME_ProfessionalPlagiarism","floor":0},{"not_picked":["Boundary_of_Extermination_purpleEX","RuleDissolution_purple"],"picked":"MNeedle_purple","floor":1},{"not_picked":["SharpContractionReality_purple","Anti_communist_purple"],"picked":"RuleDissolution_purple","floor":3},{"not_picked":["StateErode_purple","CommonSense_AntiCommonSense_purple"],"picked":"Fancifulhole_purple","floor":4},{"not_picked":["SfantasyHide_purple","Charmbait_purple"],"picked":"StateErode_purple","floor":6},{"not_picked":["Nest_LightFlightworm_purple","Umbrella_purple"],"picked":"WorldDissolvedintheRealm_purple","floor":7},{"not_picked":["Mirror_FormAndEmptin_purple","ExistenceContinue_purple"],"picked":"DimensionStaggered_purple","floor":10},{"not_picked":["ExistenceContinue_purple","Mirror_FourBoundary_purple"],"picked":"WorldDissolvedintheRealm_purple","floor":11},{"not_picked":["SharpContractionReality_purple","GluttonyofRealm_purpleEX"],"picked":"AdvanceAttack_purple","floor":12},{"not_picked":["OmniscientAndOmnipotent_Monster_purple","Umbrella_purple","Mirror_FormAndEmptin_purple"],"picked":"SKIP","floor":14}],"player_experience":1189129,"relics_obtained":[{"floor":6,"key":"TungstenRod"},{"floor":7,"key":"Dota2Spire:Dagon"},{"floor":9,"key":"Sundial"},{"floor":15,"key":"qcfpunch:Combat_Fatigues"}],"event_choices":[],"is_beta":false,"boss_relics":[],"items_purged_floors":[13],"is_endless":false,"potions_floor_spawned":[4,10,12],"killed_by":"Hexaghost","ascension_level":0}}