{"host":"81vb4cbob60wa1na","time":1611245744,"event":{"mods":["BaseMod","Dio Mod","Downfall","GifTheSpireLib","Hermit","Highlight Path","Minty Spire (QoL Compilation)","StSLib","The Bug Knight","The Cursed","The Disciple"],"gold_per_floor":[99,110,28,42,42,54,104,39,39,24,24,36,52,69,80,180,180,180,195,210,58,75,105,105,105,105,105],"floor_reached":25,"language":"ENG","playtime":1286,"items_purged":[],"score":240,"play_id":"41586b17-ec44-455e-af7d-0a7843dd635b","local_time":"20210121111544","is_ascension_mode":false,"campfire_choices":[{"data":"hexamod:Sear","floor":1,"key":"SMITH"},{"data":"hexamod:HeatCrush","floor":9,"key":"SMITH"},{"data":"hexamod:DynamicBlow","floor":18,"key":"SMITH"}],"circlet_count":0,"master_deck":["hexamod:Strike","hexamod:Strike","hexamod:Strike","hexamod:Strike","hexamod:Defend","hexamod:Defend","hexamod:Defend","hexamod:Defend","hexamod:Sear+1","hexamod:Float","hexamod:SwordOfDarkness","hexamod:HeatCrush+1","hexamod:HauntingEcho","hexamod:SwordOfDarkness","hexamod:SuperheatedStrike","hexamod:ChargedBarrage","hexamod:HeatShield","hexamod:DynamicBlow+1","hexamod:BurningTouch","hexamod:SwordOfDarkness","hexamod:DynamicBlow+1","hexamod:SwordOfDarkness","hexamod:EmpoweredFlame+1","hexamod:HauntingEcho","hexamod:BurningTouch","hexamod:FirstSeal"],"relics":["hexamod:SpiritBrand","Omamori","Cursed Key","Happy Flower","Calipers","HollowMod:PaleOreRelic","Ornamental Fan"],"acts_visited":["Exordium","TheCity"],"potions_floor_usage":[6,8,10,16,16,16,23,23],"damage_taken":[{"damage":0,"enemies":"Cultist","floor":2,"turns":3},{"damage":0,"enemies":"downfall:FleeingMerchant","floor":3,"turns":4},{"damage":3,"enemies":"Small Slimes","floor":4,"turns":2},{"damage":0,"enemies":"2 Louse","floor":6,"turns":2},{"damage":0,"enemies":"downfall:FleeingMerchant","floor":8,"turns":4},{"damage":10,"enemies":"downfall:FleeingMerchant","floor":10,"turns":4},{"damage":8,"enemies":"2 Fungi Beasts","floor":12,"turns":3},{"damage":11,"enemies":"Exordium Wildlife","floor":13,"turns":3},{"damage":8,"enemies":"3 Louse","floor":14,"turns":3},{"damage":6,"enemies":"Large Slime","floor":15,"turns":3},{"damage":19,"enemies":"IC_STATUS_ARCHETYPE","floor":16,"turns":6},{"damage":12,"enemies":"3 Byrds","floor":19,"turns":5},{"damage":21,"enemies":"Centurion and Healer","floor":20,"turns":5},{"damage":16,"enemies":"downfall:FleeingMerchant","floor":21,"turns":3},{"damage":5,"enemies":"Chosen and Byrds","floor":22,"turns":3},{"damage":8,"enemies":"Gremlin Leader","floor":23,"turns":3},{"damage":11,"enemies":"Sentry and Sphere","floor":25,"turns":3}],"seed_played":"8965025116043583810","potions_obtained":[{"floor":0,"key":"Explosive Potion"},{"floor":0,"key":"Weak Potion"},{"floor":0,"key":"Swift Potion"},{"floor":6,"key":"DistilledChaos"},{"floor":13,"key":"DuplicationPotion"},{"floor":15,"key":"Guardian:BlockOnCardUsePotion"},{"floor":20,"key":"Explosive Potion"},{"floor":22,"key":"LiquidMemories"}],"is_trial":false,"path_per_floor":["R","M","$","M","?","M","T","$","R","$","?","M","M","M","M","B",null,"R","M","M","$","M","E","T","M"],"character_chosen":"THE_SPIRIT","items_purchased":["hexamod:HeatCrush","hexamod:SuperheatedStrike","Happy Flower","hexamod:HauntingEcho","Calipers"],"campfire_rested":0,"item_purchase_floors":[3,8,21,21,21],"current_hp_per_floor":[70,70,70,67,67,67,67,67,67,57,57,49,38,30,24,5,70,70,58,37,21,16,8,8,0,0,0],"gold":105,"neow_bonus":"THREE_SMALL_POTIONS","is_daily":false,"chose_seed":false,"campfire_upgraded":3,"win_rate":0.0,"timestamp":1611245744,"path_taken":["R","M","?","M","?","?","T","$","R","$","?","M","M","M","M","BOSS","R","M","M","$","M","E","T","M"],"items_purchased_type":["Card","Card","Relic","Card","Relic"],"build_version":"2020-12-22","purchased_purges":0,"victory":false,"max_hp_per_floor":[70,70,70,70,70,70,70,70,70,70,70,70,70,70,70,70,70,70,70,70,70,70,70,70,70,70,70],"card_choices":[{"not_picked":["hexamod:SecondSeal","hexamod:PowerFromBeyond","hexamod:Hexaguard"],"picked":"SKIP","floor":2},{"not_picked":["hexamod:ThirdSeal","hexamod:NightmareStrike"],"picked":"hexamod:SwordOfDarkness","floor":3},{"not_picked":["hexamod:NightmareStrike","hexamod:PhantomCloak"],"picked":"hexamod:HauntingEcho","floor":4},{"not_picked":["hexamod:SkipABeat","hexamod:SecondSeal"],"picked":"hexamod:SwordOfDarkness","floor":6},{"not_picked":["hexamod:EtherealExpedition","hexamod:SecondSeal","hexamod:BacktrackSmack"],"picked":"SKIP","floor":8},{"not_picked":["hexamod:TurnItUp","hexamod:InspiringFlames"],"picked":"hexamod:ChargedBarrage","floor":10},{"not_picked":["hexamod:SuperheatedStrike","hexamod:SpectersWail"],"picked":"hexamod:HeatShield","floor":12},{"not_picked":["hexamod:InspiringFlames","hexamod:GhostOfSpirePast"],"picked":"hexamod:DynamicBlow","floor":13},{"not_picked":["hexamod:ExtraCrispy","hexamod:InspiringFlames"],"picked":"hexamod:BurningTouch","floor":14},{"not_picked":["hexamod:ThermalTransfer","hexamod:GhostflameBarrier"],"picked":"hexamod:SwordOfDarkness","floor":15},{"not_picked":["hexamod:StepThrough","hexamod:NecessarySacrifice"],"picked":"hexamod:DynamicBlow+1","floor":19},{"not_picked":["hexamod:ShieldOfDarkness","hexamod:Hexaguard+1"],"picked":"hexamod:SwordOfDarkness","floor":20},{"not_picked":["hexamod:GiftsFromTheDead","hexamod:GhostShield+1"],"picked":"hexamod:EmpoweredFlame+1","floor":21},{"not_picked":["hexamod:NightmareStrike","hexamod:ChargedBarrage"],"picked":"hexamod:BurningTouch","floor":22},{"not_picked":["hexamod:ShieldOfDarkness","hexamod:GiftsFromTheDead"],"picked":"hexamod:FirstSeal","floor":23}],"player_experience":284944,"relics_obtained":[{"floor":7,"key":"Omamori"},{"floor":23,"key":"HollowMod:PaleOreRelic"},{"floor":24,"key":"Ornamental Fan"}],"event_choices":[{"damage_healed":0,"gold_gain":0,"player_choice":"Leave","damage_taken":0,"max_hp_gain":0,"max_hp_loss":0,"event_name":"FaceTrader","floor":5,"gold_loss":0}],"is_beta":false,"boss_relics":[{"not_picked":["Astrolabe","hexamod:IceCube"],"picked":"Cursed Key"}],"items_purged_floors":[],"is_endless":false,"potions_floor_spawned":[4,6,13,15,20,22],"killed_by":"Sentry and Sphere","ascension_level":0}}