{"host":"eny0bxnatoru6fum","time":1611249228,"event":{"mods":["A Magickal Journey","AchievementEnabler","AlwaysNeverKeys","Aspiration","BaseMod","Beaked The Cultist","BetterRewards","Colored Map","Colored Powertips","Conspire","DeckTracker","Duelist Mod","Energized Spire","Glutton Mod","Halation","Hubris","Infinite Spire","Jedi Mod","Lobotomy","LobotomyExtend","Minty Spire (QoL Compilation)","Relic Sorter","Replay The Spire","Shop Mod","Spicy Shops","Spikes Relics","StSLib","Synergy Search","The Animator","The Blue Laboratory","The Bug Knight","The Cursed","The Hierophant","The Jungle","The Problem Sleuth","The Runesmith","The Sage","The Servant 0.9.4","The Spell Scribe","vexMod"],"gold_per_floor":[117,117,145,165,187,240,240,272,340,7,7,7,7,30,30,130,130,152,152,152,152,152,194,217,217,242,5,34,56,101,67,67,192,192,218,255,301,323,15,62,11,54,54,97,139,206,238,263,263,279],"floor_reached":51,"language":"ENG","playtime":6425,"items_purged":["Dazed"],"score":1081,"play_id":"893961ff-dfe8-4fa1-b137-e9c1163a4bc6","local_time":"20210121111348","is_ascension_mode":false,"campfire_choices":[{"floor":12.0,"key":"RECALL"},{"data":"animator:LizardPriest","floor":15.0,"key":"SMITH"},{"data":"ReplayTheSpireMod:Echo Chamber","floor":25.0,"key":"SMITH"},{"data":"animator:Hakurou","floor":32.0,"key":"SMITH"},{"floor":49,"key":"REST"}],"circlet_count":0,"master_deck":["animator:LizardPriest+1","Dazed","sagemod:Fly","animator:Yuuichirou+1","animator:Shuna+1","animator:GuildGirl+1","animator:CowGirl+1","animator:Patchouli+1","animator:Albedo+1","animator:LizardPriest+1","animator:Shizu+1","animator:Assassin","animator:MetalKnight","animator:Rider","animator:SilverFang","animator:NarberalGamma","animator:Hakurou+1","animator:Elesis","animator:Sebas","animator:Tatsumaki","ReplayTheSpireMod:Echo Chamber+1","infinitespire:FutureSight","animator:SwordMaiden+1","animator:Witch","animator:Priestess","animator:Shuna","animator:Chung","animator:Eve","animator:Tatsumaki+1","animator:Benimaru+1","animator:NarberalGamma+1","animator:Tatsumaki+1","animator:Evileye","animator:DwarfShaman+1","Parasite","animator:Demiurge","animator:NarberalGamma+1"],"relics":["animator:LivingPicture","hubris:Icosahedron","halation:VictoryRuler","Replay:Wax Seal","animator:TheMissingPiece","jedi:firstaidkit","LetterFromLob","Rawhide","jedi:archwizardhat","MagicBullet_r","Moonlight_r","Pandora\u0027s Box","Nilry\u0027s Codex","Replay:Rubber Ducky","vexMod:TanglingVine","RollingBoulder","Replay:Bandana","Pet Ghost","hubris:CrystalStatue","Guide Book","infinitespire:Beetle Shell","animator:CursedBlade","jedi:fakemustache","aspiration:ChemicalBlood","Mercury Hourglass","Dream Catcher","animator:BattleDrones","Turnip"],"acts_visited":["Exordium","TheCity","TheBeyond"],"potions_floor_usage":[44,45,46,47,50],"damage_taken":[{"damage":4.0,"enemies":"2 Louse","floor":1.0,"turns":4.0},{"damage":4.0,"enemies":"Cultist","floor":3.0,"turns":4.0},{"damage":2.0,"enemies":"Jaw Worm","floor":4.0,"turns":4.0},{"damage":0.0,"enemies":"Blue Slaver","floor":5.0,"turns":5.0},{"damage":0.0,"enemies":"3 Sentries","floor":6.0,"turns":9.0},{"damage":4.0,"enemies":"Large Slime","floor":8.0,"turns":7.0},{"damage":0.0,"enemies":"Gremlin Gang","floor":14.0,"turns":6.0},{"damage":26.0,"enemies":"Fading Forest","floor":16.0,"turns":11.0},{"damage":0.0,"enemies":"3 Byrds","floor":18.0,"turns":5.0},{"damage":1.0,"enemies":"theDuelist:KaibaA2","floor":23.0,"turns":6.0},{"damage":1.0,"enemies":"conspire:HollyBat","floor":24.0,"turns":7.0},{"damage":0.0,"enemies":"Cultist and Chosen","floor":28.0,"turns":4.0},{"damage":20.0,"enemies":"Centurion and Healer","floor":29.0,"turns":5.0},{"damage":0.0,"enemies":"HollowMod:Nosk","floor":30.0,"turns":5.0},{"damage":0.0,"enemies":"Snake Plant","floor":31.0,"turns":3.0},{"damage":5.0,"enemies":"hubris:MusketHawk","floor":33.0,"turns":7.0},{"damage":0.0,"enemies":"Orb Walker","floor":35.0,"turns":3.0},{"damage":0.0,"enemies":"3 Shapes","floor":36.0,"turns":3.0},{"damage":0.0,"enemies":"Maw","floor":37.0,"turns":5.0},{"damage":30.0,"enemies":"Sphere and 2 Shapes","floor":38.0,"turns":3.0},{"damage":0.0,"enemies":"HollowMod:StalkingDevout","floor":40.0,"turns":5.0},{"damage":0.0,"enemies":"conspire:MimicChest","floor":42.0,"turns":5.0},{"damage":0,"enemies":"Reptomancer","floor":44,"turns":6},{"damage":0,"enemies":"Transient","floor":45,"turns":5},{"damage":0,"enemies":"Nemesis","floor":46,"turns":5},{"damage":2,"enemies":"3 Darklings","floor":47,"turns":4},{"damage":20,"enemies":"Writhing Mass","floor":48,"turns":4},{"damage":0,"enemies":"hubris:GrandSnecko","floor":50,"turns":6}],"seed_played":"1471073846172235046","potions_obtained":[{"floor":1.0,"key":"DistilledChaos"},{"floor":4.0,"key":"blueLaboratory:FrostheartPotion"},{"floor":8.0,"key":"blueLaboratory:BottleOfRum"},{"floor":14.0,"key":"blueLaboratory:HorrorPotion"},{"floor":16.0,"key":"blueLaboratory:BottledHope"},{"floor":24.0,"key":"DuplicationPotion"},{"floor":36.0,"key":"Dexterity Potion"},{"floor":37.0,"key":"blueLaboratory:FruitPunch"},{"floor":44,"key":"SkillPotion"},{"floor":47,"key":"Regen Potion"}],"is_trial":false,"path_per_floor":["M","?","M","M","M","E","?","M","T","$","?","R","M","M","R","B",null,"M","?","?","AVR","?","E","M","R","T","$","M","M","E","M","R_BF","B",null,"M","M","M","M","$","E","$","?","T","E","M","E","M","M","R","B",null],"character_chosen":"THE_ANIMATOR","items_purchased":["animator:Patchouli","Fruit Juice","Replay:Wax Seal","hubris:CrystalStatue","animator:Witch","Guide Book","jedi:fakemustache","aspiration:ChemicalBlood","blueLaboratory:FruitPunch"],"campfire_rested":1,"item_purchase_floors":[10,10,27,27,27,27,39,39,41],"current_hp_per_floor":[64,66,62,63,63,63,63,63,63,63,63,63,44,44,44,60,68,68,52,52,52,52,54,59,59,59,59,59,40,40,41,41,36,70,70,70,78,50,65,65,70,70,70,70,72,72,72,52,76,76],"gold":279,"neow_bonus":"ONE_RARE_RELIC","is_daily":false,"chose_seed":false,"campfire_upgraded":3,"win_rate":0.0,"timestamp":1611249228,"path_taken":["M","?","M","M","?","E","?","?","T","$","?","R","M","M","R","BOSS","M","?","?","AVR","?","E","M","R","T","$","M","?","E","M","R_BF","BOSS","M","M","?","M","$","E","$","?","T","E","M","E","M","M","R","BOSS"],"items_purchased_type":["Card","Potion","Relic","Relic","Card","Relic","Relic","Relic","Potion"],"build_version":"2020-12-22","purchased_purges":1,"victory":true,"max_hp_per_floor":[66,66,66,66,66,66,66,67,67,67,67,67,67,67,67,68,68,68,68,68,68,68,68,68,68,68,68,68,69,69,70,70,70,70,70,70,78,80,80,80,80,80,80,80,82,82,82,82,82,82],"card_choices":[{"not_picked":["animator:Illya","animator:CrowleyEusford"],"picked":"animator:Yuuichirou","floor":1.0},{"not_picked":["animator:PandorasActor","animator:Ain"],"picked":"animator:Shuna","floor":3.0},{"not_picked":["animator:CrowleyEusford","animator:Sebas"],"picked":"animator:Evileye","floor":4.0},{"not_picked":["animator:CowGirl","animator:DwarfShaman"],"picked":"animator:GuildGirl","floor":5.0},{"not_picked":["animator:NarberalGamma","animator:Ciel"],"picked":"animator:Aisha","floor":6.0},{"not_picked":["animator:KrulTepes","animator:Lancer"],"picked":"animator:CowGirl","floor":8.0},{"not_picked":["animator:Aisha","animator:Guren"],"picked":"animator:LizardPriest","floor":14.0},{"not_picked":["animator:Guren","animator:Saber"],"picked":"animator:Shizu","floor":16.0},{"not_picked":["animator:MumenRider","animator:Melzalgald"],"picked":"animator:Tatsumaki","floor":18.0},{"not_picked":["animator:PandorasActor","animator:Elesis"],"picked":"animator:SwordMaiden","floor":23.0},{"not_picked":["animator:Mitsuba+1","animator:Caster+1","animator:PandorasActor"],"picked":"SKIP","floor":24.0},{"not_picked":["animator:GazelDwargon","animator:KrulTepes+1","animator:Yoichi"],"picked":"SKIP","floor":28.0},{"not_picked":["animator:GuildGirl","animator:LizardPriest"],"picked":"animator:Priestess","floor":29.0},{"not_picked":["animator:GazelDwargon","animator:HighElfArcher"],"picked":"animator:Shuna","floor":30.0},{"not_picked":["animator:Ara+1","animator:Shizu"],"picked":"animator:Chung","floor":31.0},{"not_picked":["animator:Albedo","animator:Elesis"],"picked":"animator:Eve","floor":33.0},{"not_picked":["animator:Elsword+1","animator:Berserker"],"picked":"animator:Tatsumaki+1","floor":35.0},{"not_picked":["animator:Saitama","animator:EmiyaShirou"],"picked":"animator:Benimaru+1","floor":37.0},{"not_picked":["animator:Kaijin","animator:SilverFang"],"picked":"animator:NarberalGamma+1","floor":38.0},{"not_picked":["animator:Chung","animator:Priestess+1"],"picked":"animator:Tatsumaki+1","floor":40.0},{"not_picked":["animator:Shalltear","animator:NarberalGamma"],"picked":"animator:Evileye","floor":44},{"not_picked":["animator:Benimaru","animator:Alexander+1","animator:Yuuichirou+1"],"picked":"SKIP","floor":45},{"not_picked":["animator:Shion+1","animator:CrowleyEusford"],"picked":"animator:DwarfShaman+1","floor":46},{"not_picked":["animator:Yuuichirou+1","animator:Genos+1","animator:GuildGirl+1"],"picked":"SKIP","floor":47},{"not_picked":["animator:PandorasActor","animator:Shalltear"],"picked":"animator:Demiurge","floor":48},{"not_picked":["animator:Chung+1","animator:Melzalgald+1"],"picked":"animator:NarberalGamma+1","floor":49}],"player_experience":502419,"relics_obtained":[{"floor":1.0,"key":"LetterFromLob"},{"floor":6.0,"key":"Rawhide"},{"floor":19.0,"key":"Nilry\u0027s Codex"},{"floor":20.0,"key":"Replay:Rubber Ducky"},{"floor":23.0,"key":"Replay:Bandana"},{"floor":26.0,"key":"Pet Ghost"},{"floor":30.0,"key":"infinitespire:Beetle Shell"},{"floor":40.0,"key":"Mercury Hourglass"},{"floor":42.0,"key":"Dream Catcher"},{"floor":43.0,"key":"animator:BattleDrones"},{"floor":44,"key":"Turnip"},{"floor":46,"key":"halation:VictoryRuler"}],"event_choices":[{"cards_removed":["animator:Evileye"],"damage_healed":0.0,"max_hp_gain":0.0,"max_hp_loss":0.0,"gold_gain":0.0,"event_name":"WeMeetAgain","player_choice":"Gave Card","floor":7.0,"gold_loss":0.0,"damage_taken":0.0,"relics_obtained":["jedi:archwizardhat"]},{"damage_healed":0.0,"max_hp_gain":0.0,"max_hp_loss":0.0,"gold_gain":0.0,"cards_transformed":["animator:Strike"],"event_name":"Living Wall","player_choice":"Change","floor":11.0,"gold_loss":0.0,"damage_taken":0.0,"cards_obtained":["animator:Albedo"]},{"damage_healed":0.0,"max_hp_gain":0.0,"max_hp_loss":0.0,"gold_gain":0.0,"event_name":"Cursed Tome","player_choice":"Obtained Book","floor":19.0,"gold_loss":0.0,"damage_taken":16.0}],"is_beta":false,"boss_relics":[{"not_picked":["hubris:ScarierMask","aspiration:FutureDiary"],"picked":"Pandora\u0027s Box"},{"not_picked":["Astrolabe","Replay:Wanted Poster"],"picked":"animator:CursedBlade"}],"items_purged_floors":[21],"is_endless":false,"potions_floor_spawned":[1,4,8,14,16,24,29,30,36,37,44,47],"ascension_level":0}}