{"host":"ndpbn7fqb3wjbd7p","time":1611269848,"event":{"mods":["AchievementEnabler","Act Like it!","AlwaysNeverKeys","BaseMod","Better Vampires","Block Reminder","Colored Powertips","DeckTracker","Defuse TimeMaze Blight","Friendly Minions","Hallownest","Hermit","Highlight Path","MarisaÅiñ∂âJÅ@ñÇóùçπÅj","Minty Spire (QoL Compilation)","Permanent Neow","Shade Mod","StSLib","SuperFastMode","Synergy Search","The Mystic","Unceasing Turn Reminder","egg"],"gold_per_floor":[112,112,133,133,133,133,151,165,189,210,210,228,68,99,99,192,192,207,207,223,95,95,95,95,95,121,146,146,196,219,94,94,94,94],"floor_reached":33,"language":"ENG","playtime":1694,"items_purged":["Strike_G","Strike_G","Strike_G"],"score":540,"play_id":"d2a0032c-55db-4233-94a6-ad18f6250ca5","local_time":"20210121235728","is_ascension_mode":true,"campfire_choices":[{"data":"Neutralize","floor":11,"key":"SMITH"},{"data":"Reflex","floor":15,"key":"SMITH"},{"data":"Cloak And Dagger","floor":23,"key":"SMITH"},{"data":"Expertise","floor":25,"key":"SMITH"},{"data":"Tools of the Trade","floor":28,"key":"SMITH"},{"data":"A Thousand Cuts","floor":32,"key":"SMITH"}],"circlet_count":0,"master_deck":["AscendersBane","Defend_G","Defend_G","Defend_G","Defend_G","Survivor","Neutralize+1","Underhanded Strike","Expertise+1","Infinite Blades","Prepared","Cloak And Dagger+1","Reflex+1","Blade Dance+1","Tools of the Trade+1","Acrobatics","Prepared","Backflip","Acrobatics","A Thousand Cuts+1"],"relics":["Ring of the Snake","Golden Idol","Anchor","Vajra","White Beast Statue","Empty Cage","Centennial Puzzle"],"acts_visited":["Exordium","TheCity"],"potions_floor_usage":[14,16,18,20,27,30,33],"damage_taken":[{"damage":2,"enemies":"Jaw Worm","floor":1,"turns":5},{"damage":1,"enemies":"Small Slimes","floor":3,"turns":3},{"damage":0,"enemies":"2 Louse","floor":7,"turns":2},{"damage":0,"enemies":"Looter","floor":8,"turns":3},{"damage":4,"enemies":"Blue Slaver","floor":10,"turns":4},{"damage":7,"enemies":"3 Louse","floor":12,"turns":4},{"damage":1,"enemies":"Lagavulin","floor":14,"turns":5},{"damage":20,"enemies":"The Guardian","floor":16,"turns":14},{"damage":7,"enemies":"Chosen","floor":18,"turns":6},{"damage":9,"enemies":"2 Thieves","floor":20,"turns":3},{"damage":9,"enemies":"Centurion and Healer","floor":27,"turns":6},{"damage":0,"enemies":"Snecko","floor":30,"turns":3},{"damage":63,"enemies":"Automaton","floor":33,"turns":6}],"seed_played":"-8056637689865767651","potions_obtained":[{"floor":7,"key":"Dexterity Potion"},{"floor":10,"key":"BlessingOfTheForge"},{"floor":14,"key":"SmokeBomb"},{"floor":16,"key":"Explosive Potion"},{"floor":18,"key":"CunningPotion"},{"floor":20,"key":"Regen Potion"},{"floor":27,"key":"SteroidPotion"},{"floor":30,"key":"SteroidPotion"}],"is_trial":false,"path_per_floor":["M","?","M","?","?","T","M","M","T","M","R","M","$","E","R","B",null,"M","?","M","$","?","R","$","R","T","M","R","?","M","$","R","B"],"character_chosen":"THE_SILENT","items_purchased":["Reflex","Backflip"],"campfire_rested":0,"item_purchase_floors":[13,21],"current_hp_per_floor":[57,57,56,56,61,61,61,61,61,57,57,50,50,49,49,29,56,49,49,40,40,40,40,40,40,40,46,46,46,46,46,46,0,0],"gold":94,"neow_bonus":"REMOVE_CARD","is_daily":false,"chose_seed":false,"campfire_upgraded":6,"win_rate":0.0,"timestamp":1611269848,"path_taken":["M","?","M","?","?","?","?","M","T","M","R","M","$","E","R","BOSS","M","?","M","?","?","R","$","R","T","?","R","?","M","$","R","BOSS"],"items_purchased_type":["Card","Card"],"build_version":"2020-12-22","purchased_purges":3,"victory":false,"max_hp_per_floor":[66,60,60,60,65,65,65,65,65,65,65,65,65,65,65,65,65,65,65,65,65,65,65,65,65,65,65,65,65,65,65,65,65,65],"card_choices":[{"not_picked":["Slice","Escape Plan"],"picked":"Underhanded Strike","floor":1},{"not_picked":["Crippling Poison","Finisher","Sucker Punch"],"picked":"SKIP","floor":3},{"not_picked":["Slice","Dagger Spray"],"picked":"Expertise","floor":7},{"not_picked":["Expertise","Outmaneuver"],"picked":"Infinite Blades","floor":8},{"not_picked":["Deflect","Quick Slash"],"picked":"Prepared","floor":10},{"not_picked":["Dash","Die Die Die"],"picked":"Cloak And Dagger","floor":12},{"not_picked":["Quick Slash","Dagger Throw"],"picked":"Blade Dance","floor":14},{"not_picked":["Unload","Malaise"],"picked":"Tools of the Trade","floor":16},{"not_picked":["Dagger Spray","Sucker Punch+1"],"picked":"Acrobatics","floor":18},{"not_picked":["Blade Dance","Distraction"],"picked":"Prepared","floor":20},{"not_picked":["Caltrops","Deadly Poison","Infinite Blades"],"picked":"SKIP","floor":27},{"not_picked":["Dagger Spray","Underhanded Strike"],"picked":"A Thousand Cuts","floor":30}],"player_experience":1176072,"relics_obtained":[{"floor":6,"key":"Anchor"},{"floor":9,"key":"Vajra"},{"floor":14,"key":"White Beast Statue"},{"floor":26,"key":"Centennial Puzzle"}],"event_choices":[{"damage_healed":0,"gold_gain":0,"player_choice":"Lose Max HP","damage_taken":0,"relics_obtained":["Golden Idol"],"max_hp_gain":0,"max_hp_loss":6,"event_name":"Golden Idol","floor":2,"gold_loss":0},{"damage_healed":0,"gold_gain":0,"player_choice":"Ignored","damage_taken":0,"max_hp_gain":0,"max_hp_loss":0,"event_name":"Liars Game","floor":4,"gold_loss":0},{"damage_healed":0,"gold_gain":0,"player_choice":"Donut","damage_taken":0,"max_hp_gain":5,"max_hp_loss":0,"event_name":"Big Fish","floor":5,"gold_loss":0},{"damage_healed":0,"gold_gain":0,"player_choice":"Upgraded","damage_taken":0,"max_hp_gain":0,"max_hp_loss":0,"event_name":"Upgrade Shrine","floor":19,"gold_loss":0,"cards_upgraded":["Blade Dance"]},{"damage_healed":0,"gold_gain":0,"player_choice":"Read","damage_taken":0,"max_hp_gain":0,"max_hp_loss":0,"event_name":"The Library","floor":22,"gold_loss":0,"cards_obtained":["Acrobatics"]},{"damage_healed":0,"gold_gain":50,"player_choice":"Pray","damage_taken":0,"max_hp_gain":0,"max_hp_loss":0,"event_name":"Golden Shrine","floor":29,"gold_loss":0}],"is_beta":false,"boss_relics":[{"not_picked":["WristBlade","Calling Bell"],"picked":"Empty Cage"}],"items_purged_floors":[13,21,31],"is_endless":false,"potions_floor_spawned":[7,10,14,16,18,20,27,30],"killed_by":"Automaton","ascension_level":20}}