{"host":"npubv26u89aif4fa","time":1611220797,"event":{"mods":["Astrologer","BaseMod","Better Vampires","Better-Laid Plans","Colored Powertips","GifTheSpireLib","GungeonMod","HornydragonMod","Hubris","Jedi Mod","Minty Spire (QoL Compilation)","Quick Restart","Remilia（蕾米莉亚）","Replay The Spire","StSLib","Td1madao Mod","The Administrix","The Alterego","The Bug Knight","The Cursed","The Runesmith","Yuri Mod","残留之物"],"gold_per_floor":[115,115,115,115,128,158,158,7,59,59,59],"floor_reached":10,"language":"ZHS","playtime":404,"items_purged":[],"score":67,"play_id":"ac31ded0-b472-4948-9bee-e2340a2c9ddd","local_time":"20210121171957","is_ascension_mode":true,"campfire_choices":[],"circlet_count":0,"master_deck":["Strike_R","Strike_R","Strike_R+1","Strike_R","Strike_R","Defend_R","Defend_R","Defend_R+1","Defend_R","Bash","Strike_C","Defend_RM+1","Corruption","ReplayTheSpireMod:Strike From Hell+1","Regret","Feel No Pain","Defy Death","Disarm","ReplayTheSpireMod:Private Reserves","Demon Form"],"relics":["Burning Blood","jedi:purplefairy","Simple Rune","hubris:EmptyBottle"],"acts_visited":["Exordium"],"potions_floor_usage":[],"damage_taken":[{"damage":6.0,"enemies":"Jaw Worm","floor":1.0,"turns":5.0},{"damage":7.0,"enemies":"Small Slimes","floor":5.0,"turns":4.0},{"damage":49.0,"enemies":"Gremlin Nob","floor":6.0,"turns":6.0},{"damage":20,"enemies":"3 Sentries","floor":10,"turns":2}],"seed_played":"1478484669044366614","potions_obtained":[{"floor":6.0,"key":"Explosive Potion"}],"is_trial":false,"path_per_floor":["M","?","?","?","M","E","?","$","T","E"],"character_chosen":"IRONCLAD","items_purchased":["hubris:EmptyBottle"],"campfire_rested":0,"item_purchase_floors":[8],"current_hp_per_floor":[80,80,64,64,63,20,20,20,20,0,0],"gold":59,"neow_bonus":"THREE_RARE_CARDS","is_daily":false,"chose_seed":false,"campfire_upgraded":0,"win_rate":0.0,"timestamp":1611220797,"path_taken":["M","?","?","?","M","E","?","$","T","E"],"items_purchased_type":["Relic"],"build_version":"2020-12-22","purchased_purges":0,"victory":false,"max_hp_per_floor":[80,80,80,80,80,80,80,80,80,80,80],"card_choices":[{"not_picked":["Brutality","Barricade"],"picked":"Corruption","floor":0.0},{"not_picked":["jedi:collectorstrike","Cleave"],"picked":"ReplayTheSpireMod:Strike From Hell","floor":1.0},{"not_picked":["Infernal Blade","jedi:fear"],"picked":"Feel No Pain","floor":5.0},{"not_picked":["ReplayTheSpireMod:Strike From Hell","Havoc"],"picked":"Defy Death","floor":6.0}],"player_experience":332347,"relics_obtained":[{"floor":6.0,"key":"Simple Rune"}],"event_choices":[{"damage_healed":0.0,"max_hp_gain":0.0,"max_hp_loss":0.0,"gold_gain":0.0,"event_name":"Shining Light","player_choice":"Entered Light","floor":3.0,"gold_loss":0.0,"damage_taken":16.0,"cards_upgraded":["Defend_RM","Strike_R"]},{"damage_healed":0.0,"max_hp_gain":0.0,"max_hp_loss":0.0,"gold_gain":0.0,"event_name":"Big Fish","player_choice":"Box","floor":4.0,"gold_loss":0.0,"damage_taken":0.0,"relics_obtained":["jedi:purplefairy"],"cards_obtained":["Regret"]},{"damage_healed":0,"gold_gain":0,"player_choice":"3 cards matched","damage_taken":0,"max_hp_gain":0,"max_hp_loss":0,"event_name":"Match and Keep!","floor":7,"gold_loss":0,"cards_obtained":["Disarm","ReplayTheSpireMod:Private Reserves","Demon Form"]}],"is_beta":false,"boss_relics":[],"items_purged_floors":[],"is_endless":false,"potions_floor_spawned":[6],"killed_by":"3 Sentries","ascension_level":1}}