{"host":"2lo6hma6kymb0g9i","time":1611198249,"event":{"mods":["BaseMod","Colored Map","DeckTracker","Minty Spire (QoL Compilation)"],"gold_per_floor":[116,116,116,141,66,66,66,82,108,138,413,132,132,172,172,270,270,285,161,176,176,201,201,216,216,269,269,269,269],"floor_reached":28,"language":"JPN","playtime":1479,"items_purged":["Regret","Strike_B"],"score":528,"play_id":"0f41a6bf-4d9b-4809-acd7-06260bee0a3c","local_time":"20210121120409","is_ascension_mode":true,"campfire_choices":[{"data":"Reinforced Body","floor":6,"key":"SMITH"},{"floor":13,"key":"REST"},{"data":"The Bomb","floor":15,"key":"SMITH"},{"data":"Coolheaded","floor":23,"key":"SMITH"}],"circlet_count":0,"master_deck":["AscendersBane","Defend_B","Defend_B","Defend_B","Defend_B","Zap","Dualcast","Reinforced Body+1","Gash","Undo","The Bomb+1","Hologram","Machine Learning","Conserve Battery","Glacier","Coolheaded+1"],"relics":["Cracked Core","Pear","Golden Idol","Blood Vial","Odd Mushroom","Ancient Tea Set","SlaversCollar","Happy Flower"],"acts_visited":["Exordium","TheCity"],"potions_floor_usage":[10,20],"damage_taken":[{"damage":1,"enemies":"2 Louse","floor":1,"turns":2},{"damage":2,"enemies":"Jaw Worm","floor":4,"turns":5},{"damage":0,"enemies":"Small Slimes","floor":8,"turns":4},{"damage":18,"enemies":"The Mushroom Lair","floor":10,"turns":4},{"damage":5,"enemies":"3 Sentries","floor":14,"turns":5},{"damage":0,"enemies":"Slime Boss","floor":16,"turns":5},{"damage":35,"enemies":"Spheric Guardian","floor":18,"turns":8},{"damage":21,"enemies":"3 Byrds","floor":20,"turns":4},{"damage":16,"enemies":"3 Cultists","floor":22,"turns":5},{"damage":3,"enemies":"Cultist and Chosen","floor":24,"turns":4},{"damage":25,"enemies":"Centurion and Healer","floor":28,"turns":6}],"seed_played":"-7600391936410448108","potions_obtained":[{"floor":1,"key":"DistilledChaos"},{"floor":4,"key":"Fire Potion"},{"floor":10,"key":"Explosive Potion"},{"floor":20,"key":"SkillPotion"}],"is_trial":false,"path_per_floor":["M","?","?","M","?","R","?","M","T","?","?","$","R","E","R","B",null,"M","$","M","?","M","R","M","?","T","?","M"],"character_chosen":"DEFECT","items_purchased":["The Bomb","Conserve Battery"],"campfire_rested":1,"item_purchase_floors":[12,19],"current_hp_per_floor":[45,50,22,20,20,20,25,25,25,9,9,9,34,31,31,33,73,40,40,21,38,24,24,23,23,23,23,0,0],"gold":269,"neow_bonus":"REMOVE_TWO","is_daily":false,"chose_seed":false,"campfire_upgraded":3,"win_rate":0.0,"timestamp":1611198249,"path_taken":["M","?","?","M","?","R","?","?","T","?","?","$","R","E","R","BOSS","M","?","M","?","M","R","M","?","T","?","M"],"items_purchased_type":["Card","Card"],"build_version":"2020-12-22","purchased_purges":2,"victory":false,"max_hp_per_floor":[71,81,81,81,81,81,86,86,86,86,86,86,86,86,86,86,86,86,86,86,86,86,86,86,86,86,86,86,86],"card_choices":[{"not_picked":["Tempest","Compile Driver","White Noise"],"picked":"SKIP","floor":1},{"not_picked":["Capacitor","Redo"],"picked":"Reinforced Body","floor":4},{"not_picked":["Storm","Turbo"],"picked":"Gash","floor":8},{"not_picked":["Double Energy","Reinforced Body"],"picked":"Undo","floor":10},{"not_picked":["Fission","Stack"],"picked":"Hologram","floor":14},{"not_picked":["Creative AI","Hyperbeam"],"picked":"Machine Learning","floor":16},{"not_picked":["Streamline","Barrage","Compile Driver"],"picked":"SKIP","floor":18},{"not_picked":["Cold Snap","Recycle"],"picked":"Glacier","floor":20},{"not_picked":["Steam","Streamline"],"picked":"Coolheaded","floor":22},{"not_picked":["Aggregate+1","Chaos","Electrodynamics"],"picked":"SKIP","floor":24}],"player_experience":1102401,"relics_obtained":[{"floor":9,"key":"Blood Vial"},{"floor":10,"key":"Odd Mushroom"},{"floor":14,"key":"Ancient Tea Set"},{"floor":26,"key":"Happy Flower"}],"event_choices":[{"damage_healed":0,"gold_gain":0,"player_choice":"Success","damage_taken":5,"relics_obtained":["Pear"],"max_hp_gain":0,"max_hp_loss":0,"event_name":"Scrap Ooze","floor":2,"gold_loss":0},{"damage_healed":0,"gold_gain":0,"player_choice":"Take Damage","damage_taken":28,"relics_obtained":["Golden Idol"],"max_hp_gain":0,"max_hp_loss":0,"event_name":"Golden Idol","floor":3,"gold_loss":0},{"cards_removed":["Strike_B"],"damage_healed":0,"gold_gain":0,"player_choice":"Card Removal","damage_taken":0,"max_hp_gain":0,"max_hp_loss":0,"event_name":"The Cleric","floor":5,"gold_loss":75},{"damage_healed":0,"gold_gain":0,"player_choice":"Donut","damage_taken":0,"max_hp_gain":5,"max_hp_loss":0,"event_name":"Big Fish","floor":7,"gold_loss":0},{"damage_healed":0,"gold_gain":0,"player_choice":"Fought Mushrooms","damage_taken":0,"max_hp_gain":0,"max_hp_loss":0,"event_name":"Mushrooms","floor":10,"gold_loss":0},{"damage_healed":0,"gold_gain":275,"player_choice":"Desecrate","damage_taken":0,"max_hp_gain":0,"max_hp_loss":0,"event_name":"Golden Shrine","floor":11,"gold_loss":0,"cards_obtained":["Regret"]},{"damage_healed":17,"gold_gain":0,"player_choice":"Heal","damage_taken":0,"max_hp_gain":0,"max_hp_loss":0,"event_name":"The Library","floor":21,"gold_loss":0},{"damage_healed":0,"gold_gain":0,"player_choice":"Ignored","damage_taken":0,"max_hp_gain":0,"max_hp_loss":0,"event_name":"Ghosts","floor":25,"gold_loss":0},{"damage_healed":0,"gold_gain":0,"player_choice":"Ignored","damage_taken":0,"max_hp_gain":0,"max_hp_loss":0,"event_name":"Cursed Tome","floor":27,"gold_loss":0}],"is_beta":false,"boss_relics":[{"not_picked":["SacredBark","Inserter"],"picked":"SlaversCollar"}],"items_purged_floors":[12,19],"is_endless":false,"potions_floor_spawned":[1,4,10,14,16,18,20],"killed_by":"Centurion and Healer","ascension_level":20}}