{"host":"i6cyhi9fkpzvr6lb","time":1611219407,"event":{"mods":["Act Like it!","Arknights The Spire","BaseMod","Better Skull","Gensokyo","Marisa£®ÏF”Í°°ƒß¿Ì…≥£©","Minty Spire (QoL Compilation)","Reimu£®≤©¿ˆ¡È√Œ£©","Remilia£®¿Ÿ√◊¿Ú—«£©","StSLib","The Servant 0.9.4","Thieving Mod","Youmu£®ªÍ∆«—˝√Œ£©","Yuyuko"],"gold_per_floor":[115,135,154,172,192,192,209,225,225,0,18,52,63,73,73,178,178,178,178],"floor_reached":18,"language":"ZHS","playtime":1041,"items_purged":[],"score":170,"play_id":"81de9101-60d7-4308-9ed2-6023eaeb2acd","local_time":"20210121165647","is_ascension_mode":false,"campfire_choices":[{"data":"ats:Explosion Area Strengthen","floor":6.0,"key":"SMITH"},{"floor":15.0,"key":"REST"}],"circlet_count":0,"master_deck":["ats:Armor Crushing Shot","ats:Emotion Absorption","ats:Thermite Blade","ats:Blood Oath","ats:Flexible Camouflage","ats:Explosion Area Strengthen+1","ats:Hammer On","ats:Rapid Magazine","ats:True Silver Slash","ats:Song Of Battle+1","ats:Nebulous Foxfire","ats:Healing Drone","ats:Leaping Hammer","ats:Consecutive Shot Auto","ats:Soul Absorption","ats:Durian","ats:Childhood Dance","ats:Burning Ground+1","ats:Part Time Job+1","ats:Burning Ground+1","ats:Sunburst","ats:Red Shift","ats:Healing Strengthening+1","ats:Shadow Raid"],"relics":["ats:Sanity","NeowsBlessing","Frozen Egg 2","ats:Originium","ats:Spiritual Recovery","Pandora\u0027s Box"],"acts_visited":["Exordium","TheCity"],"potions_floor_usage":[],"damage_taken":[{"damage":0.0,"enemies":"Cultist","floor":1.0,"turns":1.0},{"damage":0.0,"enemies":"2 Louse","floor":2.0,"turns":1.0},{"damage":0.0,"enemies":"Small Slimes","floor":3.0,"turns":1.0},{"damage":11.0,"enemies":"Gremlin Gang","floor":4.0,"turns":7.0},{"damage":20.0,"enemies":"Exordium Thugs","floor":5.0,"turns":4.0},{"damage":9.0,"enemies":"Blue Slaver","floor":7.0,"turns":3.0},{"damage":7.0,"enemies":"2 Fungi Beasts","floor":8.0,"turns":2.0},{"damage":17.0,"enemies":"Looter","floor":11.0,"turns":3.0},{"damage":33.0,"enemies":"Gremlin Nob","floor":12.0,"turns":5.0},{"damage":0.0,"enemies":"Exordium Wildlife","floor":13.0,"turns":2.0},{"damage":8.0,"enemies":"3 Louse","floor":14.0,"turns":2.0},{"damage":54.0,"enemies":"Slime Boss","floor":16.0,"turns":8.0},{"damage":44,"enemies":"Shell Parasite","floor":18,"turns":4}],"seed_played":"-1657000451208546050","potions_obtained":[{"floor":1.0,"key":"DuplicationPotion"},{"floor":4.0,"key":"SteroidPotion"},{"floor":7.0,"key":"SneckoOil"},{"floor":13.0,"key":"LiquidMemories"},{"floor":14.0,"key":"FairyPotion"}],"is_trial":false,"path_per_floor":["M","M","M","M","M","R","M","M","T","$","M","E","M","M","R","B",null,"M"],"character_chosen":"DOCTOR_CLASS","items_purchased":["ats:Song Of Battle+1","ats:Nebulous Foxfire"],"campfire_rested":1,"item_purchase_floors":[10,10],"current_hp_per_floor":[72,72,72,64,47,47,41,34,34,34,22,10,10,4,25,4,72,35,35],"gold":178,"neow_bonus":"THREE_ENEMY_KILL","is_daily":false,"chose_seed":false,"campfire_upgraded":1,"win_rate":0.0,"timestamp":1611219407,"path_taken":["M","M","?","M","M","R","M","M","T","$","M","E","M","?","R","BOSS","BOSS","M"],"items_purchased_type":["Card","Card"],"build_version":"2020-12-22","purchased_purges":0,"victory":false,"max_hp_per_floor":[72,72,72,72,72,72,72,72,72,72,72,72,72,72,72,72,72,72,72],"card_choices":[{"not_picked":["ats:Very Hot Blade","ats:Spore Proliferation"],"picked":"ats:Thermite Blade","floor":1.0},{"not_picked":["ats:Very Hot Blade","ats:Hammer On"],"picked":"ats:Blood Oath","floor":2.0},{"not_picked":["ats:Burning Ground","ats:Hammer On"],"picked":"ats:Flexible Camouflage","floor":3.0},{"not_picked":["ats:Childhood Dance","ats:Collapsing Strike"],"picked":"ats:Explosion Area Strengthen","floor":4.0},{"not_picked":["ats:Cat Scratch","ats:Phantom"],"picked":"ats:Hammer On","floor":5.0},{"not_picked":["ats:Childhood Dance","ats:Curse Doll"],"picked":"ats:Rapid Magazine","floor":7.0},{"not_picked":["ats:Blood Oath","ats:Powerful Strike"],"picked":"ats:True Silver Slash","floor":8.0},{"not_picked":["ats:LN2 Cannon","ats:Chain Hook"],"picked":"ats:Healing Drone","floor":11.0},{"not_picked":["ats:Flexible Camouflage","ats:Phantom+1"],"picked":"ats:Leaping Hammer","floor":12.0},{"not_picked":["ats:Phantom+1","ats:Curse Doll"],"picked":"ats:Consecutive Shot Auto","floor":13.0},{"not_picked":["ats:Cat Scratch","ats:Powerful Strike"],"picked":"ats:Soul Absorption","floor":14.0},{"not_picked":["ats:Wolf Pack","ats:Roar Of Ursus+1"],"picked":"ats:Durian","floor":16}],"player_experience":184726,"relics_obtained":[{"floor":9.0,"key":"Frozen Egg 2"},{"floor":12.0,"key":"ats:Originium"},{"floor":12.0,"key":"ats:Spiritual Recovery"}],"event_choices":[],"is_beta":false,"boss_relics":[{"not_picked":["Runic Pyramid","Tiny House"],"picked":"Pandora\u0027s Box"}],"items_purged_floors":[],"is_endless":false,"potions_floor_spawned":[1,4,7,11,13,14],"killed_by":"Shell Parasite","ascension_level":0}}