{"host":"cetylexc0aauhrlj","time":1611191470,"event":{"mods":["AchievementEnabler","BaseMod","Colored Map","Colored Powertips","Faster Ascension Climbing","Highlight Path","Minty Spire (QoL Compilation)","Rare Cards Sparkle","Relic Stats","StSLib"],"gold_per_floor":[118,131,81,92,167,202,217,248,274,288,288,22,38,38,38,166,166,186,204,57,57,76,111,111,27,53,92,92,106,124,124,124,226,226,241,261,311,88,88,113,127,127,127,161,179,179,199,199,199,199,199,199,99,125,125],"floor_reached":56,"language":"ENG","playtime":4111,"items_purged":["Strike_R","Strike_R+1"],"score":1307,"play_id":"90b4a65d-9d89-410c-9b5b-f516e015185d","local_time":"20210120201110","is_ascension_mode":false,"campfire_choices":[{"data":"Uppercut","floor":15,"key":"SMITH"},{"floor":24,"key":"REST"},{"floor":32,"key":"REST"},{"data":"Corruption","floor":42,"key":"SMITH"},{"floor":46,"key":"RECALL"},{"data":"Evolve","floor":49,"key":"SMITH"},{"data":"Dark Embrace","floor":52,"key":"SMITH"}],"circlet_count":0,"master_deck":["Defend_R","Defend_R","Bash","Reckless Charge","Dropkick+1","Uppercut+1","Inflame","Evolve+1","True Grit","Cleave","Burning Pact","Spot Weakness","Shrug It Off","Sword Boomerang","Flame Barrier","Whirlwind","Dark Embrace+1","Feed","Intimidate+1","Feed","Flex","Thunderclap","Shrug It Off+1","Power Through+1","Dark Shackles","Immolate","Feel No Pain","Second Wind+1","Corruption+1","Seeing Red+1","Shrug It Off","Reaper","Dark Shackles","Good Instincts","Finesse","Flame Barrier+1","True Grit+1","Pommel Strike+1","Pummel+1"],"relics":["Burning Blood","Sundial","Red Skull","Strawberry","Orrery","Bloody Idol","Mark of Pain","DollysMirror","War Paint","Vajra","Happy Flower","Sozu","FossilizedHelix","Molten Egg 2","Question Card","Bronze Scales"],"acts_visited":["Exordium","TheCity","TheBeyond","TheEnding"],"potions_floor_usage":[6,8,16,16,16,23,23,27,33,33,33],"damage_taken":[{"damage":1,"enemies":"Cultist","floor":1,"turns":3},{"damage":1,"enemies":"2 Louse","floor":2,"turns":3},{"damage":0,"enemies":"Small Slimes","floor":4,"turns":2},{"damage":27,"enemies":"Gremlin Nob","floor":6,"turns":5},{"damage":7,"enemies":"Blue Slaver","floor":7,"turns":4},{"damage":22,"enemies":"3 Sentries","floor":8,"turns":7},{"damage":2,"enemies":"3 Louse","floor":10,"turns":2},{"damage":0,"enemies":"Looter","floor":13,"turns":2},{"damage":0,"enemies":"Slime Boss","floor":16,"turns":6},{"damage":34,"enemies":"Spheric Guardian","floor":18,"turns":5},{"damage":13,"enemies":"Chosen","floor":19,"turns":7},{"damage":10,"enemies":"Centurion and Healer","floor":22,"turns":6},{"damage":23,"enemies":"Gremlin Leader","floor":23,"turns":6},{"damage":20,"enemies":"Book of Stabbing","floor":27,"turns":6},{"damage":10,"enemies":"Snake Plant","floor":29,"turns":5},{"damage":17,"enemies":"Sentry and Sphere","floor":30,"turns":4},{"damage":51,"enemies":"Collector","floor":33,"turns":9},{"damage":50,"enemies":"3 Darklings","floor":35,"turns":8},{"damage":6,"enemies":"Orb Walker","floor":36,"turns":4},{"damage":20,"enemies":"Mind Bloom Boss Battle","floor":37,"turns":4},{"damage":16,"enemies":"Reptomancer","floor":40,"turns":7},{"damage":13,"enemies":"Writhing Mass","floor":41,"turns":7},{"damage":27,"enemies":"Nemesis","floor":44,"turns":7},{"damage":12,"enemies":"4 Shapes","floor":45,"turns":8},{"damage":4,"enemies":"Jaw Worm Horde","floor":47,"turns":6},{"damage":69,"enemies":"Awakened One","floor":50,"turns":11},{"damage":66,"enemies":"Shield and Spear","floor":54,"turns":9},{"damage":35,"enemies":"The Heart","floor":55,"turns":8}],"seed_played":"7755297585466851393","potions_obtained":[{"floor":1,"key":"Weak Potion"},{"floor":6,"key":"SteroidPotion"},{"floor":10,"key":"Energy Potion"},{"floor":13,"key":"EntropicBrew"},{"floor":22,"key":"Fire Potion"},{"floor":23,"key":"Strength Potion"},{"floor":29,"key":"Block Potion"},{"floor":30,"key":"Dexterity Potion"}],"is_trial":false,"path_per_floor":["M","M","?","M","?","E","M","E","T","M","?","$","M","?","R","B",null,"M","M","$","?","M","E","R","$","T","E","?","M","M","?","R","B",null,"M","M","?","$","?","E","M","R","T","E","M","R","M","?","R","B",null,"R","$","E","B",null],"character_chosen":"IRONCLAD","items_purchased":["Orrery","Flame Barrier","Whirlwind","DollysMirror","Dark Shackles","Reaper"],"campfire_rested":2,"item_purchase_floors":[12,12,12,20,25,38],"current_hp_per_floor":[80,80,80,80,69,48,47,31,38,42,25,25,31,31,31,37,81,53,49,49,49,48,31,57,57,57,46,46,45,34,34,61,24,96,60,65,59,59,49,62,78,78,78,65,85,85,98,98,98,60,129,129,129,77,64],"gold":125,"neow_bonus":"TRANSFORM_CARD","is_daily":false,"chose_seed":true,"campfire_upgraded":4,"win_rate":0.0,"timestamp":1611191470,"path_taken":["M","M","?","M","?","E","M","E","T","M","?","$","M","?","R","BOSS","M","M","$","?","M","E","R","$","T","E","?","M","M","?","R","BOSS","M","M","?","$","?","E","M","R","T","E","M","R","M","?","R","BOSS","R","$","E","BOSS"],"items_purchased_type":["Relic","Card","Card","Relic","Card","Card"],"build_version":"2020-12-22","purchased_purges":2,"victory":true,"max_hp_per_floor":[80,80,80,80,80,80,80,80,87,87,87,87,87,81,81,81,81,81,84,84,84,87,87,87,87,87,90,90,93,93,93,93,96,96,99,99,102,102,102,105,108,108,108,111,117,117,123,123,123,129,129,129,129,132,132],"relic_stats":{"Sozu":3,"Happy Flower":[32],"counters":[28,161],"Sundial":[18],"Bloody Idol":50,"Bronze Scales":[105],"War Paint":["Defend_R","Power Through"],"Question Card":3,"obtain_stats":[{"Happy Flower":27,"Golden Idol":14,"Vajra":26,"War Paint":23,"Question Card":44,"Burning Blood":0,"Sozu":34,"Sundial":6,"DollysMirror":20,"Strawberry":9,"Bloody Idol":31,"Bronze Scales":54,"Orrery":12,"Molten Egg 2":40,"Mark of Pain":17,"Red Skull":8,"FossilizedHelix":37},{"Happy Flower":14,"Golden Idol":8,"Vajra":13,"War Paint":13,"Question Card":23,"Burning Blood":0,"Sozu":17,"Sundial":4,"DollysMirror":11,"Strawberry":6,"Bloody Idol":16,"Bronze Scales":27,"Orrery":7,"Molten Egg 2":21,"Mark of Pain":9,"Red Skull":6,"FossilizedHelix":20},{"Happy Flower":64,"Golden Idol":28,"Vajra":58,"War Paint":58,"Question Card":119,"Burning Blood":0,"Sozu":82,"Sundial":13,"DollysMirror":46,"Strawberry":24,"Bloody Idol":73,"Bronze Scales":153,"Orrery":26,"Molten Egg 2":105,"Mark of Pain":34,"Red Skull":24,"FossilizedHelix":98}],"Burning Blood":152},"card_choices":[{"not_picked":["Seeing Red","Warcry"],"picked":"Dropkick","floor":1},{"not_picked":["Clothesline","Intimidate"],"picked":"Uppercut","floor":2},{"not_picked":["Power Through","Armaments"],"picked":"Inflame","floor":4},{"not_picked":["Perfected Strike","Sword Boomerang"],"picked":"Evolve","floor":6},{"not_picked":["Rage","Heavy Blade"],"picked":"True Grit","floor":7},{"not_picked":["Power Through","Barricade"],"picked":"Cleave","floor":8},{"not_picked":["Heavy Blade","True Grit"],"picked":"Burning Pact","floor":10},{"not_picked":["Cleave","Power Through"],"picked":"Spot Weakness","floor":12},{"not_picked":["Perfected Strike","Wild Strike"],"picked":"Shrug It Off","floor":12},{"not_picked":["Iron Wave","Blood for Blood"],"picked":"Sword Boomerang","floor":12},{"not_picked":["Heavy Blade","Wild Strike"],"picked":"Dark Embrace","floor":13},{"not_picked":["Barricade","Exhume"],"picked":"Feed","floor":16},{"not_picked":["Armaments+1","Seeing Red+1","Uppercut"],"picked":"SKIP","floor":18},{"not_picked":["Pummel","Pommel Strike"],"picked":"Intimidate+1","floor":19},{"not_picked":["Flex+1","Blood for Blood"],"picked":"Shrug It Off+1","floor":22},{"not_picked":["Pummel","True Grit"],"picked":"Power Through","floor":23},{"not_picked":["Shockwave","Thunderclap+1"],"picked":"Immolate","floor":27},{"not_picked":["Warcry+1","Spot Weakness+1"],"picked":"Second Wind+1","floor":29},{"not_picked":["True Grit","Reckless Charge","Havoc"],"picked":"SKIP","floor":30},{"not_picked":["Reaper","Immolate"],"picked":"Corruption","floor":33},{"not_picked":["Burning Pact","Battle Trance"],"picked":"Seeing Red+1","floor":35},{"not_picked":["Power Through","Sword Boomerang"],"picked":"Shrug It Off","floor":36},{"not_picked":["Forethought","Madness"],"picked":"Dark Shackles","floor":39},{"not_picked":["The Bomb","Swift Strike"],"picked":"Good Instincts","floor":39},{"not_picked":["Madness","Impatience"],"picked":"Finesse","floor":39},{"not_picked":["Hemokinesis+1","Shrug It Off+1"],"picked":"Flame Barrier+1","floor":40},{"not_picked":["Entrench+1","Flex+1","Heavy Blade+1"],"picked":"SKIP","floor":41},{"not_picked":["Shrug It Off","Bloodletting"],"picked":"True Grit+1","floor":44},{"not_picked":["Thunderclap+1","Havoc+1","Shockwave"],"picked":"Pommel Strike+1","floor":45},{"not_picked":["Body Slam+1","Cleave+1","Flex"],"picked":"Pummel+1","floor":47},{"not_picked":["Rage","Thunderclap+1","Battle Trance","Reckless Charge+1"],"picked":"SKIP","floor":54}],"player_experience":1353083,"relics_obtained":[{"floor":6,"key":"Sundial"},{"floor":8,"key":"Red Skull"},{"floor":9,"key":"Strawberry"},{"floor":23,"key":"War Paint"},{"floor":26,"key":"Vajra"},{"floor":27,"key":"Happy Flower"},{"floor":37,"key":"FossilizedHelix"},{"floor":40,"key":"Molten Egg 2"},{"floor":44,"key":"Question Card"},{"floor":54,"key":"Bronze Scales"}],"event_choices":[{"cards_removed":["Strike_R"],"damage_healed":0,"gold_gain":0,"player_choice":"Card Removal","damage_taken":0,"max_hp_gain":0,"max_hp_loss":0,"event_name":"The Cleric","floor":3,"gold_loss":50},{"damage_healed":0,"gold_gain":75,"player_choice":"Gather Gold","damage_taken":11,"max_hp_gain":0,"max_hp_loss":0,"event_name":"World of Goop","floor":5,"gold_loss":0},{"damage_healed":0,"gold_gain":0,"player_choice":"Entered Light","damage_taken":17,"max_hp_gain":0,"max_hp_loss":0,"event_name":"Shining Light","floor":11,"gold_loss":0,"cards_upgraded":["Strike_R","Dropkick"]},{"damage_healed":0,"gold_gain":0,"player_choice":"Lose Max HP","damage_taken":0,"relics_obtained":["Golden Idol"],"max_hp_gain":0,"max_hp_loss":6,"event_name":"Golden Idol","floor":14,"gold_loss":0},{"damage_healed":0,"gold_gain":0,"cards_transformed":["Strike_R","Strike_R"],"player_choice":"Became Test Subject","damage_taken":0,"max_hp_gain":0,"max_hp_loss":0,"event_name":"Drug Dealer","floor":21,"gold_loss":0,"cards_obtained":["Flex","Thunderclap"]},{"damage_healed":0,"gold_gain":0,"player_choice":"Read","damage_taken":0,"max_hp_gain":0,"max_hp_loss":0,"event_name":"The Library","floor":28,"gold_loss":0,"cards_obtained":["Feel No Pain"]},{"damage_healed":0,"gold_gain":0,"player_choice":"Gave Idol","damage_taken":0,"relics_obtained":["Bloody Idol"],"max_hp_gain":0,"max_hp_loss":0,"event_name":"Forgotten Altar","floor":31,"relics_lost":["Golden Idol"],"gold_loss":0},{"damage_healed":0,"gold_gain":0,"player_choice":"Fight","damage_taken":0,"max_hp_gain":0,"max_hp_loss":0,"event_name":"MindBloom","floor":37,"gold_loss":0},{"damage_healed":0,"gold_gain":0,"player_choice":"Memory 3","damage_taken":10,"max_hp_gain":0,"max_hp_loss":0,"event_name":"SensoryStone","floor":39,"gold_loss":0},{"cards_removed":["Defend_R"],"damage_healed":0,"gold_gain":0,"player_choice":"Removed Skill","damage_taken":0,"max_hp_gain":0,"max_hp_loss":0,"event_name":"Falling","floor":48,"gold_loss":0}],"is_beta":false,"boss_relics":[{"not_picked":["Ectoplasm","Runic Pyramid"],"picked":"Mark of Pain"},{"not_picked":["Astrolabe","Black Star"],"picked":"Sozu"}],"items_purged_floors":[38,53],"is_endless":false,"potions_floor_spawned":[1,6,10,13,22,23,29,30,40,41,54],"ascension_level":0}}