{"host":"och2iitg9ibgz06n","time":1611260971,"event":{"mods":["Abigail Mod","AchievementEnabler","Aspiration","BaseMod","Colored Powertips","Dio Mod","Hubris","Hyrulean Relics","Infinite Spire","Minty Spire (QoL Compilation)","Replay The Spire","Small Relic Pack","StSLib","The Animator","The Bug Knight","The Hierophant","The Jungle","The Saiyan","TheHero","Wandering Minibosses","everything is the same but u backflip on backflip","slay the spire mod where everything is the same but ironclad has a cowboy hat","vexMod"],"gold_per_floor":[116,116,126,142,153,183,203,203,203],"floor_reached":8,"language":"ENG","playtime":300,"items_purged":[],"score":78,"play_id":"5e2b37c0-e3e3-4944-8bc2-6b6de3b15475","local_time":"20210121142931","is_ascension_mode":true,"campfire_choices":[],"circlet_count":0,"master_deck":["dioMod:Strike","dioMod:Strike","dioMod:Strike","dioMod:Strike","Bite","dioMod:Defend","dioMod:Defend","dioMod:Defend+1","dioMod:Defend","dioMod:StreetSign","dioMod:TripleThreat","dioMod:Roundabout+1","dioMod:HeavyLifting","dioMod:MudaMudaMuda","dioMod:SadisticLaugh"],"relics":["dioMod:VampireBlood","War Paint"],"acts_visited":["Exordium"],"potions_floor_usage":[6,6],"damage_taken":[{"damage":0,"enemies":"Small Slimes","floor":1,"turns":3},{"damage":1,"enemies":"Cultist","floor":3,"turns":4},{"damage":4,"enemies":"Jaw Worm","floor":4,"turns":3},{"damage":30,"enemies":"Lots of Slimes","floor":5,"turns":5},{"damage":59,"enemies":"Lagavulin","floor":6,"turns":8},{"damage":0,"enemies":"2 Fungi Beasts","floor":7,"turns":4},{"damage":27,"enemies":"3 Sentries","floor":8,"turns":3}],"seed_played":"3637029249150710901","potions_obtained":[{"floor":1,"key":"LifebloodPotion"},{"floor":4,"key":"Fire Potion"}],"is_trial":false,"path_per_floor":["M","?","M","M","M","E","M","E"],"character_chosen":"THE_DEFAULT","items_purchased":[],"campfire_rested":0,"item_purchase_floors":[],"current_hp_per_floor":[82,82,82,82,66,16,24,0,0],"gold":203,"neow_bonus":"TEN_PERCENT_HP_BONUS","is_daily":false,"chose_seed":false,"campfire_upgraded":0,"win_rate":0.0,"timestamp":1611260971,"path_taken":["M","?","M","M","M","E","M","E"],"items_purchased_type":[],"build_version":"2020-12-22","purchased_purges":0,"victory":false,"max_hp_per_floor":[82,82,82,82,82,82,82,82,82],"card_choices":[{"not_picked":["dioMod:WRYYY","dioMod:BlendIn"],"picked":"dioMod:StreetSign","floor":1},{"not_picked":["dioMod:DisarmingVoice","dioMod:RoadRoller"],"picked":"dioMod:TripleThreat","floor":3},{"not_picked":["dioMod:LaserVision","dioMod:FlyAway"],"picked":"dioMod:Roundabout","floor":4},{"not_picked":["dioMod:WRYYY","dioMod:DarkRebirth"],"picked":"dioMod:HeavyLifting","floor":5},{"not_picked":["dioMod:ComposedMuda","dioMod:SlashThroughTime"],"picked":"dioMod:MudaMudaMuda","floor":6},{"not_picked":["dioMod:SecretPlan","dioMod:Donut"],"picked":"dioMod:SadisticLaugh","floor":7}],"player_experience":439033,"relics_obtained":[{"floor":6,"key":"War Paint"}],"event_choices":[],"is_beta":false,"boss_relics":[],"items_purged_floors":[],"is_endless":false,"potions_floor_spawned":[1,4],"killed_by":"3 Sentries","ascension_level":6}}