{"host":"40gggw0x72bpm5se","time":1611250427,"event":{"mods":["ATMod(°¢èªMod)","Act Like it!","Aspiration","BaseMod","Better Vampires","Colored Map","Conspire","Energized Spire","Friendly Minions","Gensokyo","GungeonMod","GungeonMod Extend","Infinite Spire","Koishi","Library of Ruina","Library of Ruina Extra","Lobotomy","LobotomyExtend","Minty Spire (QoL Compilation)","Quarter Circle Forward PUNCH!","Quick Restart","Reimu£¨²©ÀöÁéÃÎ£©","Relic Stats","Replay The Spire","RumiaBox-Â¶Ã×æ«µÄÉñÃØºÐ×Ó","Shop Mod","Spicy Shops","StSLib","TestMod","The Alterego","UnlockEverythingMod","Waifu the Spire","Youmu£¨»êÆÇÑýÃÎ£©","vexMod","¡¾¹¦ÄÜMod¡¿»ìãçÖ®»·ÐÞ¸´²¹¶¡","¡¾ÒÅÎï¿¨ÅÆ¡¿REMEMod","Ä§½ä"],"gold_per_floor":[112,132,132,148,167,194,194,210,210,210,210,237,237,256,256,357,307,317,317,12,32,46,46,56,56,56,56,56,91,107,118,118,118,118],"floor_reached":33,"language":"ZHS","playtime":1409,"items_purged":["RingOfDestiny:Strike_SF"],"score":374,"play_id":"622a3789-d0f4-4535-aba0-7dcef75d016e","local_time":"20210122013347","is_ascension_mode":false,"campfire_choices":[{"data":"VoidnessSword","floor":7.0,"key":"SMITH"},{"data":"AT_FamilyPortrait","floor":11.0,"key":"SMITH"},{"floor":15.0,"key":"RECALL"},{"data":"RingOfDestiny:ShadowCorrosion","floor":23.0,"key":"SMITH"},{"data":"RingOfDestiny:Belt","floor":28.0,"key":"SMITH"},{"floor":32.0,"key":"DIG"}],"circlet_count":0,"master_deck":["RingOfDestiny:Defend_SF","RingOfDestiny:Defend_SF","RingOfDestiny:Defend_SF","RingOfDestiny:Strike_SF","RingOfDestiny:Strike_SF","RingOfDestiny:Strike_SF","RingOfDestiny:ShadowCard","RingOfDestiny:PoisonedShiv","RingOfDestiny:FallenFlower","RingOfDestiny:RattanBeetle","VoidnessSword+1","AT_FamilyPortrait+1","RingOfDestiny:NinjutsuScroll","RingOfDestiny:Agile","RingOfDestiny:PentMudra","RingOfDestiny:UndecMudra","RingOfDestiny:ShadowBlossom","RingOfDestiny:FrozenDark","RingOfDestiny:FrozenDark","RingOfDestiny:ShadowCorrosion+1","RingOfDestiny:ShadowMark","RingOfDestiny:NinjutsuScroll","RingOfDestiny:Belt","RingOfDestiny:StaminaBook","RingOfDestiny:Belt+1","RingOfDestiny:Onikiri","RingOfDestiny:DecaMudra+1","RingOfDestiny:Stealth","RingOfDestiny:Stealth","RingOfDestiny:Servicing","RingOfDestiny:Servicing+1","RingOfDestiny:GasBomb","RingOfDestiny:Spur"],"relics":["RingOfDestiny:ShadowKunai","REME_ComplimentaryCards","AT_ATBox","testmod-TestBox","testmod-HeartOfDaVinci","LetterFromLob","testmod-AssaultLearning","MagicDraw3","energizedSpire:HugeHouse","AT_SunfireAegis","Baka2","CrazyTorch:ReiMu","PlanX","DemoExt:AmmoSynthesizer","conspire:GlowingRock"],"acts_visited":["Gensokyo:Gensokyo","Gensokyo:Gensokyoer"],"potions_floor_usage":[],"damage_taken":[{"damage":7.0,"enemies":"Gensokyo:Gryphon","floor":1.0,"turns":3.0},{"damage":0.0,"enemies":"Gensokyo:3_Fairies","floor":2.0,"turns":3.0},{"damage":11.0,"enemies":"Gensokyo:Python","floor":4.0,"turns":3.0},{"damage":10.0,"enemies":"Gensokyo:CorruptedTreant","floor":5.0,"turns":4.0},{"damage":14.0,"enemies":"Gensokyo:Mamizou","floor":6.0,"turns":5.0},{"damage":0.0,"enemies":"Gensokyo:VengefulSpirit","floor":8.0,"turns":3.0},{"damage":7.0,"enemies":"Gensokyo:Aya","floor":12.0,"turns":3.0},{"damage":6.0,"enemies":"Gensokyo:Gryphon_and_Rabbit","floor":14.0,"turns":3.0},{"damage":1.0,"enemies":"Gensokyo:Reimu","floor":16.0,"turns":3.0},{"damage":0.0,"enemies":"Gensokyo:Chomper","floor":18.0,"turns":2.0},{"damage":3.0,"enemies":"Gensokyo:CosmicMonolith","floor":21.0,"turns":3.0},{"damage":16.0,"enemies":"Gensokyo:Chomper_and_Gloop","floor":22.0,"turns":4.0},{"damage":37.0,"enemies":"Gensokyo:Slime_Group","floor":24.0,"turns":2.0},{"damage":12.0,"enemies":"Gensokyo:Reisen","floor":25.0,"turns":3.0},{"damage":42.0,"enemies":"Gensokyo:Tenshi","floor":29.0,"turns":3.0},{"damage":0.0,"enemies":"Gensokyo:3_Gloops","floor":30.0,"turns":2.0},{"damage":37.0,"enemies":"Gensokyo:Mirror_and_Dog","floor":31.0,"turns":2.0},{"damage":58,"enemies":"Gensokyo:Eternal_Rivals","floor":33,"turns":3}],"seed_played":"-8340709007464398508","potions_obtained":[{"floor":5.0,"key":"SpeedPotion"},{"floor":8.0,"key":"Swift Potion"},{"floor":14.0,"key":"GrandPatriotsElixir:ReiMu"},{"floor":21.0,"key":"Milkshake"},{"floor":25.0,"key":"DemoMod:LeadSkinPotion"},{"floor":31.0,"key":"GrandPatriotsElixir:ReiMu"}],"is_trial":false,"path_per_floor":["M","M","?","M","M","E","R","M","T","?","R","E","?","M","R_BF","B",null,"M","?","$","M","M","R","M","E","T","?","R","E","M","M","R_BF","B"],"character_chosen":"ShadowFlower","items_purchased":["AT_SunfireAegis","RingOfDestiny:StaminaBook"],"campfire_rested":0,"item_purchase_floors":[20,20],"current_hp_per_floor":[83,86,98,91,83,74,74,76,76,111,111,111,116,116,116,116,111,111,111,111,111,102,102,79,77,77,88,88,67,72,37,37,0,0],"gold":118,"neow_bonus":"ONE_RANDOM_RARE_CARD","is_daily":false,"chose_seed":false,"campfire_upgraded":4,"win_rate":0.0,"timestamp":1611250427,"path_taken":["M","?","?","?","M","E","R","M","T","?","R","E","?","?","R_BF","BOSS","M","?","$","M","M","R","M","E","T","?","R","E","M","?","R_BF","BOSS"],"items_purchased_type":["Relic","Card"],"build_version":"2020-12-22","purchased_purges":1,"victory":false,"max_hp_per_floor":[86,116,116,116,116,116,116,116,116,116,116,116,116,116,116,116,111,111,111,111,111,111,111,111,111,111,111,111,111,111,111,111,111,111],"relic_stats":{"counters":[18,54],"obtain_stats":[{"AT_ATBox":0,"testmod-TestBox":0,"DemoExt:AmmoSynthesizer":29,"RingOfDestiny:ShadowKunai":0,"DemoMod:GlassGuonStoneRelic":4,"Baka":1,"MagicDraw3":12,"Baka2":25,"conspire:GlowingRock":32,"testmod-AssaultLearning":6,"PlanX":26,"CrazyTorch:ReiMu":25,"LetterFromLob":1,"energizedSpire:HugeHouse":17,"AT_SunfireAegis":20,"REME_ComplimentaryCards":0,"testmod-HeartOfDaVinci":0},{"AT_ATBox":0,"testmod-TestBox":0,"DemoExt:AmmoSynthesizer":15,"RingOfDestiny:ShadowKunai":0,"DemoMod:GlassGuonStoneRelic":3,"Baka":1,"MagicDraw3":7,"Baka2":14,"conspire:GlowingRock":17,"testmod-AssaultLearning":5,"PlanX":14,"CrazyTorch:ReiMu":14,"LetterFromLob":1,"energizedSpire:HugeHouse":9,"AT_SunfireAegis":10,"REME_ComplimentaryCards":0,"testmod-HeartOfDaVinci":0},{"AT_ATBox":0,"testmod-TestBox":0,"DemoExt:AmmoSynthesizer":47,"RingOfDestiny:ShadowKunai":0,"DemoMod:GlassGuonStoneRelic":9,"Baka":3,"MagicDraw3":24,"Baka2":44,"conspire:GlowingRock":51,"testmod-AssaultLearning":18,"PlanX":44,"CrazyTorch:ReiMu":44,"LetterFromLob":3,"energizedSpire:HugeHouse":30,"AT_SunfireAegis":32,"REME_ComplimentaryCards":0,"testmod-HeartOfDaVinci":0}]},"card_choices":[{"not_picked":["RingOfDestiny:FrozenDark","RingOfDestiny:OctMudra"],"picked":"RingOfDestiny:Agile","floor":1.0},{"not_picked":["RingOfDestiny:Ridicule","RingOfDestiny:PoisonedShiv"],"picked":"RingOfDestiny:PentMudra","floor":2.0},{"not_picked":["RingOfDestiny:ButaMudra","RingOfDestiny:HexaMudra"],"picked":"RingOfDestiny:UndecMudra","floor":4.0},{"not_picked":["RingOfDestiny:ShadowRose","RingOfDestiny:UndecMudra"],"picked":"RingOfDestiny:ShadowBlossom","floor":5.0},{"not_picked":["RingOfDestiny:Premeditate","RingOfDestiny:OctMudra"],"picked":"RingOfDestiny:FrozenDark","floor":6.0},{"not_picked":["RingOfDestiny:SneakAttack","RingOfDestiny:InfectMark"],"picked":"RingOfDestiny:FrozenDark","floor":8.0},{"not_picked":["RingOfDestiny:FrozenDark","RingOfDestiny:DarkLight"],"picked":"RingOfDestiny:GasBomb","floor":12.0},{"not_picked":["RingOfDestiny:ShadowRose","RingOfDestiny:HexaMudra"],"picked":"RingOfDestiny:ShadowCorrosion","floor":14.0},{"not_picked":["RingOfDestiny:Makibisi","RingOfDestiny:ForbiddenArts"],"picked":"RingOfDestiny:ShadowMark","floor":16.0},{"not_picked":["RingOfDestiny:Stealth","RingOfDestiny:DeadlyArts"],"picked":"RingOfDestiny:Belt","floor":18.0},{"not_picked":["RingOfDestiny:DarkLight","RingOfDestiny:ShadowStab"],"picked":"RingOfDestiny:Belt","floor":21.0},{"not_picked":["RingOfDestiny:RattanBeetle","RingOfDestiny:Ridicule+1"],"picked":"RingOfDestiny:Onikiri","floor":22.0},{"not_picked":["RingOfDestiny:Conspiracy","RingOfDestiny:WaterRelease"],"picked":"RingOfDestiny:DecaMudra+1","floor":22.0},{"not_picked":["RingOfDestiny:FlashOfSlash","RingOfDestiny:FrozenDark","RingOfDestiny:Conspiracy"],"picked":"SKIP","floor":22.0},{"not_picked":["RingOfDestiny:WaterRelease+1","RingOfDestiny:MetalRelease","RingOfDestiny:Ridicule"],"picked":"SKIP","floor":22.0},{"not_picked":["RingOfDestiny:PoisonedShiv","RingOfDestiny:ShadowRose"],"picked":"RingOfDestiny:Stealth","floor":24.0},{"not_picked":["RingOfDestiny:FrozenDark","RingOfDestiny:HexaMudra"],"picked":"RingOfDestiny:Stealth","floor":25.0},{"not_picked":["RingOfDestiny:PentMudra+1","RingOfDestiny:ShadowPortal"],"picked":"RingOfDestiny:Servicing","floor":29.0},{"not_picked":["RingOfDestiny:ShadowCutter","RingOfDestiny:ButaMudra"],"picked":"RingOfDestiny:GasBomb","floor":30.0},{"not_picked":["RingOfDestiny:MetalRelease","RingOfDestiny:ShadowRose"],"picked":"RingOfDestiny:Spur","floor":31.0}],"player_experience":78453,"relics_obtained":[{"floor":1.0,"key":"Baka"},{"floor":1.0,"key":"LetterFromLob"},{"floor":6.0,"key":"testmod-AssaultLearning"},{"floor":12.0,"key":"MagicDraw3"},{"floor":25.0,"key":"Baka2"},{"floor":25.0,"key":"CrazyTorch:ReiMu"},{"floor":26.0,"key":"PlanX"},{"floor":29.0,"key":"DemoExt:AmmoSynthesizer"},{"floor":32.0,"key":"conspire:GlowingRock"}],"event_choices":[],"is_beta":false,"boss_relics":[{"not_picked":["AT_MortalBlade","aspiration:RunicSpoon"],"picked":"energizedSpire:HugeHouse"}],"items_purged_floors":[20],"is_endless":false,"potions_floor_spawned":[5,6,8,14,21,22,25,30,31],"killed_by":"Gensokyo:Eternal_Rivals","ascension_level":0}}