{"host":"4nqeo0vu1vuav7gg","time":1611250589,"event":{"mods":["AchievementEnabler","BaseMod","Block Reminder","Colored Map","Colored Powertips","Highlight Path","Minty Spire (QoL Compilation)","Quick Restart","Rare Cards Sparkle","Relic Relevance Reorder","StSLib"],"gold_per_floor":[112,122,47,58,77,109,109,135,135,35,35,35,0,0,0,0,0],"floor_reached":16,"language":"ENG","playtime":567,"items_purged":["Strike_B","Strike_B"],"score":259,"play_id":"12673902-74af-402b-888f-c85ef678edec","local_time":"20210121183629","is_ascension_mode":true,"campfire_choices":[{"floor":7.0,"key":"REST"},{"data":"Defragment","floor":11.0,"key":"SMITH"},{"data":"Lockon","floor":15.0,"key":"SMITH"}],"circlet_count":0,"master_deck":["AscendersBane","Strike_B","Strike_B","Defend_B","Defend_B","Defend_B","Defend_B","Zap","Dualcast","Gash","Go for the Eyes","Defragment+1","Conserve Battery","All For One","Lockon+1","Injury"],"relics":["Cracked Core","Shuriken","Gremlin Horn","Bag of Preparation","WingedGreaves","Golden Idol"],"acts_visited":["Exordium"],"potions_floor_usage":[16],"damage_taken":[{"damage":9.0,"enemies":"Jaw Worm","floor":1.0,"turns":4.0},{"damage":1.0,"enemies":"Small Slimes","floor":2.0,"turns":4.0},{"damage":1.0,"enemies":"2 Louse","floor":4.0,"turns":2.0},{"damage":12.0,"enemies":"2 Fungi Beasts","floor":5.0,"turns":3.0},{"damage":33.0,"enemies":"3 Sentries","floor":6.0,"turns":8.0},{"damage":0.0,"enemies":"Gremlin Nob","floor":8.0,"turns":3.0},{"damage":45,"enemies":"The Guardian","floor":16,"turns":6}],"seed_played":"-6508529937397247936","potions_obtained":[{"floor":1.0,"key":"Fire Potion"},{"floor":5.0,"key":"SneckoOil"},{"floor":6.0,"key":"AttackPotion"},{"floor":8.0,"key":"FearPotion"}],"is_trial":false,"path_per_floor":["M","M","$","M","M","E","R","E","T","$","R","$","?","?","R","B"],"character_chosen":"DEFECT","items_purchased":[],"campfire_rested":1,"item_purchase_floors":[],"current_hp_per_floor":[55,54,54,53,41,8,27,27,27,27,27,27,43,43,43,0,0],"gold":0,"neow_bonus":"ONE_RARE_RELIC","is_daily":false,"chose_seed":false,"campfire_upgraded":2,"win_rate":0.0,"timestamp":1611250589,"path_taken":["M","M","$","M","M","E","R","E","T","$","R","$","?","?","R","BOSS"],"items_purchased_type":[],"build_version":"2020-12-22","purchased_purges":2,"victory":false,"max_hp_per_floor":[64,64,64,64,64,64,64,64,64,64,64,64,64,64,64,64,64],"card_choices":[{"not_picked":["Melter","Redo"],"picked":"Gash","floor":1.0},{"not_picked":["Cold Snap","Force Field"],"picked":"Go for the Eyes","floor":2.0},{"not_picked":["Ball Lightning","Self Repair"],"picked":"Defragment","floor":4.0},{"not_picked":["Chaos","Stack"],"picked":"Conserve Battery","floor":5.0},{"not_picked":["FTL","Streamline"],"picked":"All For One","floor":6.0},{"not_picked":["Hologram","Coolheaded"],"picked":"Lockon","floor":8.0}],"player_experience":1066618,"relics_obtained":[{"floor":6.0,"key":"Shuriken"},{"floor":8.0,"key":"Bag of Preparation"},{"floor":9.0,"key":"Gremlin Horn"}],"event_choices":[{"damage_healed":16.0,"max_hp_gain":0.0,"max_hp_loss":0.0,"gold_gain":0.0,"event_name":"The Cleric","player_choice":"Healed","floor":13.0,"gold_loss":35.0,"damage_taken":0.0},{"damage_healed":0.0,"max_hp_gain":0.0,"max_hp_loss":0.0,"gold_gain":0.0,"event_name":"Golden Idol","player_choice":"Take Wound","floor":14.0,"gold_loss":0.0,"damage_taken":0.0,"relics_obtained":["Golden Idol"],"cards_obtained":["Injury"]}],"is_beta":false,"boss_relics":[],"items_purged_floors":[3,10],"is_endless":false,"potions_floor_spawned":[1,5,6,8],"killed_by":"The Guardian","ascension_level":19}}