{"host":"1mv6gj0zv8k9e9tz","time":1611253491,"event":{"mods":["AchievementEnabler","BaseMod","Better Third Choice","Colored Map","KOR Keyword Fix","Minty Spire (QoL Compilation)","Permanent Neow","Rare Cards Sparkle","StSLib"],"gold_per_floor":[369,122,122,140,159,159,192,192,273,273,291,291,306,337,337,413,413,430,430,430,443,453,453,468,468,492,492,502,534,29,39,39,110,110,123,123,43,53,66,66,66,66,90,108,108,52,70,80,80,80,80,80,24,56,56,56],"floor_reached":55,"language":"KOR","playtime":2216,"items_purged":["Strike_G","Writhe"],"score":1401,"play_id":"37b49c3f-2dae-4ed9-a876-c1639bab1238","local_time":"20210122032451","is_ascension_mode":true,"campfire_choices":[{"data":"Deadly Poison","floor":6.0,"key":"SMITH"},{"floor":8.0,"key":"REST"},{"data":"Neutralize","floor":10.0,"key":"SMITH"},{"floor":12.0,"key":"REST"},{"data":"Leg Sweep","floor":15.0,"key":"SMITH"},{"floor":23.0,"key":"REST"},{"data":"Deadly Poison","floor":25.0,"key":"SMITH"},{"floor":27.0,"key":"REST"},{"floor":32.0,"key":"REST"},{"data":"After Image","floor":40.0,"key":"SMITH"},{"data":"Catalyst","floor":42.0,"key":"SMITH"},{"data":"Footwork","floor":45.0,"key":"SMITH"},{"floor":49.0,"key":"RECALL"},{"data":"Calculated Gamble","floor":52.0,"key":"SMITH"}],"circlet_count":0,"master_deck":["AscendersBane","Strike_G","Defend_G","Defend_G","Defend_G","Survivor","Neutralize+1","Deadly Poison+1","Corpse Explosion","Deflect","Deadly Poison+1","Deadly Poison","Calculated Gamble","Leg Sweep+1","Noxious Fumes","Leg Sweep+1","Escape Plan+1","Adrenaline","Venomology","Catalyst+1","After Image+1","Calculated Gamble+1","Footwork+1","Blur","Blur","PiercingWail","Tactician+1"],"relics":["Ring of the Snake","PreservedInsect","Sundial","Mercury Hourglass","Velvet Choker","Pantograph","Toy Ornithopter","Lantern","Potion Belt","Empty Cage","Centennial Puzzle"],"acts_visited":["Exordium","TheCity","TheBeyond","TheEnding"],"potions_floor_usage":[55,55,55,55,55],"damage_taken":[{"damage":4.0,"enemies":"2 Louse","floor":1.0,"turns":4.0},{"damage":4.0,"enemies":"Jaw Worm","floor":4.0,"turns":4.0},{"damage":0.0,"enemies":"Cultist","floor":5.0,"turns":4.0},{"damage":28.0,"enemies":"Gremlin Nob","floor":7.0,"turns":4.0},{"damage":5.0,"enemies":"Gremlin Gang","floor":11.0,"turns":3.0},{"damage":0.0,"enemies":"2 Fungi Beasts","floor":13.0,"turns":2.0},{"damage":16.0,"enemies":"Lagavulin","floor":14.0,"turns":5.0},{"damage":0.0,"enemies":"Hexaghost","floor":16.0,"turns":8.0},{"damage":6.0,"enemies":"Shell Parasite","floor":18.0,"turns":6.0},{"damage":9.0,"enemies":"2 Thieves","floor":21.0,"turns":4.0},{"damage":23.0,"enemies":"Snake Plant","floor":22.0,"turns":5.0},{"damage":8.0,"enemies":"Chosen and Byrds","floor":24.0,"turns":5.0},{"damage":23.0,"enemies":"Centurion and Healer","floor":28.0,"turns":5.0},{"damage":17.0,"enemies":"Book of Stabbing","floor":29.0,"turns":5.0},{"damage":6.0,"enemies":"Snake Plant","floor":31.0,"turns":4.0},{"damage":38.0,"enemies":"Champ","floor":33.0,"turns":10.0},{"damage":12.0,"enemies":"3 Darklings","floor":35.0,"turns":3.0},{"damage":0.0,"enemies":"3 Shapes","floor":38.0,"turns":2.0},{"damage":19.0,"enemies":"Writhing Mass","floor":39.0,"turns":6.0},{"damage":0.0,"enemies":"4 Shapes","floor":44.0,"turns":2.0},{"damage":0.0,"enemies":"Jaw Worm Horde","floor":47.0,"turns":3.0},{"damage":0.0,"enemies":"Sphere and 2 Shapes","floor":48.0,"turns":5.0},{"damage":52.0,"enemies":"Time Eater","floor":50.0,"turns":10.0},{"damage":52.0,"enemies":"Shield and Spear","floor":54.0,"turns":6.0},{"damage":68,"enemies":"The Heart","floor":55,"turns":6}],"seed_played":"6708203900033939132","potions_obtained":[{"floor":4.0,"key":"DuplicationPotion"},{"floor":5.0,"key":"Fire Potion"},{"floor":7.0,"key":"FearPotion"},{"floor":14.0,"key":"Strength Potion"},{"floor":28.0,"key":"Poison Potion"},{"floor":29.0,"key":"SpeedPotion"},{"floor":31.0,"key":"Strength Potion"},{"floor":35.0,"key":"SpeedPotion"},{"floor":39.0,"key":"Swift Potion"},{"floor":47.0,"key":"Regen Potion"},{"floor":54.0,"key":"DistilledChaos"}],"is_trial":false,"path_per_floor":["M","$","?","M","M","R","E","R","T","R","M","R","M","E","R","B",null,"M","?","?","M","M","R","M","R","T","R","M","E","$","M","R","B",null,"M","?","$","M","M","R","?","R","T","M","R","$","M","M","R","B",null,"R","$","E","B"],"character_chosen":"THE_SILENT","items_purchased":["Corpse Explosion","Venomology","Catalyst","Potion Belt","Footwork","PiercingWail","Weak Potion"],"campfire_rested":5,"item_purchase_floors":[2,30,30,30,37,46,53],"current_hp_per_floor":[40,40,33,29,29,29,1,20,20,20,15,34,34,18,18,18,54,48,48,48,39,16,35,27,27,27,46,23,11,11,10,29,26,56,49,49,49,49,40,40,40,40,40,40,40,40,45,45,45,33,58,58,58,16,0,0],"gold":56,"neow_bonus":"TWO_FIFTY_GOLD","is_daily":false,"chose_seed":false,"campfire_upgraded":8,"win_rate":0.0,"timestamp":1611253491,"path_taken":["M","$","?","M","M","R","E","R","T","R","M","R","M","E","R","BOSS","M","?","?","M","M","R","M","R","T","R","M","E","$","M","R","BOSS","M","?","?","M","?","R","?","R","T","M","R","$","M","M","R","BOSS","R","$","E","BOSS"],"items_purchased_type":["Card","Card","Card","Relic","Card","Card","Potion"],"build_version":"2020-12-22","purchased_purges":2,"victory":false,"max_hp_per_floor":[66,66,66,66,66,66,66,66,66,66,66,66,66,66,66,66,66,66,66,66,66,66,66,66,66,66,66,66,66,66,66,66,66,66,66,66,66,66,66,66,66,66,66,66,66,66,66,66,66,66,66,66,66,66,66,66],"card_choices":[{"not_picked":["Cloak And Dagger","Quick Slash"],"picked":"Deadly Poison","floor":1.0},{"not_picked":["Blade Dance","Setup"],"picked":"Deflect","floor":4.0},{"not_picked":["Dodge and Roll","Deflect","Infinite Blades"],"picked":"SKIP","floor":5.0},{"not_picked":["Outmaneuver","Blade Dance"],"picked":"Deadly Poison","floor":7.0},{"not_picked":["Flying Knee","Setup"],"picked":"Deadly Poison","floor":11.0},{"not_picked":["Sucker Punch","Setup"],"picked":"Calculated Gamble","floor":13.0},{"not_picked":["Predator","PiercingWail"],"picked":"Leg Sweep","floor":14.0},{"not_picked":["Cloak And Dagger","Endless Agony","Dodge and Roll"],"picked":"SKIP","floor":18.0},{"not_picked":["Prepared+1","Flying Knee"],"picked":"Noxious Fumes","floor":21.0},{"not_picked":["Bane","Terror","Flying Knee"],"picked":"SKIP","floor":22.0},{"not_picked":["Dagger Throw","Terror"],"picked":"Leg Sweep+1","floor":24.0},{"not_picked":["Deflect","Deadly Poison"],"picked":"Escape Plan+1","floor":28.0},{"not_picked":["Dagger Throw","Bullet Time"],"picked":"Adrenaline","floor":29.0},{"not_picked":["Leg Sweep","Slice","Underhanded Strike"],"picked":"SKIP","floor":31.0},{"not_picked":["Tools of the Trade","Wraith Form v2"],"picked":"After Image","floor":33.0},{"not_picked":["Eviscerate+1","Riddle With Holes","Calculated Gamble"],"picked":"SKIP","floor":35.0},{"not_picked":["Deflect","Outmaneuver+1"],"picked":"Blur","floor":38.0},{"not_picked":["Dash","Quick Slash"],"picked":"Blur","floor":39.0},{"not_picked":["Slice+1","Expertise","Infinite Blades"],"picked":"SKIP","floor":44.0},{"not_picked":["Predator","Deflect","Bane"],"picked":"SKIP","floor":47.0},{"not_picked":["Tactician","Underhanded Strike+1","Outmaneuver+1"],"picked":"SKIP","floor":48.0},{"not_picked":["A Thousand Cuts","Dagger Throw"],"picked":"Tactician+1","floor":54.0}],"player_experience":540160,"relics_obtained":[{"floor":7.0,"key":"PreservedInsect"},{"floor":9.0,"key":"Sundial"},{"floor":14.0,"key":"Mercury Hourglass"},{"floor":26.0,"key":"Toy Ornithopter"},{"floor":29.0,"key":"Lantern"},{"floor":54.0,"key":"Centennial Puzzle"}],"event_choices":[{"cards_removed":["Defend_G"],"damage_healed":0.0,"max_hp_gain":0.0,"max_hp_loss":0.0,"gold_gain":0.0,"event_name":"Golden Wing","player_choice":"Card Removal","floor":3.0,"gold_loss":0.0,"damage_taken":7.0},{"damage_healed":0.0,"max_hp_gain":0.0,"max_hp_loss":0.0,"gold_gain":0.0,"event_name":"Vampires","player_choice":"Ignored","floor":19.0,"gold_loss":0.0,"damage_taken":0.0},{"damage_healed":0.0,"max_hp_gain":0.0,"max_hp_loss":0.0,"gold_gain":0.0,"event_name":"The Mausoleum","player_choice":"Opened","floor":20.0,"gold_loss":0.0,"damage_taken":0.0,"relics_obtained":["Pantograph"],"cards_obtained":["Writhe"]},{"damage_healed":0.0,"max_hp_gain":0.0,"max_hp_loss":0.0,"gold_gain":0.0,"cards_transformed":["Strike_G"],"event_name":"Transmorgrifier","player_choice":"Transformed","floor":36.0,"gold_loss":0.0,"damage_taken":0.0,"cards_obtained":["Calculated Gamble"]},{"cards_removed":["Defend_G"],"damage_healed":0.0,"max_hp_gain":0.0,"max_hp_loss":0.0,"gold_gain":0.0,"event_name":"Purifier","player_choice":"Purged","floor":41.0,"gold_loss":0.0,"damage_taken":0.0}],"is_beta":false,"boss_relics":[{"not_picked":["Black Star","Calling Bell"],"picked":"Velvet Choker"},{"not_picked":["Coffee Dripper","WristBlade"],"picked":"Empty Cage"}],"items_purged_floors":[2,30],"is_endless":false,"potions_floor_spawned":[4,5,7,14,28,29,31,35,39,47,54],"killed_by":"The Heart","ascension_level":18}}