{"host":"1dhlu4qzehvrzpot","time":1611233440,"event":{"mods":["2.2 Compatiblity","AchievementEnabler","BaseMod","Block Reminder","Minty Spire (QoL Compilation)","Permanent Neow","Quick Restart","Rare Cards Sparkle","Relic Stats","Say the Spire","Slay-I","StSLib","SuperFastMode"],"gold_per_floor":[13,23,23,23,47,61,61,105,105,105,123,141,141,182,182,182,182],"floor_reached":16,"language":"ENG","playtime":347,"items_purged":[],"score":157,"play_id":"42ee25ec-c1b8-4771-a123-51caea52a277","local_time":"20210121135040","is_ascension_mode":true,"campfire_choices":[{"data":"Zap","floor":7,"key":"SMITH"},{"data":"Consume","floor":10,"key":"SMITH"},{"floor":13,"key":"REST"},{"floor":15,"key":"REST"}],"circlet_count":0,"master_deck":["Strike_B","Strike_B","Strike_B","Strike_B","Defend_B","Defend_B","Defend_B","Defend_B","Zap+1","Dualcast","Hologram","White Noise","Injury","BootSequence","Consume+1","Consume","Conserve Battery"],"relics":["Cracked Core","Pocketwatch","Golden Idol","Cables","Happy Flower","Mummified Hand","Blood Vial"],"acts_visited":["Exordium"],"potions_floor_usage":[5,8,14],"damage_taken":[{"damage":0,"enemies":"Cultist","floor":1,"turns":3},{"damage":2,"enemies":"Jaw Worm","floor":2,"turns":4},{"damage":6,"enemies":"Small Slimes","floor":5,"turns":3},{"damage":11,"enemies":"Blue Slaver","floor":6,"turns":3},{"damage":25,"enemies":"3 Sentries","floor":8,"turns":6},{"damage":0,"enemies":"Large Slime","floor":11,"turns":4},{"damage":0,"enemies":"Red Slaver","floor":12,"turns":3},{"damage":42,"enemies":"Gremlin Nob","floor":14,"turns":4},{"damage":30,"enemies":"Hexaghost","floor":16,"turns":9}],"seed_played":"6654646988978435677","potions_obtained":[{"floor":2,"key":"EssenceOfSteel"},{"floor":6,"key":"SkillPotion"},{"floor":11,"key":"SpeedPotion"}],"is_trial":false,"path_per_floor":["M","M","?","T","M","M","R","E","T","R","M","M","R","E","R","B"],"character_chosen":"DEFECT","items_purchased":[],"campfire_rested":2,"item_purchase_floors":[],"current_hp_per_floor":[68,66,66,66,60,49,49,24,24,24,24,24,46,4,26,0,0],"gold":182,"neow_bonus":"ONE_RARE_RELIC","is_daily":false,"chose_seed":false,"campfire_upgraded":2,"win_rate":0.0,"timestamp":1611233440,"path_taken":["M","M","?","?","M","M","R","E","T","R","M","M","R","E","R","BOSS"],"items_purchased_type":[],"build_version":"2020-12-22","purchased_purges":0,"victory":false,"max_hp_per_floor":[75,75,75,75,75,75,75,75,75,75,75,75,75,75,75,75,75],"relic_stats":{"Blood Vial":2,"Happy Flower":[6],"counters":[9,39],"Golden Idol":33,"Mummified Hand":[4],"obtain_stats":[{"Blood Vial":14,"Happy Flower":8,"Golden Idol":3,"Mummified Hand":9,"Cracked Core":0,"Pocketwatch":0,"Cables":4},{"Blood Vial":8,"Happy Flower":5,"Golden Idol":2,"Mummified Hand":5,"Cracked Core":0,"Pocketwatch":0,"Cables":2},{"Blood Vial":30,"Happy Flower":19,"Golden Idol":7,"Mummified Hand":19,"Cracked Core":0,"Pocketwatch":0,"Cables":7}],"Pocketwatch":[39],"Cables":[24,24,0,0,0]},"card_choices":[{"not_picked":["Beam Cell","Gash"],"picked":"Hologram","floor":1},{"not_picked":["Stack","Rebound"],"picked":"White Noise","floor":2},{"not_picked":["Hello World","Redo","Leap"],"picked":"SKIP","floor":5},{"not_picked":["Gash","Chaos"],"picked":"BootSequence","floor":6},{"not_picked":["Sweeping Beam","Rebound"],"picked":"Consume","floor":8},{"not_picked":["Sweeping Beam","Recycle","Beam Cell"],"picked":"SKIP","floor":11},{"not_picked":["Stack","Skim"],"picked":"Consume","floor":12},{"not_picked":["Barrage","Sweeping Beam"],"picked":"Conserve Battery","floor":14}],"player_experience":532195,"relics_obtained":[{"floor":4,"key":"Cables"},{"floor":8,"key":"Happy Flower"},{"floor":9,"key":"Mummified Hand"},{"floor":14,"key":"Blood Vial"}],"event_choices":[{"damage_healed":0,"gold_gain":0,"player_choice":"Take Wound","damage_taken":0,"relics_obtained":["Golden Idol"],"max_hp_gain":0,"max_hp_loss":0,"event_name":"Golden Idol","floor":3,"gold_loss":0,"cards_obtained":["Injury"]}],"is_beta":false,"boss_relics":[],"items_purged_floors":[],"is_endless":false,"potions_floor_spawned":[2,6,11],"killed_by":"Hexaghost","ascension_level":8}}