{"host":"w3q5ijqu8eoknil3","time":1611249466,"event":{"mods":["AchievementEnabler","BaseMod","Block Reminder","Colored Map","Colored Powertips","Curses Come First","Dark Map","Minty Spire (QoL Compilation)","Quick Restart","Relic Stats","StSLib","ojb\u0027s Better Paths Mod","ojb\u0027s Info Mod","slay the spire mod where everything is the same but ironclad has a cowboy hat"],"gold_per_floor":[113,126,140,151,151,151,169,169,169,169,213,234,275,275,275,275,275],"floor_reached":16,"language":"ENG","playtime":452,"items_purged":[],"score":260,"play_id":"8b45bb4a-19c9-4272-995d-ec4ceb3289f8","local_time":"20210121171746","is_ascension_mode":true,"campfire_choices":[{"data":"Masterful Stab","floor":6,"key":"SMITH"},{"data":"Dash","floor":8,"key":"SMITH"},{"floor":15,"key":"REST"}],"circlet_count":0,"master_deck":["AscendersBane","Strike_G","Strike_G","Strike_G","Strike_G","Defend_G","Defend_G","Defend_G","Defend_G","Defend_G","Survivor","Neutralize","Bane","Masterful Stab+1","Dash+1","Crippling Poison","Footwork","Leg Sweep","Dagger Spray","Flying Knee","Wraith Form v2"],"relics":["Ring of the Snake","NeowsBlessing","Golden Idol","InkBottle","Pear","Smiling Mask"],"acts_visited":["Exordium"],"potions_floor_usage":[12,13],"damage_taken":[{"damage":0,"enemies":"2 Louse","floor":1,"turns":1},{"damage":0,"enemies":"Small Slimes","floor":2,"turns":1},{"damage":0,"enemies":"Jaw Worm","floor":3,"turns":1},{"damage":0,"enemies":"Looter","floor":4,"turns":3},{"damage":4,"enemies":"2 Fungi Beasts","floor":7,"turns":4},{"damage":25,"enemies":"3 Sentries","floor":11,"turns":15},{"damage":27,"enemies":"Gremlin Gang","floor":12,"turns":6},{"damage":0,"enemies":"Lagavulin","floor":13,"turns":5},{"damage":40,"enemies":"Hexaghost","floor":16,"turns":15}],"seed_played":"-7187587558446422725","potions_obtained":[{"floor":11,"key":"Weak Potion"},{"floor":12,"key":"SkillPotion"}],"is_trial":false,"path_per_floor":["M","M","M","M","?","R","M","R","T","?","E","M","E","?","R","B"],"character_chosen":"THE_SILENT","items_purchased":[],"campfire_rested":1,"item_purchase_floors":[],"current_hp_per_floor":[59,59,59,59,59,59,55,55,55,55,40,13,13,13,34,0,0],"gold":275,"neow_bonus":"THREE_ENEMY_KILL","is_daily":false,"chose_seed":false,"campfire_upgraded":2,"win_rate":0.0,"timestamp":1611249466,"path_taken":["M","M","M","M","?","R","M","R","T","?","E","M","E","?","R","BOSS"],"items_purchased_type":[],"build_version":"2020-12-22","purchased_purges":0,"victory":false,"max_hp_per_floor":[66,66,66,66,60,60,60,60,60,60,70,70,70,70,70,70,70],"relic_stats":{"counters":[9,51],"Golden Idol":25,"Smiling Mask":0,"obtain_stats":[{"Pear":11,"NeowsBlessing":0,"Golden Idol":5,"Smiling Mask":13,"InkBottle":9,"Ring of the Snake":0},{"Pear":6,"NeowsBlessing":0,"Golden Idol":4,"Smiling Mask":8,"InkBottle":5,"Ring of the Snake":0},{"Pear":25,"NeowsBlessing":0,"Golden Idol":6,"Smiling Mask":36,"InkBottle":10,"Ring of the Snake":0}],"InkBottle":[9],"Ring of the Snake":[18]},"card_choices":[{"not_picked":["Dodge and Roll","PiercingWail"],"picked":"Bane","floor":1},{"not_picked":["Poisoned Stab","Backflip"],"picked":"Masterful Stab","floor":2},{"not_picked":["Escape Plan","Leg Sweep"],"picked":"Dash","floor":3},{"not_picked":["PiercingWail","Outmaneuver"],"picked":"Crippling Poison","floor":4},{"not_picked":["Quick Slash","Dodge and Roll"],"picked":"Footwork","floor":7},{"not_picked":["Cloak And Dagger","Finisher"],"picked":"Dagger Spray","floor":11},{"not_picked":["Prepared","Deflect"],"picked":"Flying Knee","floor":12},{"not_picked":["Escape Plan","Crippling Poison"],"picked":"Wraith Form v2","floor":13}],"player_experience":1007436,"relics_obtained":[{"floor":9,"key":"InkBottle"},{"floor":11,"key":"Pear"},{"floor":13,"key":"Smiling Mask"}],"event_choices":[{"damage_healed":0,"gold_gain":0,"player_choice":"Lose Max HP","damage_taken":0,"relics_obtained":["Golden Idol"],"max_hp_gain":0,"max_hp_loss":6,"event_name":"Golden Idol","floor":5,"gold_loss":0},{"damage_healed":0,"gold_gain":0,"cards_transformed":["Strike_G"],"player_choice":"Change","damage_taken":0,"max_hp_gain":0,"max_hp_loss":0,"event_name":"Living Wall","floor":10,"gold_loss":0,"cards_obtained":["Leg Sweep"]},{"damage_healed":0,"gold_gain":0,"player_choice":"Ignored","damage_taken":0,"max_hp_gain":0,"max_hp_loss":0,"event_name":"Shining Light","floor":14,"gold_loss":0}],"is_beta":false,"boss_relics":[],"items_purged_floors":[],"is_endless":false,"potions_floor_spawned":[11,12],"killed_by":"Hexaghost","ascension_level":18}}