{"host":"vpaavrwbmey593fx","time":1611197339,"event":{"mods":["AchievementEnabler","BaseMod","Bestiary","Colored Map","Colored Powertips","DeckTracker","Minty Spire (QoL Compilation)","Relic Sorter"],"gold_per_floor":[115,134,134,157,172,172,215,215,240,258,272,79,79,79,79,204,204,220,241,13,13,33,33,48,48,48],"floor_reached":25,"language":"ENG","playtime":2451,"items_purged":[],"score":246,"play_id":"6dde9393-7cfb-4e76-84cc-115ef824564f","local_time":"20210120184859","is_ascension_mode":true,"campfire_choices":[{"data":"Chaos","floor":6.0,"key":"SMITH"},{"data":"Zap","floor":8.0,"key":"SMITH"},{"data":"Dualcast","floor":13.0,"key":"SMITH"},{"floor":15.0,"key":"REST"},{"data":"Defragment","floor":23,"key":"SMITH"}],"circlet_count":0,"master_deck":["Strike_B","Strike_B","Defend_B","Defend_B","Defend_B","Defend_B","Zap+1","Dualcast+1","Force Field","Conserve Battery","Leap","Chaos+1","Cold Snap","Seek","Echo Form","Rip and Tear","Hyperbeam","Defragment+1","Darkness","Rebound"],"relics":["Cracked Core","Nunchaku","Golden Idol","Boot","Busted Crown","Runic Capacitor"],"acts_visited":["Exordium","TheCity"],"potions_floor_usage":[24,25,25,25],"damage_taken":[{"damage":2.0,"enemies":"Small Slimes","floor":1.0,"turns":5.0},{"damage":0.0,"enemies":"2 Louse","floor":2.0,"turns":2.0},{"damage":2.0,"enemies":"Jaw Worm","floor":4.0,"turns":4.0},{"damage":4.0,"enemies":"Red Slaver","floor":5.0,"turns":4.0},{"damage":17.0,"enemies":"Lagavulin","floor":7.0,"turns":10.0},{"damage":1.0,"enemies":"Large Slime","floor":10.0,"turns":5.0},{"damage":15.0,"enemies":"Lots of Slimes","floor":11.0,"turns":4.0},{"damage":5.0,"enemies":"The Guardian","floor":16.0,"turns":14.0},{"damage":6.0,"enemies":"3 Byrds","floor":18.0,"turns":3.0},{"damage":0.0,"enemies":"Chosen","floor":19.0,"turns":6.0},{"damage":24,"enemies":"Snake Plant","floor":22,"turns":4},{"damage":19,"enemies":"Shelled Parasite and Fungi","floor":24,"turns":5},{"damage":44,"enemies":"Slavers","floor":25,"turns":4}],"seed_played":"-3029005732909832518","potions_obtained":[{"floor":1.0,"key":"DuplicationPotion"},{"floor":2.0,"key":"AttackPotion"},{"floor":11.0,"key":"Swift Potion"},{"floor":18.0,"key":"Regen Potion"},{"floor":24,"key":"Dexterity Potion"}],"is_trial":false,"path_per_floor":["M","M","?","M","M","R","E","R","T","M","M","$","R","?","R","B",null,"M","M","$","?","M","R","M","E"],"character_chosen":"DEFECT","items_purchased":["Echo Form","Rip and Tear","Runic Capacitor","Defragment"],"campfire_rested":1,"item_purchase_floors":[12,12,20,20],"current_hp_per_floor":[73,73,55,53,49,49,32,32,32,31,16,16,16,16,38,33,75,69,69,69,69,45,45,40,0,0],"gold":48,"neow_bonus":"TRANSFORM_CARD","is_daily":false,"chose_seed":false,"campfire_upgraded":4,"win_rate":0.0,"timestamp":1611197339,"path_taken":["M","M","?","M","M","R","E","R","T","M","M","$","R","?","R","BOSS","M","M","$","?","M","R","?","E"],"items_purchased_type":["Card","Card","Relic","Card"],"build_version":"2020-12-22","purchased_purges":0,"victory":false,"max_hp_per_floor":[75,75,75,75,75,75,75,75,75,75,75,75,75,75,75,75,75,75,75,75,75,75,75,75,75,75],"card_choices":[{"not_picked":["FTL","Fusion"],"picked":"Conserve Battery","floor":1.0},{"not_picked":["Steam","Auto Shields"],"picked":"Leap","floor":2.0},{"not_picked":["Turbo","Melter"],"picked":"Chaos","floor":4.0},{"not_picked":["Doom and Gloom","Gash"],"picked":"Cold Snap","floor":5.0},{"not_picked":["Melter","Rebound"],"picked":"Seek","floor":7.0},{"not_picked":["Auto Shields","Gash","Beam Cell"],"picked":"SKIP","floor":10.0},{"not_picked":["Beam Cell","Rip and Tear","Melter"],"picked":"SKIP","floor":11.0},{"not_picked":["Seek","Meteor Strike"],"picked":"Hyperbeam","floor":16.0},{"not_picked":["Conserve Battery"],"picked":"SKIP","floor":18.0},{"not_picked":["Ball Lightning"],"picked":"SKIP","floor":19.0},{"not_picked":[],"picked":"Rebound","floor":22},{"not_picked":["Rip and Tear+1"],"picked":"SKIP","floor":24}],"player_experience":228079,"relics_obtained":[{"floor":7.0,"key":"Boot"},{"floor":9.0,"key":"Nunchaku"}],"event_choices":[{"damage_healed":0.0,"max_hp_gain":0.0,"max_hp_loss":0.0,"gold_gain":0.0,"event_name":"Golden Idol","player_choice":"Take Damage","floor":3.0,"gold_loss":0.0,"damage_taken":18.0,"relics_obtained":["Golden Idol"]},{"damage_healed":0.0,"max_hp_gain":0.0,"max_hp_loss":0.0,"gold_gain":0.0,"event_name":"Dead Adventurer","player_choice":"Searched \u00270\u0027 times","floor":14.0,"gold_loss":0.0,"damage_taken":0.0},{"damage_healed":0,"gold_gain":0,"cards_transformed":["Strike_B"],"player_choice":"Transformed","damage_taken":0,"max_hp_gain":0,"max_hp_loss":0,"event_name":"Transmorgrifier","floor":21,"gold_loss":0,"cards_obtained":["Darkness"]}],"is_beta":false,"boss_relics":[{"not_picked":["Runic Dome","Empty Cage"],"picked":"Busted Crown"}],"items_purged_floors":[],"is_endless":false,"potions_floor_spawned":[1,2,11,18,24],"killed_by":"Slavers","ascension_level":4}}