{"host":"08z5bj28eube4vug","time":1611212406,"event":{"mods":["2.2 Compatiblity","Abigail Mod","Act Like it!","BaseMod","Beaked The Cultist","Bestiary","Friendly Minions","Gensokyo","GungeonMod","Hallownest","Kiyohime????","Koishi","Lobotomy","Marisa????????","Minty Spire (QoL Compilation)","Prisma Mod","Remilia??????","Replay The Spire","StSLib","Td1madao Mod","The Alterego","The Bug Knight","The Jungle","The Sage","The Senshi","The Servant 0.9.4","Waifu the Spire","WarShipGirlsR/????R mod","Yuri Mod"],"gold_per_floor":[119,143,143,155,170,205,205,234,259,259,284,42,42,58,58,155,155,171,181,20,20,32,32,32,32,84,84,3,3,18,18,18],"floor_reached":31,"language":"ENG","playtime":3469,"items_purged":[],"score":411,"play_id":"18c896d8-6d86-47b1-ace2-fc04c8063f9f","local_time":"20210121100006","is_ascension_mode":true,"campfire_choices":[{"data":"PrismaMod:ChloeCheapDefend","floor":7,"key":"SMITH"},{"floor":10,"key":"REST"},{"data":"AbbyMod:AdultWords","floor":13,"key":"SMITH"},{"data":"PrismaMod:IllyaCheapChannelDefend","floor":15,"key":"SMITH"},{"floor":23,"key":"REST"},{"data":"PrismaMod:ChloeAnyPowerTrace","floor":25,"key":"SMITH"}],"circlet_count":0,"master_deck":["PrismaMod:ChloeCommonAttack","PrismaMod:ChloeCommonAttack","PrismaMod:ChloeCommonAttack","PrismaMod:ChloeCommonAttack","PrismaMod:ChloeCommonAttack","PrismaMod:ChloeCommonDefend","PrismaMod:ChloeCommonDefend","PrismaMod:ChloeCommonDefend","PrismaMod:ChloeCommonDefend","PrismaMod:ChloeCommonDefend","PrismaMod:ChloeCheapAttack","PrismaMod:ChloeCheapDefend+1","Injury","PrismaMod:IllyaCheapChannelDefend+1","Wingbeat","AbbyMod:AdultWords+1","DemoMod:Invincible","HollowMod:CloakDash","MastersStateliness","PrismaMod:ChloeAnyPowerTrace+1","Wingbeat","alterego_mod:MagicResistance","Ghostly","Ghostly","Ghostly","Ghostly","Ghostly","PrismaMod:ChloeBetterTracePools","rmod:diamondstrike"],"relics":["PrismaMod:PrismaTraceOn","NeowsBlessing","Replay:Wax Seal","PrismaticShard","sagemod:Singing_Vial","InkBottle","Blood Vial","Prayer Wheel","yuri:PortableGlitches","Replay:Fungal Core","Happy Flower"],"acts_visited":["Exordium","TheCity"],"potions_floor_usage":[6,19,31,31],"damage_taken":[{"damage":0,"enemies":"Cultist","floor":1,"turns":1},{"damage":0,"enemies":"Jaw Worm","floor":4,"turns":1},{"damage":0,"enemies":"Small Slimes","floor":5,"turns":2},{"damage":31,"enemies":"Gremlin Nob","floor":6,"turns":5},{"damage":32,"enemies":"Lagavulin","floor":8,"turns":9},{"damage":0,"enemies":"3 Sentries","floor":11,"turns":8},{"damage":3,"enemies":"Blue Slaver","floor":14,"turns":2},{"damage":6,"enemies":"Hexaghost","floor":16,"turns":11},{"damage":12,"enemies":"2 Thieves","floor":18,"turns":3},{"damage":21,"enemies":"Snecko","floor":19,"turns":8},{"damage":32,"enemies":"3 Cultists","floor":22,"turns":7},{"damage":0,"enemies":"Colosseum Slavers","floor":27,"turns":5},{"damage":1,"enemies":"Sentry and Sphere","floor":30,"turns":7},{"damage":52,"enemies":"Cultist and Chosen","floor":31,"turns":12}],"seed_played":"6815446995478436780","potions_obtained":[{"floor":1,"key":"AttackPotion"},{"floor":16,"key":"Weak Potion"},{"floor":18,"key":"Elixir"},{"floor":22,"key":"Milkshake"}],"is_trial":false,"path_per_floor":["M","T","?","M","M","E","R","E","T","R","E","$","R","M","R","B",null,"M","M","$","?","M","R","?","R","T","?","$","?","M","M"],"character_chosen":"CHLOE","items_purchased":["yuri:PortableGlitches","PrismaMod:ChloeAnyPowerTrace","PrismaMod:ChloeBetterTracePools"],"campfire_rested":2,"item_purchase_floors":[12,20,28],"current_hp_per_floor":[68,68,68,68,68,37,37,5,5,27,29,29,29,28,28,24,62,52,33,33,33,3,25,25,25,25,27,27,27,28,0,0],"gold":18,"neow_bonus":"THREE_ENEMY_KILL","is_daily":false,"chose_seed":false,"campfire_upgraded":4,"win_rate":0.0,"timestamp":1611212406,"path_taken":["M","?","?","M","M","E","R","E","T","R","E","$","R","M","R","BOSS","M","M","$","?","?","R","?","R","T","?","$","?","M","M"],"items_purchased_type":["Relic","Card","Card"],"build_version":"2020-12-22","purchased_purges":0,"victory":false,"max_hp_per_floor":[75,75,75,75,75,75,75,75,75,75,75,75,75,75,75,75,75,75,75,75,75,75,75,37,37,37,37,37,37,37,37,37],"card_choices":[{"not_picked":["PrismaMod:ChloeDiscardRecovery","PrismaMod:ChloeCheapAttack","PrismaMod:ChloeUncommonAttack"],"picked":"SKIP","floor":1},{"not_picked":["HollowMod:NewJinnsSoul","WitchOfGreed"],"picked":"PrismaMod:IllyaCheapChannelDefend","floor":4},{"not_picked":["rmod:rockthrower","Horn","PrismaMod:IllyaBoysLove"],"picked":"SKIP","floor":5},{"not_picked":["AbbyMod:VoidHeretic","PrismaMod:IllyaHassanGift","PrismaMod:MiyuEvokeBuffStr"],"picked":"SKIP","floor":6},{"not_picked":["PrismaMod:IllyaAlice","beaked:RuinSticks"],"picked":"Wingbeat","floor":8},{"not_picked":["alterego_mod:Birthday","rmod:supportescort"],"picked":"AbbyMod:AdultWords","floor":11},{"not_picked":["rmod:aluminumsupply","AbbyMod:OldOneLimb","Manipulate"],"picked":"SKIP","floor":14},{"not_picked":["DemoMod:WhiteBlade","HollowMod:DungDefenderAura","Koishi:Possession"],"picked":"SKIP","floor":14},{"not_picked":["theSenshi:SailorCosmosAssists","EscapeVelocity"],"picked":"DemoMod:Invincible","floor":16},{"not_picked":["Rebound+1","sagemod:Mechanics_Break+1"],"picked":"HollowMod:CloakDash","floor":18},{"not_picked":["Bane+1","DemoMod:StickyCrossBow+1","PrismaMod:IllyaRubysPotion"],"picked":"SKIP","floor":18},{"not_picked":["Deflect","AbbyMod:Ygna+1"],"picked":"MastersStateliness","floor":19},{"not_picked":["HollowMod:Grubsong+1","Blizzard","rmod:maintain+1"],"picked":"SKIP","floor":19},{"not_picked":["yuri:ChibiInvasion+1","rmod:firesupport","Steam"],"picked":"Singing Bowl","floor":22},{"not_picked":["DarkSpark","Koishi:Vanish"],"picked":"alterego_mod:MagicResistance","floor":22},{"not_picked":["PrismaMod:IllyaDualEvoke+1","yuri:HeavierStrike"],"picked":"rmod:diamondstrike","floor":30},{"not_picked":["Amita","sagemod:Perplexing_Glare","Gash+1"],"picked":"SKIP","floor":30}],"player_experience":823040,"relics_obtained":[{"floor":2,"key":"Replay:Wax Seal"},{"floor":6,"key":"sagemod:Singing_Vial"},{"floor":8,"key":"InkBottle"},{"floor":9,"key":"Blood Vial"},{"floor":11,"key":"Prayer Wheel"},{"floor":26,"key":"Happy Flower"}],"event_choices":[{"damage_healed":0,"gold_gain":0,"player_choice":"Copied","damage_taken":0,"max_hp_gain":0,"max_hp_loss":0,"event_name":"Duplicator","floor":21,"gold_loss":0,"cards_obtained":["Wingbeat"]},{"damage_healed":0,"gold_gain":0,"player_choice":"Became a Ghost","damage_taken":0,"max_hp_gain":0,"max_hp_loss":38,"event_name":"Ghosts","floor":24,"gold_loss":0,"cards_obtained":["Ghostly","Ghostly","Ghostly","Ghostly","Ghostly"]},{"damage_healed":0,"gold_gain":0,"player_choice":"Fight","damage_taken":0,"max_hp_gain":0,"max_hp_loss":0,"event_name":"Colosseum","floor":27,"gold_loss":0},{"damage_healed":0,"gold_gain":0,"player_choice":"Fled From Nobs","damage_taken":0,"max_hp_gain":0,"max_hp_loss":0,"event_name":"Colosseum","floor":27,"gold_loss":0},{"damage_healed":0,"gold_gain":0,"player_choice":"Ignored","damage_taken":0,"max_hp_gain":0,"max_hp_loss":0,"event_name":"The Mausoleum","floor":29,"gold_loss":0}],"is_beta":false,"boss_relics":[{"not_picked":["Runic Dome","Empty Cage"],"picked":"Replay:Fungal Core"}],"items_purged_floors":[],"is_endless":false,"potions_floor_spawned":[1,16,18,22],"killed_by":"Cultist and Chosen","ascension_level":8}}