{"host":"uoq8e77duj6rs50g","time":1611260843,"event":{"mods":["BaseMod","Better Altar","Better Match","Better Note","Better Sensory Stone","Better Skull","Better Third Choice","BetterRewards","Block Reminder","ChefMod","Curses Come First","Hermit","Hubris","Ironclad Rager","Minty Spire (QoL Compilation)","Relic Stats","Replay The Spire","Shade Mod","StSLib","The Blue Laboratory","The Cursed","The Dragon Tamer","The Exalted","The Judge","The Marked","The Runesmith","The Servant 0.9.4","TheSwordswoman","Uncapped","WarShipGirlsR/????R mod"],"gold_per_floor":[109,109,109,120,70,96,96,96,176,187,37,70,70,89,89,187,187,201,211,231,248,248,274,29,29,54,54,72,1,26,44,44,148,148,160,160,160,174,99,129,129,139,139,174,174,97,113,0,0,0],"floor_reached":51,"language":"ENG","playtime":3388,"items_purged":["Strike_B"],"score":1035,"play_id":"f1264bb0-3bb7-48f6-8c38-01c988497021","local_time":"20210121152723","is_ascension_mode":true,"campfire_choices":[{"floor":7,"key":"REST"},{"floor":15,"key":"REST"},{"floor":27,"key":"REST"},{"data":"Capacitor","floor":32,"key":"SMITH"},{"floor":41,"key":"REST"},{"floor":49,"key":"REST"}],"circlet_count":0,"master_deck":["Strike_B","Defend_B","Defend_B","Defend_B","Zap","Dualcast","BasicCrystalCard","Crystallizer","Ball Lightning","Apotheosis+1","Capacitor+1","Compile Driver","Cold Snap","Fission","Consume+1","Darkness+1","Cold Snap+1","ReplayTheSpireMod:Calculation Training+1","Aggregate","Redo","BootSequence","Coolheaded","Sweeping Beam","Electrodynamics","CurseOfTheBell","Loop+1","Darkness+1","BasicCrystalCard","Sweeping Beam+1","Panic Button","Madness","Specialist","Blizzard","Leap+1"],"relics":["FrozenCore","Peace Pipe","Blue Candle","Bromod:ArcaneDeflection","Bromod:ArcaneConsequence","ReplayTheSpireMod:TigerMarble","MutagenicStrength","hubris:BundleOfHerbs","Onion Ring","Bronze Scales","hubris:DeckOfHolding","Calling Bell","hubris:ToyBattleship","Chameleon Ring","Replay:Kaleidoscope","hubris:Towel","Ancient Tea Set","Quantum Egg","Question Card","Red Mask"],"acts_visited":["Exordium","TheCity","TheBeyond"],"potions_floor_usage":[23,23,33,40,44,47,50,50],"damage_taken":[{"damage":1,"enemies":"Cultist","floor":1,"turns":4},{"damage":0,"enemies":"Small Slimes","floor":4,"turns":3},{"damage":25,"enemies":"Lagavulin","floor":6,"turns":6},{"damage":2,"enemies":"Jaw Worm","floor":10,"turns":2},{"damage":19,"enemies":"Replay:BlueRogue","floor":12,"turns":4},{"damage":14,"enemies":"Exordium Wildlife","floor":14,"turns":3},{"damage":0,"enemies":"The Guardian","floor":16,"turns":9},{"damage":0,"enemies":"Spheric Guardian","floor":18,"turns":4},{"damage":11,"enemies":"Chosen","floor":19,"turns":6},{"damage":19,"enemies":"Snecko","floor":20,"turns":6},{"damage":12,"enemies":"Chosen and Byrds","floor":21,"turns":4},{"damage":22,"enemies":"Slavers","floor":23,"turns":7},{"damage":0,"enemies":"Cultist and Chosen","floor":28,"turns":4},{"damage":0,"enemies":"Gremlin Leader","floor":30,"turns":4},{"damage":2,"enemies":"Snake Plant","floor":31,"turns":2},{"damage":0,"enemies":"Automaton","floor":33,"turns":8},{"damage":4,"enemies":"3 Shapes","floor":35,"turns":8},{"damage":21,"enemies":"3 Darklings","floor":38,"turns":5},{"damage":28,"enemies":"Giant Head","floor":40,"turns":10},{"damage":12,"enemies":"Jaw Worm Horde","floor":42,"turns":3},{"damage":0,"enemies":"R_Hoarder","floor":44,"turns":6},{"damage":8,"enemies":"Maw","floor":47,"turns":6},{"damage":37,"enemies":"Awakened One","floor":50,"turns":9}],"seed_played":"-2976246782234006982","potions_obtained":[{"floor":13,"key":"Toxic Potion"},{"floor":13,"key":"ColorlessPotion"},{"floor":13,"key":"CultistPotion"},{"floor":14,"key":"Fire Potion"},{"floor":28,"key":"FairyPotion"},{"floor":30,"key":"Fire Potion"},{"floor":38,"key":"blueLaboratory:RelayPotion"},{"floor":42,"key":"blueLaboratory:BottleOfVodka"},{"floor":44,"key":"PowerPotion"},{"floor":47,"key":"Milkshake"}],"is_trial":false,"path_per_floor":["M","?","?","M","?","E","R","?","T","M","$","E","?","M","R","B",null,"M","M","M","M","?","E","$","?","T","R","M","$","E","M","R","B",null,"M","?","?","M","$","E","R","M","T","E","?","$","M","?","R","B",null],"character_chosen":"DEFECT","items_purchased":["Bromod:ArcaneConsequence","Onion Ring","BootSequence","Blizzard"],"campfire_rested":5,"item_purchase_floors":[11,24,29,46],"current_hp_per_floor":[74,67,67,67,67,42,64,64,64,62,62,43,43,29,51,51,75,75,64,45,33,33,11,11,11,11,33,33,33,57,55,55,55,75,71,71,71,50,50,22,44,32,32,32,32,32,24,24,46,9],"gold":0,"neow_bonus":"ONE_RARE_RELIC","is_daily":false,"chose_seed":false,"campfire_upgraded":1,"win_rate":0.0,"timestamp":1611260843,"path_taken":["M","?","?","?","?","E","R","?","T","M","$","E","?","M","R","BOSS","M","?","M","M","?","E","$","?","T","R","M","?","E","M","R","BOSS","M","?","?","M","$","E","R","M","T","E","?","$","M","?","R","BOSS"],"items_purchased_type":["Relic","Relic","Card","Card"],"build_version":"2020-12-22","purchased_purges":1,"victory":true,"max_hp_per_floor":[75,75,75,75,75,75,75,75,75,75,75,75,75,75,75,75,75,75,75,75,75,75,75,75,75,75,75,75,75,75,75,75,75,75,75,75,75,75,75,75,75,75,75,75,75,75,75,75,75,75],"relic_stats":{"Peace Pipe":0,"counters":[23,122],"Blue Candle":[3],"Bronze Scales":[187],"Question Card":4,"obtain_stats":[{"Blue Candle":6,"Quantum Egg":43,"Replay:Kaleidoscope":34,"hubris:Towel":36,"Ancient Tea Set":40,"Question Card":44,"Bromod:ArcaneConsequence":11,"FrozenCore":17,"Peace Pipe":0,"Calling Bell":34,"Chameleon Ring":34,"Bromod:ArcaneDeflection":9,"MutagenicStrength":22,"Bronze Scales":26,"Onion Ring":24,"hubris:DeckOfHolding":30,"hubris:BundleOfHerbs":23,"ReplayTheSpireMod:TigerMarble":12,"hubris:ToyBattleship":34,"Red Mask":48,"Cracked Core":0},{"Blue Candle":3,"Quantum Egg":20,"Replay:Kaleidoscope":16,"hubris:Towel":17,"Ancient Tea Set":19,"Question Card":21,"Bromod:ArcaneConsequence":4,"FrozenCore":7,"Peace Pipe":0,"Calling Bell":16,"Chameleon Ring":16,"Bromod:ArcaneDeflection":3,"MutagenicStrength":11,"Bronze Scales":12,"Onion Ring":12,"hubris:DeckOfHolding":14,"hubris:BundleOfHerbs":12,"ReplayTheSpireMod:TigerMarble":5,"hubris:ToyBattleship":16,"Red Mask":22,"Cracked Core":0},{"Blue Candle":13,"Quantum Egg":101,"Replay:Kaleidoscope":76,"hubris:Towel":84,"Ancient Tea Set":99,"Question Card":107,"Bromod:ArcaneConsequence":15,"FrozenCore":31,"Peace Pipe":0,"Calling Bell":76,"Chameleon Ring":76,"Bromod:ArcaneDeflection":13,"MutagenicStrength":51,"Bronze Scales":58,"Onion Ring":58,"hubris:DeckOfHolding":66,"hubris:BundleOfHerbs":58,"ReplayTheSpireMod:TigerMarble":19,"hubris:ToyBattleship":76,"Red Mask":113,"Cracked Core":0}],"FrozenCore":[37]},"card_choices":[{"not_picked":["Go for the Eyes","Sweeping Beam"],"picked":"BasicCrystalCard","floor":1},{"not_picked":["Hyperbeam","Hologram"],"picked":"Crystallizer","floor":4},{"not_picked":["ReplaySort","Melter"],"picked":"Ball Lightning","floor":6},{"not_picked":["Self Repair","Panic Button"],"picked":"Capacitor","floor":10},{"not_picked":["Turbo","Beam Cell"],"picked":"Compile Driver","floor":12},{"not_picked":["Darkness","Ball Lightning"],"picked":"Cold Snap","floor":14},{"not_picked":["Amplify","hubris:Prefetch"],"picked":"Fission","floor":16},{"not_picked":["BasicCrystalCard","Steam Power+1"],"picked":"Consume+1","floor":18},{"not_picked":["Sweeping Beam","Go for the Eyes"],"picked":"Darkness+1","floor":19},{"not_picked":["Streamline+1","Ball Lightning"],"picked":"Cold Snap+1","floor":20},{"not_picked":["Streamline","Turbo"],"picked":"ReplayTheSpireMod:Calculation Training+1","floor":21},{"not_picked":["Blizzard+1","Doom and Gloom+1"],"picked":"Aggregate","floor":23},{"not_picked":["Undo","Leap"],"picked":"Redo","floor":28},{"not_picked":["Fission","Hello World"],"picked":"Coolheaded","floor":30},{"not_picked":["Turbo","Gash"],"picked":"Sweeping Beam","floor":31},{"not_picked":["Biased Cognition","Amplify"],"picked":"Electrodynamics","floor":33},{"not_picked":["Steam+1","ReplayTheSpireMod:Repulse"],"picked":"Loop+1","floor":35},{"not_picked":["Streamline+1","ReplaySort"],"picked":"Darkness+1","floor":38},{"not_picked":["Loop","Electrodynamics"],"picked":"BasicCrystalCard","floor":40},{"not_picked":["White Noise","BasicCrystalCard"],"picked":"Sweeping Beam+1","floor":42},{"not_picked":["Lockon+1","Coolheaded"],"picked":"Panic Button","floor":44},{"not_picked":["Forethought","PanicButton","Chrysalis"],"picked":"Madness","floor":45},{"not_picked":["Deep Breath","Apotheosis","Bandage Up"],"picked":"Specialist","floor":45},{"not_picked":["Glacier+1","Redo+1","hubris:Prefetch"],"picked":"Leap+1","floor":47}],"player_experience":423669,"relics_obtained":[{"floor":6,"key":"Blue Candle"},{"floor":9,"key":"Bromod:ArcaneDeflection"},{"floor":12,"key":"ReplayTheSpireMod:TigerMarble"},{"floor":23,"key":"hubris:BundleOfHerbs"},{"floor":26,"key":"Bronze Scales"},{"floor":30,"key":"hubris:DeckOfHolding"},{"floor":34,"key":"hubris:ToyBattleship"},{"floor":34,"key":"Chameleon Ring"},{"floor":34,"key":"Replay:Kaleidoscope"},{"floor":40,"key":"Ancient Tea Set"},{"floor":43,"key":"Quantum Egg"},{"floor":44,"key":"Question Card"}],"event_choices":[{"cards_removed":["hubris:Disease"],"damage_healed":0,"gold_gain":0,"player_choice":"Card Removal","damage_taken":7,"max_hp_gain":0,"max_hp_loss":0,"event_name":"Golden Wing","floor":2,"gold_loss":0},{"cards_removed":["Strike_B"],"damage_healed":0,"gold_gain":0,"player_choice":"Card Removal","damage_taken":0,"max_hp_gain":0,"max_hp_loss":0,"event_name":"Wheel of Change","floor":3,"gold_loss":0},{"cards_removed":["Defend_B"],"damage_healed":0,"gold_gain":0,"player_choice":"Card Removal","damage_taken":0,"max_hp_gain":0,"max_hp_loss":0,"event_name":"The Cleric","floor":5,"gold_loss":50},{"damage_healed":64,"gold_gain":0,"player_choice":"Embrace","damage_taken":0,"max_hp_gain":0,"max_hp_loss":75,"event_name":"betterThird:BetterShining","floor":8,"gold_loss":0},{"damage_healed":0,"gold_gain":0,"player_choice":"Got Potions","damage_taken":0,"max_hp_gain":0,"max_hp_loss":0,"event_name":"Lab","floor":13,"gold_loss":0},{"damage_healed":0,"gold_gain":0,"player_choice":"Inject Mutagens","damage_taken":0,"relics_obtained":["MutagenicStrength"],"max_hp_gain":0,"max_hp_loss":0,"event_name":"Drug Dealer","floor":22,"gold_loss":0},{"damage_healed":0,"gold_gain":3,"player_choice":"1","damage_taken":0,"max_hp_gain":0,"max_hp_loss":0,"event_name":"betterStone:BetterStone","floor":45,"gold_loss":0},{"damage_healed":0,"gold_gain":0,"player_choice":"Paid","damage_taken":0,"relics_obtained":["Red Mask"],"max_hp_gain":0,"max_hp_loss":0,"event_name":"Tomb of Lord Red Mask","floor":48,"gold_loss":113}],"is_beta":false,"boss_relics":[{"not_picked":["Tiny House","Runic Dome"],"picked":"FrozenCore"},{"not_picked":["Empty Cage","Replay:Ancient Bell"],"picked":"Calling Bell"}],"items_purged_floors":[39],"is_endless":false,"potions_floor_spawned":[14,16,18,21,28,30,38,42,44,47],"ascension_level":3}}