{"host":"1a3cjta80tad0aqj","time":1611238333,"event":{"mods":["2.2 Compatiblity","AchievementEnabler","BaseMod","Colored Map","DeckTracker","KOR Keyword Fix","Keyboard Shortcuts","Minty Spire (QoL Compilation)","Permanent Neow","Quick Restart","Random Character Button","StSLib","SuperFastMode","everything is the same but u backflip on backflip"],"gold_per_floor":[109,128,128,145,158,158,158,158,205,79,29,59,59,79,79,175,175,193,0,10,27,47,47,81,81,81,81,92,92,109,123,123,226,226,236,18,18,31,51,51,63,63,63,83,29,29,29,42,42,42,42],"floor_reached":50,"language":"KOR","playtime":2716,"items_purged":["Regret","Fission","Zap"],"score":549,"play_id":"108eee56-980e-4acb-8e55-03e7e149217f","local_time":"20210121231213","is_ascension_mode":true,"campfire_choices":[{"data":"Dualcast","floor":6.0,"key":"SMITH"},{"data":"Sunder","floor":8.0,"key":"SMITH"},{"data":"Sweeping Beam","floor":13.0,"key":"SMITH"},{"data":"Coolheaded","floor":15.0,"key":"SMITH"},{"data":"Defragment","floor":23.0,"key":"SMITH"},{"floor":25.0,"key":"REST"},{"data":"Sunder","floor":27.0,"key":"SMITH"},{"floor":32.0,"key":"REST"},{"data":"Beam Cell","floor":40.0,"key":"SMITH"},{"data":"Defragment","floor":42,"key":"SMITH"},{"floor":47,"key":"REST"},{"floor":49,"key":"REST"}],"circlet_count":0,"master_deck":["Dualcast+1","Gash","Coolheaded+1","Sunder+1","Sweeping Beam+1","FTL","Hologram","Seek","Sweeping Beam","Sunder+1","Steam Power","Defragment+1","Go for the Eyes","Gash","Conserve Battery","Beam Cell+1","Aggregate","Glacier","Cold Snap","Coolheaded","Ball Lightning","Reboot","All For One","Rebound+1","Consume","Turbo","Ball Lightning","Double Energy","Leap","Defragment+1","Double Energy+1","Reinforced Body+1","Compile Driver+1","Go for the Eyes","Turbo"],"relics":["Cracked Core","Smiling Mask","MealTicket","Bronze Scales","Oddly Smooth Stone","Pandora\u0027s Box","Akabeko","Strawberry","Gambling Chip","Nuclear Battery","Kunai"],"acts_visited":["Exordium","TheCity","TheBeyond"],"potions_floor_usage":[41,50],"damage_taken":[{"damage":0.0,"enemies":"2 Louse","floor":1.0,"turns":3.0},{"damage":1.0,"enemies":"Cultist","floor":2.0,"turns":4.0},{"damage":8.0,"enemies":"Small Slimes","floor":4.0,"turns":3.0},{"damage":0.0,"enemies":"Exordium Wildlife","floor":5.0,"turns":3.0},{"damage":0.0,"enemies":"2 Fungi Beasts","floor":14.0,"turns":1.0},{"damage":30.0,"enemies":"The Guardian","floor":16.0,"turns":9.0},{"damage":3.0,"enemies":"3 Byrds","floor":18.0,"turns":2.0},{"damage":8.0,"enemies":"Shell Parasite","floor":20.0,"turns":3.0},{"damage":5.0,"enemies":"Snecko","floor":21.0,"turns":3.0},{"damage":15.0,"enemies":"Snake Plant","floor":22.0,"turns":3.0},{"damage":30.0,"enemies":"Slavers","floor":24.0,"turns":3.0},{"damage":2.0,"enemies":"Centurion and Healer","floor":28.0,"turns":3.0},{"damage":1.0,"enemies":"Shelled Parasite and Fungi","floor":30.0,"turns":3.0},{"damage":4.0,"enemies":"3 Cultists","floor":31.0,"turns":3.0},{"damage":42.0,"enemies":"Automaton","floor":33.0,"turns":10.0},{"damage":4.0,"enemies":"Orb Walker","floor":35.0,"turns":2.0},{"damage":21.0,"enemies":"3 Shapes","floor":38.0,"turns":3.0},{"damage":22.0,"enemies":"Spire Growth","floor":39.0,"turns":6.0},{"damage":3,"enemies":"Maw","floor":41,"turns":7},{"damage":13,"enemies":"4 Shapes","floor":44,"turns":12},{"damage":27,"enemies":"3 Darklings","floor":48,"turns":6},{"damage":97,"enemies":"Donu and Deca","floor":50,"turns":10}],"seed_played":"8030050772342670064","potions_obtained":[{"floor":3.0,"key":"BlessingOfTheForge"},{"floor":3.0,"key":"Block Potion"},{"floor":3.0,"key":"GamblersBrew"},{"floor":14.0,"key":"FearPotion"},{"floor":20.0,"key":"Regen Potion"},{"floor":41,"key":"Strength Potion"}],"is_trial":false,"path_per_floor":["M","M","?","M","M","R","?","R","T","$","?","?","R","M","R","B",null,"M","$","M","M","M","R","E","R","T","R","M","?","M","M","R","B",null,"M","$","?","M","M","R","M","R","T","M","$","?","R","M","R","B"],"character_chosen":"DEFECT","items_purchased":["FTL","Akabeko","Consume","Turbo","Ball Lightning","Go for the Eyes"],"campfire_rested":4,"item_purchase_floors":[10,19,36,36,36,45],"current_hp_per_floor":[75,74,74,66,66,66,66,66,66,75,75,75,75,75,75,45,75,72,75,67,62,47,47,24,48,48,48,46,46,45,41,65,23,82,78,82,82,61,39,39,51,51,51,38,53,53,77,50,74,0,0],"gold":42,"neow_bonus":"RANDOM_COMMON_RELIC","is_daily":false,"chose_seed":false,"campfire_upgraded":8,"win_rate":0.0,"timestamp":1611238333,"path_taken":["M","M","?","M","?","R","?","R","T","$","?","?","R","M","R","BOSS","M","$","M","M","M","R","E","R","T","R","M","?","?","M","R","BOSS","M","$","?","?","?","R","M","R","T","M","$","?","R","M","R","BOSS"],"items_purchased_type":["Card","Relic","Card","Card","Card","Card"],"build_version":"2020-12-22","purchased_purges":3,"victory":false,"max_hp_per_floor":[75,75,75,75,75,75,75,75,75,75,75,75,75,75,75,75,75,75,75,75,75,75,75,82,82,82,82,82,82,82,82,82,82,82,82,82,82,82,82,82,82,82,82,82,82,82,82,82,82,82,82],"card_choices":[{"not_picked":["Barrage","Stack"],"picked":"Gash","floor":1.0},{"not_picked":["Turbo","Compile Driver"],"picked":"Coolheaded","floor":2.0},{"not_picked":["Turbo","Lockon"],"picked":"Sunder","floor":4.0},{"not_picked":["Storm","Heatsinks"],"picked":"Sweeping Beam","floor":5.0},{"not_picked":["Sweeping Beam","Beam Cell"],"picked":"Hologram","floor":14.0},{"not_picked":["Rainbow","Buffer"],"picked":"Seek","floor":16.0},{"not_picked":["FTL","Force Field+1"],"picked":"Doom and Gloom","floor":18.0},{"not_picked":["Redo","Coolheaded"],"picked":"Conserve Battery","floor":20.0},{"not_picked":["Steam Power","Stack"],"picked":"Beam Cell","floor":21.0},{"not_picked":["Streamline","Redo"],"picked":"Aggregate","floor":22.0},{"not_picked":["Recycle","Reprogram"],"picked":"Glacier","floor":24.0},{"not_picked":["Hologram","Stack"],"picked":"Cold Snap","floor":28.0},{"not_picked":["Sweeping Beam+1","Reprogram+1"],"picked":"Ball Lightning","floor":30.0},{"not_picked":["Streamline+1","Beam Cell+1"],"picked":"Reboot","floor":31.0},{"not_picked":["Meteor Strike","Creative AI"],"picked":"All For One","floor":33.0},{"not_picked":["Force Field","Cold Snap"],"picked":"Rebound+1","floor":35.0},{"not_picked":["Leap","Gash"],"picked":"Defragment","floor":38.0},{"not_picked":["Force Field","Streamline"],"picked":"Double Energy+1","floor":39.0},{"not_picked":["Beam Cell+1","Rebound+1"],"picked":"Reinforced Body+1","floor":41},{"not_picked":["Streamline","Ball Lightning"],"picked":"Compile Driver+1","floor":44},{"not_picked":["Double Energy","Core Surge"],"picked":"Turbo","floor":48}],"player_experience":845139,"relics_obtained":[{"floor":9.0,"key":"Bronze Scales"},{"floor":24.0,"key":"Strawberry"},{"floor":26.0,"key":"Gambling Chip"},{"floor":43,"key":"Kunai"}],"event_choices":[{"damage_healed":0.0,"max_hp_gain":0.0,"max_hp_loss":0.0,"gold_gain":0.0,"event_name":"Lab","player_choice":"Got Potions","floor":3.0,"gold_loss":0.0,"damage_taken":0.0},{"damage_healed":0.0,"max_hp_gain":0.0,"max_hp_loss":0.0,"gold_gain":0.0,"event_name":"Big Fish","player_choice":"Box","floor":7.0,"gold_loss":0.0,"damage_taken":0.0,"relics_obtained":["MealTicket"],"cards_obtained":["Regret"]},{"cards_removed":["Strike_B"],"damage_healed":0.0,"max_hp_gain":0.0,"max_hp_loss":0.0,"gold_gain":0.0,"event_name":"The Cleric","player_choice":"Card Removal","floor":11.0,"gold_loss":50.0,"damage_taken":0.0},{"damage_healed":0.0,"max_hp_gain":0.0,"max_hp_loss":0.0,"gold_gain":30.0,"event_name":"Dead Adventurer","player_choice":"Searched \u00273\u0027 times","floor":12.0,"gold_loss":0.0,"damage_taken":0.0,"relics_obtained":["Oddly Smooth Stone"]},{"damage_healed":0.0,"max_hp_gain":0.0,"max_hp_loss":0.0,"gold_gain":0.0,"cards_transformed":["Doom and Gloom"],"event_name":"Transmorgrifier","player_choice":"Transformed","floor":29.0,"gold_loss":0.0,"damage_taken":0.0,"cards_obtained":["Coolheaded"]},{"damage_healed":0.0,"max_hp_gain":0.0,"max_hp_loss":0.0,"gold_gain":0.0,"event_name":"Match and Keep!","player_choice":"2 cards matched","floor":37.0,"gold_loss":0.0,"damage_taken":0.0,"cards_obtained":["Double Energy","Leap"]},{"damage_healed":0,"gold_gain":0,"player_choice":"Ignored","damage_taken":0,"max_hp_gain":0,"max_hp_loss":0,"event_name":"SecretPortal","floor":46,"gold_loss":0}],"is_beta":false,"boss_relics":[{"not_picked":["Cursed Key","Busted Crown"],"picked":"Pandora\u0027s Box"},{"not_picked":["Empty Cage","Calling Bell"],"picked":"Nuclear Battery"}],"items_purged_floors":[10,19,36],"is_endless":false,"potions_floor_spawned":[4,14,16,20,21,28,30,41],"killed_by":"Donu and Deca","ascension_level":3}}