{"host":"xu4bnwtq7hv5gr1m","time":1611231872,"event":{"mods":["Act Like it!","Aspiration","BaseMod","Conspire","Hermit","Hubris","Marked Mod","Minty Spire (QoL Compilation)","Pale of the Ancients","Replay The Spire","StSLib","vexMod","¡¾ÒÅÎï¿¨ÅÆ¡¿REMEMod"],"gold_per_floor":[114,114,191,207,226,252,266,266,266,292,306,306,306],"floor_reached":12,"language":"ZHS","playtime":589,"items_purged":[],"score":95,"play_id":"fae3e153-44c3-49c2-a0c4-2ee9327414b1","local_time":"20210121202432","is_ascension_mode":true,"campfire_choices":[{"data":"hermit:OverwhelmingPower","floor":8.0,"key":"SMITH"}],"circlet_count":0,"master_deck":["hermit:Strike_Hermit","hermit:Strike_Hermit","hermit:Strike_Hermit","hermit:Strike_Hermit","hermit:Defend_Hermit","hermit:Defend_Hermit","hermit:Defend_Hermit","hermit:Defend_Hermit","hermit:Snapshot","hermit:Covet","hermit:HighNoon+1","hermit:Ricochet","hermit:Snipe","hermit:HighCaliber","hermit:OverwhelmingPower+1","hermit:TakeAim","hermit:DeadMansHand"],"relics":["hermit:Momento","REME_ComplimentaryCards","Pen Nib","The Courier","Happy Flower"],"acts_visited":["Exordium"],"potions_floor_usage":[10],"damage_taken":[{"damage":0.0,"enemies":"Small Slimes","floor":1.0,"turns":3.0},{"damage":0.0,"enemies":"2 Louse","floor":4.0,"turns":2.0},{"damage":6.0,"enemies":"Jaw Worm","floor":5.0,"turns":5.0},{"damage":6.0,"enemies":"3 Sentries","floor":6.0,"turns":7.0},{"damage":6.0,"enemies":"Red Slaver","floor":7.0,"turns":3.0},{"damage":16,"enemies":"Lagavulin","floor":10,"turns":5},{"damage":10,"enemies":"2 Fungi Beasts","floor":11,"turns":3},{"damage":45,"enemies":"Gremlin Nob","floor":12,"turns":4}],"seed_played":"938698311148847122","potions_obtained":[{"floor":0.0,"key":"Doom Potion"},{"floor":0.0,"key":"EssenceOfSteel"},{"floor":0.0,"key":"Block Potion"},{"floor":10,"key":"SmokeBomb"}],"is_trial":false,"path_per_floor":["M","?","?","M","M","E","M","R","T","E","M","E"],"character_chosen":"HERMIT","items_purchased":[],"campfire_rested":0,"item_purchase_floors":[],"current_hp_per_floor":[75,75,75,75,69,63,57,57,57,41,31,0,0],"gold":306,"neow_bonus":"THREE_SMALL_POTIONS","is_daily":false,"chose_seed":false,"campfire_upgraded":1,"win_rate":0.0,"timestamp":1611231872,"path_taken":["M","?","?","M","M","E","M","R","T","E","M","E"],"items_purchased_type":[],"build_version":"2020-12-22","purchased_purges":0,"victory":false,"max_hp_per_floor":[75,75,75,75,75,75,75,75,75,75,75,75,75],"card_choices":[{"not_picked":["hermit:Misfire","hermit:Desperado"],"picked":"hermit:Ricochet","floor":1.0},{"not_picked":["hermit:Ricochet","hermit:Deadeye"],"picked":"hermit:Snipe","floor":4.0},{"not_picked":["hermit:Roulette","hermit:FinalCanter"],"picked":"hermit:HighCaliber","floor":5.0},{"not_picked":["hermit:Coalescence","hermit:Horror"],"picked":"hermit:OverwhelmingPower","floor":6.0},{"not_picked":["hermit:HighCaliber","hermit:Headshot","hermit:LowProfile"],"picked":"SKIP","floor":7.0},{"not_picked":["hermit:Desperado","hermit:Midnight"],"picked":"hermit:TakeAim","floor":10},{"not_picked":["hermit:Feint","hermit:Coalescence"],"picked":"hermit:DeadMansHand","floor":11}],"player_experience":741927,"relics_obtained":[{"floor":6.0,"key":"Pen Nib"},{"floor":9.0,"key":"The Courier"},{"floor":10,"key":"Happy Flower"}],"event_choices":[{"damage_healed":0.0,"max_hp_gain":0.0,"max_hp_loss":0.0,"gold_gain":0.0,"event_name":"Living Wall","player_choice":"Grow","floor":2.0,"gold_loss":0.0,"damage_taken":0.0,"cards_upgraded":["hermit:HighNoon"]},{"damage_healed":0.0,"max_hp_gain":0.0,"max_hp_loss":0.0,"gold_gain":77.0,"event_name":"Golden Wing","player_choice":"Gained Gold","floor":3.0,"gold_loss":0.0,"damage_taken":0.0}],"is_beta":false,"boss_relics":[],"items_purged_floors":[],"is_endless":false,"potions_floor_spawned":[10],"killed_by":"Gremlin Nob","ascension_level":1}}