{"host":"8i4doyxqctgl5qb0","time":1611252157,"event":{"mods":["AchievementEnabler","BaseMod","Block Reminder","Colored Powertips","Downfall","Minty Spire (QoL Compilation)","Permanent Neow","Potion Indicator Mod","Rare Cards Sparkle","StSLib","SuperFastMode","The Jungle"],"gold_per_floor":[99,119,136,147,166,179,251,251,275,375,375,375,47,122,140,238,238,138,193,45,97,97,97,97,97,102,102,102,2,9,61,113,243,302,302,356,510,187,206,206,206,252,252,305,333,123,23,45,73,103,103,172,64,64,74,92],"floor_reached":57,"language":"ZHS","playtime":3573,"items_purged":["Normality","downfall:Bewildered"],"score":1122,"play_id":"8c00ddeb-8740-4313-81ba-db3d66fc4279","local_time":"20210122020237","is_ascension_mode":false,"campfire_choices":[{"data":"sneckomod:TailWhip","floor":1.0,"key":"SMITH"},{"data":"sneckomod:WideSting","floor":8.0,"key":"SMITH"},{"data":"sneckomod:UnknownUncommonPower","floor":12.0,"key":"SMITH"},{"data":"sneckomod:GlitteringGambit","floor":18.0,"key":"SMITH"},{"floor":25.0,"key":"REST"},{"floor":27.0,"key":"RECALL"},{"data":"sneckomod:Transmogrify","floor":29.0,"key":"SMITH"},{"data":"sneckomod:UnendingSupply","floor":35.0,"key":"SMITH"},{"data":"sneckomod:SerpentMind","floor":40.0,"key":"SMITH"},{"floor":47.0,"key":"REST"},{"floor":54.0,"key":"REST"}],"circlet_count":0,"master_deck":["sneckomod:Strike+1","sneckomod:Strike+1","sneckomod:Defend+1","sneckomod:Defend+1","sneckomod:Defend+1","sneckomod:TailWhip+1","sneckomod:SnekBite","sneckomod:Unknown","sneckomod:Unknown","sneckomod:UnknownUncommonPower+1","sneckomod:UnknownBlock","sneckomod:QuickMove","sneckomod:WideSting+1","sneckomod:DiceCrush","sneckomod:Transmogrify+1","sneckomod:UnknownBoss","sneckomod:UnknownCommonAttack+1","sneckomod:GlitteringGambit+1","CurseOfTheBell","sneckomod:UnknownStrength+1","sneckomod:DiceBlock+1","sneckomod:SnekBeam+1","sneckomod:DiceCrush+1","sneckomod:RainOfDice+1","sneckomod:UnknownExhaust+1","sneckomod:SerpentIdol","sneckomod:QuickMove","sneckomod:UnlimitedRolls+1","sneckomod:UnendingSupply+1","sneckomod:WideSting+1","Decay","Doubt","sneckomod:SerpentMind+1","sneckomod:UnendingSupply+1","sneckomod:Cheat","sneckomod:QuickMove+1","sneckomod:ImprovisedGuard","sneckomod:QuickMove+1","sneckomod:CheapStock","sneckomod:WideSting+1","Bandage Up","sneckomod:RainOfDice+1","sneckomod:WideSting+1","sneckomod:DefensiveFlair","sneckomod:WideSting+1","sneckomod:RainOfDice+1","sneckomod:CheapStock+1","sneckomod:UnknownRareAttack+1","sneckomod:DefensiveFlair"],"relics":["Torii","CeramicFish","downfall:HeartBlessingBlue","Shovel","Juzu Bracelet","Gremlin Horn","Molten Egg 2","downfall:HeartBlessingRed","expansioncontent:StudyCardRelic","SacredBark","Akabeko","Tiny Chest","hexamod:CandleOfCauterizing","StrikeDummy","Tiny House","Shuriken","Du-Vu Doll","Bag of Marbles","Runic Pyramid","TungstenRod","downfall:HeartBlessingGreen","Pear","Blue Candle","Unceasing Top","Kunai","Slimebound:PreparedRelic","Toy Ornithopter","Orrery"],"acts_visited":["Exordium","TheCity","TheBeyond","TheEnding"],"potions_floor_usage":[],"damage_taken":[{"damage":1.0,"enemies":"Cultist","floor":2.0,"turns":3.0},{"damage":0.0,"enemies":"2 Louse","floor":3.0,"turns":2.0},{"damage":1.0,"enemies":"Jaw Worm","floor":4.0,"turns":3.0},{"damage":30.0,"enemies":"Lots of Slimes","floor":5.0,"turns":5.0},{"damage":0.0,"enemies":"Red Slaver","floor":6.0,"turns":4.0},{"damage":0.0,"enemies":"downfall:FleeingMerchant","floor":13.0,"turns":4.0},{"damage":23.0,"enemies":"Exordium Thugs","floor":15.0,"turns":4.0},{"damage":33.0,"enemies":"DF_ARCHETYPE_STREAMLINE","floor":16.0,"turns":10.0},{"damage":3.0,"enemies":"3 Byrds","floor":19.0,"turns":5.0},{"damage":14.0,"enemies":"downfall:FleeingMerchant","floor":20.0,"turns":4.0},{"damage":35.0,"enemies":"Chosen","floor":21.0,"turns":10.0},{"damage":3.0,"enemies":"downfall:FleeingMerchant","floor":26.0,"turns":4.0},{"damage":3.0,"enemies":"downfall:FleeingMerchant","floor":30.0,"turns":4.0},{"damage":20.0,"enemies":"Shelled Parasite and Fungi","floor":31.0,"turns":6.0},{"damage":28.0,"enemies":"Sentry and Sphere","floor":32.0,"turns":6.0},{"damage":29.0,"enemies":"SI_MIRROR_ARCHETYPE","floor":33.0,"turns":10.0},{"damage":0.0,"enemies":"3 Darklings","floor":36.0,"turns":5.0},{"damage":7.0,"enemies":"downfall:FleeingMerchant","floor":38.0,"turns":4.0},{"damage":16.0,"enemies":"3 Shapes","floor":39.0,"turns":3.0},{"damage":32.0,"enemies":"Nemesis","floor":42.0,"turns":4.0},{"damage":7.0,"enemies":"Jaw Worm Horde","floor":44.0,"turns":3.0},{"damage":0.0,"enemies":"4 Shapes","floor":45.0,"turns":1.0},{"damage":0.0,"enemies":"downfall:FleeingMerchant","floor":46.0,"turns":1.0},{"damage":16.0,"enemies":"Transient","floor":48.0,"turns":5.0},{"damage":0.0,"enemies":"Jaw Worm Horde","floor":49.0,"turns":1.0},{"damage":29.0,"enemies":"IC_BLOCK_ARCHETYPE","floor":50.0,"turns":8.0},{"damage":85.0,"enemies":"downfall:CharBossMerchant","floor":52.0,"turns":7.0},{"damage":25.0,"enemies":"downfall:NeowBoss","floor":55.0,"turns":14.0},{"damage":31,"enemies":"downfall:NeowBoss","floor":56,"turns":17}],"seed_played":"6878181256390391626","potions_obtained":[{"floor":3.0,"key":"GamblersBrew"},{"floor":15.0,"key":"sneckomod:CheatPotion"},{"floor":16.0,"key":"PowerPotion"},{"floor":19.0,"key":"EssenceOfSteel"},{"floor":34.0,"key":"Fire Potion"},{"floor":36.0,"key":"Ancient Potion"},{"floor":44.0,"key":"EntropicBrew"}],"is_trial":false,"path_per_floor":["R","M","M","M","M","M","T","R","T","?","?","R","$","T","M","B",null,"R","M","$","M","?","?","T","R","$","R","?","R","$","M","M","B",null,"R","M","?","$","M","R","T","E","?","M","M","$","R","M","M","B",null,"E","$","R","B","B",null],"character_chosen":"THE_SNECKO","items_purchased":["Torii","Juzu Bracelet","sneckomod:SnekBeam+1","Blue Candle","TungstenRod","sneckomod:CheapStock","sneckomod:WideSting+1","Bandage Up","Orrery"],"campfire_rested":3,"item_purchase_floors":[13,20,20,38,46,46,46,46,53],"current_hp_per_floor":[90,89,89,88,73,73,73,73,73,73,73,73,73,73,50,17,90,100,97,93,58,58,58,58,88,85,85,85,85,82,62,34,5,105,105,105,110,103,87,87,87,55,55,48,48,48,81,79,79,54,120,39,39,75,54,27],"gold":92,"neow_bonus":"BOSS_RELIC","is_daily":false,"chose_seed":false,"campfire_upgraded":7,"win_rate":0.0,"timestamp":1611252157,"path_taken":["R","M","M","?","M","M","T","R","?","?","?","R","?","?","M","BOSS","R","M","$","M","?","?","T","R","$","R","?","R","$","M","M","BOSS","BOSS","R","M","?","?","M","R","T","E","?","M","M","$","R","M","M","BOSS","E","$","R","BOSS","BOSS"],"items_purchased_type":["Relic","Relic","Card","Relic","Relic","Card","Card","Card","Relic"],"build_version":"2020-12-22","purchased_purges":2,"victory":true,"max_hp_per_floor":[90,90,90,90,90,90,90,90,90,90,90,90,90,90,90,90,90,100,100,100,100,100,100,100,100,100,100,100,100,100,100,100,100,105,105,105,110,110,110,110,110,110,110,110,110,110,110,120,120,120,120,120,120,120,120,120],"card_choices":[{"not_picked":["sneckomod:UnknownDraw","sneckomod:MixItUp"],"picked":"sneckomod:UnknownUncommonPower","floor":2.0},{"not_picked":["sneckomod:SoulDraw","sneckomod:IronFang"],"picked":"sneckomod:UnknownBlock","floor":3.0},{"not_picked":["sneckomod:SoulDraw","sneckomod:RainOfDice"],"picked":"sneckomod:QuickMove","floor":4.0},{"not_picked":["sneckomod:Unknown1Cost","sneckomod:RainOfDice"],"picked":"sneckomod:WideSting","floor":5.0},{"not_picked":["sneckomod:SoulRoll","sneckomod:UnknownBlock"],"picked":"sneckomod:DiceCrush","floor":6.0},{"not_picked":["sneckomod:CheapStock","sneckomod:RainOfDice+1"],"picked":"sneckomod:UnknownBoss","floor":13.0},{"not_picked":["sneckomod:Nope","sneckomod:Unknown1Cost"],"picked":"sneckomod:UnknownCommonAttack+1","floor":15.0},{"not_picked":["sneckomod:SoulExchange","sneckomod:Restock"],"picked":"sneckomod:GlitteringGambit","floor":16.0},{"not_picked":["sneckomod:QuickBite+1","sneckomod:UnknownClassRED"],"picked":"sneckomod:UnknownStrength+1","floor":19.0},{"not_picked":["sneckomod:SoulDraw+1","sneckomod:IronFang+1"],"picked":"sneckomod:DiceBlock+1","floor":20.0},{"not_picked":["sneckomod:Rotation","sneckomod:RainOfDice+1"],"picked":"sneckomod:DiceCrush+1","floor":21.0},{"not_picked":["sneckomod:UnknownWeak+1","sneckomod:SoulRoll"],"picked":"sneckomod:RainOfDice+1","floor":26.0},{"not_picked":["sneckomod:UnknownVulnerable","sneckomod:UnknownStrike+1"],"picked":"sneckomod:UnknownExhaust+1","floor":30.0},{"not_picked":["sneckomod:UnknownBlock","sneckomod:UnknownRarePower"],"picked":"sneckomod:SerpentIdol","floor":31.0},{"not_picked":["sneckomod:UnknownExhaust","sneckomod:SoulRoll+1"],"picked":"sneckomod:QuickMove","floor":32.0},{"not_picked":["sneckomod:UnknownRarePower","sneckomod:UnknownRareSkill"],"picked":"sneckomod:UnlimitedRolls","floor":33.0},{"not_picked":["sneckomod:UnknownStrike+1","sneckomod:UnknownWeak"],"picked":"sneckomod:UnendingSupply","floor":34.0},{"not_picked":["sneckomod:Unknown1Cost+1","sneckomod:RainOfDice+1"],"picked":"sneckomod:WideSting+1","floor":36.0},{"not_picked":["sneckomod:RainOfDice+1","sneckomod:SoulDraw+1"],"picked":"sneckomod:UnendingSupply+1","floor":38.0},{"not_picked":["sneckomod:UnknownBlock","sneckomod:UnknownDraw","sneckomod:Unknown3Cost"],"picked":"SKIP","floor":39.0},{"not_picked":["sneckomod:UnknownCommonAttack+1","sneckomod:UnknownStrength"],"picked":"sneckomod:Cheat","floor":42.0},{"not_picked":["sneckomod:UnknownCommonAttack+1","sneckomod:QuickBite+1"],"picked":"sneckomod:QuickMove+1","floor":44.0},{"not_picked":["sneckomod:PureSnecko+1","sneckomod:UnknownX"],"picked":"sneckomod:ImprovisedGuard","floor":45.0},{"not_picked":["sneckomod:Nope+1","sneckomod:MixItUp+1"],"picked":"sneckomod:QuickMove+1","floor":46.0},{"not_picked":["sneckomod:UnknownDraw+1","sneckomod:UnknownWeak"],"picked":"sneckomod:RainOfDice+1","floor":48.0},{"not_picked":["sneckomod:UnknownCommonSkill","sneckomod:ImprovisedAttack+1"],"picked":"sneckomod:WideSting+1","floor":49.0},{"not_picked":["sneckomod:Unknown3Cost","sneckomod:UnknownUncommonSkill"],"picked":"sneckomod:DefensiveFlair","floor":52.0},{"not_picked":["sneckomod:IronFang+1","sneckomod:UnknownDraw"],"picked":"sneckomod:WideSting+1","floor":53.0},{"not_picked":["sneckomod:UnknownCommonAttack+1","sneckomod:Unknown1Cost"],"picked":"sneckomod:RainOfDice+1","floor":53.0},{"not_picked":["sneckomod:UnknownUncommonPower+1","sneckomod:SoulRoll"],"picked":"sneckomod:CheapStock+1","floor":53.0},{"not_picked":["sneckomod:UnknownDraw","sneckomod:UnknownUncommonAttack+1"],"picked":"sneckomod:UnknownRareAttack+1","floor":53.0},{"not_picked":["sneckomod:SoulRoll","sneckomod:QuickMove+1"],"picked":"sneckomod:DefensiveFlair","floor":53.0}],"player_experience":241007,"relics_obtained":[{"floor":7.0,"key":"Molten Egg 2"},{"floor":9.0,"key":"Tiny Chest"},{"floor":17.0,"key":"CeramicFish"},{"floor":17.0,"key":"Gremlin Horn"},{"floor":17.0,"key":"Shovel"},{"floor":20.0,"key":"Shovel"},{"floor":21.0,"key":"Gremlin Horn"},{"floor":21.0,"key":"Slimebound:PreparedRelic"},{"floor":24.0,"key":"hexamod:CandleOfCauterizing"},{"floor":26.0,"key":"Ornamental Fan"},{"floor":26.0,"key":"Molten Egg 2"},{"floor":30.0,"key":"expansioncontent:StudyCardRelic"},{"floor":30.0,"key":"SacredBark"},{"floor":31.0,"key":"Akabeko"},{"floor":31.0,"key":"Tiny Chest"},{"floor":32.0,"key":"Shuriken"},{"floor":32.0,"key":"hexamod:CandleOfCauterizing"},{"floor":33.0,"key":"StrikeDummy"},{"floor":33.0,"key":"Shuriken"},{"floor":36.0,"key":"HornCleat"},{"floor":36.0,"key":"Shuriken"},{"floor":41.0,"key":"Bag of Marbles"},{"floor":42.0,"key":"Runic Pyramid"},{"floor":42.0,"key":"Guardian:GemstoneGun"},{"floor":48.0,"key":"Pear"},{"floor":48.0,"key":"Blue Candle"},{"floor":49.0,"key":"Unceasing Top"},{"floor":49.0,"key":"Guardian:GemstoneGun"},{"floor":52.0,"key":"Kunai"},{"floor":52.0,"key":"Slimebound:PreparedRelic"},{"floor":52.0,"key":"Toy Ornithopter"}],"event_choices":[{"damage_healed":0.0,"max_hp_gain":0.0,"max_hp_loss":0.0,"gold_gain":0.0,"cards_transformed":["sneckomod:Strike"],"event_name":"Living Wall","player_choice":"Change","floor":11.0,"gold_loss":0.0,"damage_taken":0.0,"cards_obtained":["sneckomod:Transmogrify"]}],"is_beta":false,"boss_relics":[{"not_picked":["Fusion Hammer","sneckomod:SneckoTalon"],"picked":"Calling Bell"},{"not_picked":["Pandora\u0027s Box","Runic Dome"],"picked":"Tiny House"}],"items_purged_floors":[38,46],"is_endless":false,"potions_floor_spawned":[3,15,16,19,21,36,42,44,49],"ascension_level":0}}