{"host":"n39boiglbe3idevz","time":1611245079,"event":{"mods":["BaseMod","Downfall","Minty Spire (QoL Compilation)","Quick Restart","StSLib","The Factory","The Jungle"],"gold_per_floor":[99,110,110,122,122,107,107,133,143,218,218,393,393,6,25,127,127,127,143,143,162,175,175,175,187,187,200,218,18,31,51,61,61,61,61],"floor_reached":33,"language":"ENG","playtime":1511,"items_purged":["Normality"],"score":401,"play_id":"9e2af494-2308-4c0e-a6a5-5a7488a5c634","local_time":"20210121170438","is_ascension_mode":false,"campfire_choices":[{"data":"Slimebound:Tackle","floor":1.0,"key":"SMITH"},{"floor":11,"key":"REST"},{"data":"Slimebound:DouseInSlime","floor":18,"key":"SMITH"},{"data":"Slimebound:FormOfPuddle","floor":23,"key":"SMITH"},{"floor":26,"key":"REST"},{"floor":29,"key":"REST"}],"circlet_count":0,"master_deck":["Slimebound:Strike_Slimebound","Slimebound:Strike_Slimebound","Slimebound:Strike_Slimebound","Slimebound:Tackle+1","Slimebound:Defend_Slimebound","Slimebound:Defend_Slimebound","Slimebound:Defend_Slimebound","Slimebound:Defend_Slimebound+1","Slimebound:Split","Slimebound:CorrosiveSpit","Slimebound:SplitBruiser+1","Slimebound:PressTheAttack","Writhe","downfall:Icky","downfall:Icky","Slimebound:SplitAcid","Injury","Slimebound:DouseInSlime+1","Slimebound:FormOfPuddle+1","Parasite","Slimebound:MegaLick+1","Slimebound:ProtectTheBoss","Slimebound:PrepareCrush","Slimebound:SplitAcid","Regret","Slimebound:SlimeSpikes","Slimebound:MinionMaster","Slimebound:Equalize+1","Slimebound:LeadByExample","Slimebound:SlimeSpikes+1"],"relics":["Slimebound:AbsorbEndCombat","Cursed Key","Darkstone Periapt","War Paint","Sling","Akabeko","Philosopher\u0027s Stone","downfall:HeartBlessingBlue","downfall:HeartBlessingGreen"],"acts_visited":["Exordium","TheCity"],"potions_floor_usage":[9,16,32,33,33,33,33,33],"damage_taken":[{"damage":6.0,"enemies":"2 Louse","floor":2.0,"turns":2.0},{"damage":1.0,"enemies":"Small Slimes","floor":4.0,"turns":3.0},{"damage":11.0,"enemies":"downfall:FleeingMerchant","floor":6.0,"turns":4.0},{"damage":51,"enemies":"Lagavulin","floor":8,"turns":8},{"damage":8,"enemies":"Jaw Worm","floor":9,"turns":2},{"damage":5,"enemies":"downfall:FleeingMerchant","floor":14,"turns":4},{"damage":22,"enemies":"Large Slime","floor":15,"turns":5},{"damage":40,"enemies":"IC_STATUS_ARCHETYPE","floor":16,"turns":8},{"damage":11,"enemies":"Chosen","floor":19,"turns":4},{"damage":7,"enemies":"Shell Parasite","floor":21,"turns":3},{"damage":22,"enemies":"Centurion and Healer","floor":22,"turns":5},{"damage":42,"enemies":"Shelled Parasite and Fungi","floor":25,"turns":5},{"damage":14,"enemies":"3 Cultists","floor":27,"turns":5},{"damage":16,"enemies":"Centurion and Healer","floor":28,"turns":3},{"damage":25,"enemies":"Sentry and Sphere","floor":30,"turns":4},{"damage":6,"enemies":"Snake Plant","floor":31,"turns":2},{"damage":19,"enemies":"Cultist and Chosen","floor":32,"turns":5},{"damage":65,"enemies":"DF_ARCHETYPE_CLAW","floor":33,"turns":6}],"seed_played":"-520754588067739089","potions_obtained":[{"floor":8,"key":"Weak Potion"},{"floor":15,"key":"Dexterity Potion"},{"floor":16,"key":"Ancient Potion"},{"floor":21,"key":"Slimebound:SlimyTonguePotion"},{"floor":22,"key":"SteroidPotion"},{"floor":31,"key":"EntropicBrew"}],"is_trial":false,"path_per_floor":["R","M","?","M","?","$","T","E","M","?","R","?","?","$","M","B",null,"R","M","?","M","M","R","T","M","R","M","M","R","M","M","M","B"],"character_chosen":"SLIMEBOUND","items_purchased":["Sling","Akabeko"],"campfire_rested":3,"item_purchase_floors":[14,14],"current_hp_per_floor":[71,65,70,71,71,64,64,17,13,13,35,41,67,62,42,10,88,88,81,73,70,54,54,60,24,52,44,32,73,48,52,47,0,0,0],"gold":61,"neow_bonus":"TEN_PERCENT_HP_BONUS","is_daily":false,"chose_seed":false,"campfire_upgraded":3,"win_rate":0.0,"timestamp":1611245078,"path_taken":["R","M","?","M","?","$","T","E","M","?","R","?","?","?","M","BOSS","R","M","?","?","M","R","T","M","R","M","M","R","?","M","M","BOSS"],"items_purchased_type":["Relic","Relic"],"build_version":"2020-12-22","purchased_purges":1,"victory":false,"max_hp_per_floor":[71,71,76,76,76,76,76,76,76,76,76,82,88,88,88,88,88,88,88,88,88,88,88,94,94,94,94,94,104,104,104,104,104,104,104],"card_choices":[{"not_picked":["Slimebound:SamplingLick","Slimebound:RollThrough"],"picked":"Slimebound:SplitBruiser","floor":2.0},{"not_picked":["Slimebound:FinishingTackle","Slimebound:ComboTackle"],"picked":"Slimebound:PressTheAttack","floor":4.0},{"not_picked":["Slimebound:Schlurp","Slimebound:Grow"],"picked":"Slimebound:SplitAcid","floor":6},{"not_picked":["Slimebound:TongueLash","Slimebound:SlimeSlap"],"picked":"Slimebound:DouseInSlime","floor":8},{"not_picked":["Slimebound:ItLooksTasty","Slimebound:GoopTackle"],"picked":"Slimebound:FormOfPuddle","floor":9},{"not_picked":["Slimebound:FlameTackle","Slimebound:LeechEnergy"],"picked":"Slimebound:MegaLick","floor":14},{"not_picked":["Slimebound:BestDefense","Slimebound:Chomp"],"picked":"Slimebound:ProtectTheBoss","floor":15},{"not_picked":["Slimebound:DuplicatedForm","Slimebound:DouseInSlime"],"picked":"Slimebound:PrepareCrush","floor":16},{"not_picked":["Slimebound:SlimeBrawl","Slimebound:GrowthPunch","Slimebound:ItLooksTasty"],"picked":"SKIP","floor":19},{"not_picked":["Slimebound:SplitLeeching","Slimebound:FinishingTackle+1"],"picked":"Slimebound:SplitAcid","floor":21},{"not_picked":["Slimebound:SplitLeeching","Slimebound:SplitBruiser","Slimebound:ComboTackle"],"picked":"SKIP","floor":22},{"not_picked":["Slimebound:GrowthPunch","Slimebound:RejuvenatingLick"],"picked":"Slimebound:SlimeSpikes","floor":25},{"not_picked":["Slimebound:Grow+1","Slimebound:SlimeSpikes","Slimebound:SamplingLick"],"picked":"SKIP","floor":27},{"not_picked":["Slimebound:ComboTackle","Slimebound:Gluttony"],"picked":"Slimebound:MinionMaster","floor":28},{"not_picked":["Slimebound:SamplingLick","Slimebound:Replication"],"picked":"Slimebound:Equalize+1","floor":30},{"not_picked":["Slimebound:Chomp","Slimebound:FinishingTackle"],"picked":"Slimebound:LeadByExample","floor":31},{"not_picked":["Slimebound:SamplingLick","Slimebound:DisruptingSlam"],"picked":"Slimebound:SlimeSpikes+1","floor":32}],"player_experience":103925,"relics_obtained":[{"floor":7,"key":"Darkstone Periapt"},{"floor":8,"key":"War Paint"}],"event_choices":[{"damage_healed":0.0,"max_hp_gain":5.0,"max_hp_loss":0.0,"gold_gain":0.0,"event_name":"Big Fish","player_choice":"Donut","floor":3.0,"gold_loss":0.0,"damage_taken":0.0},{"damage_healed":20,"gold_gain":0,"player_choice":"Healed and dodged fight","damage_taken":0,"max_hp_gain":0,"max_hp_loss":0,"event_name":"Mushrooms","floor":13,"gold_loss":0,"cards_obtained":["Parasite"]}],"is_beta":false,"boss_relics":[{"not_picked":["Black Star","Pandora\u0027s Box"],"picked":"Philosopher\u0027s Stone"}],"items_purged_floors":[14],"is_endless":false,"potions_floor_spawned":[8,15,16,21,22,27,31],"killed_by":"DF_ARCHETYPE_CLAW","ascension_level":0}}