{"host":"qsusua7l529r8z9k","time":1611242636,"event":{"mods":["BaseMod","Minty Spire (QoL Compilation)","Spicy Shops","StSLib"],"gold_per_floor":[114,35,35,99,149,149,182,242,242,267,267,283,300,331,331,403,403,423,483,63,113,124,124,124],"floor_reached":23,"language":"ZHS","playtime":716,"items_purged":["Establishment+1"],"score":572,"play_id":"334e28a6-0651-4e0d-be9e-07ee29f02fea","local_time":"20210121232356","is_ascension_mode":true,"campfire_choices":[{"data":"Vigilance","floor":6.0,"key":"SMITH"},{"floor":11.0,"key":"REST"},{"data":"Turbo","floor":15.0,"key":"SMITH"}],"circlet_count":0,"master_deck":["AscendersBane","Eruption+1","Vigilance+1","InnerPeace","Acrobatics","Turbo+1","Terror","Dagger Spray","Feed","Scrawl","Alpha","DevaForm+1","FearNoEvil","FearNoEvil","ClearTheMind","Establishment+1","Evaluate","Apotheosis+1","WindmillStrike","Indignation"],"relics":["PureWater","NeowsBlessing","PrismaticShard","SsserpentHead","Frozen Egg 2","White Beast Statue","Torii","The Courier","Pandora\u0027s Box","Vajra"],"acts_visited":["Exordium","TheCity"],"potions_floor_usage":[16,18,19,22],"damage_taken":[{"damage":0.0,"enemies":"Cultist","floor":1.0,"turns":1.0},{"damage":0.0,"enemies":"2 Louse","floor":4.0,"turns":1.0},{"damage":0.0,"enemies":"Gremlin Nob","floor":7.0,"turns":1.0},{"damage":2.0,"enemies":"Jaw Worm","floor":8.0,"turns":4.0},{"damage":45.0,"enemies":"3 Sentries","floor":10.0,"turns":11.0},{"damage":1.0,"enemies":"Exordium Thugs","floor":12.0,"turns":4.0},{"damage":0.0,"enemies":"3 Louse","floor":13.0,"turns":3.0},{"damage":16.0,"enemies":"Gremlin Nob","floor":14.0,"turns":3.0},{"damage":0,"enemies":"Slime Boss","floor":16,"turns":4},{"damage":0,"enemies":"Shell Parasite","floor":18,"turns":1},{"damage":29,"enemies":"Spheric Guardian","floor":19,"turns":4},{"damage":0,"enemies":"Centurion and Healer","floor":22,"turns":3},{"damage":36,"enemies":"Slavers","floor":23,"turns":2}],"seed_played":"-7934117114488374385","potions_obtained":[{"floor":10.0,"key":"Explosive Potion"},{"floor":12.0,"key":"Ancient Potion"},{"floor":13.0,"key":"DistilledChaos"},{"floor":14.0,"key":"PowerPotion"},{"floor":16,"key":"PowerPotion"},{"floor":18,"key":"CultistPotion"},{"floor":19,"key":"SpeedPotion"},{"floor":22,"key":"StancePotion"}],"is_trial":false,"path_per_floor":["M","$","?","M","?","R","E","M","T","E","R","M","M","E","R","B",null,"M","M","$","?","M","E"],"character_chosen":"WATCHER","items_purchased":["PrismaticShard","Vajra","Apotheosis","WindmillStrike","Indignation"],"campfire_rested":1,"item_purchase_floors":[2,20,20,20,20],"current_hp_per_floor":[61,61,61,61,61,61,61,59,59,14,34,33,33,17,17,20,58,58,29,29,29,33,0,0],"gold":124,"neow_bonus":"THREE_ENEMY_KILL","is_daily":false,"chose_seed":false,"campfire_upgraded":2,"win_rate":0.0,"timestamp":1611242636,"path_taken":["M","$","?","?","?","R","E","?","T","E","R","M","M","E","R","BOSS","M","?","$","?","M","E"],"items_purchased_type":["Relic","Relic","Card","Card","Card"],"build_version":"2020-12-22","purchased_purges":1,"victory":false,"max_hp_per_floor":[68,68,68,68,68,68,68,68,68,68,68,68,68,68,68,71,71,71,71,71,71,75,75,75],"card_choices":[{"not_picked":["EmptyBody","PathToVictory","LikeWater"],"picked":"SKIP","floor":1.0},{"not_picked":["Consecrate","EmptyBody","Worship"],"picked":"SKIP","floor":4.0},{"not_picked":["ThirdEye","Backflip"],"picked":"InnerPeace","floor":7.0},{"not_picked":["CrushJoints","Transmutation"],"picked":"Acrobatics","floor":8.0},{"not_picked":["Bandage Up","PiercingWail"],"picked":"Turbo","floor":10.0},{"not_picked":["Genetic Algorithm","Clash"],"picked":"Terror","floor":12.0},{"not_picked":["CutThroughFate","Thunderclap"],"picked":"Dagger Spray","floor":13.0},{"not_picked":["Acrobatics","Dash"],"picked":"Feed","floor":14.0},{"not_picked":["Judgement","Alpha"],"picked":"Scrawl","floor":16},{"not_picked":["Dodge and Roll","FlyingSleeves","Underhanded Strike"],"picked":"SKIP","floor":18},{"not_picked":["Prepared","Iron Wave","Scrape"],"picked":"SKIP","floor":19},{"not_picked":["Blade Dance","Turbo","All Out Attack"],"picked":"SKIP","floor":22}],"player_experience":430558,"relics_obtained":[{"floor":7.0,"key":"Frozen Egg 2"},{"floor":9.0,"key":"White Beast Statue"},{"floor":10.0,"key":"Torii"},{"floor":14.0,"key":"The Courier"}],"event_choices":[{"damage_healed":0.0,"max_hp_gain":0.0,"max_hp_loss":0.0,"gold_gain":0.0,"event_name":"FaceTrader","player_choice":"Trade","floor":3.0,"gold_loss":0.0,"damage_taken":0.0,"relics_obtained":["SsserpentHead"]},{"damage_healed":0.0,"max_hp_gain":0.0,"max_hp_loss":0.0,"gold_gain":0.0,"event_name":"Upgrade Shrine","player_choice":"Upgraded","floor":5.0,"gold_loss":0.0,"damage_taken":0.0,"cards_upgraded":["Eruption"]},{"damage_healed":0,"gold_gain":0,"player_choice":"Upgraded","damage_taken":0,"max_hp_gain":0,"max_hp_loss":0,"event_name":"Upgrade Shrine","floor":21,"gold_loss":0,"cards_upgraded":["Apotheosis"]}],"is_beta":false,"boss_relics":[{"not_picked":["Empty Cage","Velvet Choker"],"picked":"Pandora\u0027s Box"}],"items_purged_floors":[20],"is_endless":false,"potions_floor_spawned":[10,12,13,14,16,18,19,22],"killed_by":"Slavers","ascension_level":20}}