{"host":"eqvoimh73njwfgdh","time":1611269043,"event":{"mods":["AchievementEnabler","BaseMod","Better Altar","Better Match","Better Note","Better Sensory Stone","Better Skull","Better Third Choice","BetterRewards","Colored Powertips","Conspire","Energized Spire","Halation","Hubris","Infinite Spire","Minty Spire (QoL Compilation)","Permanent Neow","Rare Cards Sparkle","Relic Stats","Replay The Spire","Spicy Shops","StSLib","The Animator","The Blue Laboratory","vexMod"],"gold_per_floor":[119,135,135,151,151,180,180,205,205,205,223,237,266,266,266,373,373,393,393,393,42,59,86,86,97,97,124,124,17,35,53,53,150,150,164,186,201,1,14,14,14,14,14],"floor_reached":42,"language":"ENG","playtime":2539,"items_purged":[],"score":503,"play_id":"7f8326de-c6ea-411a-9747-aeaec58284d4","local_time":"20210121234403","is_ascension_mode":true,"campfire_choices":[{"floor":7,"key":"RECALL"},{"floor":10,"key":"REST"},{"floor":15,"key":"REST"},{"floor":24,"key":"REST"},{"floor":28,"key":"REST"},{"floor":32,"key":"REST"},{"floor":40,"key":"REST"}],"circlet_count":0,"master_deck":["animator:Strike_GoblinSlayer","animator:Defend_GoblinSlayer","animator:Strike","animator:Strike","animator:Strike","animator:Defend","animator:Defend","animator:Defend","animator:LizardPriest","animator:DwarfShaman","animator:ElricAlphonse","animator:ElricEdward","animator:MetalKnight","animator:DwarfShaman","animator:PandorasActor","animator:Tatsumaki","animator:DwarfShaman","animator:Priestess","animator:Shiro+1","Parasite","Neutralize","animator:Sora","animator:MisakiNakahara","hubris:Fate","animator:MaesHughes","conspire:NecroticWound","animator:Tatsumaki","animator:MaesHughes+1","animator:HiiragiShinya","animator:SwordMaiden","animator:DolaSchwi","animator:Priestess+1","animator:GazelDwargon","animator:Saitama","animator:Jibril+1","animator:GoblinSlayer","Parasite","animator:Priestess+1","animator:Mikaela"],"relics":["animator:LivingPicture","animator:TheMissingPiece","Nunchaku","halation:PinkSoulGem","infinitespire:WardingShard","animator:OldCoffin","hubris:Towel","ReplayTheSpireMod:SealedPack","infinitespire:FocusingShard","Thread and Needle","hubris:Metronome","Replay:Bottled Eggs","halation:PeacePiece","Cursed Key","Strange Spoon"],"acts_visited":["Exordium","TheCity","TheBeyond"],"potions_floor_usage":[8,16,30,31,37,39],"damage_taken":[{"damage":2,"enemies":"Jaw Worm","floor":1,"turns":4},{"damage":0,"enemies":"Small Slimes","floor":2,"turns":4},{"damage":0,"enemies":"2 Louse","floor":4,"turns":3},{"damage":20,"enemies":"Lagavulin","floor":6,"turns":7},{"damage":17,"enemies":"Gremlin Nob","floor":8,"turns":4},{"damage":3,"enemies":"conspire:2 RoseBushes","floor":11,"turns":5},{"damage":3,"enemies":"Blue Slaver","floor":12,"turns":4},{"damage":18,"enemies":"Lots of Slimes","floor":13,"turns":2},{"damage":0,"enemies":"Slime Boss","floor":16,"turns":7},{"damage":21,"enemies":"2 Thieves","floor":18,"turns":5},{"damage":0,"enemies":"Chosen","floor":22,"turns":6},{"damage":31,"enemies":"Slavers","floor":23,"turns":6},{"damage":0,"enemies":"3 Cultists","floor":25,"turns":1},{"damage":6,"enemies":"Cultist and Chosen","floor":27,"turns":7},{"damage":3,"enemies":"Snake Plant","floor":30,"turns":4},{"damage":5,"enemies":"Shelled Parasite and Fungi","floor":31,"turns":4},{"damage":0,"enemies":"Collector","floor":33,"turns":1},{"damage":0,"enemies":"Orb Walker","floor":35,"turns":4},{"damage":32,"enemies":"3 Darklings","floor":36,"turns":5},{"damage":22,"enemies":"Writhing Mass","floor":37,"turns":4},{"damage":5,"enemies":"Maw","floor":39,"turns":3},{"damage":33,"enemies":"Reptomancer","floor":42,"turns":2}],"seed_played":"9196552968505621824","potions_obtained":[{"floor":2,"key":"SpeedPotion"},{"floor":6,"key":"Languid Potion"},{"floor":11,"key":"DistilledChaos"},{"floor":23,"key":"blueLaboratory:PolymorphPotion"},{"floor":27,"key":"blueLaboratory:PolymorphPotion"},{"floor":37,"key":"Reflective Coating"}],"is_trial":false,"path_per_floor":["M","M","?","M","?","E","R","E","T","R","M","M","M","?","R","B",null,"M","?","?","$","M","E","R","M","T","M","R","$","M","M","R","B",null,"M","M","M","$","M","R","$","E"],"character_chosen":"THE_ANIMATOR","items_purchased":["Thread and Needle","animator:Tatsumaki","halation:PeacePiece","Strange Spoon","animator:Mikaela"],"campfire_rested":6,"item_purchase_floors":[21,21,29,38,38],"current_hp_per_floor":[64,64,64,64,64,44,44,27,27,46,43,40,22,22,41,41,61,40,40,40,40,40,9,29,30,30,24,44,44,41,36,56,56,65,66,34,12,12,7,27,27,0,0],"gold":14,"neow_bonus":"RANDOM_COMMON_RELIC","is_daily":false,"chose_seed":false,"campfire_upgraded":0,"win_rate":0.0,"timestamp":1611269043,"path_taken":["M","M","?","M","?","E","R","E","T","R","M","M","?","?","R","BOSS","M","?","?","$","M","E","R","M","T","M","R","?","M","M","R","BOSS","M","?","M","?","?","R","$","E"],"items_purchased_type":["Relic","Card","Relic","Relic","Card"],"build_version":"2020-12-22","purchased_purges":0,"victory":false,"max_hp_per_floor":[66,66,66,66,66,66,66,66,66,66,66,66,66,66,66,66,67,67,67,67,67,67,67,67,68,68,68,68,68,68,68,68,68,68,69,69,69,69,69,69,69,69,69],"relic_stats":{"Strange Spoon":[1],"Nunchaku":[12],"counters":[22,88],"Cursed Key":0,"obtain_stats":[{"hubris:Metronome":23,"animator:TheMissingPiece":0,"Thread and Needle":21,"ReplayTheSpireMod:SealedPack":17,"infinitespire:FocusingShard":20,"hubris:Towel":14,"halation:StarCompass":19,"Cursed Key":34,"Strange Spoon":38,"Nunchaku":0,"infinitespire:WardingShard":6,"animator:LivingPicture":0,"Replay:Bottled Eggs":26,"halation:PinkSoulGem":3,"animator:OldCoffin":8,"halation:PeacePiece":29},{"hubris:Metronome":12,"animator:TheMissingPiece":0,"Thread and Needle":10,"ReplayTheSpireMod:SealedPack":9,"infinitespire:FocusingShard":10,"hubris:Towel":8,"halation:StarCompass":10,"Cursed Key":17,"Strange Spoon":20,"Nunchaku":0,"infinitespire:WardingShard":4,"animator:LivingPicture":0,"Replay:Bottled Eggs":13,"halation:PinkSoulGem":2,"animator:OldCoffin":5,"halation:PeacePiece":14},{"hubris:Metronome":55,"animator:TheMissingPiece":0,"Thread and Needle":43,"ReplayTheSpireMod:SealedPack":38,"infinitespire:FocusingShard":43,"hubris:Towel":32,"halation:StarCompass":43,"Cursed Key":71,"Strange Spoon":83,"Nunchaku":0,"infinitespire:WardingShard":17,"animator:LivingPicture":0,"Replay:Bottled Eggs":56,"halation:PinkSoulGem":7,"animator:OldCoffin":21,"halation:PeacePiece":62}]},"card_choices":[{"not_picked":["animator:DolaStephanie","animator:WinryRockbell"],"picked":"animator:ElricAlphonse","floor":1},{"not_picked":["animator:Yoichi","animator:LizardPriest"],"picked":"animator:ElricEdward","floor":2},{"not_picked":["animator:Tyuule","animator:Souei"],"picked":"animator:MetalKnight","floor":4},{"not_picked":["animator:LizardPriest","animator:CowGirl"],"picked":"animator:DwarfShaman","floor":6},{"not_picked":["animator:Shalltear","animator:Sloth"],"picked":"animator:PandorasActor","floor":8},{"not_picked":["animator:Entoma","animator:WinryRockbell"],"picked":"animator:Tatsumaki","floor":11},{"not_picked":["animator:Kaijin","animator:RoyMustang"],"picked":"animator:DwarfShaman","floor":12},{"not_picked":["animator:GuildGirl","animator:LizardPriest"],"picked":"animator:Priestess","floor":13},{"not_picked":["animator:Albedo","animator:PinaCoLada"],"picked":"animator:Shiro","floor":16},{"not_picked":["hubris:MerchantsHand","Vigilance"],"picked":"Neutralize","floor":17},{"not_picked":["animator:Guren","animator:Greed"],"picked":"animator:Sora","floor":17},{"not_picked":["animator:MamizouFutatsuiwa","animator:NononJakuzure"],"picked":"animator:MisakiNakahara","floor":17},{"not_picked":["infinitespire:FutureSight","infinitespire:Starlight"],"picked":"hubris:Fate","floor":17},{"not_picked":["animator:Sloth","animator:FielNirvalen+1"],"picked":"animator:MaesHughes","floor":18},{"not_picked":["animator:PandorasActor","animator:Shigure"],"picked":"animator:MaesHughes+1","floor":22},{"not_picked":["animator:Kuribayashi","animator:Tyuule"],"picked":"animator:HiiragiShinya","floor":23},{"not_picked":["animator:Cocytus+1","animator:Mitsuba"],"picked":"animator:SwordMaiden","floor":25},{"not_picked":["animator:Evileye+1","animator:Yuuichirou"],"picked":"animator:DolaSchwi","floor":27},{"not_picked":["animator:DwarfShaman","animator:MaesHughes"],"picked":"animator:Priestess+1","floor":30},{"not_picked":["animator:MumenRider","animator:Mitsuba"],"picked":"animator:GazelDwargon","floor":31},{"not_picked":["animator:Greed","animator:Father"],"picked":"animator:Saitama","floor":33},{"not_picked":["animator:SilverFang+1","animator:DolaCouronne+1"],"picked":"animator:Jibril+1","floor":35},{"not_picked":["animator:WinryRockbell+1","animator:Pride"],"picked":"animator:GoblinSlayer","floor":36},{"not_picked":["animator:Shalltear+1","animator:YaoHaDucy"],"picked":"animator:Priestess+1","floor":37},{"not_picked":["animator:Demiurge","animator:ChlammyZell","animator:Entoma"],"picked":"SKIP","floor":39}],"player_experience":148386,"relics_obtained":[{"floor":6,"key":"infinitespire:WardingShard"},{"floor":8,"key":"animator:OldCoffin"},{"floor":23,"key":"hubris:Metronome"},{"floor":26,"key":"Replay:Bottled Eggs"}],"event_choices":[{"damage_healed":0,"gold_gain":0,"player_choice":"Leave","damage_taken":0,"max_hp_gain":0,"max_hp_loss":0,"event_name":"The Cleric","floor":5,"gold_loss":0}],"is_beta":false,"boss_relics":[{"not_picked":["animator:HolyGrailRelic","Calling Bell"],"picked":"ReplayTheSpireMod:SealedPack"},{"not_picked":["vexMod:TanglingVine","halation:CatFaceCupcake"],"picked":"Cursed Key"}],"items_purged_floors":[],"is_endless":false,"potions_floor_spawned":[2,6,11,23,27,37],"killed_by":"Reptomancer","ascension_level":5}}