{"host":"8xi53560pl5zaoq2","time":1611214100,"event":{"mods":["BaseMod","Bestiary","Colored Map","Highlight Path","Minty Spire (QoL Compilation)","StSLib","Synergy Search"],"gold_per_floor":[115,135,135,135,159,159,7,27,50,71,71,71,71,109,109,202,202,217,240,264,59,74,74,108,108,108,108,108],"floor_reached":27,"language":"ENG","playtime":1360,"items_purged":["Strike_R"],"score":439,"play_id":"3a8cc874-1e9c-446e-ab46-fc37804477af","local_time":"20210121002820","is_ascension_mode":true,"campfire_choices":[{"data":"Flame Barrier","floor":6,"key":"SMITH"},{"data":"Armaments","floor":11,"key":"SMITH"},{"data":"Bash","floor":13,"key":"SMITH"},{"data":"Berserk","floor":15,"key":"SMITH"},{"data":"Carnage","floor":23,"key":"SMITH"},{"data":"Cleave","floor":25,"key":"SMITH"}],"circlet_count":0,"master_deck":["AscendersBane","Strike_R","Strike_R","Strike_R","Strike_R","Defend_R","Defend_R","Defend_R","Bash+1","Flame Barrier+1","Shrug It Off","Clash","Carnage+1","Armaments+1","Berserk+1","Feed","Spot Weakness+1","Ghostly Armor","Shrug It Off","Cleave+1"],"relics":["Burning Blood","Smiling Mask","Golden Idol","Sling","Blood Vial","Regal Pillow","SlaversCollar","Lee\u0027s Waffle","Happy Flower","Question Card"],"acts_visited":["Exordium","TheCity"],"potions_floor_usage":[16],"damage_taken":[{"damage":5,"enemies":"Small Slimes","floor":1,"turns":4},{"damage":2,"enemies":"Cultist","floor":2,"turns":5},{"damage":0,"enemies":"2 Louse","floor":5,"turns":3},{"damage":2,"enemies":"Lots of Slimes","floor":8,"turns":6},{"damage":13,"enemies":"Looter","floor":10,"turns":4},{"damage":0,"enemies":"Lagavulin","floor":14,"turns":5},{"damage":24,"enemies":"Hexaghost","floor":16,"turns":8},{"damage":2,"enemies":"Shell Parasite","floor":18,"turns":6},{"damage":23,"enemies":"2 Thieves","floor":19,"turns":4},{"damage":35,"enemies":"Shelled Parasite and Fungi","floor":20,"turns":10},{"damage":12,"enemies":"Snake Plant","floor":22,"turns":5},{"damage":55,"enemies":"Gremlin Leader","floor":24,"turns":6},{"damage":36,"enemies":"Sentry and Sphere","floor":27,"turns":7}],"seed_played":"-639210546846998460","potions_obtained":[{"floor":5,"key":"Explosive Potion"},{"floor":12,"key":"DuplicationPotion"},{"floor":12,"key":"LiquidBronze"},{"floor":14,"key":"ColorlessPotion"},{"floor":16,"key":"HeartOfIron"},{"floor":19,"key":"Dexterity Potion"}],"is_trial":false,"path_per_floor":["M","M","?","?","M","R","$","M","T","M","R","?","R","E","R","B",null,"M","M","M","$","M","R","E","R","T","M"],"character_chosen":"IRONCLAD","items_purchased":["Sling","Lee\u0027s Waffle"],"campfire_rested":0,"item_purchase_floors":[7,21],"current_hp_per_floor":[69,73,55,55,61,61,61,65,65,60,60,60,60,68,68,52,69,79,62,39,90,84,84,37,37,37,3,3],"gold":108,"neow_bonus":"RANDOM_COMMON_RELIC","is_daily":false,"chose_seed":false,"campfire_upgraded":6,"win_rate":0.0,"timestamp":1611214100,"path_taken":["M","M","?","?","?","R","?","M","T","M","R","?","R","E","R","BOSS","M","?","M","$","?","R","E","R","T","M"],"items_purchased_type":["Relic","Relic"],"build_version":"2020-12-22","purchased_purges":1,"victory":false,"max_hp_per_floor":[75,75,75,75,75,75,75,75,75,75,75,75,75,75,75,75,75,79,79,83,90,90,90,90,90,90,90,90],"card_choices":[{"not_picked":["True Grit","Sword Boomerang"],"picked":"Flame Barrier","floor":1},{"not_picked":["Rupture","Pummel"],"picked":"Shrug It Off","floor":2},{"not_picked":["Burning Pact","Bloodletting"],"picked":"Clash","floor":5},{"not_picked":["Infernal Blade","Entrench"],"picked":"Carnage","floor":8},{"not_picked":["Second Wind","Hemokinesis"],"picked":"Armaments","floor":10},{"not_picked":["Perfected Strike","Armaments"],"picked":"Berserk","floor":14},{"not_picked":["Berserk","Double Tap"],"picked":"Feed","floor":16},{"not_picked":["Thunderclap","Warcry"],"picked":"Spot Weakness+1","floor":18},{"not_picked":["Rampage","Feel No Pain"],"picked":"Ghostly Armor","floor":19},{"not_picked":["Thunderclap","Armaments","Disarm"],"picked":"SKIP","floor":20},{"not_picked":["Thunderclap","Headbutt"],"picked":"Shrug It Off","floor":22},{"not_picked":["Seeing Red+1","Combust"],"picked":"Cleave","floor":24}],"player_experience":1305118,"relics_obtained":[{"floor":9,"key":"Blood Vial"},{"floor":14,"key":"Regal Pillow"},{"floor":24,"key":"Happy Flower"},{"floor":26,"key":"Question Card"}],"event_choices":[{"damage_healed":0,"gold_gain":0,"player_choice":"Take Damage","damage_taken":18,"relics_obtained":["Golden Idol"],"max_hp_gain":0,"max_hp_loss":0,"event_name":"Golden Idol","floor":3,"gold_loss":0},{"cards_removed":["Defend_R"],"damage_healed":0,"gold_gain":0,"player_choice":"Offered Basic","damage_taken":0,"max_hp_gain":0,"max_hp_loss":0,"event_name":"Bonfire Elementals","floor":4,"gold_loss":0},{"damage_healed":0,"gold_gain":0,"player_choice":"Got Potions","damage_taken":0,"max_hp_gain":0,"max_hp_loss":0,"event_name":"Lab","floor":12,"gold_loss":0}],"is_beta":false,"boss_relics":[{"not_picked":["Pandora\u0027s Box","Cursed Key"],"picked":"SlaversCollar"}],"items_purged_floors":[21],"is_endless":false,"potions_floor_spawned":[5,14,16,18,19],"killed_by":"Sentry and Sphere","ascension_level":14}}