{"host":"2se5dq1do2gp0x9k","time":1611206160,"event":{"mods":["AchievementEnabler","BaseMod","Block Reminder","Colored Map","Colored Powertips","Minty Spire (QoL Compilation)","Relic Stats","StSLib","SuperFastMode"],"gold_per_floor":[109,109,121,121,141,141,174,174,174,134,158,208,230,24,24,120,120,149,174,183,133,133,133,133],"floor_reached":23,"language":"ENG","playtime":651,"items_purged":["Strike_P","Strike_P"],"score":426,"play_id":"2e2d2840-3be7-40fc-9034-5d249dae2e39","local_time":"20210120211600","is_ascension_mode":true,"campfire_choices":[{"data":"Tantrum","floor":6.0,"key":"SMITH"},{"data":"Eruption","floor":8.0,"key":"SMITH"},{"floor":15.0,"key":"REST"}],"circlet_count":0,"master_deck":["AscendersBane","Defend_P+1","Defend_P","Defend_P","Defend_P","Eruption+1","Vigilance","SignatureMove","Tantrum+1","Crescendo+1","Protect","Halt","TalkToTheHand","DeceiveReality","ThirdEye","JustLucky","FlurryOfBlows","TalkToTheHand"],"relics":["PureWater","NeowsBlessing","Letter Opener","Golden Idol","War Paint","The Courier","CeramicFish","Membership Card","Empty Cage","Centennial Puzzle"],"acts_visited":["Exordium","TheCity"],"potions_floor_usage":[],"damage_taken":[{"damage":0.0,"enemies":"Small Slimes","floor":1.0,"turns":1.0},{"damage":0.0,"enemies":"2 Louse","floor":3.0,"turns":1.0},{"damage":0.0,"enemies":"Cultist","floor":5.0,"turns":1.0},{"damage":0.0,"enemies":"Lagavulin","floor":7.0,"turns":4.0},{"damage":3.0,"enemies":"Lots of Slimes","floor":11.0,"turns":3.0},{"damage":15.0,"enemies":"3 Sentries","floor":12.0,"turns":8.0},{"damage":7.0,"enemies":"3 Louse","floor":13.0,"turns":3.0},{"damage":17.0,"enemies":"The Guardian","floor":16.0,"turns":8.0},{"damage":2.0,"enemies":"Spheric Guardian","floor":18.0,"turns":3.0},{"damage":8.0,"enemies":"Shell Parasite","floor":19.0,"turns":2.0},{"damage":23,"enemies":"Slavers","floor":23,"turns":4}],"seed_played":"-8297803802324344251","potions_obtained":[{"floor":5.0,"key":"LiquidMemories"},{"floor":7.0,"key":"BottledMiracle"},{"floor":10.0,"key":"DistilledChaos"},{"floor":10.0,"key":"PowerPotion"},{"floor":12.0,"key":"BlessingOfTheForge"},{"floor":16.0,"key":"DuplicationPotion"},{"floor":18.0,"key":"Ambrosia"}],"is_trial":false,"path_per_floor":["M","?","M","?","M","R","E","R","T","?","M","E","M","$","R","B",null,"M","M","?","$","?","E"],"character_chosen":"WATCHER","items_purchased":["Membership Card","DeceiveReality","ThirdEye"],"campfire_rested":1,"item_purchase_floors":[14,14,14],"current_hp_per_floor":[61,26,26,26,26,26,26,26,26,26,23,8,1,1,19,2,47,45,37,37,37,37,14,14],"gold":133,"neow_bonus":"THREE_ENEMY_KILL","is_daily":false,"chose_seed":false,"campfire_upgraded":2,"win_rate":0.0,"timestamp":1611206160,"path_taken":["M","?","M","?","M","R","E","R","T","?","?","E","M","$","R","BOSS","M","?","?","?","?","E"],"items_purchased_type":["Relic","Card","Card"],"build_version":"2020-12-22","purchased_purges":2,"victory":false,"max_hp_per_floor":[68,68,68,62,62,62,62,62,62,62,62,62,62,62,62,62,62,62,62,62,62,62,62,62],"relic_stats":{"Centennial Puzzle":[3],"counters":[11,38],"Golden Idol":53,"CeramicFish":63,"Letter Opener":[75],"War Paint":["Defend_P","Crescendo"],"obtain_stats":[{"Centennial Puzzle":22,"NeowsBlessing":0,"Golden Idol":4,"CeramicFish":12,"The Courier":9,"Letter Opener":2,"Membership Card":14,"PureWater":0,"War Paint":7,"Empty Cage":17},{"Centennial Puzzle":10,"NeowsBlessing":0,"Golden Idol":2,"CeramicFish":6,"The Courier":4,"Letter Opener":1,"Membership Card":7,"PureWater":0,"War Paint":4,"Empty Cage":8},{"Centennial Puzzle":34,"NeowsBlessing":0,"Golden Idol":2,"CeramicFish":18,"The Courier":7,"Letter Opener":1,"Membership Card":21,"PureWater":0,"War Paint":7,"Empty Cage":29}]},"card_choices":[{"not_picked":["Crescendo","EmptyBody"],"picked":"SignatureMove","floor":1.0},{"not_picked":["Sanctity","TalkToTheHand"],"picked":"Tantrum","floor":3.0},{"not_picked":["CutThroughFate","SashWhip"],"picked":"Crescendo","floor":5.0},{"not_picked":["Consecrate","CrushJoints"],"picked":"Protect","floor":7.0},{"not_picked":["CrushJoints","Sanctity","Pray"],"picked":"SKIP","floor":11.0},{"not_picked":["Wireheading","Prostrate"],"picked":"Halt","floor":12.0},{"not_picked":["Prostrate","CutThroughFate"],"picked":"TalkToTheHand","floor":13.0},{"not_picked":["WheelKick","Evaluate"],"picked":"JustLucky","floor":18.0},{"not_picked":["BowlingBash","Prostrate"],"picked":"FlurryOfBlows","floor":19.0}],"player_experience":3927439,"relics_obtained":[{"floor":7.0,"key":"War Paint"},{"floor":9.0,"key":"The Courier"},{"floor":12.0,"key":"CeramicFish"}],"event_choices":[{"damage_healed":0.0,"max_hp_gain":0.0,"max_hp_loss":0.0,"gold_gain":0.0,"event_name":"Scrap Ooze","player_choice":"Success","floor":2.0,"gold_loss":0.0,"damage_taken":35.0,"relics_obtained":["Letter Opener"]},{"damage_healed":0.0,"max_hp_gain":0.0,"max_hp_loss":6.0,"gold_gain":0.0,"event_name":"Golden Idol","player_choice":"Lose Max HP","floor":4.0,"gold_loss":0.0,"damage_taken":0.0,"relics_obtained":["Golden Idol"]},{"damage_healed":0.0,"max_hp_gain":0.0,"max_hp_loss":0.0,"gold_gain":0.0,"event_name":"The Woman in Blue","player_choice":"Bought 3 Potions","floor":10.0,"gold_loss":0.0,"damage_taken":0.0},{"damage_healed":0.0,"max_hp_gain":0.0,"max_hp_loss":0.0,"gold_gain":0.0,"event_name":"The Library","player_choice":"Read","floor":20.0,"gold_loss":0.0,"damage_taken":0.0,"cards_obtained":["TalkToTheHand"]},{"damage_healed":0,"gold_gain":0,"player_choice":"Gave Potion","damage_taken":0,"relics_obtained":["Centennial Puzzle"],"max_hp_gain":0,"max_hp_loss":0,"event_name":"WeMeetAgain","floor":22,"gold_loss":0}],"is_beta":false,"boss_relics":[{"not_picked":["Calling Bell","HolyWater"],"picked":"Empty Cage"}],"items_purged_floors":[14,21],"is_endless":false,"potions_floor_spawned":[5,7,12,16,18],"killed_by":"Slavers","ascension_level":18}}