{"host":"hcfgv6p6h0ubjkk0","time":1611199103,"event":{"mods":["BaseMod","Downfall","Minty Spire (QoL Compilation)","Quick Restart","StSLib","The Cursed","The Forsaken"],"gold_per_floor":[99,119,36,36,52,52,106,120,120,120,148,298,298,326,340,340,340,340],"floor_reached":16,"language":"ENG","playtime":709,"items_purged":[],"score":108,"play_id":"74ded638-9e16-4c75-81fc-93cd6985c136","local_time":"20210121031823","is_ascension_mode":false,"campfire_choices":[{"data":"Guardian:TwinSlam","floor":1,"key":"SMITH"},{"data":"Guardian:VentSteam","floor":6,"key":"SMITH"},{"data":"Guardian:ShieldSpikes","floor":10,"key":"SMITH"},{"data":"Guardian:CurlUp","floor":13,"key":"SMITH"}],"circlet_count":0,"master_deck":["Guardian:Strike_Guardian","Guardian:Strike_Guardian","Guardian:Strike_Guardian","Guardian:Defend_Guardian","Guardian:Defend_Guardian","Guardian:Defend_Guardian","Guardian:Defend_Guardian","Guardian:CurlUp+1","Guardian:TwinSlam+1","Guardian:VentSteam+1","Guardian:ShieldSpikes+1","Guardian:TwinSlam+1","Guardian:EvasiveProtocol","downfall:Icky","Guardian:Gem_Red"],"relics":["Guardian:ModeShifter","Smiling Mask","MealTicket","Calipers"],"acts_visited":["Exordium"],"potions_floor_usage":[],"damage_taken":[{"damage":5,"enemies":"2 Louse","floor":2,"turns":3},{"damage":5,"enemies":"downfall:FleeingMerchant","floor":3,"turns":4},{"damage":1,"enemies":"Cultist","floor":5,"turns":4},{"damage":10,"enemies":"Small Slimes","floor":8,"turns":3},{"damage":14,"enemies":"Gremlin Nob","floor":11,"turns":4},{"damage":30,"enemies":"Lagavulin","floor":14,"turns":8},{"damage":7,"enemies":"2 Fungi Beasts","floor":15,"turns":4},{"damage":53,"enemies":"WA_ARCHETYPE_RETAIN","floor":16,"turns":15}],"seed_played":"970931178610260757","potions_obtained":[{"floor":2,"key":"SpeedPotion"},{"floor":5,"key":"Strength Potion"},{"floor":15,"key":"FairyPotion"}],"is_trial":false,"path_per_floor":["R","M","$","?","M","R","T","M","?","R","E","?","R","E","M","B"],"character_chosen":"GUARDIAN","items_purchased":["Guardian:ShieldSpikes"],"campfire_rested":0,"item_purchase_floors":[3],"current_hp_per_floor":[88,83,78,78,77,77,77,67,67,67,53,53,53,23,16,0,0,0],"gold":340,"neow_bonus":"TEN_PERCENT_HP_BONUS","is_daily":false,"chose_seed":false,"campfire_upgraded":4,"win_rate":0.0,"timestamp":1611199103,"path_taken":["R","M","$","?","?","R","T","M","?","R","E","?","R","E","M","BOSS"],"items_purchased_type":["Card"],"build_version":"2020-12-22","purchased_purges":0,"victory":false,"max_hp_per_floor":[88,88,88,88,88,88,88,88,88,88,88,88,88,88,88,88,88,88],"card_choices":[{"not_picked":["Guardian:TemporalShield","Guardian:Gem_Red"],"picked":"Guardian:Gem_White","floor":2},{"not_picked":["Guardian:RollAttack","Guardian:Reroute"],"picked":"Guardian:VentSteam","floor":3},{"not_picked":["Guardian:PiercingHide","Guardian:Planning"],"picked":"Guardian:Gem_Green","floor":5},{"not_picked":["Guardian:SentryBeam","Guardian:Repulse","Guardian:Planning"],"picked":"SKIP","floor":8},{"not_picked":["Guardian:ChargeCore","Guardian:SphericShield"],"picked":"Guardian:EvasiveProtocol","floor":11},{"not_picked":["Guardian:MultiBeam","Guardian:BronzeArmor","Guardian:Incinerate"],"picked":"SKIP","floor":14},{"not_picked":["Guardian:RefractedBeam","Guardian:GuardianWhirl"],"picked":"Guardian:Gem_Red","floor":15}],"player_experience":126734,"relics_obtained":[{"floor":7,"key":"Smiling Mask"},{"floor":11,"key":"MealTicket"},{"floor":14,"key":"Calipers"}],"event_choices":[],"is_beta":false,"boss_relics":[],"items_purged_floors":[],"is_endless":false,"potions_floor_spawned":[2,5,15],"killed_by":"WA_ARCHETYPE_RETAIN","ascension_level":0}}