{"host":"swphzoo6hmc78epl","time":1611192403,"event":{"mods":["BaseMod","Highlight Path","Minty Spire (QoL Compilation)","Quick Restart"],"gold_per_floor":[118,136,152,163,178,178,193,44,44,64,77,252,282,297,297,396,396,369,369],"floor_reached":18,"language":"ENG","playtime":1152,"items_purged":["Strike_G"],"score":184,"play_id":"83eda6ae-a95c-4348-9fe9-fbddb362b3f6","local_time":"20210120202643","is_ascension_mode":true,"campfire_choices":[{"data":"Dagger Spray","floor":6,"key":"SMITH"},{"data":"Wraith Form v2","floor":15,"key":"SMITH"}],"circlet_count":0,"master_deck":["Strike_G","Strike_G","Strike_G","Strike_G","Defend_G","Defend_G","Defend_G","Defend_G","Defend_G","Survivor","Neutralize","Dagger Spray+1","Flying Knee","Slice","Prepared","Backstab","Wraith Form v2+1","Skewer","Finisher","Caltrops","Doubt","Backflip","Poisoned Stab","Night Terror","Poisoned Stab"],"relics":["Ring of the Snake","NeowsBlessing","Question Card","Odd Mushroom","HoveringKite"],"acts_visited":["Exordium","TheCity"],"potions_floor_usage":[5,16],"damage_taken":[{"damage":0,"enemies":"Small Slimes","floor":1,"turns":1},{"damage":0,"enemies":"Jaw Worm","floor":2,"turns":1},{"damage":0,"enemies":"2 Louse","floor":3,"turns":1},{"damage":5,"enemies":"Blue Slaver","floor":4,"turns":4},{"damage":4,"enemies":"3 Louse","floor":5,"turns":4},{"damage":12,"enemies":"Looter","floor":7,"turns":3},{"damage":0,"enemies":"Large Slime","floor":10,"turns":3},{"damage":1,"enemies":"Exordium Thugs","floor":11,"turns":4},{"damage":3,"enemies":"The Mushroom Lair","floor":13,"turns":3},{"damage":6,"enemies":"Red Slaver","floor":14,"turns":4},{"damage":34,"enemies":"Hexaghost","floor":16,"turns":12},{"damage":25,"enemies":"2 Thieves","floor":18,"turns":5}],"seed_played":"3364825417846585141","potions_obtained":[{"floor":1,"key":"SteroidPotion"},{"floor":2,"key":"Regen Potion"},{"floor":7,"key":"FearPotion"},{"floor":13,"key":"Swift Potion"}],"is_trial":false,"path_per_floor":["M","M","M","M","M","R","M","$","T","M","M","?","?","M","R","B",null,"M"],"character_chosen":"THE_SILENT","items_purchased":["Skewer"],"campfire_rested":0,"item_purchase_floors":[8],"current_hp_per_floor":[70,70,70,65,70,70,58,58,58,58,57,57,54,48,48,14,70,45,45],"gold":369,"neow_bonus":"THREE_ENEMY_KILL","is_daily":false,"chose_seed":false,"campfire_upgraded":2,"win_rate":0.0,"timestamp":1611192403,"path_taken":["M","M","M","M","M","R","M","$","T","M","M","?","?","M","R","BOSS","M"],"items_purchased_type":["Card"],"build_version":"2020-12-22","purchased_purges":1,"victory":false,"max_hp_per_floor":[70,70,70,70,70,70,70,70,70,70,70,70,70,70,70,70,70,70,70],"card_choices":[{"not_picked":["Backstab","Deflect"],"picked":"Dagger Spray","floor":1},{"not_picked":["Dodge and Roll","Deflect"],"picked":"Flying Knee","floor":2},{"not_picked":["Prepared","Masterful Stab"],"picked":"Slice","floor":3},{"not_picked":["Underhanded Strike","Outmaneuver"],"picked":"Prepared","floor":4},{"not_picked":["Bouncing Flask","Underhanded Strike"],"picked":"Backstab","floor":5},{"not_picked":["Dagger Throw","All Out Attack"],"picked":"Wraith Form v2","floor":7},{"not_picked":["Concentrate","Poisoned Stab","Slice"],"picked":"Finisher","floor":10},{"not_picked":["Reflex","Bane","Catalyst"],"picked":"Caltrops","floor":11},{"not_picked":["Outmaneuver","Distraction","Prepared"],"picked":"Backflip","floor":13},{"not_picked":["Predator","Phantasmal Killer","Eviscerate"],"picked":"Poisoned Stab","floor":14},{"not_picked":["Malaise","Doppelganger","Wraith Form v2"],"picked":"Night Terror","floor":16},{"not_picked":["PiercingWail","Outmaneuver","Well Laid Plans"],"picked":"Poisoned Stab","floor":18}],"player_experience":792177,"relics_obtained":[{"floor":9,"key":"Question Card"},{"floor":13,"key":"Odd Mushroom"}],"event_choices":[{"damage_healed":0,"gold_gain":175,"player_choice":"AGREE","damage_taken":0,"max_hp_gain":0,"max_hp_loss":0,"event_name":"Liars Game","floor":12,"gold_loss":0,"cards_obtained":["Doubt"]},{"damage_healed":0,"gold_gain":0,"player_choice":"Fought Mushrooms","damage_taken":0,"max_hp_gain":0,"max_hp_loss":0,"event_name":"Mushrooms","floor":13,"gold_loss":0}],"is_beta":false,"boss_relics":[{"not_picked":["Coffee Dripper","Empty Cage"],"picked":"HoveringKite"}],"items_purged_floors":[8],"is_endless":false,"potions_floor_spawned":[1,2,7,13],"killed_by":"2 Thieves","ascension_level":3}}