{"host":"sdjng9zhqonqi3uc","time":1611231745,"event":{"mods":["2.2 Compatiblity","AchievementEnabler","BaseMod","Better Third Choice","BetterRewards","Colored Powertips","Downfall","Hero for Fun","Minty Spire (QoL Compilation)","Quick Restart","Shop Mod","Spicy Shops","StSLib","Td1madao Mod","The Animator","The Cursed","The Servant 0.9.4"],"gold_per_floor":[99,111,130,305,321,349,421,421,439,439,449,1,29,29,46,142,142,42,52,52,37,55,55,55,74,74,74,74],"floor_reached":26,"language":"ENG","playtime":1647,"items_purged":[],"score":218,"play_id":"41b6f5f6-64de-4c35-8461-25481b77c5b7","local_time":"20210121132225","is_ascension_mode":false,"campfire_choices":[],"circlet_count":0,"master_deck":["sneckomod:Strike","sneckomod:Strike","sneckomod:Strike","sneckomod:Defend","sneckomod:Defend","sneckomod:Defend","sneckomod:TailWhip","sneckomod:SnekBite","sneckomod:Unknown","Madness","sneckomod:Unknown1Cost","sneckomod:DefensiveFlair","sneckomod:TrashToTreasure","sneckomod:SnekBeam","sneckomod:UnlimitedRolls","sneckomod:MasterEye","expansioncontent:StudyTheSpire","sneckomod:Unknown0Cost","sneckomod:DangerNoodle+1","Madness+1","sneckomod:ImprovisedGuard","sneckomod:SnakeSap+1"],"relics":["sneckomod:SneckoSoul","Mercury Hourglass","Incense Burner","Molten Egg 2","Blue Candle","Coffee Dripper","downfall:HeartBlessingGreen","downfall:RedIOU","Meat on the Bone"],"acts_visited":["TheCity"],"potions_floor_usage":[6,12,13,13,21,25],"damage_taken":[{"damage":0,"enemies":"Small Slimes","floor":2,"turns":4},{"damage":7,"enemies":"2 Louse","floor":3,"turns":3},{"damage":6,"enemies":"Cultist","floor":5,"turns":5},{"damage":10,"enemies":"Gremlin Nob","floor":6,"turns":4},{"damage":4,"enemies":"Exordium Wildlife","floor":9,"turns":4},{"damage":10,"enemies":"3 Louse","floor":11,"turns":2},{"damage":0,"enemies":"downfall:FleeingMerchant","floor":12,"turns":4},{"damage":18,"enemies":"Lagavulin","floor":13,"turns":8},{"damage":5,"enemies":"Gremlin Gang","floor":15,"turns":3},{"damage":24,"enemies":"WA_ARCHETYPE_RETAIN","floor":16,"turns":8},{"damage":20,"enemies":"Spheric Guardian","floor":19,"turns":5},{"damage":15,"enemies":"downfall:FleeingMerchant","floor":21,"turns":4},{"damage":31,"enemies":"Chosen and Byrds","floor":22,"turns":5},{"damage":18,"enemies":"Snake Plant","floor":25,"turns":5},{"damage":38,"enemies":"Book of Stabbing","floor":26,"turns":3}],"seed_played":"-2427394667424705249","potions_obtained":[{"floor":2,"key":"Explosive Potion"},{"floor":5,"key":"SneckoOil"},{"floor":6,"key":"SkillPotion"},{"floor":9,"key":"ColorlessPotion"},{"floor":19,"key":"LiquidBronze"},{"floor":22,"key":"Slimebound:ThreeZeroPotion"}],"is_trial":false,"path_per_floor":["R","M","M","?","M","E","T","?","M","?","M","$","E","T","M","B",null,"R","M","?","$","M","?","T","M","E"],"character_chosen":"THE_SNECKO","items_purchased":["expansioncontent:StudyTheSpire","Molten Egg 2"],"campfire_rested":0,"item_purchase_floors":[12,12],"current_hp_per_floor":[99,99,92,92,86,76,76,76,72,69,59,59,41,41,36,12,99,99,79,79,64,33,33,33,27,0,0,0],"gold":74,"neow_bonus":"TEN_PERCENT_HP_BONUS","is_daily":false,"chose_seed":false,"campfire_upgraded":0,"win_rate":0.0,"timestamp":1611231745,"path_taken":["R","M","M","?","M","E","T","?","?","?","M","?","E","?","M","BOSS","R","M","?","$","M","?","T","M","E"],"items_purchased_type":["Card","Relic"],"build_version":"2020-12-22","purchased_purges":0,"victory":false,"max_hp_per_floor":[99,99,99,99,99,99,99,99,99,99,99,99,99,99,99,99,99,99,99,99,99,99,99,99,99,99,99,99],"card_choices":[{"not_picked":["sneckomod:DiceBlock","sneckomod:UnknownCommonAttack"],"picked":"sneckomod:Unknown1Cost","floor":2},{"not_picked":["sneckomod:UnknownDraw","sneckomod:UnknownWeak"],"picked":"sneckomod:DefensiveFlair","floor":3},{"not_picked":["sneckomod:DiceBlock","sneckomod:UnknownCommonAttack"],"picked":"sneckomod:TrashToTreasure","floor":5},{"not_picked":["sneckomod:UnknownBlock","sneckomod:Unknown1Cost"],"picked":"sneckomod:SnekBeam","floor":6},{"not_picked":["sneckomod:SoulRoll","sneckomod:UnknownExhaust"],"picked":"sneckomod:UnlimitedRolls","floor":9},{"not_picked":["sneckomod:SoulRoll","sneckomod:RainOfDice","sneckomod:TrashToTreasure"],"picked":"SKIP","floor":11},{"not_picked":["sneckomod:UnknownBlock","sneckomod:DiceBlock"],"picked":"sneckomod:MasterEye","floor":12},{"not_picked":["sneckomod:UnknownCommonSkill","sneckomod:UnknownDraw"],"picked":"sneckomod:Unknown0Cost","floor":13},{"not_picked":["sneckomod:DiceBlock","sneckomod:UnknownDraw"],"picked":"sneckomod:UnknownUncommonAttack+1","floor":15},{"not_picked":["sneckomod:UnknownRarePower","sneckomod:SoulExchange"],"picked":"sneckomod:DangerNoodle+1","floor":16},{"not_picked":["sneckomod:UnknownCommonSkill","sneckomod:UnknownDraw","sneckomod:DiceCrush+1"],"picked":"SKIP","floor":19},{"not_picked":["sneckomod:SnekBeam+1","sneckomod:UnknownUncommonPower+1"],"picked":"sneckomod:ImprovisedGuard","floor":21},{"not_picked":["sneckomod:Unknown0Cost","sneckomod:SoulDraw+1"],"picked":"sneckomod:SnakeSap+1","floor":22},{"not_picked":["sneckomod:DiceCrush+1","sneckomod:IronFang+1","sneckomod:DiceBlock"],"picked":"SKIP","floor":25}],"player_experience":350191,"relics_obtained":[{"floor":6,"key":"Centennial Puzzle"},{"floor":7,"key":"Mercury Hourglass"},{"floor":13,"key":"Blue Candle"},{"floor":24,"key":"Meat on the Bone"}],"event_choices":[{"damage_healed":0,"gold_gain":0,"player_choice":"Ignored","damage_taken":0,"max_hp_gain":0,"max_hp_loss":0,"event_name":"NoteForYourself","floor":8,"gold_loss":0},{"damage_healed":0,"gold_gain":0,"player_choice":"Relic ","damage_taken":3,"max_hp_gain":0,"max_hp_loss":0,"event_name":"betterThird:BetterScrap","floor":10,"gold_loss":0,"cards_obtained":["FearNoEvil"]}],"is_beta":false,"boss_relics":[{"not_picked":["Runic Pyramid","Velvet Choker"],"picked":"Coffee Dripper"}],"items_purged_floors":[],"is_endless":false,"potions_floor_spawned":[2,5,6,9,19,22],"killed_by":"Book of Stabbing","ascension_level":0}}