{"host":"jscggscbx0p7706o","time":1611211660,"event":{"mods":["AchievementEnabler","BaseMod","Block Reminder","Colored Powertips","Filter the Spire","Minty Spire (QoL Compilation)","Permanent Neow","Quick Restart","StSLib"],"gold_per_floor":[366,383,398,239,239,239,269,344,389,439,439,192,210,160,178,53,53,158,458,478,478,531,511,524,524,52,67,67,67,67,67,92,191,203,203,203,300,300,319,319,374,128,146,181,35,35,35,49,65,65,65,95,95,95,95],"floor_reached":56,"language":"ENG","playtime":1560,"items_purged":["Strike_R","Strike_R","Strike_R","Strike_R"],"score":923,"play_id":"555609a4-b66e-4bc5-acf0-d7b89bef278c","local_time":"20210121144740","is_ascension_mode":false,"campfire_choices":[{"data":"True Grit","floor":6.0,"key":"SMITH"},{"data":"Uppercut","floor":11.0,"key":"SMITH"},{"data":"Disarm","floor":17.0,"key":"SMITH"},{"data":"Feed","floor":25.0,"key":"SMITH"},{"data":"Whirlwind","floor":31.0,"key":"SMITH"},{"data":"Spot Weakness","floor":36.0,"key":"SMITH"},{"data":"Limit Break","floor":50.0,"key":"SMITH"},{"data":"Exhume","floor":53.0,"key":"SMITH"},{"data":"Evolve","floor":54.0,"key":"SMITH"}],"circlet_count":0,"master_deck":["Defend_R+1","Defend_R+1","Defend_R+1","Defend_R+1","Bash","Uppercut+1","True Grit+1","Shrug It Off","Evolve+1","Disarm+1","Feed+1","Inflame+1","Limit Break+1","Whirlwind+1","Spot Weakness+1","Exhume+1","Thunderclap+1"],"relics":["Burning Blood","Ancient Tea Set","Happy Flower","Tiny Chest","Chemical X","Calling Bell","Anchor","Pantograph","Old Coin","Akabeko","Bottled Tornado","Molten Egg 2","Self Forming Clay","Calipers","InkBottle","Cursed Key","TungstenRod","Bottled Flame","Question Card","Bag of Marbles","Oddly Smooth Stone"],"acts_visited":["Exordium","TheCity","TheBeyond"],"potions_floor_usage":[55,55],"damage_taken":[{"damage":5.0,"enemies":"2 Louse","floor":1.0,"turns":3.0},{"damage":6.0,"enemies":"Jaw Worm","floor":2.0,"turns":4.0},{"damage":1.0,"enemies":"Cultist","floor":3.0,"turns":4.0},{"damage":18.0,"enemies":"Gremlin Nob","floor":7.0,"turns":5.0},{"damage":3.0,"enemies":"3 Louse","floor":13.0,"turns":4.0},{"damage":21.0,"enemies":"Gremlin Gang","floor":15.0,"turns":6.0},{"damage":33.0,"enemies":"The Guardian","floor":18.0,"turns":14.0},{"damage":0.0,"enemies":"Chosen","floor":20.0,"turns":6.0},{"damage":0.0,"enemies":"2 Thieves","floor":23.0,"turns":4.0},{"damage":3.0,"enemies":"Centurion and Healer","floor":24.0,"turns":13.0},{"damage":6.0,"enemies":"Snake Plant","floor":27.0,"turns":5.0},{"damage":0.0,"enemies":"Slavers","floor":32.0,"turns":2.0},{"damage":0.0,"enemies":"3 Cultists","floor":34.0,"turns":1.0},{"damage":45.0,"enemies":"Collector","floor":37.0,"turns":7.0},{"damage":0.0,"enemies":"Orb Walker","floor":39.0,"turns":1.0},{"damage":0.0,"enemies":"2 Orb Walkers","floor":41.0,"turns":1.0},{"damage":0.0,"enemies":"3 Shapes","floor":43.0,"turns":1.0},{"damage":2.0,"enemies":"Giant Head","floor":44.0,"turns":5.0},{"damage":0.0,"enemies":"Jaw Worm Horde","floor":48.0,"turns":1.0},{"damage":15.0,"enemies":"Transient","floor":49.0,"turns":5.0},{"damage":1.0,"enemies":"Nemesis","floor":52.0,"turns":5.0},{"damage":41,"enemies":"Donu and Deca","floor":55,"turns":6}],"seed_played":"-535235708640244380","potions_obtained":[{"floor":3.0,"key":"Energy Potion"},{"floor":7.0,"key":"DistilledChaos"},{"floor":24.0,"key":"FearPotion"},{"floor":27.0,"key":"Energy Potion"},{"floor":34.0,"key":"Strength Potion"}],"is_trial":false,"path_per_floor":["M","M","M","$","?","R","E","?","T","T","R","$","M","?","M","$","R","B",null,"M","?","T","M","M","R","$","M","T","T","?","R","E","?","M","T","R","B",null,"M","?","?","$","M","E","$","T","T","M","M","R","?","E","R","R","B",null],"character_chosen":"IRONCLAD","items_purchased":["Shrug It Off","Evolve","Chemical X","Limit Break","Bottled Tornado","Bottled Flame","Bag of Marbles"],"campfire_rested":0,"item_purchase_floors":[4,4,12,26,26,42,45],"current_hp_per_floor":[72,72,72,72,77,77,65,54,54,54,54,54,57,57,42,42,42,15,77,80,80,80,80,83,83,83,87,87,87,87,87,87,87,87,87,87,48,87,87,87,87,87,87,87,87,87,87,87,78,78,78,83,83,83,52],"gold":95,"neow_bonus":"TWO_FIFTY_GOLD","is_daily":false,"chose_seed":false,"campfire_upgraded":9,"win_rate":0.0,"timestamp":1611211660,"path_taken":["M","M","M","$","?","R","E","?","T","T","R","$","M","?","M","?","R","BOSS","M","?","?","M","?","R","$","M","T","T","?","R","E","?","M","?","R","BOSS","M","?","?","$","?","E","$","?","T","M","M","R","?","E","R","R","BOSS"],"items_purchased_type":["Card","Card","Relic","Card","Relic","Relic","Relic"],"build_version":"2020-12-22","purchased_purges":4,"victory":true,"max_hp_per_floor":[72,72,72,72,77,77,77,77,77,77,77,77,77,77,77,77,77,77,77,80,80,80,80,83,83,83,87,87,87,87,87,87,87,87,87,87,87,87,87,87,87,87,87,87,87,87,87,87,87,87,83,83,83,83,87],"card_choices":[{"not_picked":["Sword Boomerang","Pommel Strike"],"picked":"Uppercut","floor":1.0},{"not_picked":["Clash","Ghostly Armor"],"picked":"True Grit","floor":2.0},{"not_picked":["Warcry","Perfected Strike","Havoc"],"picked":"SKIP","floor":3.0},{"not_picked":["Armaments","Wild Strike","Pommel Strike"],"picked":"SKIP","floor":7.0},{"not_picked":["Warcry","Rampage"],"picked":"Disarm","floor":13.0},{"not_picked":["Limit Break","Havoc","Searing Blow"],"picked":"SKIP","floor":15.0},{"not_picked":["Brutality","Immolate"],"picked":"Feed","floor":18.0},{"not_picked":["Clothesline","Reckless Charge","Searing Blow"],"picked":"SKIP","floor":20.0},{"not_picked":["Armaments","Bloodletting"],"picked":"Inflame+1","floor":23.0},{"not_picked":["Dark Embrace","Second Wind","Feel No Pain"],"picked":"SKIP","floor":24.0},{"not_picked":["Spot Weakness+1","Shrug It Off"],"picked":"Whirlwind","floor":27.0},{"not_picked":["Iron Wave+1","Cleave+1","Blood for Blood+1"],"picked":"SKIP","floor":32.0},{"not_picked":["Headbutt+1","Clothesline+1"],"picked":"Spot Weakness","floor":34.0},{"not_picked":["Bludgeon+1","Corruption"],"picked":"Exhume","floor":37.0},{"not_picked":["Twin Strike+1","Armaments+1","Warcry"],"picked":"SKIP","floor":39.0},{"not_picked":["Burning Pact","Rupture"],"picked":"Thunderclap+1","floor":41.0},{"not_picked":["Anger+1","Twin Strike+1","Heavy Blade+1"],"picked":"SKIP","floor":43.0},{"not_picked":["Anger+1","Shrug It Off+1","Bloodletting"],"picked":"SKIP","floor":44.0},{"not_picked":["True Grit","Shrug It Off","Pommel Strike+1","Cleave+1"],"picked":"SKIP","floor":48.0},{"not_picked":["Shockwave","Cleave+1","Shrug It Off+1","Combust"],"picked":"SKIP","floor":49.0},{"not_picked":["Perfected Strike+1","Clash+1","Armaments+1","Brutality"],"picked":"SKIP","floor":52.0}],"player_experience":321805,"relics_obtained":[{"floor":7.0,"key":"Ancient Tea Set"},{"floor":9.0,"key":"Happy Flower"},{"floor":10.0,"key":"Tiny Chest"},{"floor":19.0,"key":"Anchor"},{"floor":19.0,"key":"Pantograph"},{"floor":19.0,"key":"Old Coin"},{"floor":22.0,"key":"Akabeko"},{"floor":28.0,"key":"Molten Egg 2"},{"floor":29.0,"key":"Self Forming Clay"},{"floor":32.0,"key":"Calipers"},{"floor":35.0,"key":"InkBottle"},{"floor":41.0,"key":"TungstenRod"},{"floor":44.0,"key":"Question Card"},{"floor":52.0,"key":"Oddly Smooth Stone"}],"event_choices":[{"damage_healed":0.0,"max_hp_gain":5.0,"max_hp_loss":0.0,"gold_gain":0.0,"event_name":"Big Fish","player_choice":"Donut","floor":5.0,"gold_loss":0.0,"damage_taken":0.0},{"damage_healed":0.0,"max_hp_gain":0.0,"max_hp_loss":0.0,"gold_gain":75.0,"event_name":"World of Goop","player_choice":"Gather Gold","floor":8.0,"gold_loss":0.0,"damage_taken":11.0},{"cards_removed":["Strike_R"],"damage_healed":0.0,"max_hp_gain":0.0,"max_hp_loss":0.0,"gold_gain":0.0,"event_name":"The Cleric","player_choice":"Card Removal","floor":14.0,"gold_loss":50.0,"damage_taken":0.0},{"damage_healed":0.0,"max_hp_gain":0.0,"max_hp_loss":0.0,"gold_gain":0.0,"event_name":"Vampires","player_choice":"Ignored","floor":21.0,"gold_loss":0.0,"damage_taken":0.0},{"damage_healed":0.0,"max_hp_gain":0.0,"max_hp_loss":0.0,"gold_gain":0.0,"event_name":"Back to Basics","player_choice":"Simplicity","floor":30.0,"gold_loss":0.0,"damage_taken":0.0,"cards_upgraded":["Defend_R","Defend_R","Defend_R","Defend_R"]},{"damage_healed":0.0,"max_hp_gain":0.0,"max_hp_loss":0.0,"gold_gain":99.0,"event_name":"Nest","player_choice":"Stole From Cult","floor":33.0,"gold_loss":0.0,"damage_taken":0.0},{"damage_healed":0.0,"max_hp_gain":0.0,"max_hp_loss":0.0,"gold_gain":0.0,"event_name":"SensoryStone","player_choice":"Memory 1","floor":40.0,"gold_loss":0.0,"damage_taken":0.0},{"damage_healed":0.0,"max_hp_gain":0.0,"max_hp_loss":0.0,"gold_gain":0.0,"event_name":"Mysterious Sphere","player_choice":"Fight","floor":41.0,"gold_loss":0.0,"damage_taken":0.0},{"damage_healed":0.0,"max_hp_gain":0.0,"max_hp_loss":4.0,"gold_gain":0.0,"event_name":"Winding Halls","player_choice":"Max HP","floor":51.0,"gold_loss":0.0,"damage_taken":0.0}],"is_beta":false,"boss_relics":[{"not_picked":["Snecko Eye","Philosopher\u0027s Stone"],"picked":"Calling Bell"},{"not_picked":["Astrolabe","SacredBark"],"picked":"Cursed Key"}],"items_purged_floors":[4,12,16,26],"is_endless":false,"potions_floor_spawned":[3,7,24,27,34,43,44,48,49,52],"ascension_level":0}}