{"host":"Planeswalker","time":1611224497,"event":{"mods":["Act Like it!","Astrologer","BaseMod","Downfall","Friendly Minions","GifTheSpireLib","Halation","Hermit","Hubris","Jorbs\u0027s Wanderer Trilogy","Minty Spire (QoL Compilation)","Replay The Spire","SOS???????","Shop Mod","Somnambulant","StSLib","The Bladedancer","The Cursed","The Elementalist","The Hierophant","The Jungle","The Mystic","The Necromancer"],"gold_per_floor":[119,33,50,325,7,38,38,67,91,91,125,125,18,29,29,124,124,134,134,31,49,49,49,49],"floor_reached":23,"language":"ENG","playtime":1664,"items_purged":["mysticmod:Strike_Mystic"],"score":280,"play_id":"323c0efa-0f9e-4732-80b8-d9b75004c074","local_time":"20210121032137","is_ascension_mode":false,"campfire_choices":[{"floor":7,"key":"REST"},{"floor":10,"key":"REST"},{"floor":12,"key":"REST"},{"data":"mysticmod:TomeOfSpells","floor":15,"key":"SMITH"}],"circlet_count":0,"master_deck":["mysticmod:Defend_Mystic","mysticmod:Defend_Mystic","mysticmod:Defend_Mystic","mysticmod:Defend_Mystic","mysticmod:ArcaneDodge","mysticmod:ShockingGrasp","mysticmod:Riposte","Bandage Up","mysticmod:SuddenClarity","Regret","mysticmod:Dedication","mysticmod:Probe","mysticmod:ComboCaster","mysticmod:TomeOfSpells","mysticmod:MirrorEntity","mysticmod:Disengage","mysticmod:ComboCaster","mysticmod:ChargedParry","mysticmod:ComboCaster","mysticmod:Sideswipe+1","mysticmod:TomeOfSpells+1","mysticmod:EnchantedMoulinet","mysticmod:CureLightWounds","mysticmod:LightningBolt","mysticmod:Probe","mysticmod:BulkUp","mysticmod:Shield+1","Bite","Bite","Bite","Bite","Bite"],"relics":["mysticmod:SpellBook","Dream Catcher","WingedGreaves","halation:PrussianBluePaint","Oddly Smooth Stone","MealTicket","Replay:Drink Me"],"acts_visited":["Exordium","TheCity"],"potions_floor_usage":[6,16,16],"damage_taken":[{"damage":1,"enemies":"2 Louse","floor":1,"turns":3},{"damage":0,"enemies":"Cultist","floor":3,"turns":2},{"damage":21,"enemies":"Gremlin Nob","floor":6,"turns":4},{"damage":37,"enemies":"3 Sentries","floor":8,"turns":7},{"damage":2,"enemies":"Lagavulin","floor":11,"turns":10},{"damage":5,"enemies":"Jaw Worm","floor":14,"turns":7},{"damage":30,"enemies":"The Guardian","floor":16,"turns":12},{"damage":22,"enemies":"Chosen","floor":18,"turns":11},{"damage":5,"enemies":"Spheric Guardian","floor":21,"turns":6},{"damage":64,"enemies":"Gremlin Leader","floor":23,"turns":9}],"seed_played":"2848411744035505034","potions_obtained":[{"floor":3,"key":"champ:CounterPotion"},{"floor":11,"key":"Slimebound:ThreeZeroPotion"},{"floor":14,"key":"Swift Potion"}],"is_trial":false,"path_per_floor":["M","$","M","?","$","E","R","E","T","R","E","R","$","M","R","B",null,"M","?","$","M","?","E"],"character_chosen":"MYSTIC_CLASS","items_purchased":["Bandage Up","Dream Catcher","mysticmod:Dedication","mysticmod:Probe","mysticmod:ComboCaster","mysticmod:Sideswipe+1","mysticmod:Probe","mysticmod:BulkUp"],"campfire_rested":3,"item_purchase_floors":[2,5,5,5,13,13,20,20],"current_hp_per_floor":[83,83,83,83,83,63,84,47,47,72,74,84,84,83,83,63,63,45,45,60,62,44,0,0],"gold":49,"neow_bonus":"TEN_PERCENT_HP_BONUS","is_daily":false,"chose_seed":false,"campfire_upgraded":1,"win_rate":0.0,"timestamp":1611224497,"path_taken":["M","$","M","?","$","E","R","E","T","R","E","R","?","M","R","BOSS","M","?","$","M","?","E"],"items_purchased_type":["Card","Relic","Card","Card","Card","Card","Card","Card"],"build_version":"2020-11-17","purchased_purges":1,"victory":false,"max_hp_per_floor":[84,84,84,84,84,84,84,84,84,84,84,84,84,84,84,84,63,63,63,63,63,44,44,44],"card_choices":[{"not_picked":["mysticmod:CorrosiveTouch","mysticmod:Alacrity"],"picked":"mysticmod:Riposte","floor":1},{"not_picked":["mysticmod:SpellCombat","mysticmod:TomeOfSpells"],"picked":"mysticmod:SuddenClarity","floor":3},{"not_picked":["mysticmod:BulkUp","mysticmod:Sideswipe"],"picked":"mysticmod:ComboCaster","floor":6},{"not_picked":["mysticmod:Alacrity","mysticmod:DiviningBlow"],"picked":"mysticmod:TomeOfSpells","floor":7},{"not_picked":["mysticmod:EarthenWall","mysticmod:BladeMaster"],"picked":"mysticmod:MirrorEntity","floor":8},{"not_picked":["mysticmod:Daze","mysticmod:Fireball"],"picked":"mysticmod:Disengage","floor":10},{"not_picked":["mysticmod:HeavyStrike","mysticmod:ComponentsPouch"],"picked":"mysticmod:ComboCaster","floor":11},{"not_picked":["mysticmod:BladedDash","mysticmod:Daze"],"picked":"mysticmod:ChargedParry","floor":12},{"not_picked":["mysticmod:Snowball","mysticmod:HeavyStrike"],"picked":"mysticmod:TomeOfSpells","floor":14},{"not_picked":["mysticmod:ObscuringMist","mysticmod:SpellRecall"],"picked":"mysticmod:EnchantedMoulinet","floor":16},{"not_picked":["mysticmod:BulkUp+1","mysticmod:Snowball+1"],"picked":"mysticmod:CureLightWounds","floor":18},{"not_picked":["mysticmod:Disengage","mysticmod:SummonFamiliar+1"],"picked":"mysticmod:Shield+1","floor":21}],"player_experience":36113,"relics_obtained":[{"floor":6,"key":"WingedGreaves"},{"floor":8,"key":"halation:PrussianBluePaint"},{"floor":9,"key":"Oddly Smooth Stone"},{"floor":11,"key":"MealTicket"}],"event_choices":[{"damage_healed":0,"gold_gain":275,"player_choice":"Desecrate","damage_taken":0,"max_hp_gain":0,"max_hp_loss":0,"event_name":"Golden Shrine","floor":4,"gold_loss":0,"cards_obtained":["Regret"]},{"damage_healed":0,"gold_gain":0,"player_choice":"Became a vampire","damage_taken":0,"max_hp_gain":0,"max_hp_loss":19,"event_name":"Vampires","floor":22,"gold_loss":0,"cards_obtained":["Bite","Bite","Bite","Bite","Bite"]}],"is_beta":true,"boss_relics":[{"not_picked":["SacredBark","ChewingGum"],"picked":"Replay:Drink Me"}],"items_purged_floors":[5],"is_endless":false,"potions_floor_spawned":[3,11,14],"killed_by":"Gremlin Leader","ascension_level":0}}