{"host":"0x0gr83ly0vxzjzg","time":1611240282,"event":{"mods":["BaseMod","Bestiary","Better Skull","Curses Come First","Hubris","Infinite Spire","Minty Spire (QoL Compilation)","Shop Mod","StSLib","The Cursed","The Servant 0.9.4"],"gold_per_floor":[110,110,110,128,128,158,158,178,178,189,201,213,213,227,227,330,330,344,354,354,354,388,414,414,414,414,414,414,414,414],"floor_reached":33,"language":"ENG","playtime":1602,"items_purged":[],"score":263,"play_id":"ee66d0bf-fae8-47d7-a44c-41fd3d59f4ae","local_time":"20210121094442","is_ascension_mode":false,"campfire_choices":[{"floor":7,"key":"REST"},{"data":"infinitespire:Execution","floor":13,"key":"SMITH"},{"floor":15,"key":"REST"},{"floor":23,"key":"REST"},{"floor":28,"key":"REST"},{"floor":30,"key":"REST"},{"data":"Barricade","floor":32,"key":"SMITH"}],"circlet_count":0,"master_deck":["Strike_R","Strike_R","Strike_R","Strike_R","Strike_R","Defend_R","Defend_R","Defend_R","Defend_R","Bash","hubris:CleavingFinish","infinitespire:Execution+1","Entrench","Flex","Juggernaut","Headbutt","Flex","Flex","Iron Wave","Barricade+1","Infernal Blade","Iron Wave","hubris:Fate","Armaments","Strike_B"],"relics":["hubris:TerracottaHorce","Blood Vial","hubris:KleinBottle","Bag of Marbles","hubris:Teleporter","Philosopher\u0027s Stone","Omamori","Centennial Puzzle","Happy Flower"],"acts_visited":["Exordium","TheCity"],"potions_floor_usage":[6,8,12,14,18,24],"damage_taken":[{"damage":0,"enemies":"Cultist","floor":1,"turns":4},{"damage":14,"enemies":"infinitespire:Voidling","floor":4,"turns":3},{"damage":20,"enemies":"Lagavulin","floor":6,"turns":4},{"damage":0,"enemies":"Jaw Worm","floor":8,"turns":2},{"damage":11,"enemies":"Blue Slaver","floor":10,"turns":3},{"damage":1,"enemies":"2 Fungi Beasts","floor":11,"turns":3},{"damage":28,"enemies":"Large Slime","floor":12,"turns":5},{"damage":40,"enemies":"Gremlin Gang","floor":14,"turns":4},{"damage":48,"enemies":"Slime Boss","floor":16,"turns":11},{"damage":43,"enemies":"3 Byrds","floor":18,"turns":5},{"damage":2,"enemies":"Spheric Guardian","floor":20,"turns":3},{"damage":38,"enemies":"Gremlin Leader","floor":24,"turns":4},{"damage":80,"enemies":"Automaton","floor":33,"turns":6}],"seed_played":"8489030852744896775","potions_obtained":[{"floor":4,"key":"LiquidMemories"},{"floor":6,"key":"Block Potion"},{"floor":8,"key":"BloodPotion"},{"floor":11,"key":"BloodPotion"},{"floor":16,"key":"LiquidMemories"},{"floor":20,"key":"Block Potion"}],"is_trial":false,"path_per_floor":["M","$","?","M","?","E","R","M","T","M","M","M","R","M","R","B",null,"M","M","AVR","R","E","T","R","?","R","?","R","B"],"character_chosen":"IRONCLAD","items_purchased":["Blood Vial","hubris:KleinBottle"],"campfire_rested":5,"item_purchase_floors":[2,2],"current_hp_per_floor":[80,51,77,70,70,52,76,78,78,69,70,60,60,38,62,16,64,23,23,23,47,11,11,35,61,80,80,80,0,0],"gold":414,"neow_bonus":"BOSS_RELIC","is_daily":false,"chose_seed":false,"campfire_upgraded":2,"win_rate":0.0,"timestamp":1611240282,"path_taken":["M","?","?","M","?","E","R","M","T","M","M","M","R","M","R","BOSS","M","M","AVR","R","E","T","R","?","R","?","R","BOSS"],"items_purchased_type":["Relic","Relic"],"build_version":"2020-12-22","purchased_purges":0,"victory":false,"max_hp_per_floor":[80,80,80,80,80,80,80,80,80,80,80,80,80,80,80,80,80,80,80,80,80,80,80,80,80,80,80,80,80,80],"card_choices":[{"not_picked":["Perfected Strike","Second Wind"],"picked":"hubris:CleavingFinish","floor":1},{"not_picked":["infinitespire:SealOfDarkness+","infinitespire:FutureSight"],"picked":"infinitespire:Execution","floor":2},{"not_picked":["Spot Weakness","Body Slam"],"picked":"Entrench","floor":4},{"not_picked":["Thunderclap","Perfected Strike"],"picked":"Flex","floor":6},{"not_picked":["Cleave","Iron Wave"],"picked":"Juggernaut","floor":8},{"not_picked":["Seeing Red","Twin Strike"],"picked":"Headbutt","floor":10},{"not_picked":["True Grit","Cleave"],"picked":"Flex","floor":11},{"not_picked":["Burning Pact","Perfected Strike"],"picked":"Flex","floor":12},{"not_picked":["Flex","Clash"],"picked":"Iron Wave","floor":14},{"not_picked":["Demon Form","Double Tap"],"picked":"Barricade","floor":16},{"not_picked":["Searing Blow","Shockwave"],"picked":"Infernal Blade","floor":18},{"not_picked":["Thunderclap","Headbutt"],"picked":"Iron Wave","floor":20},{"not_picked":["Rupture+1","Limit Break"],"picked":"Armaments","floor":24}],"player_experience":106390,"relics_obtained":[{"floor":6,"key":"Bag of Marbles"},{"floor":9,"key":"hubris:Teleporter"},{"floor":24,"key":"Centennial Puzzle"},{"floor":26,"key":"Happy Flower"}],"event_choices":[{"damage_healed":26,"gold_gain":0,"player_choice":"Banana","damage_taken":0,"max_hp_gain":0,"max_hp_loss":0,"event_name":"Big Fish","floor":3,"gold_loss":0},{"damage_healed":0,"gold_gain":0,"player_choice":"Leave","damage_taken":0,"max_hp_gain":0,"max_hp_loss":0,"event_name":"The Cleric","floor":5,"gold_loss":0},{"damage_healed":26,"gold_gain":0,"player_choice":"Heal","damage_taken":0,"max_hp_gain":0,"max_hp_loss":0,"event_name":"The Library","floor":29,"gold_loss":0},{"cards_removed":["hubris:InfiniteBlow"],"damage_healed":0,"gold_gain":0,"player_choice":"Took Card","damage_taken":0,"max_hp_gain":0,"max_hp_loss":0,"event_name":"NoteForYourself","floor":31,"gold_loss":0,"cards_obtained":["Strike_B"]}],"is_beta":false,"boss_relics":[{"not_picked":["Coffee Dripper","hubris:VirtuousBlindfold"],"picked":"Philosopher\u0027s Stone"}],"items_purged_floors":[],"is_endless":false,"potions_floor_spawned":[4,6,8,11,16,20],"killed_by":"Automaton","ascension_level":0}}