{"host":"hx5bui4di82vxq8x","time":1611255795,"event":{"mods":["Act Like it!","BaseMod","Colored Powertips","Dota2Spire","Friendly Minions","Minty Spire (QoL Compilation)","Quick Restart","Replay The Spire","Spicy Shops","StSLib","The Dragon Tamer","The Marked","Yakumo Yukari mod"],"gold_per_floor":[109,10,10,10,35,79,79,93,118,141,154,154,169,190,190,321,421,441,462,481,505,7,7,7,7,7,7,7,7],"floor_reached":27,"language":"ZHS","playtime":1269,"items_purged":[],"score":242,"play_id":"561ba43f-7e13-4d30-9c2c-55dc41c639a4","local_time":"20210122030315","is_ascension_mode":false,"metric_token":855,"campfire_choices":[{"data":"DTMod:DragonDance","floor":7.0,"key":"SMITH"},{"data":"DTMod:SwitchingTactic","floor":15.0,"key":"SMITH"},{"floor":23,"key":"REST"}],"dtmod_dragon_data":[35,50,1,-1,8,0],"circlet_count":0,"master_deck":["DTMod:Strike","DTMod:Strike","DTMod:Strike","DTMod:DoubleHit","DTMod:TargetDefense","DTMod:TargetDefense+1","DTMod:TargetDefense","DTMod:TargetDefense","DTMod:SwitchingTactic+1","DTMod:DragonDance+1","DTMod:CleansingStrike","DTMod:BuildUp","Injury","DTMod:HeatWave","Wild Strike","Warcry","Apotheosis","Blind+1","Perseverance+1","Dodge and Roll+1","Shrug It Off","DTMod:BurningEnergy+1","DTMod:BlazingStrike","DTMod:InvisibleFlame"],"relics":["DTMod:PactStone","NeowsBlessing","PrismaticShard","Golden Idol","Strawberry","Replay:Rubber Ducky","Replay:Wanted Poster","DTMod:OddArmor","War Paint"],"acts_visited":["Exordium","TheCity"],"potions_floor_usage":[20,20,21],"damage_taken":[{"damage":0.0,"enemies":"2 Louse","floor":1.0,"turns":1.0},{"damage":0.0,"enemies":"Jaw Worm","floor":5.0,"turns":1.0},{"damage":0.0,"enemies":"3 Sentries","floor":6.0,"turns":2.0},{"damage":0.0,"enemies":"Cultist","floor":8.0,"turns":3.0},{"damage":0.0,"enemies":"Looter","floor":10.0,"turns":4.0},{"damage":0.0,"enemies":"Blue Slaver","floor":11.0,"turns":4.0},{"damage":0.0,"enemies":"2 Fungi Beasts","floor":13.0,"turns":4.0},{"damage":6.0,"enemies":"Looter","floor":14.0,"turns":3.0},{"damage":31.0,"enemies":"Fading Forest","floor":16.0,"turns":11.0},{"damage":0.0,"enemies":"3 Byrds","floor":18.0,"turns":6.0},{"damage":0,"enemies":"Shell Parasite","floor":19,"turns":5},{"damage":3,"enemies":"Snake Plant","floor":20,"turns":3},{"damage":9,"enemies":"Shelled Parasite and Fungi","floor":21,"turns":6},{"damage":59,"enemies":"Book of Stabbing","floor":27,"turns":7}],"seed_played":"4387429182689430065","potions_obtained":[{"floor":1.0,"key":"Dota2Spire:HealingSalve"},{"floor":5.0,"key":"Fire Potion"},{"floor":11.0,"key":"SteroidPotion"},{"floor":14.0,"key":"Adrenaline Potion"},{"floor":18.0,"key":"Energy Potion"}],"is_trial":false,"path_per_floor":["M","$","?","?","M","E","R","M","T","M","M","?","M","M","R","B",null,"M","M","M","M","$","R","?","PTL","PTL","E"],"character_chosen":"THE_DT","items_purchased":["DTMod:CleansingStrike","DTMod:BuildUp","DTMod:BurningEnergy","DTMod:BlazingStrike","DTMod:InvisibleFlame","DTMod:OddArmor","War Paint"],"campfire_rested":1,"item_purchase_floors":[2,2,22,22,22,22,22],"current_hp_per_floor":[45,45,45,45,45,52,52,52,52,52,52,52,52,46,46,25,52,52,52,49,46,46,52,52,52,52,0,0,0],"gold":7,"neow_bonus":"THREE_ENEMY_KILL","is_daily":false,"chose_seed":false,"campfire_upgraded":2,"win_rate":0.0,"timestamp":1611255795,"path_taken":["M","$","?","?","M","E","R","M","T","M","M","?","?","M","R","BOSS","M","M","M","M","$","R","?","PTL","PTL","E"],"items_purchased_type":["Card","Card","Card","Card","Card","Relic","Relic"],"build_version":"2020-12-22","purchased_purges":0,"victory":false,"max_hp_per_floor":[45,45,45,45,45,52,52,52,52,52,52,52,52,52,52,52,52,52,52,52,52,52,52,52,52,52,52,52,52],"card_choices":[{"not_picked":["DTMod:FlameSlash","DTMod:Adaptation"],"picked":"DTMod:DragonDance","floor":1.0},{"not_picked":["Blizzard","Defragment","Backstab"],"picked":"SKIP","floor":5.0},{"not_picked":["theMarked:Parkour","ClearTheMind"],"picked":"DTMod:HeatWave","floor":6.0},{"not_picked":["Cold Snap","Conclude"],"picked":"Wild Strike","floor":8.0},{"not_picked":["Nest_LightFlightworm_purple","CarveReality","Realm_recovery_purpleEX"],"picked":"SKIP","floor":10.0},{"not_picked":["Disarm","Crippling Poison","SashWhip"],"picked":"SKIP","floor":11.0},{"not_picked":["theMarked:Electrify","theMarked:TakeCover"],"picked":"Warcry","floor":13.0},{"not_picked":["Quick Slash","ReplayTheSpireMod:Reroute Power","Halt"],"picked":"SKIP","floor":14.0},{"not_picked":["theMarked:SuspiciousRaven","Hyperbeam"],"picked":"Apotheosis","floor":16.0},{"not_picked":["EmptyBody","Quick Slash"],"picked":"Blind+1","floor":18.0},{"not_picked":["Outmaneuver","Gash"],"picked":"Perseverance+1","floor":19},{"not_picked":["BowlingBash","Steam"],"picked":"Dodge and Roll+1","floor":20},{"not_picked":["Slice","ReplayTheSpireMod:Limb From Limb"],"picked":"Shrug It Off","floor":21}],"player_experience":432060,"relics_obtained":[{"floor":6.0,"key":"Strawberry"},{"floor":9.0,"key":"Replay:Rubber Ducky"}],"event_choices":[{"damage_healed":0.0,"max_hp_gain":0.0,"max_hp_loss":0.0,"gold_gain":0.0,"event_name":"Golden Idol","player_choice":"Take Wound","floor":4.0,"gold_loss":0.0,"damage_taken":0.0,"relics_obtained":["Golden Idol"],"cards_obtained":["Injury"]},{"cards_removed":["DTMod:Strike"],"damage_healed":0.0,"max_hp_gain":0.0,"max_hp_loss":0.0,"gold_gain":0.0,"event_name":"Bonfire Elementals","player_choice":"Offered Basic","floor":12.0,"gold_loss":0.0,"damage_taken":0.0},{"damage_healed":0,"gold_gain":0,"player_choice":"Ignored","damage_taken":0,"max_hp_gain":0,"max_hp_loss":0,"event_name":"Vampires","floor":24,"gold_loss":0}],"is_beta":false,"boss_relics":[{"not_picked":["Ring of Chaos","Pandora\u0027s Box"],"picked":"Replay:Wanted Poster"}],"items_purged_floors":[],"is_endless":false,"potions_floor_spawned":[1,5,11,14,18,19],"killed_by":"Book of Stabbing","ascension_level":0}}