{"host":"bf9sa99gaumonoeu","time":1611242453,"event":{"mods":["AchievementEnabler","Act Like it!","Aspiration","BaseMod","Bestiary","Better Note","Block Reminder","Colored Map","Colored Powertips","Fox Events","Friendly Minions","Gensokyo","GifTheSpireLib","Googly Eyes","Hallownest","Hermit","Highlight Path","Jorbs\u0027s Wanderer Trilogy","KinomotoSakuraMod(????)","Koishi","Marisa????????","Minty Spire (QoL Compilation)","Rare Cards Sparkle","Relic Stats","Spire Arcade","StSLib","The Administrix","The Animator","The Bug Knight","The Construct","The Cursed","The Hierophant","The Mystic","The Necromancer","The Poker Player","The Runesmith","The Senshi","The Servant 0.9.4","ojb\u0027s Info Mod"],"gold_per_floor":[116,23,23,34,53,53,53,80,103,103,130,143,143,143,143],"floor_reached":14,"language":"ENG","playtime":731,"items_purged":[],"score":196,"play_id":"d75b1677-47e6-44c7-9ec4-d3d19e319a5d","local_time":"20210121132053","is_ascension_mode":true,"campfire_choices":[{"data":"Noxious Fumes","floor":6,"key":"SMITH"},{"floor":10,"key":"REST"}],"circlet_count":0,"master_deck":["AscendersBane","Strike_G","Strike_G","Strike_G","Strike_G","Strike_G","Defend_G","Defend_G","Defend_G","Defend_G","Defend_G","Survivor","Neutralize","Terror","Blur","Clumsy","Noxious Fumes+1","Flying Knee","Dagger Throw","Leg Sweep","Endless Agony","Pain"],"relics":["Ring of the Snake","FaceOfCleric","White Beast Statue","Pen Nib","Peace Pipe","WarpedTongs"],"acts_visited":["Exordium"],"potions_floor_usage":[8,8,12,14],"damage_taken":[{"damage":2,"enemies":"Cultist","floor":1,"turns":5},{"damage":3,"enemies":"Small Slimes","floor":4,"turns":8},{"damage":6,"enemies":"2 Louse","floor":5,"turns":4},{"damage":39,"enemies":"Gremlin Nob","floor":8,"turns":4},{"damage":28,"enemies":"Lagavulin","floor":11,"turns":8},{"damage":1,"enemies":"Red Slaver","floor":12,"turns":5},{"damage":51,"enemies":"Gremlin Nob","floor":14,"turns":4}],"seed_played":"7979436573232476742","potions_obtained":[{"floor":4,"key":"GamblersBrew"},{"floor":5,"key":"Swift Potion"},{"floor":11,"key":"BlessingOfTheForge"},{"floor":12,"key":"DistilledChaos"}],"is_trial":false,"path_per_floor":["M","$","?","M","M","R","?","E","T","R","E","M","?","E"],"character_chosen":"THE_SILENT","items_purchased":["Fire Potion","Blur"],"campfire_rested":1,"item_purchase_floors":[2,2],"current_hp_per_floor":[63,63,70,67,61,61,61,23,23,47,20,20,20,0,0],"gold":143,"neow_bonus":"TEN_PERCENT_HP_BONUS","is_daily":false,"chose_seed":false,"campfire_upgraded":1,"win_rate":0.0,"timestamp":1611242453,"path_taken":["M","$","?","M","M","R","?","E","T","R","E","?","?","E"],"items_purchased_type":["Potion","Card"],"build_version":"2020-12-22","purchased_purges":0,"victory":false,"max_hp_per_floor":[72,72,79,79,79,79,79,80,80,80,81,82,82,82,82],"relic_stats":{"Peace Pipe":0,"FaceOfCleric":3,"counters":[7,38],"Pen Nib":[2],"obtain_stats":[{"Peace Pipe":11,"FaceOfCleric":7,"Pen Nib":9,"White Beast Statue":8,"Ring of the Snake":0,"WarpedTongs":13},{"Peace Pipe":5,"FaceOfCleric":3,"Pen Nib":4,"White Beast Statue":4,"Ring of the Snake":0,"WarpedTongs":6},{"Peace Pipe":29,"FaceOfCleric":17,"Pen Nib":21,"White Beast Statue":21,"Ring of the Snake":0,"WarpedTongs":34}],"Ring of the Snake":[14],"WarpedTongs":[4]},"card_choices":[{"not_picked":["Dodge and Roll","Prepared"],"picked":"Terror","floor":1},{"not_picked":["Setup","Prepared"],"picked":"Noxious Fumes","floor":4},{"not_picked":["Dagger Throw","Blur"],"picked":"Flying Knee","floor":5},{"not_picked":["Slice","Distraction"],"picked":"Dagger Throw","floor":8},{"not_picked":["Poisoned Stab","Slice"],"picked":"Leg Sweep","floor":11},{"not_picked":["After Image","Distraction"],"picked":"Endless Agony","floor":12}],"player_experience":1057579,"relics_obtained":[{"floor":8,"key":"White Beast Statue"},{"floor":9,"key":"Pen Nib"},{"floor":11,"key":"Peace Pipe"}],"event_choices":[{"damage_healed":0,"gold_gain":0,"player_choice":"Trade","damage_taken":0,"relics_obtained":["FaceOfCleric"],"max_hp_gain":0,"max_hp_loss":0,"event_name":"FaceTrader","floor":7,"gold_loss":0},{"damage_healed":0,"gold_gain":0,"player_choice":"Rummage","damage_taken":0,"relics_obtained":["WarpedTongs"],"max_hp_gain":0,"max_hp_loss":0,"event_name":"Accursed Blacksmith","floor":13,"gold_loss":0,"cards_obtained":["Pain"]}],"is_beta":false,"boss_relics":[],"items_purged_floors":[],"is_endless":false,"potions_floor_spawned":[4,5,11,12],"killed_by":"Gremlin Nob","ascension_level":20}}