{"host":"sav7uxregyirlf69","time":1611204862,"event":{"mods":["AchievementEnabler","BaseMod","Colored Map","DeckTracker","Keyboard Shortcuts","Minty Spire (QoL Compilation)","READ ME - Guardian Mod","StSLib","SuperFastMode"],"gold_per_floor":[14,14,38,113,113,149,170,170,170,170,170,189,189,205,205,301,301,315,75,125,125,139,180,192,238,250,262,274,300,351,377,389,491,503,533,261,261,281,71,71,119,119,119,152,167,207,230,271,271,271,271,271,271,121,171,171],"floor_reached":57,"language":"KOR","playtime":1872,"items_purged":["Slice","Riddle With Holes","Infinite Blades","Phantasmal Killer"],"score":3071,"play_id":"a19f907e-5623-4d41-8277-aa99dc925cc2","local_time":"20210121135422","is_ascension_mode":true,"campfire_choices":[{"floor":8.0,"key":"REST"},{"data":"Noxious Fumes","floor":10.0,"key":"SMITH"},{"floor":13.0,"key":"REST"},{"data":"Malaise","floor":15.0,"key":"SMITH"},{"data":"Concentrate","floor":24.0,"key":"SMITH"},{"floor":27.0,"key":"REST"},{"floor":32.0,"key":"REST"},{"data":"Acrobatics","floor":40.0,"key":"SMITH"},{"floor":49.0,"key":"RECALL"},{"data":"Wraith Form v2","floor":53.0,"key":"SMITH"}],"circlet_count":0,"master_deck":["AscendersBane","Survivor","Neutralize","Corpse Explosion+1","Noxious Fumes+1","Dash","Backflip","Deadly Poison","Malaise+1","Bullet Time","Backstab","Reflex","Concentrate+1","Wraith Form v2+1","Acrobatics+1","Adrenaline","Crippling Poison+1","Tactician+1","Prepared","Bandage Up","Blur+1","Calculated Gamble","Footwork+1","Deflect"],"relics":["Ring of the Snake","Golden Idol","White Beast Statue","PreservedInsect","Pandora\u0027s Box","Lee\u0027s Waffle","MawBank","Pantograph","Dream Catcher","Runic Pyramid","Snake Skull","CeramicFish","Pocketwatch","Thread and Needle","Anchor","Incense Burner"],"acts_visited":["Exordium","TheCity","TheBeyond","TheEnding"],"potions_floor_usage":[56],"damage_taken":[{"damage":0.0,"enemies":"Cultist","floor":1.0,"turns":4.0},{"damage":7.0,"enemies":"Small Slimes","floor":3.0,"turns":5.0},{"damage":44.0,"enemies":"Gremlin Nob","floor":6.0,"turns":5.0},{"damage":6.0,"enemies":"2 Louse","floor":7.0,"turns":3.0},{"damage":0.0,"enemies":"Blue Slaver","floor":12.0,"turns":5.0},{"damage":17.0,"enemies":"Exordium Thugs","floor":14.0,"turns":4.0},{"damage":0.0,"enemies":"Hexaghost","floor":16.0,"turns":9.0},{"damage":12.0,"enemies":"3 Byrds","floor":18.0,"turns":3.0},{"damage":0.0,"enemies":"Chosen","floor":22.0,"turns":3.0},{"damage":23.0,"enemies":"Book of Stabbing","floor":23.0,"turns":7.0},{"damage":26.0,"enemies":"Slavers","floor":25.0,"turns":2.0},{"damage":11.0,"enemies":"Centurion and Healer","floor":29.0,"turns":4.0},{"damage":18.0,"enemies":"Book of Stabbing","floor":30.0,"turns":5.0},{"damage":15.0,"enemies":"Chosen and Byrds","floor":31.0,"turns":6.0},{"damage":50.0,"enemies":"Automaton","floor":33.0,"turns":10.0},{"damage":15.0,"enemies":"3 Darklings","floor":35.0,"turns":2.0},{"damage":0.0,"enemies":"3 Shapes","floor":38.0,"turns":3.0},{"damage":0.0,"enemies":"Giant Head","floor":41.0,"turns":6.0},{"damage":0.0,"enemies":"Maw","floor":44.0,"turns":7.0},{"damage":9.0,"enemies":"Spire Growth","floor":45.0,"turns":6.0},{"damage":2.0,"enemies":"Nemesis","floor":46.0,"turns":7.0},{"damage":0.0,"enemies":"Transient","floor":47.0,"turns":6.0},{"damage":12.0,"enemies":"Reptomancer","floor":48.0,"turns":6.0},{"damage":13.0,"enemies":"Donu and Deca","floor":50.0,"turns":7.0},{"damage":13.0,"enemies":"Awakened One","floor":51.0,"turns":14.0},{"damage":3.0,"enemies":"Shield and Spear","floor":55.0,"turns":5.0},{"damage":41,"enemies":"The Heart","floor":56,"turns":13}],"seed_played":"4877336946384675822","potions_obtained":[{"floor":1.0,"key":"FairyPotion"},{"floor":6.0,"key":"Fruit Juice"},{"floor":7.0,"key":"SmokeBomb"},{"floor":12.0,"key":"Regen Potion"},{"floor":14.0,"key":"DuplicationPotion"},{"floor":16.0,"key":"CunningPotion"},{"floor":18.0,"key":"FairyPotion"},{"floor":23.0,"key":"DuplicationPotion"},{"floor":25.0,"key":"LiquidBronze"},{"floor":30.0,"key":"Dexterity Potion"},{"floor":33.0,"key":"Weak Potion"},{"floor":41.0,"key":"Block Potion"},{"floor":48.0,"key":"Block Potion"}],"is_trial":false,"path_per_floor":["M","?","M","?","?","E","M","R","T","R","?","M","R","M","R","B",null,"M","$","?","?","M","E","R","E","T","R","?","M","E","M","R","B",null,"M","$","?","M","$","R","E","?","T","M","M","E","M","E","R","B","B",null,"R","$","E","B",null],"character_chosen":"THE_SILENT","items_purchased":["Lee\u0027s Waffle","Prepared","Snake Skull","LiquidMemories"],"campfire_rested":4,"item_purchase_floors":[19,36,36,39],"current_hp_per_floor":[59,36,29,18,18,4,3,24,24,24,3,3,24,19,19,19,58,46,78,78,78,78,55,55,29,29,52,52,41,23,8,31,6,60,45,45,35,39,39,39,43,43,43,47,42,44,48,40,40,56,69,76,76,76,75,37],"gold":171,"neow_bonus":"THREE_RARE_CARDS","is_daily":false,"chose_seed":false,"campfire_upgraded":5,"win_rate":0.0,"timestamp":1611204862,"path_taken":["M","?","M","?","?","E","M","R","T","R","?","?","R","M","R","BOSS","M","$","?","?","?","E","R","E","T","R","?","M","E","M","R","BOSS","M","$","?","M","$","R","E","?","T","M","M","E","?","E","R","BOSS","BOSS","R","$","E","BOSS"],"items_purchased_type":["Relic","Card","Relic","Potion"],"build_version":"2020-12-22","purchased_purges":4,"victory":true,"max_hp_per_floor":[66,66,66,66,66,66,71,71,71,71,71,71,71,71,71,71,71,71,78,78,78,78,78,78,78,78,78,78,78,78,78,78,78,78,78,78,78,78,78,78,78,78,78,78,78,78,78,78,78,78,78,78,78,78,78,78],"card_choices":[{"not_picked":["Malaise","Storm of Steel"],"picked":"Corpse Explosion","floor":0.0},{"not_picked":["Underhanded Strike","Dash"],"picked":"Noxious Fumes","floor":1.0},{"not_picked":["Infinite Blades","Cloak And Dagger"],"picked":"Dash","floor":3.0},{"not_picked":["Prepared","Cloak And Dagger"],"picked":"Backflip","floor":6.0},{"not_picked":["Predator","PiercingWail","Finisher"],"picked":"SKIP","floor":7.0},{"not_picked":["Outmaneuver","Prepared"],"picked":"Deadly Poison","floor":12.0},{"not_picked":["Sucker Punch","Leg Sweep"],"picked":"Malaise","floor":14.0},{"not_picked":["Phantasmal Killer","Envenom"],"picked":"Bullet Time","floor":16.0},{"not_picked":["Quick Slash","Dagger Spray","Cloak And Dagger"],"picked":"SKIP","floor":18.0},{"not_picked":["Flechettes","Heel Hook","Underhanded Strike"],"picked":"SKIP","floor":22.0},{"not_picked":["Slice","Sucker Punch","Flying Knee"],"picked":"SKIP","floor":23.0},{"not_picked":["Slice","A Thousand Cuts","Poisoned Stab"],"picked":"SKIP","floor":25.0},{"not_picked":["Noxious Fumes","Deflect"],"picked":"Acrobatics","floor":29.0},{"not_picked":["Blade Dance+1","Footwork"],"picked":"Adrenaline","floor":30.0},{"not_picked":["Bane+1","Acrobatics"],"picked":"Crippling Poison+1","floor":31.0},{"not_picked":["Sucker Punch","Choke"],"picked":"Tactician+1","floor":32.0},{"not_picked":["Predator","Outmaneuver","Flying Knee"],"picked":"SKIP","floor":35.0},{"not_picked":["Forethought","Jack Of All Trades"],"picked":"Bandage Up","floor":37.0},{"not_picked":["Sucker Punch+1","Backflip","Eviscerate"],"picked":"SKIP","floor":38.0},{"not_picked":["Heel Hook","Backflip"],"picked":"Blur+1","floor":41.0},{"not_picked":["Predator+1","Deflect"],"picked":"Calculated Gamble","floor":44.0},{"not_picked":["Accuracy","Die Die Die","Deflect"],"picked":"SKIP","floor":45.0},{"not_picked":["Slice","Dodge and Roll+1","Bouncing Flask"],"picked":"SKIP","floor":46.0},{"not_picked":["Slice","Dodge and Roll+1","Bouncing Flask"],"picked":"SKIP","floor":46.0},{"not_picked":["Flying Knee","Endless Agony"],"picked":"Footwork+1","floor":47.0},{"not_picked":["Doppelganger","Flying Knee","Envenom"],"picked":"SKIP","floor":48.0},{"not_picked":["Tactician+1","Outmaneuver"],"picked":"Deflect","floor":55.0}],"player_experience":1338947,"relics_obtained":[{"floor":6.0,"key":"White Beast Statue"},{"floor":9.0,"key":"PreservedInsect"},{"floor":23.0,"key":"MawBank"},{"floor":25.0,"key":"Pantograph"},{"floor":30.0,"key":"Dream Catcher"},{"floor":41.0,"key":"CeramicFish"},{"floor":43.0,"key":"Pocketwatch"},{"floor":46.0,"key":"Thread and Needle"},{"floor":48.0,"key":"Anchor"},{"floor":55.0,"key":"Incense Burner"}],"event_choices":[{"damage_healed":0.0,"max_hp_gain":0.0,"max_hp_loss":0.0,"gold_gain":0.0,"event_name":"Golden Idol","player_choice":"Take Damage","floor":2.0,"gold_loss":0.0,"damage_taken":23.0,"relics_obtained":["Golden Idol"]},{"damage_healed":0.0,"max_hp_gain":0.0,"max_hp_loss":0.0,"gold_gain":75.0,"event_name":"World of Goop","player_choice":"Gather Gold","floor":4.0,"gold_loss":0.0,"damage_taken":11.0},{"damage_healed":0.0,"max_hp_gain":0.0,"max_hp_loss":0.0,"gold_gain":0.0,"event_name":"Liars Game","player_choice":"Ignored","floor":5.0,"gold_loss":0.0,"damage_taken":0.0},{"damage_healed":0.0,"max_hp_gain":0.0,"max_hp_loss":0.0,"gold_gain":0.0,"event_name":"Shining Light","player_choice":"Entered Light","floor":11.0,"gold_loss":0.0,"damage_taken":21.0,"cards_upgraded":["Corpse Explosion","Strike_G"]},{"damage_healed":0.0,"max_hp_gain":0.0,"max_hp_loss":0.0,"gold_gain":50.0,"event_name":"Nest","player_choice":"Stole From Cult","floor":20.0,"gold_loss":0.0,"damage_taken":0.0},{"cards_removed":["Dagger Spray"],"damage_healed":0.0,"max_hp_gain":0.0,"max_hp_loss":0.0,"gold_gain":0.0,"event_name":"Purifier","player_choice":"Purged","floor":21.0,"gold_loss":0.0,"damage_taken":0.0},{"damage_healed":0.0,"max_hp_gain":0.0,"max_hp_loss":0.0,"gold_gain":0.0,"event_name":"The Mausoleum","player_choice":"Ignored","floor":28.0,"gold_loss":0.0,"damage_taken":0.0},{"damage_healed":0.0,"max_hp_gain":0.0,"max_hp_loss":0.0,"gold_gain":0.0,"event_name":"SensoryStone","player_choice":"Memory 3","floor":37.0,"gold_loss":0.0,"damage_taken":10.0},{"cards_removed":["Glass Knife"],"damage_healed":0.0,"max_hp_gain":0.0,"max_hp_loss":0.0,"gold_gain":0.0,"event_name":"Purifier","player_choice":"Purged","floor":42.0,"gold_loss":0.0,"damage_taken":0.0}],"is_beta":false,"boss_relics":[{"not_picked":["Ectoplasm","Philosopher\u0027s Stone"],"picked":"Pandora\u0027s Box"},{"not_picked":["Calling Bell","Ring of the Serpent"],"picked":"Runic Pyramid"}],"items_purged_floors":[19,36,39,54],"is_endless":false,"potions_floor_spawned":[1,6,7,12,14,16,18,22,23,25,29,30,31,33,35,38,41,44,45,46,47,48,55],"ascension_level":20}}