{"host":"dfkyfs40szv6n8ol","time":1611248122,"event":{"mods":["BaseMod","BetterRewards","Card Forge","Downfall","Halation","Hermit","Hubris","Infinite Spire","Marisa????????","Minty Spire (QoL Compilation)","Quick Restart","Shop Mod","StSLib","The Bug Knight","The Necromancer","The Runesmith","The Servant 0.9.4","everything is the same but u backflip on backflip"],"gold_per_floor":[119,136,136,136,136,136,74,74,74,93,108,108,108,124,124,226,226,237,253,352,139,139,139,151,151,176,196,41,61,61,81,81,185,185,195,89,99,99,109,127,177,188,213,213,213,229,240,240,240,240,240],"floor_reached":50,"language":"ENG","playtime":2682,"items_purged":[],"score":661,"play_id":"9b306bf3-7bd6-46c0-bf29-92252fa881fe","local_time":"20210121115522","is_ascension_mode":false,"campfire_choices":[{"data":"Bone_Prison","floor":6,"key":"SMITH"},{"data":"Apotheosis","floor":8,"key":"SMITH"},{"data":"Finger_Of_Death","floor":13,"key":"SMITH"},{"data":"Life_Drain","floor":15,"key":"SMITH"},{"data":"Bone_Armory","floor":23,"key":"SMITH"},{"floor":25,"key":"REST"},{"floor":32,"key":"REST"},{"floor":44,"key":"REST"},{"floor":49,"key":"REST"}],"circlet_count":0,"master_deck":["Strike_W","Strike_W","Strike_W","Strike_W","Defend_W","Defend_W","Defend_W","Defend_W","Negative_Energy_Arrows","Bone_Wall","Apotheosis+1","Bone_Spikes","Finger_Of_Death+1","Bone_Prison+1","Spectral_Armor","Toxic_Smoke_Screen","Life_Drain+1","Skeleton_Dragon","Death_Knell","Bone_Bullets","Bone_Armory+1","Bone_Armor","Life_Tap","Summon_Death_Knight","Summon_Death_Knight","Shade_Step","Summon_Lich","Bone_Armor","Negative_Energy_Sphere+1","infinitespire:FutureSight","Negative_Energy_Shield","Life_Tap","Summon_Lich","Bones_to_Steel+1","Negative_Energy_Shield","Blood_Curse+1","Spectral_Armor+1"],"relics":["Vampire_Amulet","Hammer of Thor","Seething Fire","Anvil of the Gods","MerchantsRug","Kunai","hubris:TinFlute","hubris:Spice","Bronze Scales","halation:PinkSoulGem","Runic Pyramid","Nunchaku","halation:EternalFortune","PreservedInsect","halation:LettersToHer","bronze:MakeshiftBattery"],"acts_visited":["Exordium","TheCity","TheBeyond"],"potions_floor_usage":[39,40,42,50],"damage_taken":[{"damage":1,"enemies":"Cultist","floor":1,"turns":5},{"damage":2,"enemies":"Jaw Worm","floor":2,"turns":3},{"damage":2,"enemies":"Small Slimes","floor":10,"turns":2},{"damage":0,"enemies":"3 Louse","floor":11,"turns":2},{"damage":5,"enemies":"Red Slaver","floor":14,"turns":3},{"damage":10,"enemies":"Hexaghost","floor":16,"turns":10},{"damage":10,"enemies":"Shell Parasite","floor":18,"turns":8},{"damage":26,"enemies":"2 Thieves","floor":19,"turns":4},{"damage":37,"enemies":"Sentry and Sphere","floor":24,"turns":6},{"damage":30,"enemies":"Shelled Parasite and Fungi","floor":27,"turns":5},{"damage":13,"enemies":"3 Cultists","floor":29,"turns":5},{"damage":18,"enemies":"Snake Plant","floor":31,"turns":5},{"damage":24,"enemies":"Collector","floor":33,"turns":15},{"damage":7,"enemies":"3 Shapes","floor":35,"turns":6},{"damage":26,"enemies":"3 Darklings","floor":37,"turns":5},{"damage":10,"enemies":"4 Shapes","floor":39,"turns":6},{"damage":36,"enemies":"Sphere and 2 Shapes","floor":40,"turns":5},{"damage":2,"enemies":"Mind Bloom Boss Battle","floor":41,"turns":9},{"damage":19,"enemies":"Transient","floor":42,"turns":5},{"damage":6,"enemies":"Spire Growth","floor":46,"turns":6},{"damage":28,"enemies":"Jaw Worm Horde","floor":47,"turns":5},{"damage":114,"enemies":"hubris:GrandSnecko","floor":50,"turns":12}],"seed_played":"-3038070258982505993","potions_obtained":[{"floor":10,"key":"Guardian:BlockOnCardUsePotion"},{"floor":11,"key":"SpeedPotion"},{"floor":18,"key":"champ:CounterPotion"},{"floor":24,"key":"SteroidPotion"},{"floor":39,"key":"ColorlessPotion"},{"floor":41,"key":"EssenceOfSteel"},{"floor":42,"key":"Explosive Potion"},{"floor":46,"key":"BlessingOfTheForge"}],"is_trial":false,"path_per_floor":["M","M","?","T","$","R","?","R","T","M","M","?","R","M","R","B",null,"M","M","?","$","?","R","M","R","T","M","$","M","?","M","R","B",null,"M","$","M","AVR","M","M","?","M","T","R","?","M","M","?","R","B"],"character_chosen":"NECROMANCER","items_purchased":["MerchantsRug","Apotheosis","Kunai","Bone_Armory","Nunchaku","halation:LettersToHer","Summon_Lich","Bone_Armor"],"campfire_rested":4,"item_purchase_floors":[0,0,0,21,21,28,36,36],"current_hp_per_floor":[60,60,60,60,60,60,68,68,68,70,76,76,76,73,73,75,83,83,67,67,67,70,70,43,68,68,48,48,51,51,45,70,79,86,86,86,68,68,72,48,66,55,55,80,80,82,66,66,86,0,0],"gold":240,"neow_bonus":"","is_daily":false,"chose_seed":false,"campfire_upgraded":5,"win_rate":0.0,"timestamp":1611248122,"path_taken":["M","M","?","?","?","R","?","R","T","?","M","?","R","M","R","BOSS","M","M","?","$","?","R","M","R","T","M","?","?","?","M","R","BOSS","M","$","M","AVR","M","M","?","M","T","R","?","?","M","?","R","BOSS"],"items_purchased_type":["Relic","Card","Relic","Card","Relic","Relic","Card","Card"],"build_version":"2020-12-22","purchased_purges":0,"victory":false,"max_hp_per_floor":[75,75,75,75,75,75,83,83,83,83,83,83,83,83,83,83,83,83,83,83,83,86,86,86,86,86,86,86,86,86,86,86,86,86,86,86,86,86,86,86,94,94,86,86,86,86,86,86,86,86,86],"card_choices":[{"not_picked":["Thousand_Bone_Knives","Pandemic"],"picked":"Bone_Spikes","floor":1},{"not_picked":["Bone_Spikes","Epidemic"],"picked":"Finger_Of_Death","floor":2},{"not_picked":["Death_Coil","Shackles_Of_Pain"],"picked":"Spectral_Armor","floor":10},{"not_picked":["Negative_Energy_Sphere","Vampiric_Strike"],"picked":"Toxic_Smoke_Screen","floor":11},{"not_picked":["Corrupt","Bone_Armor"],"picked":"Life_Drain","floor":14},{"not_picked":["Hellfire","Cloudkill"],"picked":"Skeleton_Dragon","floor":16},{"not_picked":["Death_Coil","Negative_Energy_Mist"],"picked":"Death_Knell","floor":18},{"not_picked":["Thousand_Bone_Knives","Shade_Step+1"],"picked":"Bone_Bullets","floor":19},{"not_picked":["Summon_Undead","Negative_Energy_Sphere+1"],"picked":"Bone_Armor","floor":24},{"not_picked":["Bone_Spikes+1","Chill_Blood"],"picked":"Bone_Shift","floor":27},{"not_picked":["Bone_Spikes","Bone_Bullets"],"picked":"Life_Tap","floor":29},{"not_picked":["Chill_Blood","Stop_Heart"],"picked":"Summon_Death_Knight","floor":31},{"not_picked":["Requiem","Grasp_Heart"],"picked":"Summon_Death_Knight","floor":33},{"not_picked":["Stop_Heart","Thousand_Bone_Knives"],"picked":"Shade_Step","floor":35},{"not_picked":["Blood_for_Blood+1","Bone_Spikes"],"picked":"Negative_Energy_Sphere+1","floor":37},{"not_picked":["Consume_Illness","Vampiric_Strike"],"picked":"Negative_Energy_Shield","floor":39},{"not_picked":["Bone_Shift","Negative_Energy_Sphere+1"],"picked":"Life_Tap","floor":40},{"not_picked":["Blood_Magic","Spectral_Armor"],"picked":"Summon_Lich","floor":41},{"not_picked":["Bone_Armor+1","Bone_Bullets"],"picked":"Bones_to_Steel+1","floor":42},{"not_picked":["Negative_Energy_Sphere+1","Negative_Energy_Mist+1"],"picked":"Blood_Curse+1","floor":46},{"not_picked":["Acid_Javelin","hubris:SpiceAddiction"],"picked":"Spectral_Armor+1","floor":47}],"player_experience":89546,"relics_obtained":[{"floor":4,"key":"hubris:TinFlute"},{"floor":9,"key":"Bronze Scales"},{"floor":26,"key":"PreservedInsect"},{"floor":41,"key":"hubris:Spice"},{"floor":43,"key":"halation:LettersToHer"},{"floor":43,"key":"hubris:Spice"}],"event_choices":[{"damage_healed":0,"gold_gain":0,"player_choice":"Paid Gold","damage_taken":0,"relics_obtained":["hubris:Spice"],"max_hp_gain":0,"max_hp_loss":0,"event_name":"WeMeetAgain","floor":7,"gold_loss":62},{"damage_healed":0,"gold_gain":99,"player_choice":"Stole From Cult","damage_taken":0,"max_hp_gain":0,"max_hp_loss":0,"event_name":"Nest","floor":20,"gold_loss":0},{"damage_healed":0,"gold_gain":0,"player_choice":"Ignored","damage_taken":0,"max_hp_gain":0,"max_hp_loss":0,"event_name":"Vampires","floor":30,"gold_loss":0},{"damage_healed":0,"gold_gain":0,"player_choice":"Fight","damage_taken":0,"max_hp_gain":0,"max_hp_loss":0,"event_name":"MindBloom","floor":41,"gold_loss":0},{"damage_healed":0,"gold_gain":0,"cards_transformed":["Bone_Shift"],"player_choice":"Transformed","damage_taken":0,"max_hp_gain":0,"max_hp_loss":0,"event_name":"Transmorgrifier","floor":45,"gold_loss":0,"cards_obtained":["Negative_Energy_Shield"]}],"is_beta":false,"boss_relics":[{"not_picked":["hubris:ScarierMask","halation:HeavySnake"],"picked":"Runic Pyramid"},{"not_picked":["halation:PlatinumPhoenix","Empty Cage"],"picked":"bronze:MakeshiftBattery"}],"items_purged_floors":[],"is_endless":false,"potions_floor_spawned":[10,11,18,24,33,39,41,42,46],"killed_by":"hubris:GrandSnecko","ascension_level":0}}