{"host":"j6locglyv7e0c0tm","time":1611224995,"event":{"mods":["BaseMod","Better Altar","Better Match","Better Note","Better Sensory Stone","Better Skull","Better Third Choice","Better Vampires","BetterRewards","Card Forge","Colored Powertips","Custom Start","DeckTracker","Googly Eyes","Hermit","Highlight Path","Jorbs\u0027s Wanderer Trilogy","Marked Mod","Minty Spire (QoL Compilation)","Relic Stats","Replay The Spire","Shade Mod","Shop Mod","StSLib","Swap Starting Deck Mod","The Runesmith","TheFirefly"],"gold_per_floor":[117,117,117,117,132,159,159,33,111,121,121,141,175,191,191,287,287,300,314,314,3,3,3,27,43,113,12,12,29,47,47,47,152,152,166,24,24,24,36,36,66,66,66,108,108,158,198,198,198,216,216,216,44,98,118],"floor_reached":56,"language":"ENG","playtime":3268,"items_purged":["ReplayTheSpireMod:Doomed","Spreading Infection"],"score":1536,"play_id":"1fbaa866-505e-478a-bcdb-60040b0dcbcd","local_time":"20210121212955","is_ascension_mode":false,"campfire_choices":[{"floor":7,"key":"RECALL"},{"floor":15,"key":"REST"},{"floor":23,"key":"DIG"},{"floor":32,"key":"DIG"},{"data":"Hallucinations","floor":40,"key":"PURGE"},{"floor":42,"key":"REST"},{"floor":45,"key":"DIG"},{"floor":49,"key":"DIG"},{"floor":52,"key":"DIG"}],"circlet_count":0,"master_deck":["Strike_R","Strike_R","Strike_R","Strike_R","Strike_R","Defend_R","Defend_R","Defend_R","Defend_R","Bash","Rupture","Flex+1","Impatience+1","Fire Breathing","Offering+1","Feel No Pain","Warcry+1","Pummel","Burning Pact+1","Limit Break+1","ReplayTheSpireMod:Stacked+1","Heavy Blade+1","ReplayTheSpireMod:Strike From Hell","ReplayTheSpireMod:Strike From Hell","Writhe","True Grit+1","Whirlwind+1","Shame","Barricade","Demon Form+1","ReplayTheSpireMod:Necrogeddon+1","Defy Death+1","Languid","Heavy Blade+1","Burning Pact+1","Abandon+1","Spot Weakness+1","Reaper","Reaper","ReplayTheSpireMod:Stacked+1"],"relics":["Burning Blood","Hammer of Thor","Seething Fire","Anvil of the Gods","Toxic Egg 2","Replay:Wax Seal","Mummified Hand","HandDrill","Ring of Misfortune","ReplayTheSpireMod:Ring of Exchange","Mirror","Tiny Chest","Odd Mushroom","Nunchaku","Cursed Key","Replay:Multitool","Toy Ornithopter","Blue Doll","Pantograph","Ancient Tea Set","Happy Flower","Oddly Smooth Stone","Membership Card","Eternal Feather","Replay:Bandana","Replay:Bottled Snecko","Ice Cream","Pet Ghost","Strawberry","Kunai","Thread and Needle"],"acts_visited":["Exordium","TheCity","TheBeyond","TheEnding"],"potions_floor_usage":[16,18,29,30,33,33,33,47,47,50,55],"damage_taken":[{"damage":4,"enemies":"Jaw Worm","floor":1,"turns":5},{"damage":2,"enemies":"2 Louse","floor":5,"turns":2},{"damage":10,"enemies":"Replay:BlueRogue","floor":6,"turns":6},{"damage":6,"enemies":"Small Slimes","floor":10,"turns":2},{"damage":26,"enemies":"The Mushroom Lair","floor":12,"turns":5},{"damage":16,"enemies":"3 Sentries","floor":13,"turns":7},{"damage":7,"enemies":"Blue Slaver","floor":14,"turns":3},{"damage":24,"enemies":"Hexaghost","floor":16,"turns":9},{"damage":14,"enemies":"Shell Parasite","floor":18,"turns":4},{"damage":5,"enemies":"Chosen","floor":19,"turns":3},{"damage":12,"enemies":"Centurion and Healer","floor":25,"turns":2},{"damage":12,"enemies":"Snake Plant","floor":29,"turns":4},{"damage":5,"enemies":"Chosen and Byrds","floor":30,"turns":5},{"damage":33,"enemies":"Collector","floor":33,"turns":8},{"damage":22,"enemies":"3 Shapes","floor":35,"turns":4},{"damage":24,"enemies":"Orb Walker","floor":39,"turns":4},{"damage":45,"enemies":"Nemesis","floor":41,"turns":5},{"damage":6,"enemies":"Maw","floor":44,"turns":6},{"damage":22,"enemies":"R_Hoarder","floor":46,"turns":6},{"damage":29,"enemies":"Sphere and 2 Shapes","floor":47,"turns":4},{"damage":11,"enemies":"Time Eater","floor":50,"turns":7},{"damage":46,"enemies":"Shield and Spear","floor":54,"turns":5},{"damage":85,"enemies":"The Heart","floor":55,"turns":10}],"seed_played":"-9162799774716547511","potions_obtained":[{"floor":1,"key":"EntropicBrew"},{"floor":10,"key":"LiquidMemories"},{"floor":13,"key":"Elixir"},{"floor":16,"key":"Block Potion"},{"floor":25,"key":"Elixir"},{"floor":30,"key":"SteroidPotion"},{"floor":33,"key":"Energy Potion"},{"floor":47,"key":"FearPotion"}],"is_trial":false,"path_per_floor":["M","?","?","?","M","E","R","$","T","M","?","?","E","M","R","B",null,"M","M","?","$","?","R","T","M","T","$","?","M","M","?","R","B",null,"M","$","T","?","M","R","E","R","T","M","R","E","M","?","R","B",null,"R","$","E","B",null],"character_chosen":"IRONCLAD","items_purchased":["Toxic Egg 2","Rupture","Replay:Wax Seal","Mummified Hand","HandDrill","Feel No Pain","Warcry+1","Replay:Multitool","ReplayTheSpireMod:Strike From Hell","Demon Form+1","ReplayTheSpireMod:Necrogeddon","LiquidMemories","FairyPotion","Spot Weakness+1","Reaper"],"campfire_rested":2,"item_purchase_floors":[0,0,0,0,0,8,8,21,27,36,36,53,53,53,53],"current_hp_per_floor":[47,47,47,47,51,47,47,47,47,47,44,24,14,13,37,19,80,72,73,73,73,73,73,73,67,67,67,67,66,72,72,72,68,80,64,64,64,64,46,64,25,67,67,67,80,64,51,51,79,87,87,87,87,87,46],"gold":118,"neow_bonus":"","is_daily":false,"chose_seed":false,"campfire_upgraded":0,"win_rate":0.0,"timestamp":1611224995,"path_taken":["M","?","?","?","M","E","R","?","T","M","?","?","E","M","R","BOSS","M","M","?","$","?","R","?","M","T","$","?","?","M","?","R","BOSS","M","$","?","?","M","R","E","R","T","M","R","E","?","?","R","BOSS","R","$","E","BOSS"],"items_purchased_type":["Relic","Card","Relic","Relic","Relic","Card","Card","Relic","Card","Card","Card","Potion","Potion","Card","Card"],"build_version":"2020-12-22","purchased_purges":2,"victory":true,"max_hp_per_floor":[80,80,80,80,80,80,80,80,80,80,80,80,80,80,80,80,80,80,80,80,80,80,80,80,80,80,80,80,80,80,80,80,80,80,80,80,80,80,80,80,80,80,80,80,80,80,80,80,87,87,87,87,87,87,87],"relic_stats":{"Happy Flower":[19],"counters":[325,1642],"Eternal Feather":70,"Cursed Key":4,"Burning Blood":1114,"Nunchaku":[51],"Mummified Hand":[102],"Pantograph":16,"Tiny Chest":2,"HandDrill":[48],"Kunai":[4],"obtain_stats":[{"Golden Egg":24,"Replay:Accelerometer":9,"Runesmith:Locket":23,"Whetstone":24,"Boot":7,"Old Coin":26,"Blood Vial":6,"Sundial":46,"MealTicket":0,"HandDrill":20,"Replay:Bottled Flurry":44,"Kunai":19,"Replay:Wax Seal":19,"Runic Cube":34,"MerchantsRug":0,"Pear":34,"betterAltar:BloodRelic":0,"Blue Candle":24,"ReplayTheSpireMod:Ring of Addiction":13,"Velvet Choker":34,"Tingsha":0,"Eternal Feather":37,"Pen Nib":53,"Paper Crane":6,"SlaversCollar":17,"Ring of the Serpent":17,"Regal Pillow":27,"Lantern":11,"Singing Bowl":19,"Blue Doll":11,"Painkiller Herb":17,"King of Hearts":26,"Replay:Multitool":7,"Bag of Preparation":7,"Ancient Tea Set":43,"Smiling Mask":25,"Cursed Key":17,"Burning Blood":0,"Pet Ghost":20,"Replay:Rubber Ducky":3,"Shovel":19,"WingedGreaves":38,"Replay:Bottled Eggs":8,"InkBottle":41,"Ring of the Snake":20,"Potion Belt":21,"The Specimen":0,"Golden Idol":12,"Self Forming Clay":30,"Thread and Needle":54,"The Courier":13,"PreservedInsect":43,"Seething Fire":0,"Frozen Egg 2":3,"MawBank":6,"Replay:Arrowhead":4,"sneckomod:BabySnecko":29,"Busted Crown":34,"Ring of Misfortune":3,"Art of War":11,"Garlic":6,"Durian":53,"Bottled Lightning":9,"ReplayTheSpireMod:Lightbulb":2,"Toy Ornithopter":23,"Ice Cream":45,"Divine Protection":26,"Calipers":37,"Gremlin Horn":25,"Vajra":23,"Hammer of Thor":0,"Centennial Puzzle":39,"Lizard Tail":53,"HornCleat":45,"DollysMirror":21,"Strawberry":49,"Prayer Wheel":23,"Iron Hammer":8,"Toxic Egg 2":20,"Happy Flower":3,"ReplayTheSpireMod:CursedCoin":48,"Oddly Smooth Stone":26,"Replay:Kaleidoscope":6,"Letter Opener":28,"War Paint":26,"WarpedTongs":3,"Replay:Baseball":41,"Bottled Flame":32,"ReplayTheSpireMod:Spearhead":22,"ReplayTheSpireMod:Shallot":29,"Anvil of the Gods":0,"Shuriken":30,"Brimstone":0,"Bronze Scales":9,"hermit:BartenderGlass":17,"Simple Rune":22,"Molten Egg 2":38,"Nloth\u0027s Gift":31,"Grinning Jar":32,"Mirror":0,"hermit:Momento":0,"Pocketwatch":0,"Meat on the Bone":20,"ReplayFunnel":43,"ReplayTheSpireMod:Ring of Exchange":13,"SacredBark":17,"Black Blood":17,"Snake Skull":47,"Incense Burner":27,"Replay:Mystery Machine":13,"Empty Cage":17,"PrismaticShard":0,"ClockworkSouvenir":53,"Frozen Eye":27,"SsserpentHead":5,"Nunchaku":0,"Tough Bandages":54,"Dream Catcher":22,"Replay:Bandana":41,"TheAbacus":13,"Mummified Hand":28,"Pantograph":43,"Gambling Chip":38,"Tiny Chest":16,"Red Mask":22,"Replay:Bottled Snecko":27,"Red Skull":0,"Runic Pyramid":34,"Gremlin Food":25,"BargainBundle":30,"Quantum Egg":3,"Replay:WaspNest":9,"Odd Mushroom":7,"Orichalcum":41,"Peace Pipe":24,"Calling Bell":19,"Strange Spoon":0,"Pondfish Scales":0,"Anchor":44,"ChewingGum":17,"Bag of Marbles":45,"Snack Pack":13,"Membership Card":22,"TungstenRod":26,"ReplayTheSpireMod:ShopPack":24},{"Golden Egg":56,"Replay:Accelerometer":159,"Runesmith:Locket":287,"Whetstone":142,"Boot":279,"Old Coin":96,"Blood Vial":193,"Sundial":127,"MealTicket":157,"HandDrill":41,"Replay:Bottled Flurry":212,"Kunai":53,"Replay:Wax Seal":117,"Runic Cube":175,"MerchantsRug":30,"Pear":209,"betterAltar:BloodRelic":128,"Blue Candle":142,"ReplayTheSpireMod:Ring of Addiction":220,"Velvet Choker":14,"Tingsha":70,"Eternal Feather":317,"Pen Nib":68,"Paper Crane":46,"SlaversCollar":200,"Ring of the Serpent":27,"Regal Pillow":56,"Lantern":231,"Singing Bowl":9,"Blue Doll":24,"Painkiller Herb":164,"King of Hearts":236,"Replay:Multitool":23,"Bag of Preparation":218,"Ancient Tea Set":64,"Smiling Mask":236,"Cursed Key":310,"Burning Blood":0,"Pet Ghost":285,"Replay:Rubber Ducky":158,"Shovel":117,"WingedGreaves":212,"Replay:Bottled Eggs":195,"InkBottle":63,"Ring of the Snake":41,"Potion Belt":118,"The Specimen":110,"Golden Idol":6,"Self Forming Clay":156,"Thread and Needle":324,"The Courier":25,"PreservedInsect":105,"Seething Fire":0,"Frozen Egg 2":216,"MawBank":88,"Replay:Arrowhead":45,"sneckomod:BabySnecko":267,"Busted Crown":241,"Ring of Misfortune":303,"Art of War":6,"Garlic":35,"Durian":300,"Bottled Lightning":149,"ReplayTheSpireMod:Lightbulb":180,"Toy Ornithopter":312,"Ice Cream":320,"Divine Protection":288,"Calipers":271,"Gremlin Horn":119,"Vajra":43,"Hammer of Thor":0,"Centennial Puzzle":125,"Lizard Tail":249,"HornCleat":64,"DollysMirror":118,"Strawberry":322,"Prayer Wheel":205,"Iron Hammer":159,"Toxic Egg 2":188,"Happy Flower":111,"ReplayTheSpireMod:CursedCoin":107,"Oddly Smooth Stone":11,"Replay:Kaleidoscope":114,"Letter Opener":120,"War Paint":154,"WarpedTongs":2,"Replay:Baseball":105,"Bottled Flame":122,"ReplayTheSpireMod:Spearhead":168,"ReplayTheSpireMod:Shallot":98,"Anvil of the Gods":0,"Shuriken":57,"Brimstone":157,"Bronze Scales":89,"hermit:BartenderGlass":8,"Simple Rune":96,"Molten Egg 2":244,"Nloth\u0027s Gift":99,"Grinning Jar":208,"Mirror":110,"hermit:Momento":0,"Pocketwatch":110,"Meat on the Bone":234,"ReplayFunnel":212,"ReplayTheSpireMod:Ring of Exchange":220,"SacredBark":186,"Black Blood":139,"Snake Skull":107,"Incense Burner":12,"Replay:Mystery Machine":231,"Empty Cage":40,"PrismaticShard":214,"ClockworkSouvenir":68,"Frozen Eye":96,"SsserpentHead":192,"Nunchaku":0,"Tough Bandages":109,"Dream Catcher":142,"Replay:Bandana":319,"TheAbacus":231,"Mummified Hand":290,"Pantograph":18,"Gambling Chip":103,"Tiny Chest":116,"Red Mask":55,"Replay:Bottled Snecko":206,"Red Skull":223,"Runic Pyramid":58,"Gremlin Food":169,"BargainBundle":207,"Quantum Egg":22,"Replay:WaspNest":47,"Odd Mushroom":36,"Orichalcum":246,"Peace Pipe":11,"Calling Bell":117,"Strange Spoon":251,"Pondfish Scales":128,"Anchor":212,"ChewingGum":52,"Bag of Marbles":18,"Snack Pack":184,"Membership Card":96,"TungstenRod":169,"ReplayTheSpireMod:ShopPack":142},{"Golden Egg":307,"Replay:Accelerometer":800,"Runesmith:Locket":1455,"Whetstone":720,"Boot":1421,"Old Coin":486,"Blood Vial":916,"Sundial":648,"MealTicket":796,"HandDrill":239,"Replay:Bottled Flurry":1052,"Kunai":294,"Replay:Wax Seal":591,"Runic Cube":849,"MerchantsRug":179,"Pear":1035,"betterAltar:BloodRelic":651,"Blue Candle":720,"ReplayTheSpireMod:Ring of Addiction":1094,"Velvet Choker":85,"Tingsha":382,"Eternal Feather":1595,"Pen Nib":372,"Paper Crane":263,"SlaversCollar":966,"Ring of the Serpent":163,"Regal Pillow":307,"Lantern":1142,"Singing Bowl":47,"Blue Doll":143,"Painkiller Herb":815,"King of Hearts":1171,"Replay:Multitool":138,"Bag of Preparation":1085,"Ancient Tea Set":350,"Smiling Mask":1171,"Cursed Key":1565,"Burning Blood":0,"Pet Ghost":1447,"Replay:Rubber Ducky":798,"Shovel":591,"WingedGreaves":1052,"Replay:Bottled Eggs":931,"InkBottle":346,"Ring of the Snake":239,"Potion Belt":595,"The Specimen":564,"Golden Idol":23,"Self Forming Clay":794,"Thread and Needle":1632,"The Courier":150,"PreservedInsect":534,"Seething Fire":0,"Frozen Egg 2":1070,"MawBank":454,"Replay:Arrowhead":257,"sneckomod:BabySnecko":1362,"Busted Crown":1206,"Ring of Misfortune":1531,"Art of War":23,"Garlic":207,"Durian":1517,"Bottled Lightning":756,"ReplayTheSpireMod:Lightbulb":863,"Toy Ornithopter":1572,"Ice Cream":1610,"Divine Protection":1457,"Calipers":1393,"Gremlin Horn":600,"Vajra":250,"Hammer of Thor":0,"Centennial Puzzle":636,"Lizard Tail":1258,"HornCleat":350,"DollysMirror":595,"Strawberry":1620,"Prayer Wheel":1001,"Iron Hammer":800,"Toxic Egg 2":891,"Happy Flower":567,"ReplayTheSpireMod:CursedCoin":544,"Oddly Smooth Stone":60,"Replay:Kaleidoscope":579,"Letter Opener":606,"War Paint":784,"WarpedTongs":7,"Replay:Baseball":534,"Bottled Flame":615,"ReplayTheSpireMod:Spearhead":826,"ReplayTheSpireMod:Shallot":496,"Anvil of the Gods":0,"Shuriken":312,"Brimstone":796,"Bronze Scales":460,"hermit:BartenderGlass":42,"Simple Rune":486,"Molten Egg 2":1220,"Nloth\u0027s Gift":500,"Grinning Jar":1023,"Mirror":564,"hermit:Momento":0,"Pocketwatch":564,"Meat on the Bone":1161,"ReplayFunnel":1052,"ReplayTheSpireMod:Ring of Exchange":1094,"SacredBark":886,"Black Blood":704,"Snake Skull":544,"Incense Burner":65,"Replay:Mystery Machine":1142,"Empty Cage":233,"PrismaticShard":1062,"ClockworkSouvenir":372,"Frozen Eye":486,"SsserpentHead":910,"Nunchaku":0,"Tough Bandages":556,"Dream Catcher":720,"Replay:Bandana":1604,"TheAbacus":1142,"Mummified Hand":1464,"Pantograph":107,"Gambling Chip":520,"Tiny Chest":587,"Red Mask":303,"Replay:Bottled Snecko":1009,"Red Skull":1111,"Runic Pyramid":321,"Gremlin Food":829,"BargainBundle":1018,"Quantum Egg":134,"Replay:WaspNest":267,"Odd Mushroom":212,"Orichalcum":1231,"Peace Pipe":60,"Calling Bell":591,"Strange Spoon":1274,"Pondfish Scales":651,"Anchor":1052,"ChewingGum":290,"Bag of Marbles":107,"Snack Pack":872,"Membership Card":486,"TungstenRod":829,"ReplayTheSpireMod:ShopPack":720}],"Toy Ornithopter":45},"card_choices":[{"not_picked":["Second Wind+1","Sword Boomerang"],"picked":"Flex+1","floor":1},{"not_picked":["Swift Strike","PanicButton+1"],"picked":"Impatience+1","floor":4},{"not_picked":["Thunderclap","Anger"],"picked":"Fire Breathing","floor":5},{"not_picked":["ReplayTheSpireMod:Strike From Hell","Bludgeon"],"picked":"Offering+1","floor":6},{"not_picked":["Anger","Thunderclap","Cleave"],"picked":"SKIP","floor":10},{"not_picked":["Sword Boomerang","Wild Strike"],"picked":"Pummel","floor":12},{"not_picked":["Pommel Strike","True Grit+1"],"picked":"Burning Pact+1","floor":13},{"not_picked":["Heavy Blade","Clothesline","Rupture"],"picked":"SKIP","floor":14},{"not_picked":["Corruption","Fiend Fire"],"picked":"Limit Break+1","floor":16},{"not_picked":["Sword Boomerang","Replay:Undeath\u0027s Touch"],"picked":"ReplayTheSpireMod:Stacked+1","floor":18},{"not_picked":["Body Slam","Abandon+1","Anger"],"picked":"SKIP","floor":19},{"not_picked":["Replay:Undeath\u0027s Touch+1","Sword Boomerang"],"picked":"Heavy Blade+1","floor":25},{"not_picked":["ReplayTheSpireMod:Stacked+1","Searing Blow"],"picked":"True Grit+1","floor":29},{"not_picked":["Perfected Strike","Carnage"],"picked":"Whirlwind+1","floor":30},{"not_picked":["Offering+1","Demonic Infusion+1"],"picked":"Barricade","floor":33},{"not_picked":["ReplayTheSpireMod:Corrosion Curse+1","Body Slam","Clothesline"],"picked":"SKIP","floor":35},{"not_picked":["Body Slam+1","Thunderclap+1","Pommel Strike"],"picked":"SKIP","floor":39},{"not_picked":["Wild Strike","Clothesline"],"picked":"Defy Death+1","floor":41},{"not_picked":["Havoc+1","Shockwave+1"],"picked":"Heavy Blade+1","floor":44},{"not_picked":["Battle Trance+1","Shrug It Off+1"],"picked":"Burning Pact+1","floor":46},{"not_picked":["Run Through+1","Flex+1"],"picked":"Abandon+1","floor":47},{"not_picked":["Corruption","Uppercut+1"],"picked":"ReplayTheSpireMod:Stacked+1","floor":54}],"player_experience":799754,"relics_obtained":[{"floor":3,"key":"Ring of Misfortune"},{"floor":3,"key":"ReplayTheSpireMod:Ring of Exchange"},{"floor":6,"key":"Mirror"},{"floor":12,"key":"Odd Mushroom"},{"floor":13,"key":"Nunchaku"},{"floor":23,"key":"Toy Ornithopter"},{"floor":24,"key":"Blue Doll"},{"floor":26,"key":"Pantograph"},{"floor":32,"key":"Oddly Smooth Stone"},{"floor":37,"key":"Eternal Feather"},{"floor":41,"key":"Replay:Bandana"},{"floor":43,"key":"Replay:Bottled Snecko"},{"floor":45,"key":"Ice Cream"},{"floor":46,"key":"Pet Ghost"},{"floor":49,"key":"Strawberry"},{"floor":52,"key":"Kunai"},{"floor":54,"key":"Thread and Needle"}],"event_choices":[{"damage_healed":0,"gold_gain":0,"player_choice":"Ignored","damage_taken":0,"max_hp_gain":0,"max_hp_loss":0,"event_name":"Golden Wing","floor":2,"gold_loss":0},{"damage_healed":0,"gold_gain":1,"player_choice":"1","damage_taken":0,"max_hp_gain":0,"max_hp_loss":0,"event_name":"betterStone:BetterStone","floor":4,"gold_loss":0},{"damage_healed":0,"gold_gain":0,"player_choice":"Relic ","damage_taken":3,"max_hp_gain":0,"max_hp_loss":0,"event_name":"betterThird:BetterScrap","floor":11,"gold_loss":0,"cards_obtained":["ReplayTheSpireMod:Calculation Training"]},{"damage_healed":0,"gold_gain":0,"player_choice":"Fought Mushrooms","damage_taken":0,"max_hp_gain":0,"max_hp_loss":0,"event_name":"Mushrooms","floor":12,"gold_loss":0},{"damage_healed":0,"gold_gain":0,"player_choice":"Ignored","damage_taken":0,"max_hp_gain":0,"max_hp_loss":0,"event_name":"betterNote:BetterNote","floor":20,"gold_loss":0,"cards_obtained":["Defragment"]},{"damage_healed":0,"gold_gain":0,"player_choice":"Ignored","damage_taken":0,"max_hp_gain":0,"max_hp_loss":0,"event_name":"Ghosts","floor":22,"gold_loss":0},{"damage_healed":0,"gold_gain":0,"player_choice":"Opened","damage_taken":0,"relics_obtained":["Ancient Tea Set"],"max_hp_gain":0,"max_hp_loss":0,"event_name":"The Mausoleum","floor":28,"gold_loss":0,"cards_obtained":["Writhe"]},{"damage_healed":0,"gold_gain":0,"player_choice":"Stole Relic","damage_taken":0,"relics_obtained":["Happy Flower"],"max_hp_gain":0,"max_hp_loss":0,"event_name":"Addict","floor":31,"gold_loss":0,"cards_obtained":["Shame"]},{"damage_healed":0,"gold_gain":0,"player_choice":"Upgraded","damage_taken":0,"max_hp_gain":0,"max_hp_loss":0,"event_name":"Upgrade Shrine","floor":38,"gold_loss":0,"cards_upgraded":["ReplayTheSpireMod:Necrogeddon"]},{"damage_healed":0,"gold_gain":0,"player_choice":"Ignored","damage_taken":0,"max_hp_gain":0,"max_hp_loss":0,"event_name":"Transmorgrifier","floor":48,"gold_loss":0}],"is_beta":false,"boss_relics":[{"not_picked":["Astrolabe","Guide Book"],"picked":"Cursed Key"},{"not_picked":["Snecko Eye","Replay:Ancient Bell"],"picked":"Membership Card"}],"items_purged_floors":[27,36],"is_endless":false,"potions_floor_spawned":[1,10,13,16,25,30,33,35,46,47],"ascension_level":0}}