{"host":"wvaiab5ya9pyia0u","time":1611232340,"event":{"mods":["2.2 Compatiblity","Act Like it!","Alarm Clock","Aspiration","Bard","BaseMod","Bestiary","Better Vampires","BetterRewards","Block Reminder","Challenge The Spire","Colored Map","Colored Powertips","Conspire","Curses Come First","Custom Start","Dark Map","DeckTracker","Dio Mod","Filter the Spire","Fox Events","Hermit","Highlight Path","Hubris","Humility","Infinite Spire","Lobotomy","Mimic Mod","Minty Spire (QoL Compilation)","Pale of the Ancients","Poor People Problems","Practice Mode","Quarter Circle Forward PUNCH!","Quick Restart","Rare Cards Sparkle","Relic Sorter","Relic Stats","Replay The Spire","Reworked Bosses","SacredBarkPlus","Shop Mod","Small Relic Pack","Spicy Shops","Spire Arcade","StS++","StSLib","The Blue Laboratory","The Construct","The Cursed","The Disciple","The Factory","The Hierophant","The Jungle","The Marked","The Mystic","The Runesmith","The Servant 0.9.4","TheBandit","Thieving Mod","Wandering Minibosses","everything is the same but u backflip on backflip","slay the spire mod where everything is the same but ironclad has a cowboy hat"],"gold_per_floor":[366,385,12,12,25,42,23,55,88,105,105,115,115,125,125,125,125],"floor_reached":16,"language":"ENG","playtime":842,"items_purged":["bard:Defend","dioMod:Strike"],"score":131,"play_id":"758c310a-19c5-4927-9581-059b162130f1","local_time":"20210121133220","is_ascension_mode":false,"campfire_choices":[{"data":"dioMod:DominatingPresence","floor":13.0,"key":"SMITH"},{"data":"dioMod:CautiousMuda","floor":15,"key":"SMITH"}],"circlet_count":0,"master_deck":["conspire:GhostlyStrike","conspire:GhostlyStrike","Bite","conspire:GhostlyDefend","conspire:GhostlyDefend","conspire:GhostlyDefend","conspire:GhostlyDefend","conspire:GhostlyDefend","dioMod:CautiousMuda+1","dioMod:StreetSign","dioMod:WRYYY","dioMod:LaserVision","dioMod:DaggerToss","dioMod:BloodSuck","dioMod:CutDeep","dioMod:CoffinBath","dioMod:StreetSign","dioMod:DominatingPresence+1","dioMod:BlendIn"],"relics":["dioMod:VampireBlood","relicPack:WeightedSword","Omamori","hubris:OldNail"],"acts_visited":["Exordium"],"potions_floor_usage":[16,16,16],"damage_taken":[{"damage":5.0,"enemies":"Cultist","floor":1.0,"turns":4.0},{"damage":2.0,"enemies":"Small Slimes","floor":2.0,"turns":4.0},{"damage":0.0,"enemies":"2 Louse","floor":5.0,"turns":3.0},{"damage":19.0,"enemies":"Looter","floor":6.0,"turns":5.0},{"damage":9.0,"enemies":"Exordium Thugs","floor":7.0,"turns":4.0},{"damage":46.0,"enemies":"Lagavulin","floor":8.0,"turns":7.0},{"damage":15.0,"enemies":"Red Slaver","floor":9.0,"turns":9.0},{"damage":13.0,"enemies":"Red Slaver","floor":10.0,"turns":5.0},{"damage":0.0,"enemies":"2 Fungi Beasts","floor":12.0,"turns":1.0},{"damage":15,"enemies":"Blue Slaver","floor":14,"turns":7},{"damage":46,"enemies":"Slime Boss","floor":16,"turns":8}],"seed_played":"2798680144757261248","potions_obtained":[{"floor":2.0,"key":"LiquidMemories"},{"floor":5.0,"key":"dioMod:HumanBlood"},{"floor":6.0,"key":"DistilledChaos"},{"floor":8.0,"key":"Weak Potion"},{"floor":10.0,"key":"Fruit Juice"}],"is_trial":false,"path_per_floor":["M","M","$","?","M","M","M","E","MIM","M","?","M","R","M","R","B"],"character_chosen":"THE_DEFAULT","items_purchased":["dioMod:WRYYY","dioMod:LaserVision","relicPack:WeightedSword"],"campfire_rested":0,"item_purchase_floors":[3,3,3],"current_hp_per_floor":[75,75,75,75,75,63,57,32,26,23,23,26,26,18,18,0,0],"gold":125,"neow_bonus":"TWO_FIFTY_GOLD","is_daily":false,"chose_seed":false,"campfire_upgraded":2,"win_rate":0.0,"timestamp":1611232340,"path_taken":["M","?","$","?","M","M","M","E","MIM","M","?","?","R","M","R","BOSS"],"items_purchased_type":["Card","Card","Relic"],"build_version":"2020-12-22","purchased_purges":2,"victory":false,"max_hp_per_floor":[75,75,75,75,75,75,75,75,75,75,75,75,75,75,75,80,80],"relic_stats":{"counters":[11,57],"obtain_stats":[{"dioMod:VampireBlood":0,"Omamori":8,"relicPack:WeightedSword":3,"hubris:OldNail":9},{"dioMod:VampireBlood":0,"Omamori":6,"relicPack:WeightedSword":2,"hubris:OldNail":7},{"dioMod:VampireBlood":0,"Omamori":27,"relicPack:WeightedSword":8,"hubris:OldNail":36}]},"card_choices":[{"not_picked":["dioMod:ComposedMuda","dioMod:Roundabout"],"picked":"dioMod:CautiousMuda","floor":1.0},{"not_picked":["dioMod:CutDeep","dioMod:BloodSplash"],"picked":"dioMod:StreetSign","floor":2.0},{"not_picked":["dioMod:SecretPlan","dioMod:BloodTransfusion"],"picked":"dioMod:DaggerToss","floor":5.0},{"not_picked":["dioMod:DaggerToss","dioMod:LaserVision"],"picked":"dioMod:BloodSuck","floor":6.0},{"not_picked":["dioMod:Diversion","dioMod:DarkRebirth"],"picked":"dioMod:CutDeep","floor":7.0},{"not_picked":["dioMod:LaserVision","dioMod:BloodSuck"],"picked":"dioMod:CoffinBath","floor":8.0},{"not_picked":["dioMod:BlendIn","dioMod:PhantomBlood"],"picked":"dioMod:StreetSign","floor":9.0},{"not_picked":["dioMod:BloodShield","dioMod:StreetSign"],"picked":"dioMod:DominatingPresence","floor":10.0},{"not_picked":["dioMod:CautiousMuda","dioMod:BloodTransfusion"],"picked":"dioMod:BlendIn","floor":12.0},{"not_picked":["dioMod:LaserVision","dioMod:CautiousMuda","dioMod:DaggerToss"],"picked":"SKIP","floor":14}],"player_experience":264323,"relics_obtained":[{"floor":8.0,"key":"Omamori"},{"floor":9.0,"key":"hubris:OldNail"}],"event_choices":[{"damage_healed":0.0,"max_hp_gain":0.0,"max_hp_loss":0.0,"gold_gain":0.0,"event_name":"conspire:LoneGhost","player_choice":"Agree","floor":4.0,"gold_loss":0.0,"damage_taken":0.0}],"is_beta":false,"boss_relics":[],"items_purged_floors":[3,3],"is_endless":false,"potions_floor_spawned":[2,5,6,8,10],"killed_by":"Slime Boss","ascension_level":0}}