{"host":"vl9v8iud9qaf24ig","time":1611214663,"event":{"mods":["AchievementEnabler","Act Like it!","BaseMod","Colored Powertips","DeckTracker","Downfall","GifTheSpireLib","Minty Spire (QoL Compilation)","Permanent Neow","Quick Restart","StSLib","The Marked"],"gold_per_floor":[349,361,461,491,501,511,511,183,283,283,300,237,257,257,275,275,275,275],"floor_reached":16,"language":"ENG","playtime":1886,"items_purged":["Slimebound:Strike_Slimebound"],"score":92,"play_id":"c87a97ae-760d-40c5-bf39-1ba51bf0806c","local_time":"20210121083743","is_ascension_mode":false,"campfire_choices":[{"data":"Slimebound:CorrosiveSpit","floor":1,"key":"SMITH"},{"data":"expansioncontent:QuickStudy","floor":10,"key":"SMITH"}],"circlet_count":0,"master_deck":["Slimebound:Strike_Slimebound","Slimebound:Strike_Slimebound","Slimebound:Tackle","Slimebound:Defend_Slimebound","Slimebound:Defend_Slimebound","Slimebound:Defend_Slimebound","Slimebound:Defend_Slimebound","Slimebound:Split","Slimebound:CorrosiveSpit+1","Slimebound:LivingWall","Slimebound:SplitBruiser","Slimebound:LeechEnergy","Slimebound:HungryTackle","expansioncontent:QuickStudy+1","Slimebound:ForwardTackle","Slimebound:LivingWall","Slimebound:PrepareCrush","Slimebound:Prepare","Slimebound:Schlurp","Slimebound:SlimeSpikes"],"relics":["Slimebound:AbsorbEndCombat","Ice Cream","Singing Bowl","Toy Ornithopter","Bottled Flame"],"acts_visited":["Exordium"],"potions_floor_usage":[13],"damage_taken":[{"damage":3,"enemies":"Jaw Worm","floor":2,"turns":5},{"damage":3,"enemies":"2 Louse","floor":5,"turns":3},{"damage":1,"enemies":"Cultist","floor":6,"turns":3},{"damage":10,"enemies":"downfall:FleeingMerchant","floor":8,"turns":4},{"damage":34,"enemies":"downfall:LadyInBlue","floor":9,"turns":11},{"damage":27,"enemies":"Exordium Thugs","floor":11,"turns":3},{"damage":13,"enemies":"downfall:FleeingMerchant","floor":12,"turns":4},{"damage":0,"enemies":"Lots of Slimes","floor":13,"turns":2},{"damage":35,"enemies":"Gremlin Gang","floor":15,"turns":6},{"damage":9,"enemies":"WA_ARCHETYPE_RETAIN","floor":16,"turns":1}],"seed_played":"5795597092768987232","potions_obtained":[{"floor":5,"key":"champ:CounterPotion"},{"floor":9,"key":"Explosive Potion"},{"floor":9,"key":"Energy Potion"},{"floor":15,"key":"BlessingOfTheForge"}],"is_trial":false,"path_per_floor":["R","M","?","?","M","M","T","$","?","R","M","$","M","T","M","B"],"character_chosen":"SLIMEBOUND","items_purchased":["expansioncontent:QuickStudy","Slimebound:ForwardTackle","Slimebound:Prepare"],"campfire_rested":0,"item_purchase_floors":[8,8,12],"current_hp_per_floor":[47,48,48,48,49,50,50,44,20,20,26,25,30,30,7,0,0,0],"gold":275,"neow_bonus":"TWO_FIFTY_GOLD","is_daily":false,"chose_seed":false,"campfire_upgraded":2,"win_rate":0.0,"timestamp":1611214663,"path_taken":["R","M","?","?","M","M","T","?","?","R","M","$","?","?","M","BOSS"],"items_purchased_type":["Card","Card","Card"],"build_version":"2020-12-22","purchased_purges":1,"victory":false,"max_hp_per_floor":[65,65,65,65,65,65,65,65,67,67,67,67,67,67,67,67,67,67],"card_choices":[{"not_picked":["Slimebound:ItLooksTasty","Slimebound:SamplingLick"],"picked":"Slimebound:LivingWall","floor":2},{"not_picked":["Slimebound:ItLooksTasty","Slimebound:OozeBath"],"picked":"Slimebound:SplitBruiser","floor":5},{"not_picked":["Slimebound:SamplingLick","Slimebound:Prepare"],"picked":"Slimebound:LeechEnergy","floor":6},{"not_picked":["Slimebound:RollThrough","Slimebound:GrowthPunch"],"picked":"Slimebound:HungryTackle","floor":8},{"not_picked":["Slimebound:Nibble","Slimebound:GrowthPunch","Slimebound:PressTheAttack"],"picked":"Singing Bowl","floor":9},{"not_picked":["Slimebound:LeechingTouch","Slimebound:WasteNot"],"picked":"Slimebound:LivingWall","floor":11},{"not_picked":["Slimebound:TongueLash","Slimebound:SplitBruiser"],"picked":"Slimebound:PrepareCrush","floor":12},{"not_picked":["Slimebound:LeechEnergy","Slimebound:RollThrough"],"picked":"Slimebound:Schlurp","floor":13},{"not_picked":["Slimebound:GoopSpray","Slimebound:SplitBruiser"],"picked":"Slimebound:SlimeSpikes","floor":15}],"player_experience":329362,"relics_obtained":[{"floor":7,"key":"Singing Bowl"},{"floor":9,"key":"Toy Ornithopter"},{"floor":14,"key":"Bottled Flame"}],"event_choices":[],"is_beta":false,"boss_relics":[],"items_purged_floors":[8],"is_endless":false,"potions_floor_spawned":[5,11,15],"killed_by":"WA_ARCHETYPE_RETAIN","ascension_level":0}}