{"host":"bf9sa99gaumonoeu","time":1611246366,"event":{"mods":["AchievementEnabler","Act Like it!","Aspiration","BaseMod","Bestiary","Better Note","Block Reminder","Colored Map","Colored Powertips","Fox Events","Friendly Minions","Gensokyo","GifTheSpireLib","Googly Eyes","Hallownest","Hermit","Highlight Path","Jorbs\u0027s Wanderer Trilogy","KinomotoSakuraMod(????)","Koishi","Marisa????????","Minty Spire (QoL Compilation)","Rare Cards Sparkle","Relic Stats","Spire Arcade","StSLib","The Administrix","The Animator","The Bug Knight","The Construct","The Cursed","The Hierophant","The Mystic","The Necromancer","The Poker Player","The Runesmith","The Senshi","The Servant 0.9.4","ojb\u0027s Info Mod"],"gold_per_floor":[115,128,143,158,178,178,206,220,269,52,79,79,11,36,36,110,110,130,142,24,34,52,86,86,86,110,124,143,143,143],"floor_reached":29,"language":"ENG","playtime":3739,"items_purged":["Strike_G"],"score":538,"play_id":"5176be97-3f16-49fa-b7df-59e1982a132e","local_time":"20210121142606","is_ascension_mode":true,"campfire_choices":[{"data":"Eviscerate","floor":6.0,"key":"SMITH"},{"floor":12.0,"key":"REST"},{"floor":15.0,"key":"REST"},{"floor":24.0,"key":"REST"}],"circlet_count":0,"master_deck":["AscendersBane","Strike_G","Strike_G","Strike_G","Strike_G","Defend_G","Defend_G","Defend_G","Defend_G","Defend_G","Survivor","Neutralize","Crippling Poison","Blade Dance","Eviscerate+1","Slice","All Out Attack","Heel Hook","Flying Knee","Sucker Punch","Malaise","Adrenaline","Venomology","Cloak And Dagger","Wraith Form v2","Infinite Blades","Terror","Slice+1","Leg Sweep","Endless Agony","Discovery+1","Deflect","Backstab"],"relics":["Ring of the Snake","aspiration:ChemicalBlood","Bag of Marbles","Sundial","Anchor","WristBlade","HollowMod:StagPassRelic","Boot"],"acts_visited":["Exordium","TheCity"],"potions_floor_usage":[29,29],"damage_taken":[{"damage":0.0,"enemies":"2 Louse","floor":1.0,"turns":2.0},{"damage":8.0,"enemies":"Cultist","floor":2.0,"turns":4.0},{"damage":0.0,"enemies":"Jaw Worm","floor":3.0,"turns":5.0},{"damage":6.0,"enemies":"Exordium Thugs","floor":4.0,"turns":4.0},{"damage":12.0,"enemies":"Exordium Wildlife","floor":5.0,"turns":6.0},{"damage":26.0,"enemies":"Gremlin Nob","floor":7.0,"turns":4.0},{"damage":0.0,"enemies":"Blue Slaver","floor":8.0,"turns":3.0},{"damage":11.0,"enemies":"3 Sentries","floor":11.0,"turns":5.0},{"damage":10.0,"enemies":"Lagavulin","floor":14.0,"turns":5.0},{"damage":79.0,"enemies":"Slime Boss","floor":16.0,"turns":13.0},{"damage":1.0,"enemies":"2 Thieves","floor":18.0,"turns":3.0},{"damage":7.0,"enemies":"Shell Parasite","floor":19.0,"turns":6.0},{"damage":1.0,"enemies":"Snecko","floor":21.0,"turns":4.0},{"damage":5.0,"enemies":"3 Cultists","floor":22.0,"turns":5.0},{"damage":17.0,"enemies":"Slavers","floor":23.0,"turns":6.0},{"damage":11.0,"enemies":"Centurion and Healer","floor":27.0,"turns":6.0},{"damage":28.0,"enemies":"Snecko","floor":28.0,"turns":6.0},{"damage":10,"enemies":"Book of Stabbing","floor":29,"turns":2}],"seed_played":"-838564311196124424","potions_obtained":[{"floor":1.0,"key":"Energy Potion"},{"floor":3.0,"key":"ColorlessPotion"},{"floor":5.0,"key":"GamblersBrew"},{"floor":14.0,"key":"Block Potion"},{"floor":19.0,"key":"SteroidPotion"}],"is_trial":false,"path_per_floor":["M","M","M","M","M","R","E","M","T","$","E","R","?","E","R","B",null,"M","M","$","M","M","E","R","?","T","M","M","E"],"character_chosen":"THE_SILENT","items_purchased":["BlessingOfTheForge","Strength Potion","Sucker Punch","Infinite Blades","Terror"],"campfire_rested":3,"item_purchase_floors":[10,10,10,20,20],"current_hp_per_floor":[65,57,57,51,39,39,13,13,13,13,2,23,23,13,34,3,55,54,47,47,46,41,24,45,45,45,34,6,0,0],"gold":143,"neow_bonus":"TEN_PERCENT_HP_BONUS","is_daily":false,"chose_seed":false,"campfire_upgraded":1,"win_rate":0.0,"timestamp":1611246366,"path_taken":["M","M","M","M","M","R","E","M","T","$","E","R","?","E","R","BOSS","M","M","$","M","M","E","R","?","T","M","M","E"],"items_purchased_type":["Potion","Potion","Card","Card","Card"],"build_version":"2020-12-22","purchased_purges":1,"victory":false,"max_hp_per_floor":[72,72,72,72,72,72,72,72,72,72,72,72,72,72,72,72,72,72,72,72,72,72,72,72,72,72,72,72,72,72],"relic_stats":{"counters":[18,89],"Sundial":[4],"Boot":[0],"obtain_stats":[{"Anchor":14,"WristBlade":17,"Sundial":11,"Bag of Marbles":9,"HollowMod:StagPassRelic":23,"Boot":26,"Ring of the Snake":0,"aspiration:ChemicalBlood":7},{"Anchor":9,"WristBlade":10,"Sundial":8,"Bag of Marbles":7,"HollowMod:StagPassRelic":15,"Boot":15,"Ring of the Snake":0,"aspiration:ChemicalBlood":6},{"Anchor":38,"WristBlade":51,"Sundial":33,"Bag of Marbles":28,"HollowMod:StagPassRelic":75,"Boot":75,"Ring of the Snake":0,"aspiration:ChemicalBlood":25}],"Ring of the Snake":[36]},"card_choices":[{"not_picked":["Noxious Fumes","Catalyst"],"picked":"Crippling Poison","floor":1.0},{"not_picked":["Tactician","Dodge and Roll"],"picked":"Blade Dance","floor":2.0},{"not_picked":["Poisoned Stab","Distraction"],"picked":"Eviscerate","floor":3.0},{"not_picked":["Outmaneuver","Blur"],"picked":"Slice","floor":4.0},{"not_picked":["Caltrops","Backflip"],"picked":"All Out Attack","floor":5.0},{"not_picked":["Tactician","Flying Knee"],"picked":"Heel Hook","floor":7.0},{"not_picked":["Poisoned Stab","Outmaneuver"],"picked":"Flying Knee","floor":8.0},{"not_picked":["Caltrops","Dagger Throw"],"picked":"Malaise","floor":11.0},{"not_picked":["Malaise","Deadly Poison"],"picked":"Adrenaline","floor":14.0},{"not_picked":["Phantasmal Killer","Night Terror"],"picked":"Venomology","floor":16.0},{"not_picked":["Poisoned Stab","Outmaneuver"],"picked":"Cloak And Dagger","floor":18.0},{"not_picked":["Dagger Spray","Cloak And Dagger"],"picked":"Wraith Form v2","floor":19.0},{"not_picked":["Calculated Gamble","Cloak And Dagger"],"picked":"Slice+1","floor":21.0},{"not_picked":["Slice","Glass Knife"],"picked":"Leg Sweep","floor":22.0},{"not_picked":["Noxious Fumes","Dash"],"picked":"Endless Agony","floor":23.0},{"not_picked":["Underhanded Strike+1","Quick Slash"],"picked":"Deflect","floor":27.0},{"not_picked":["Distraction","Quick Slash"],"picked":"Backstab","floor":28.0}],"player_experience":1058310,"relics_obtained":[{"floor":7.0,"key":"aspiration:ChemicalBlood"},{"floor":9.0,"key":"Bag of Marbles"},{"floor":11.0,"key":"Sundial"},{"floor":14.0,"key":"Anchor"},{"floor":23.0,"key":"HollowMod:StagPassRelic"},{"floor":26.0,"key":"Boot"}],"event_choices":[{"damage_healed":0.0,"max_hp_gain":0.0,"max_hp_loss":0.0,"gold_gain":0.0,"event_name":"World of Goop","player_choice":"Left Gold","floor":13.0,"gold_loss":68.0,"damage_taken":0.0},{"cards_removed":["Venomology"],"damage_healed":0.0,"max_hp_gain":0.0,"max_hp_loss":0.0,"gold_gain":0.0,"event_name":"betterNote:BetterNote","player_choice":"Take \u0026 Give","floor":25.0,"gold_loss":0.0,"damage_taken":0.0,"cards_obtained":["Discovery"]}],"is_beta":false,"boss_relics":[{"not_picked":["Empty Cage","aspiration:IroncladSkillbook"],"picked":"WristBlade"}],"items_purged_floors":[10],"is_endless":false,"potions_floor_spawned":[1,3,5,14,19],"killed_by":"Book of Stabbing","ascension_level":20}}