{"host":"bycas0s5rx7l5h3x","time":1611220390,"event":{"mods":["AchievementEnabler","Act Like it!","BaseMod","Minty Spire (QoL Compilation)","MostiFishMod","Pale of the Ancients","Quick Restart","StSLib"],"gold_per_floor":[116,128,11,11,24,54,54,88,88,107,137,157,171,71,71,145,145,163,163,176,186,197,72,72,72],"floor_reached":24,"language":"ZHS","playtime":1042,"items_purged":["Bash","Strike_R","Bloodletting"],"score":690,"play_id":"5239a412-0297-4b95-8868-89fabfd14ea3","local_time":"20210121171310","is_ascension_mode":true,"campfire_choices":[{"data":"Searing Blow","floor":7,"key":"SMITH"},{"data":"Body Slam","floor":15,"key":"SMITH"}],"circlet_count":0,"master_deck":["AscendersBane","Strike_R","Strike_R","Strike_R","Defend_R","Defend_R","Defend_R","Defend_R","Body Slam+1","Searing Blow+1","Body Slam+1","Bloodletting"],"relics":["Burning Blood","DaveBox","PatriotShield","SynthV:TestCard","Kunai","Shuriken","Molten Egg 2","Orichalcum","Mark of Pain"],"acts_visited":["Exordium","TheCity"],"potions_floor_usage":[],"damage_taken":[{"damage":0,"enemies":"2 Louse","floor":1,"turns":2},{"damage":0,"enemies":"Cultist","floor":2,"turns":2},{"damage":0,"enemies":"Small Slimes","floor":5,"turns":2},{"damage":0,"enemies":"Gremlin Nob","floor":6,"turns":3},{"damage":0,"enemies":"3 Sentries","floor":8,"turns":3},{"damage":0,"enemies":"2 Fungi Beasts","floor":10,"turns":2},{"damage":0,"enemies":"Lagavulin","floor":11,"turns":2},{"damage":0,"enemies":"Gremlin Gang","floor":12,"turns":2},{"damage":0,"enemies":"Large Slime","floor":13,"turns":4},{"damage":3,"enemies":"The Guardian","floor":16,"turns":4},{"damage":0,"enemies":"3 Byrds","floor":18,"turns":3},{"damage":0,"enemies":"Chosen","floor":20,"turns":2},{"damage":0,"enemies":"Centurion and Healer","floor":21,"turns":4},{"damage":3,"enemies":"Snecko","floor":22,"turns":3},{"damage":3,"enemies":"Slavers","floor":24,"turns":1}],"seed_played":"3924885474810831727","potions_obtained":[{"floor":1,"key":"PowerPotion"},{"floor":11,"key":"SmokeBomb"},{"floor":21,"key":"LiquidBronze"}],"is_trial":false,"path_per_floor":["M","M","$","?","M","E","R","E","T","M","E","M","M","$","R","B",null,"M","?","M","M","M","$","E"],"character_chosen":"IRONCLAD","items_purchased":["Searing Blow"],"campfire_rested":0,"item_purchase_floors":[3],"current_hp_per_floor":[81,82,82,82,82,82,82,82,82,82,82,82,82,82,82,82,82,82,82,82,82,82,82,79,79],"gold":72,"neow_bonus":"TEN_PERCENT_HP_BONUS","is_daily":false,"chose_seed":false,"campfire_upgraded":2,"win_rate":0.0,"timestamp":1611220390,"path_taken":["M","M","$","?","M","E","R","E","T","M","E","M","M","$","R","BOSS","M","?","M","M","M","$","E"],"items_purchased_type":["Card"],"build_version":"2020-12-22","purchased_purges":3,"victory":false,"max_hp_per_floor":[82,82,82,82,82,82,82,82,82,82,82,82,82,82,82,82,82,82,82,82,82,82,82,82,82],"card_choices":[{"not_picked":["Infernal Blade","Anger","Ghostly Armor"],"picked":"SKIP","floor":1},{"not_picked":["Heavy Blade","MostiFishMod:BrandingRite","Armaments","Flex"],"picked":"Body Slam","floor":2},{"not_picked":["Fire Breathing","Perfected Strike","Flex","Twin Strike","Hemokinesis"],"picked":"SKIP","floor":5},{"not_picked":["Rampage","Anger","Blood for Blood","Pommel Strike","Intimidate"],"picked":"SKIP","floor":6},{"not_picked":["Headbutt","MostiFishMod:404NotFound","Anger","Iron Wave","Twin Strike"],"picked":"SKIP","floor":8},{"not_picked":["Anger+1","Sword Boomerang+1","Heavy Blade+1","True Grit"],"picked":"Body Slam+1","floor":10},{"not_picked":["Twin Strike+1","Perfected Strike+1","Cleave+1","Pummel+1"],"picked":"Bloodletting","floor":11},{"not_picked":["Infernal Blade","Combust","Body Slam+1","Iron Wave+1","Disarm"],"picked":"SKIP","floor":12},{"not_picked":["Feel No Pain","MostiFishMod:CullingBlade+1","Metallicize","Perfected Strike+1","Iron Wave+1"],"picked":"SKIP","floor":13},{"not_picked":["Cleave+1","Power Through","Twin Strike+1","MostiFishMod:#F4004+1","Headbutt+1"],"picked":"SKIP","floor":18},{"not_picked":["Shockwave","Second Wind","Flex","Sever Soul+1","Warcry"],"picked":"SKIP","floor":20},{"not_picked":["Metallicize","Power Through","True Grit","Havoc","Feed+1"],"picked":"SKIP","floor":21},{"not_picked":["Body Slam+1","Warcry","True Grit","Dual Wield","Twin Strike+1"],"picked":"SKIP","floor":22}],"player_experience":57463,"relics_obtained":[{"floor":1,"key":"SynthV:TestCard"},{"floor":6,"key":"Kunai"},{"floor":8,"key":"Shuriken"},{"floor":9,"key":"Molten Egg 2"},{"floor":11,"key":"Orichalcum"}],"event_choices":[{"cards_removed":["Strike_R"],"damage_healed":0,"gold_gain":0,"player_choice":"Purged","damage_taken":0,"max_hp_gain":0,"max_hp_loss":0,"event_name":"Purifier","floor":4,"gold_loss":0},{"damage_healed":0,"gold_gain":0,"player_choice":"Copied","damage_taken":0,"max_hp_gain":0,"max_hp_loss":0,"event_name":"Duplicator","floor":19,"gold_loss":0,"cards_obtained":["Bloodletting"]}],"is_beta":false,"boss_relics":[{"not_picked":["EE1DDrone","TakeMeEscape"],"picked":"Mark of Pain"}],"items_purged_floors":[3,14,23],"is_endless":false,"potions_floor_spawned":[1,11,12,13,16,20,21],"killed_by":"Slavers","ascension_level":20}}