{"host":"k2mw1od0xoi9pcfj","time":1611192754,"event":{"mods":["Act Like it!","Aspiration","BaseMod","Downfall","Energized Spire","Hermit","Highlight Path","Minty Spire (QoL Compilation)","Relic Stats","Retaliation","StSLib","TheHeartMod"],"gold_per_floor":[19,19,34,104,119,154,170,189,270,270,117,117,117,117],"floor_reached":13,"language":"ENG","playtime":847,"items_purged":[],"score":85,"play_id":"2e87de28-cae6-43b9-a575-78eb03f15b6f","local_time":"20210120193234","is_ascension_mode":false,"campfire_choices":[{"floor":10,"key":"REST"},{"data":"hermit:CalledShot","floor":12,"key":"SMITH"}],"circlet_count":0,"master_deck":["hermit:Strike_Hermit","hermit:Strike_Hermit","hermit:Strike_Hermit","hermit:Strike_Hermit","hermit:Defend_Hermit","hermit:Defend_Hermit","hermit:Defend_Hermit","hermit:Defend_Hermit","hermit:Snapshot","hermit:Covet","hermit:Dissolve","hermit:SprayPray","hermit:HoleUp","hermit:CalledShot+1","hermit:LoneWolf+1","hermit:BodyArmor+1","hermit:Maintenance+1"],"relics":["hermit:Momento","GremlinMask","Toxic Egg 2","Juzu Bracelet","Guardian:BottledAnomaly"],"acts_visited":["Exordium"],"potions_floor_usage":[7,13,13],"damage_taken":[{"damage":1,"enemies":"Jaw Worm","floor":1,"turns":6},{"damage":4,"enemies":"Cultist","floor":3,"turns":4},{"damage":0,"enemies":"2 Louse","floor":5,"turns":3},{"damage":50,"enemies":"Lagavulin","floor":6,"turns":11},{"damage":2,"enemies":"Blue Slaver","floor":7,"turns":3},{"damage":5,"enemies":"Lots of Slimes","floor":8,"turns":7},{"damage":51,"enemies":"Gremlin Nob","floor":13,"turns":5}],"seed_played":"-2153714183571524492","potions_obtained":[{"floor":1,"key":"Swift Potion"},{"floor":6,"key":"SkillPotion"},{"floor":8,"key":"Block Potion"}],"is_trial":false,"path_per_floor":["M","?","M","T","M","E","M","M","T","R","$","R","E"],"character_chosen":"HERMIT","items_purchased":["Guardian:BottledAnomaly"],"campfire_rested":1,"item_purchase_floors":[11],"current_hp_per_floor":[74,74,70,70,70,20,18,13,13,35,35,35,0,0],"gold":117,"neow_bonus":"THREE_RARE_CARDS","is_daily":false,"chose_seed":false,"campfire_upgraded":1,"win_rate":0.0,"timestamp":1611192754,"path_taken":["M","?","?","?","?","E","M","M","T","R","?","R","E"],"items_purchased_type":["Relic"],"build_version":"2020-12-22","purchased_purges":0,"victory":false,"max_hp_per_floor":[75,75,75,75,75,75,75,75,75,75,75,75,75,75],"relic_stats":{"counters":[7,39],"Juzu Bracelet":0,"obtain_stats":[{"GremlinMask":2,"Juzu Bracelet":6,"Toxic Egg 2":4,"Guardian:BottledAnomaly":11,"hermit:Momento":0},{"GremlinMask":1,"Juzu Bracelet":4,"Toxic Egg 2":2,"Guardian:BottledAnomaly":6,"hermit:Momento":0},{"GremlinMask":6,"Juzu Bracelet":24,"Toxic Egg 2":10,"Guardian:BottledAnomaly":34,"hermit:Momento":0}]},"card_choices":[{"not_picked":["hermit:EternalForm","hermit:FinalCanter"],"picked":"hermit:Dissolve","floor":0},{"not_picked":["hermit:Shortfuse","hermit:Roulette"],"picked":"hermit:SprayPray","floor":1},{"not_picked":["hermit:Roulette","hermit:SprayPray"],"picked":"hermit:HoleUp","floor":3},{"not_picked":["hermit:Manifest+1","hermit:HighCaliber"],"picked":"hermit:CalledShot","floor":5},{"not_picked":["hermit:Enervate","hermit:LowProfile+1"],"picked":"hermit:LoneWolf+1","floor":6},{"not_picked":["hermit:Virtue+1","hermit:TrackingShot"],"picked":"hermit:BodyArmor+1","floor":7},{"not_picked":["hermit:HighCaliber","hermit:Manifest+1"],"picked":"hermit:Maintenance+1","floor":8}],"player_experience":771344,"relics_obtained":[{"floor":4,"key":"Toxic Egg 2"},{"floor":6,"key":"Juzu Bracelet"}],"event_choices":[{"damage_healed":0,"gold_gain":0,"player_choice":"Trade","damage_taken":0,"relics_obtained":["GremlinMask"],"max_hp_gain":0,"max_hp_loss":0,"event_name":"FaceTrader","floor":2,"gold_loss":0}],"is_beta":false,"boss_relics":[],"items_purged_floors":[],"is_endless":false,"potions_floor_spawned":[1,6,8],"killed_by":"Gremlin Nob","ascension_level":0}}