{"host":"8i58hvcssdezoe94","time":1611212586,"event":{"mods":["Act Like it!","BaseMod","Colored Map","Conspire","Gensokyo","KinomotoSakuraMod(木之本樱)","Marisa（F雨　魔理沙）","Minty Spire (QoL Compilation)","Quick Restart","Remilia（蕾米莉亚）","Replay The Spire","StSLib","The Animator","The Bug Knight","The Construct","The Cursed","The Hierophant","The Jungle","The Servant 0.9.4"],"gold_per_floor":[115,130,130,144,144,176,190,190,190],"floor_reached":8,"language":"ZHS","playtime":287,"items_purged":[],"score":58,"play_id":"abd38bd4-96de-41fd-9a0d-92ff713b5123","local_time":"20210121150306","is_ascension_mode":false,"campfire_choices":[],"circlet_count":0,"master_deck":["Strike_B","Strike_B","Strike_B","Strike_B","Defend_B","Defend_B","Defend_B","Defend_B","Zap","Dualcast","Conserve Battery","Sweeping Beam","Doom and Gloom","ReplayTheSpireMod:Repulse","Compile Driver"],"relics":["Cracked Core","NeowsBlessing","ScarletDevilRocket"],"acts_visited":["Gensokyo:Gensokyo"],"potions_floor_usage":[],"damage_taken":[{"damage":0,"enemies":"Gensokyo:2_Kodama","floor":1,"turns":1},{"damage":0,"enemies":"Gensokyo:Python","floor":2,"turns":1},{"damage":0,"enemies":"Gensokyo:Gryphon","floor":4,"turns":1},{"damage":7,"enemies":"Gensokyo:Cirno","floor":6,"turns":5},{"damage":4,"enemies":"Gensokyo:Python_and_Kodama","floor":7,"turns":4},{"damage":56,"enemies":"Gensokyo:Aya","floor":8,"turns":7}],"seed_played":"6809293484205588700","potions_obtained":[{"floor":2,"key":"Swift Potion"},{"floor":4,"key":"SteroidPotion"},{"floor":6,"key":"Reflective Coating"}],"is_trial":false,"path_per_floor":["M","M","$","M","?","E","M","E"],"character_chosen":"DEFECT","items_purchased":[],"campfire_rested":0,"item_purchase_floors":[],"current_hp_per_floor":[75,75,75,75,75,68,64,8,8],"gold":190,"neow_bonus":"THREE_ENEMY_KILL","is_daily":false,"chose_seed":false,"campfire_upgraded":0,"win_rate":0.0,"timestamp":1611212586,"path_taken":["M","M","$","M","?","E","M","E"],"items_purchased_type":[],"build_version":"2020-12-22","purchased_purges":0,"victory":false,"max_hp_per_floor":[75,75,75,75,75,75,75,75,75],"card_choices":[{"not_picked":["BasicCrystalCard","Leap"],"picked":"Conserve Battery","floor":1},{"not_picked":["Coolheaded","conspire:SharedLibrary"],"picked":"Sweeping Beam","floor":2},{"not_picked":["FIFO Queue","Sunder"],"picked":"Doom and Gloom","floor":4},{"not_picked":["Undo","Scrape"],"picked":"ReplayTheSpireMod:Repulse","floor":6},{"not_picked":["Go for the Eyes","Turbo"],"picked":"Compile Driver","floor":7}],"player_experience":63837,"relics_obtained":[{"floor":6,"key":"ScarletDevilRocket"}],"event_choices":[{"damage_healed":0,"gold_gain":0,"player_choice":"Leave","damage_taken":0,"max_hp_gain":0,"max_hp_loss":0,"event_name":"conspire:Investor","floor":5,"gold_loss":0}],"is_beta":false,"boss_relics":[],"items_purged_floors":[],"is_endless":false,"potions_floor_spawned":[2,4,6],"killed_by":"Gensokyo:Aya","ascension_level":0}}