{"host":"4rvk26w7t08d5zdj","time":1611201236,"event":{"mods":["AchievementEnabler","BaseMod","Colored Powertips","Conspire","Energized Spire","GifTheSpireLib","Minty Spire (QoL Compilation)","Rare Cards Sparkle","StSLib","The Animator","The Blue Laboratory"],"gold_per_floor":[119,133,133,164,164,164,239,239,263,288,288,288,316,326,326,424,424,449,460,475,490,508,563,585,604,631,131,131,45,45,60,60,169,169,188,245,245,271,271,271,309,309,357,380,401,401,441,7,7,15],"floor_reached":51,"language":"ENG","playtime":4231,"items_purged":["Doubt"],"score":648,"play_id":"76d72c0b-34e0-49d0-b1d9-ae9c0861b17a","local_time":"20210120195356","is_ascension_mode":false,"campfire_choices":[{"floor":6.0,"key":"RECALL"},{"data":"animator:Millim","floor":12.0,"key":"SMITH"},{"data":"animator:LeleiLaLalena","floor":15.0,"key":"SMITH"},{"data":"animator:ItamiYouji","floor":28,"key":"SMITH"},{"data":"animator:TukaLunaMarceau","floor":32,"key":"SMITH"},{"floor":40,"key":"REST"},{"floor":42,"key":"REST"},{"data":"animator:Kaijin","floor":49,"key":"SMITH"}],"circlet_count":0,"master_deck":["animator:Strike_TenSura","animator:Defend_TenSura","animator:Strike","animator:Strike","animator:Defend+1","animator:Defend","animator:Defend+1","animator:Benimaru+1","animator:Shuna","animator:Darkness+1","animator:Lancer","animator:Shigure","animator:Millim+9","animator:LeleiLaLalena+1","animator:Shion","animator:ItamiYouji+1","animator:Arpeggio","animator:Lancer","animator:PandorasActor+1","animator:YunYun+1","animator:Yoichi+1","animator:Souei","animator:Souei+1","animator:Evileye","animator:Shinoa","animator:Archer","animator:GuildGirl","animator:TukaLunaMarceau+1","animator:Hans","CurseOfTheBell","animator:Alexander+1","animator:Yoichi+1","animator:HigakiRinne","animator:Mikaela","animator:Shizu","animator:Cocytus","animator:Kaijin+1","animator:QuestionMark","animator:Arpeggio"],"relics":["animator:VividPicture","animator:TheMissingPiece","Anchor","conspire:BottledYoYo","Nunchaku","War Paint","Toy Ornithopter","Mummified Hand","MutagenicStrength","Calling Bell","Juzu Bracelet","Gremlin Horn","Gambling Chip","Bird Faced Urn","Red Skull","DollysMirror"],"acts_visited":["Exordium","TheCity","TheBeyond"],"potions_floor_usage":[18,36,36,36,41,50,50],"damage_taken":[{"damage":2.0,"enemies":"2 Louse","floor":1.0,"turns":3.0},{"damage":1.0,"enemies":"Jaw Worm","floor":2.0,"turns":4.0},{"damage":0.0,"enemies":"Small Slimes","floor":4.0,"turns":3.0},{"damage":3.0,"enemies":"Exordium Thugs","floor":10.0,"turns":5.0},{"damage":0.0,"enemies":"Blue Slaver","floor":13.0,"turns":3.0},{"damage":0.0,"enemies":"Lots of Slimes","floor":14.0,"turns":1.0},{"damage":12.0,"enemies":"Slime Boss","floor":16.0,"turns":12.0},{"damage":0,"enemies":"conspire:FuzzyDice","floor":18,"turns":5},{"damage":0,"enemies":"3 Byrds","floor":19,"turns":6},{"damage":2,"enemies":"Centurion and Healer","floor":20,"turns":4},{"damage":3,"enemies":"Snake Plant","floor":21,"turns":4},{"damage":0,"enemies":"conspire:HollyBat","floor":22,"turns":7},{"damage":6,"enemies":"Centurion and Healer","floor":24,"turns":5},{"damage":0,"enemies":"Cultist and Chosen","floor":25,"turns":4},{"damage":0,"enemies":"Snecko","floor":31,"turns":3},{"damage":34,"enemies":"Champ","floor":33,"turns":9},{"damage":0,"enemies":"3 Shapes","floor":35,"turns":4},{"damage":18,"enemies":"2 Orb Walkers","floor":36,"turns":5},{"damage":10,"enemies":"3 Darklings","floor":38,"turns":3},{"damage":56,"enemies":"Reptomancer","floor":41,"turns":5},{"damage":24,"enemies":"Jaw Worm Horde","floor":44,"turns":5},{"damage":14,"enemies":"Spire Growth","floor":45,"turns":3},{"damage":7,"enemies":"Maw","floor":47,"turns":7},{"damage":70,"enemies":"Donu and Deca","floor":50,"turns":11}],"seed_played":"-9065819820414120079","potions_obtained":[{"floor":1.0,"key":"Explosive Potion"},{"floor":4.0,"key":"blueLaboratory:LouseDecoction"},{"floor":13.0,"key":"blueLaboratory:FruitPunch"},{"floor":16.0,"key":"DuplicationPotion"},{"floor":18,"key":"blueLaboratory:HeartbeatPotion"},{"floor":19,"key":"blueLaboratory:BottleOfVodka"},{"floor":31,"key":"Block Potion"},{"floor":33,"key":"EntropicBrew"},{"floor":35,"key":"BlessingOfTheForge"},{"floor":38,"key":"BlessingOfTheForge"}],"is_trial":false,"path_per_floor":["M","M","?","M","?","R","T","?","T","M","?","R","M","M","R","B",null,"M","M","M","M","M","T","M","M","T","$","R","$","?","M","R","B",null,"M","?","?","M","?","R","E","R","T","M","M","?","M","$","R","B",null],"character_chosen":"THE_ANIMATOR","items_purchased":["animator:Millim","Mummified Hand","animator:Evileye","animator:Shinoa","animator:Archer","animator:Millim","animator:GuildGirl","DollysMirror","animator:QuestionMark","animator:Arpeggio","EssenceOfSteel"],"campfire_rested":2,"item_purchase_floors":[27,27,27,27,27,29,29,48,48,48,48],"current_hp_per_floor":[64,63,63,63,63,63,63,63,63,60,60,60,60,61,61,52,70,70,70,68,65,66,66,60,60,60,60,60,60,60,61,61,27,72,72,59,50,44,44,65,22,43,43,30,20,73,68,68,68,20],"gold":15,"neow_bonus":"RANDOM_COMMON_RELIC","is_daily":false,"chose_seed":false,"campfire_upgraded":5,"win_rate":0.0,"timestamp":1611201236,"path_taken":["M","M","?","M","?","R","?","?","T","?","?","R","M","M","R","BOSS","M","M","?","M","M","?","M","M","T","$","R","$","?","M","R","BOSS","M","?","?","M","?","R","E","R","T","M","M","?","M","$","R","BOSS"],"items_purchased_type":["Card","Relic","Card","Card","Card","Card","Card","Relic","Card","Card","Potion"],"build_version":"2020-12-22","purchased_purges":1,"victory":true,"max_hp_per_floor":[66,66,66,66,66,66,66,66,66,66,66,66,66,67,67,70,70,70,70,70,70,71,71,71,71,71,71,71,71,71,72,72,72,72,72,72,72,72,72,72,72,72,72,73,73,73,73,73,73,73],"card_choices":[{"not_picked":["animator:RinTohsaka","animator:TukaLunaMarceau"],"picked":"animator:Darkness","floor":1.0},{"not_picked":["animator:Alexander","animator:HighElfArcher"],"picked":"animator:Lancer","floor":2.0},{"not_picked":["animator:SakuraMatou","animator:Lancer"],"picked":"animator:Shigure","floor":4.0},{"not_picked":["animator:Shuna","animator:Souei"],"picked":"animator:Millim","floor":10.0},{"not_picked":["animator:Mitsuba","animator:CowGirl"],"picked":"animator:LeleiLaLalena","floor":13.0},{"not_picked":["animator:Mitsuba","animator:Berserker"],"picked":"animator:Shion","floor":14.0},{"not_picked":["animator:GoblinSlayer","animator:PinaCoLada"],"picked":"animator:ItamiYouji","floor":16.0},{"not_picked":["animator:Assassin","animator:Illya"],"picked":"animator:Arpeggio","floor":18},{"not_picked":["animator:Alexander","animator:Saber"],"picked":"animator:Lancer","floor":19},{"not_picked":["animator:Demiurge","animator:Kuribayashi+1"],"picked":"animator:PandorasActor+1","floor":20},{"not_picked":["animator:Mitsuba","animator:Kazuma+1"],"picked":"animator:YunYun+1","floor":21},{"not_picked":["animator:PandorasActor+1","animator:Megumin"],"picked":"animator:Yoichi","floor":22},{"not_picked":["animator:Shuna","animator:GazelDwargon"],"picked":"animator:Souei","floor":24},{"not_picked":["animator:Illya","animator:Kuribayashi"],"picked":"animator:Souei+1","floor":25},{"not_picked":["animator:Shalltear","animator:Illya"],"picked":"animator:TukaLunaMarceau","floor":31},{"not_picked":["animator:GoblinSlayer","animator:Gilgamesh"],"picked":"animator:Hans","floor":33},{"not_picked":["animator:Darkness","animator:Shalltear"],"picked":"animator:Alexander+1","floor":35},{"not_picked":["animator:YunYun","animator:Hakurou"],"picked":"animator:Yoichi+1","floor":36},{"not_picked":["animator:Mitsuba","animator:HiiragiShinya"],"picked":"animator:Mikaela","floor":38},{"not_picked":["animator:Priestess+1","animator:Verdia+1"],"picked":"animator:Millim","floor":41},{"not_picked":["animator:PandorasActor","animator:CowGirl+1"],"picked":"animator:Shizu","floor":44},{"not_picked":["animator:Mikaela","animator:ShinjiMatou"],"picked":"animator:Cocytus","floor":45},{"not_picked":["animator:Benimaru","animator:Hakurou"],"picked":"animator:Kaijin","floor":47}],"player_experience":1060650,"relics_obtained":[{"floor":7.0,"key":"conspire:BottledYoYo"},{"floor":9.0,"key":"Nunchaku"},{"floor":23,"key":"War Paint"},{"floor":26,"key":"Toy Ornithopter"},{"floor":34,"key":"Juzu Bracelet"},{"floor":34,"key":"Gremlin Horn"},{"floor":34,"key":"Gambling Chip"},{"floor":36,"key":"Bird Faced Urn"},{"floor":41,"key":"Red Skull"}],"event_choices":[{"damage_healed":0.0,"max_hp_gain":0.0,"max_hp_loss":0.0,"gold_gain":0.0,"event_name":"Living Wall","player_choice":"Grow","floor":3.0,"gold_loss":0.0,"damage_taken":0.0,"cards_upgraded":["animator:Benimaru"]},{"damage_healed":0.0,"max_hp_gain":0.0,"max_hp_loss":0.0,"gold_gain":0.0,"event_name":"conspire:LoneGhost","player_choice":"Disagree","floor":5.0,"gold_loss":0.0,"damage_taken":0.0},{"cards_removed":["animator:Strike"],"damage_healed":0.0,"max_hp_gain":0.0,"max_hp_loss":0.0,"gold_gain":0.0,"event_name":"Purifier","player_choice":"Purged","floor":8.0,"gold_loss":0.0,"damage_taken":0.0},{"damage_healed":0.0,"max_hp_gain":0.0,"max_hp_loss":0.0,"gold_gain":0.0,"event_name":"Accursed Blacksmith","player_choice":"Forge","floor":11.0,"gold_loss":0.0,"damage_taken":0.0,"cards_upgraded":["animator:Darkness"]},{"damage_healed":0,"gold_gain":0,"player_choice":"Inject Mutagens","damage_taken":0,"relics_obtained":["MutagenicStrength"],"max_hp_gain":0,"max_hp_loss":0,"event_name":"Drug Dealer","floor":30,"gold_loss":0},{"damage_healed":0,"gold_gain":0,"player_choice":"Fight","damage_taken":0,"max_hp_gain":0,"max_hp_loss":0,"event_name":"Mysterious Sphere","floor":36,"gold_loss":0},{"damage_healed":0,"gold_gain":0,"player_choice":"Embrace Madness","damage_taken":9,"max_hp_gain":0,"max_hp_loss":0,"event_name":"Winding Halls","floor":37,"gold_loss":0,"cards_obtained":["animator:HigakiRinne"]},{"damage_healed":0,"gold_gain":0,"player_choice":"Leave","damage_taken":0,"max_hp_gain":0,"max_hp_loss":0,"event_name":"conspire:Investor","floor":39,"gold_loss":0},{"damage_healed":53,"gold_gain":0,"player_choice":"Heal","damage_taken":0,"max_hp_gain":0,"max_hp_loss":0,"event_name":"MindBloom","floor":46,"gold_loss":0,"cards_obtained":["Doubt"]}],"is_beta":false,"boss_relics":[{"not_picked":["Runic Dome","animator:HolyGrailRelic"],"picked":"animator:VividPicture"},{"not_picked":["conspire:RoyalGoblet","Philosopher\u0027s Stone"],"picked":"Calling Bell"}],"items_purged_floors":[48],"is_endless":false,"potions_floor_spawned":[1,4,13,16,18,19,25,31,33,35,38],"ascension_level":0}}