{"host":"hzinic87vu8p95wn","time":1611238453,"event":{"mods":["BaseMod","Minty Spire (QoL Compilation)"],"gold_per_floor":[115,115,134,99,99,133,133,148,148,198,215,232,267,284,284,359,359,376,321,321,321,321,352,352,352,352,352,362,362,362],"floor_reached":29,"language":"ENG","playtime":825,"items_purged":[],"score":477,"play_id":"818bbe14-37c0-4197-83ca-93426ee90ae3","local_time":"20210122011413","is_ascension_mode":true,"campfire_choices":[{"floor":7.0,"key":"REST"},{"floor":15.0,"key":"REST"},{"floor":24.0,"key":"REST"},{"data":"Streamline","floor":27.0,"key":"SMITH"}],"circlet_count":0,"master_deck":["AscendersBane","Strike_B","Strike_B","Strike_B","Defend_B","Defend_B","Defend_B","Defend_B","Zap+1","Dualcast","Ball Lightning","Cold Snap","Electrodynamics+1","Defragment+1","Streamline+1","Coolheaded","Seek","CurseOfTheBell","Self Repair+1","Conserve Battery","Defragment+1","Loop+1"],"relics":["Cracked Core","Turnip","Frozen Egg 2","Shuriken","Matryoshka","Calling Bell","Ancient Tea Set","Meat on the Bone","Lizard Tail","Juzu Bracelet","Nunchaku","Bag of Preparation","Lantern","Incense Burner"],"acts_visited":["Exordium","TheCity"],"potions_floor_usage":[29],"damage_taken":[{"damage":4.0,"enemies":"Jaw Worm","floor":1.0,"turns":4.0},{"damage":1.0,"enemies":"Cultist","floor":3.0,"turns":3.0},{"damage":24.0,"enemies":"3 Sentries","floor":6.0,"turns":8.0},{"damage":0.0,"enemies":"Small Slimes","floor":8.0,"turns":2.0},{"damage":4.0,"enemies":"Looter","floor":11.0,"turns":3.0},{"damage":12.0,"enemies":"2 Fungi Beasts","floor":12.0,"turns":2.0},{"damage":31.0,"enemies":"Lagavulin","floor":13.0,"turns":4.0},{"damage":0.0,"enemies":"Red Slaver","floor":14.0,"turns":4.0},{"damage":19.0,"enemies":"Hexaghost","floor":16.0,"turns":10.0},{"damage":8.0,"enemies":"Spheric Guardian","floor":18.0,"turns":4.0},{"damage":59.0,"enemies":"Slavers","floor":23.0,"turns":4.0},{"damage":12.0,"enemies":"Shell Parasite","floor":28.0,"turns":5.0},{"damage":45,"enemies":"Book of Stabbing","floor":29,"turns":4}],"seed_played":"4758840871201299304","potions_obtained":[{"floor":3.0,"key":"Energy Potion"},{"floor":12.0,"key":"BlessingOfTheForge"},{"floor":13.0,"key":"Weak Potion"},{"floor":28.0,"key":"Swift Potion"}],"is_trial":false,"path_per_floor":["M","?","M","?","?","E","R","M","T","?","M","M","E","M","R","B",null,"M","$","?","T","?","E","R","?","T","R","M","E"],"character_chosen":"DEFECT","items_purchased":["Conserve Battery"],"campfire_rested":3,"item_purchase_floors":[19],"current_hp_per_floor":[42,42,41,58,58,34,55,55,55,48,44,32,1,1,22,3,54,46,46,46,46,46,46,67,67,67,67,65,20,20],"gold":362,"neow_bonus":"ONE_RARE_RELIC","is_daily":false,"chose_seed":false,"campfire_upgraded":1,"win_rate":0.0,"timestamp":1611238453,"path_taken":["M","?","?","?","?","E","R","M","T","?","?","M","E","M","R","BOSS","M","$","?","?","?","E","R","?","T","R","M","E"],"items_purchased_type":["Card"],"build_version":"2020-12-22","purchased_purges":0,"victory":false,"max_hp_per_floor":[71,71,71,71,71,71,71,71,71,71,71,71,71,71,71,71,71,71,71,71,71,71,71,71,71,71,71,71,71,71],"card_choices":[{"not_picked":["Streamline","Turbo"],"picked":"Ball Lightning","floor":1.0},{"not_picked":["Self Repair","Ball Lightning"],"picked":"Cold Snap","floor":3.0},{"not_picked":["Stack","Beam Cell"],"picked":"Electrodynamics+1","floor":6.0},{"not_picked":["Beam Cell","Rip and Tear"],"picked":"Defragment+1","floor":8.0},{"not_picked":["Auto Shields","Stack"],"picked":"Streamline","floor":11.0},{"not_picked":["Reprogram","Go for the Eyes","Compile Driver"],"picked":"SKIP","floor":12.0},{"not_picked":["Fusion","Amplify"],"picked":"Coolheaded","floor":13.0},{"not_picked":["Turbo","Ball Lightning","Go for the Eyes"],"picked":"SKIP","floor":14.0},{"not_picked":["Amplify","Biased Cognition+1"],"picked":"Seek","floor":16.0},{"not_picked":["Chaos","Consume"],"picked":"Self Repair+1","floor":18.0},{"not_picked":["Rip and Tear","Chill"],"picked":"Loop+1","floor":23.0},{"not_picked":["Steam Power+1","Ball Lightning","Beam Cell"],"picked":"SKIP","floor":28.0}],"player_experience":1591042,"relics_obtained":[{"floor":6.0,"key":"Frozen Egg 2"},{"floor":9.0,"key":"Shuriken"},{"floor":13.0,"key":"Matryoshka"},{"floor":17.0,"key":"Ancient Tea Set"},{"floor":17.0,"key":"Meat on the Bone"},{"floor":17.0,"key":"Lizard Tail"},{"floor":21.0,"key":"Juzu Bracelet"},{"floor":21.0,"key":"Nunchaku"},{"floor":23.0,"key":"Bag of Preparation"},{"floor":26.0,"key":"Lantern"},{"floor":26.0,"key":"Incense Burner"}],"event_choices":[{"cards_removed":["Strike_B"],"damage_healed":0.0,"max_hp_gain":0.0,"max_hp_loss":0.0,"gold_gain":0.0,"event_name":"Bonfire Elementals","player_choice":"Offered Basic","floor":2.0,"gold_loss":0.0,"damage_taken":0.0},{"damage_healed":17.0,"max_hp_gain":0.0,"max_hp_loss":0.0,"gold_gain":0.0,"event_name":"The Cleric","player_choice":"Healed","floor":4.0,"gold_loss":35.0,"damage_taken":0.0},{"damage_healed":0.0,"max_hp_gain":0.0,"max_hp_loss":0.0,"gold_gain":0.0,"event_name":"Living Wall","player_choice":"Grow","floor":5.0,"gold_loss":0.0,"damage_taken":0.0,"cards_upgraded":["Zap"]},{"damage_healed":0.0,"max_hp_gain":0.0,"max_hp_loss":0.0,"gold_gain":50.0,"event_name":"FaceTrader","player_choice":"Touch","floor":10.0,"gold_loss":0.0,"damage_taken":7.0},{"damage_healed":0.0,"max_hp_gain":0.0,"max_hp_loss":0.0,"gold_gain":0.0,"event_name":"Ghosts","player_choice":"Ignored","floor":20.0,"gold_loss":0.0,"damage_taken":0.0},{"damage_healed":0.0,"max_hp_gain":0.0,"max_hp_loss":0.0,"gold_gain":0.0,"event_name":"Duplicator","player_choice":"Copied","floor":22.0,"gold_loss":0.0,"damage_taken":0.0,"cards_obtained":["Defragment"]},{"damage_healed":0.0,"max_hp_gain":0.0,"max_hp_loss":0.0,"gold_gain":0.0,"event_name":"Cursed Tome","player_choice":"Ignored","floor":25.0,"gold_loss":0.0,"damage_taken":0.0}],"is_beta":false,"boss_relics":[{"not_picked":["Ectoplasm","Runic Dome"],"picked":"Calling Bell"}],"items_purged_floors":[],"is_endless":false,"potions_floor_spawned":[3,12,13,28],"killed_by":"Book of Stabbing","ascension_level":18}}