{"host":"cvi30shpqg1ukvbr","time":1611233126,"event":{"mods":["Act Like it!","BaseMod","Better Altar","Better Match","Better Note","Better Sensory Stone","Better Skull","Better Third Choice","Conspire","GifTheSpireLib","Hubris","Infinite Spire","Minty Spire (QoL Compilation)","Relic Stats","Replay The Spire","Shop Mod","Spicy Shops","StSLib","Stuff the Spire"],"gold_per_floor":[112,128,138,138,3,3,34,34,60,71,71,71],"floor_reached":11,"language":"ENG","playtime":310,"items_purged":["Strike_R"],"score":77,"play_id":"a3ce6450-2f1e-4a38-803f-367f16f32f76","local_time":"20210121214526","is_ascension_mode":true,"campfire_choices":[{"data":"Bash","floor":6.0,"key":"SMITH"},{"data":"Berserk","floor":8.0,"key":"SMITH"}],"circlet_count":0,"master_deck":["Strike_R","Strike_R","Strike_R","Strike_R","Defend_R","Defend_R","Defend_R","Defend_R","Bash+1","ReplayTheSpireMod:LeadingStrike","Pommel Strike","ReplayTheSpireMod:Corrosion Curse","Dual Wield","Berserk+1","Entrench"],"relics":["Burning Blood","Charon\u0027s Ashes","Unceasing Top"],"acts_visited":["Exordium"],"potions_floor_usage":[],"damage_taken":[{"damage":15.0,"enemies":"Cultist","floor":1.0,"turns":4.0},{"damage":15.0,"enemies":"Jaw Worm","floor":2.0,"turns":4.0},{"damage":1.0,"enemies":"2 Louse","floor":3.0,"turns":3.0},{"damage":28.0,"enemies":"Gremlin Nob","floor":7.0,"turns":4.0},{"damage":14.0,"enemies":"2 Fungi Beasts","floor":10.0,"turns":3.0},{"damage":36,"enemies":"Lagavulin","floor":11,"turns":8}],"seed_played":"-8236474846246680230","potions_obtained":[{"floor":1.0,"key":"infinitespire:BlackPotion"},{"floor":2.0,"key":"Swift Potion"}],"is_trial":false,"path_per_floor":["M","M","M","?","$","R","E","R","T","M","E"],"character_chosen":"IRONCLAD","items_purchased":["Dual Wield"],"campfire_rested":0,"item_purchase_floors":[5],"current_hp_per_floor":[63,54,59,63,63,63,41,41,41,33,0,0],"gold":71,"neow_bonus":"ONE_RARE_RELIC","is_daily":false,"chose_seed":false,"campfire_upgraded":2,"win_rate":0.0,"timestamp":1611233126,"path_taken":["M","M","M","?","$","R","E","R","T","M","E"],"items_purchased_type":["Card"],"build_version":"2020-12-22","purchased_purges":1,"victory":false,"max_hp_per_floor":[72,72,72,72,72,72,72,72,72,72,72,72],"relic_stats":{"counters":[6,26],"Charon\u0027s Ashes":[0],"obtain_stats":[{"Charon\u0027s Ashes":0,"Burning Blood":0,"Unceasing Top":7},{"Charon\u0027s Ashes":0,"Burning Blood":0,"Unceasing Top":4},{"Charon\u0027s Ashes":0,"Burning Blood":0,"Unceasing Top":15}],"Burning Blood":30,"Unceasing Top":[1]},"card_choices":[{"not_picked":["StuffTheSpire:Slingshot","True Grit"],"picked":"ReplayTheSpireMod:LeadingStrike","floor":1.0},{"not_picked":["Sentinel","Demonic Infusion"],"picked":"Pommel Strike","floor":2.0},{"not_picked":["Run Through","Havoc"],"picked":"ReplayTheSpireMod:Corrosion Curse","floor":3.0},{"not_picked":["Shrug It Off","Flex"],"picked":"Berserk","floor":7.0},{"not_picked":["StuffTheSpire:Slingshot","Twin Strike"],"picked":"Entrench","floor":10.0}],"player_experience":1811770,"relics_obtained":[{"floor":7.0,"key":"Unceasing Top"}],"event_choices":[{"damage_healed":4.0,"max_hp_gain":0.0,"max_hp_loss":0.0,"gold_gain":0.0,"event_name":"betterSkull:BetterSkull","player_choice":"LEAVE ","floor":4.0,"gold_loss":0.0,"damage_taken":0.0,"cards_upgraded":[],"relics_obtained":[]}],"is_beta":false,"boss_relics":[],"items_purged_floors":[5],"is_endless":false,"potions_floor_spawned":[1,2],"killed_by":"Lagavulin","ascension_level":1}}