{"host":"sp1f3sybb350mzsh","time":1611204479,"event":{"mods":["BaseMod","Bestiary","Filter the Spire","Minty Spire (QoL Compilation)","Puzzle Mod","Relic Stats","StSLib"],"gold_per_floor":[116,133,133,150,150,175,195,206,229,269,269,288,119,161,161,161,161],"floor_reached":16,"language":"ENG","playtime":766,"items_purged":["Defend_B"],"score":122,"play_id":"0156bf47-ee76-4ba9-8183-4896fc7d0f95","local_time":"20210120224759","is_ascension_mode":false,"campfire_choices":[{"floor":11,"key":"REST"},{"data":"1","floor":15,"key":"LIFT"}],"circlet_count":0,"master_deck":["Strike_B","Strike_B","Strike_B","Defend_B","Defend_B","Defend_B","Zap","Dualcast","Tempest","Coolheaded","Cold Snap","Rebound","Go for the Eyes","Redo","Hello World","Rainbow","Hologram","Auto Shields"],"relics":["Fusion Hammer","Girya","CeramicFish","Potion Belt","PreservedInsect"],"acts_visited":["Exordium"],"potions_floor_usage":[6,14,14],"damage_taken":[{"damage":6,"enemies":"Jaw Worm","floor":1,"turns":3},{"damage":2,"enemies":"2 Louse","floor":2,"turns":3},{"damage":0,"enemies":"Cultist","floor":4,"turns":3},{"damage":11,"enemies":"Gremlin Nob","floor":6,"turns":3},{"damage":0,"enemies":"Large Slime","floor":7,"turns":4},{"damage":3,"enemies":"Looter","floor":8,"turns":3},{"damage":21,"enemies":"3 Sentries","floor":10,"turns":8},{"damage":20,"enemies":"Exordium Thugs","floor":12,"turns":5},{"damage":18,"enemies":"Gremlin Nob","floor":14,"turns":4},{"damage":9,"enemies":"The Guardian","floor":16,"turns":2}],"seed_played":"187238250458362210","potions_obtained":[{"floor":4,"key":"AttackPotion"},{"floor":6,"key":"Strength Potion"},{"floor":10,"key":"Fruit Juice"}],"is_trial":false,"path_per_floor":["M","M","?","M","?","E","M","M","T","E","R","M","$","E","R","B"],"character_chosen":"DEFECT","items_purchased":["Hologram","SkillPotion"],"campfire_rested":1,"item_purchase_floors":[13,13],"current_hp_per_floor":[69,67,60,60,53,42,42,39,39,18,40,20,20,7,7,0,0],"gold":161,"neow_bonus":"BOSS_RELIC","is_daily":false,"chose_seed":false,"campfire_upgraded":0,"win_rate":0.0,"timestamp":1611204479,"path_taken":["M","M","?","M","?","E","M","M","T","E","R","?","$","E","R","BOSS"],"items_purchased_type":["Card","Potion"],"build_version":"2020-12-22","purchased_purges":1,"victory":false,"max_hp_per_floor":[75,75,75,75,75,75,75,75,75,75,75,75,75,80,80,80,80],"relic_stats":{"counters":[10,38],"CeramicFish":36,"PreservedInsect":0,"obtain_stats":[{"Potion Belt":10,"Girya":6,"CeramicFish":9,"Fusion Hammer":0,"PreservedInsect":14,"Cracked Core":0},{"Potion Belt":7,"Girya":4,"CeramicFish":6,"Fusion Hammer":0,"PreservedInsect":9,"Cracked Core":0},{"Potion Belt":27,"Girya":12,"CeramicFish":19,"Fusion Hammer":0,"PreservedInsect":36,"Cracked Core":0}]},"card_choices":[{"not_picked":["Cold Snap","Capacitor"],"picked":"Tempest","floor":1},{"not_picked":["Melter","Sweeping Beam"],"picked":"Coolheaded","floor":2},{"not_picked":["Chaos","BootSequence"],"picked":"Cold Snap","floor":4},{"not_picked":["Leap","Recycle"],"picked":"Rebound","floor":6},{"not_picked":["Melter","Barrage"],"picked":"Go for the Eyes","floor":7},{"not_picked":["Ball Lightning","Lockon"],"picked":"Redo","floor":8},{"not_picked":["Coolheaded","Reprogram"],"picked":"Hello World","floor":10},{"not_picked":["Coolheaded","Steam"],"picked":"Rainbow","floor":12},{"not_picked":["Beam Cell","Leap"],"picked":"Auto Shields","floor":14}],"player_experience":114987,"relics_obtained":[{"floor":6,"key":"Girya"},{"floor":9,"key":"CeramicFish"},{"floor":10,"key":"Potion Belt"},{"floor":14,"key":"PreservedInsect"}],"event_choices":[{"cards_removed":["Strike_B"],"damage_healed":0,"gold_gain":0,"player_choice":"Card Removal","damage_taken":7,"max_hp_gain":0,"max_hp_loss":0,"event_name":"Golden Wing","floor":3,"gold_loss":0},{"damage_healed":0,"gold_gain":0,"player_choice":"Damaged","damage_taken":7,"max_hp_gain":0,"max_hp_loss":0,"event_name":"Wheel of Change","floor":5,"gold_loss":0}],"is_beta":false,"boss_relics":[],"items_purged_floors":[13],"is_endless":false,"potions_floor_spawned":[4,6,10],"killed_by":"The Guardian","ascension_level":0}}