{"host":"2hea6pl5vmah38iy","time":1611259100,"event":{"mods":["AchievementEnabler","BaseMod","Colored Map","DeckTracker","Keyboard Shortcuts","Minty Spire (QoL Compilation)","Rare Cards Sparkle","StSLib","SuperFastMode","everything is the same but u backflip on backflip"],"gold_per_floor":[16,27,27,44,56,85,85,116,116,116,132,17,37,1,1,79,79,95,95,105,121,141,141,158,193,193,210,243,70,70,88,88,165,165,185,85,99,119,131,161,161,193,193,204,204,238,238,238],"floor_reached":47,"language":"KOR","playtime":2217,"items_purged":["Strike_B","Doom and Gloom"],"score":1191,"play_id":"b2bcbf1f-4108-40c6-8ce7-db2609e01e60","local_time":"20210122045820","is_ascension_mode":true,"campfire_choices":[{"floor":7.0,"key":"REST"},{"data":"Zap","floor":10.0,"key":"SMITH"},{"data":"Defragment","floor":15.0,"key":"SMITH"},{"data":"Capacitor","floor":23.0,"key":"SMITH"},{"data":"Storm","floor":32.0,"key":"SMITH"},{"data":"Consume","floor":41,"key":"SMITH"}],"circlet_count":0,"master_deck":["AscendersBane","Zap+1","Dualcast","Electrodynamics","Coolheaded","Leap","Compile Driver","Rainbow","Defragment+1","Glacier+1","Storm+1","Seek","Consume+1","Go for the Eyes","Undo","Redo+1","Blizzard","Defragment","Defragment+1","Biased Cognition","Capacitor+1","Cold Snap","Capacitor+1","Turbo+1","Machine Learning","Echo Form","Hologram+1","Recycle","Reboot"],"relics":["Gremlin Horn","Meat on the Bone","HornCleat","Odd Mushroom","Pandora\u0027s Box","Eternal Feather","Lantern","OrangePellets","Nloth\u0027s Gift","Runic Dome","Bronze Scales","War Paint","Art of War","InkBottle"],"acts_visited":["Exordium","TheCity","TheBeyond"],"potions_floor_usage":[42,47],"damage_taken":[{"damage":12.0,"enemies":"Jaw Worm","floor":1.0,"turns":3.0},{"damage":4.0,"enemies":"Cultist","floor":2.0,"turns":3.0},{"damage":8.0,"enemies":"Small Slimes","floor":4.0,"turns":2.0},{"damage":4.0,"enemies":"2 Fungi Beasts","floor":5.0,"turns":3.0},{"damage":36.0,"enemies":"Gremlin Nob","floor":6.0,"turns":5.0},{"damage":5.0,"enemies":"3 Sentries","floor":8.0,"turns":2.0},{"damage":0.0,"enemies":"Exordium Wildlife","floor":11.0,"turns":2.0},{"damage":0.0,"enemies":"The Mushroom Lair","floor":13.0,"turns":3.0},{"damage":22.0,"enemies":"Slime Boss","floor":16.0,"turns":7.0},{"damage":2.0,"enemies":"Spheric Guardian","floor":18.0,"turns":4.0},{"damage":5.0,"enemies":"3 Byrds","floor":20.0,"turns":2.0},{"damage":1.0,"enemies":"Snake Plant","floor":21.0,"turns":5.0},{"damage":27.0,"enemies":"Shelled Parasite and Fungi","floor":22.0,"turns":3.0},{"damage":0.0,"enemies":"Snecko","floor":24.0,"turns":5.0},{"damage":1.0,"enemies":"Gremlin Leader","floor":25.0,"turns":6.0},{"damage":0.0,"enemies":"Centurion and Healer","floor":27.0,"turns":3.0},{"damage":32.0,"enemies":"Slavers","floor":28.0,"turns":3.0},{"damage":12.0,"enemies":"Cultist and Chosen","floor":31.0,"turns":4.0},{"damage":0.0,"enemies":"Collector","floor":33.0,"turns":5.0},{"damage":0.0,"enemies":"3 Shapes","floor":35.0,"turns":4.0},{"damage":25.0,"enemies":"3 Darklings","floor":37.0,"turns":3.0},{"damage":16,"enemies":"Writhing Mass","floor":38,"turns":4},{"damage":10,"enemies":"Maw","floor":39,"turns":5},{"damage":0,"enemies":"Giant Head","floor":40,"turns":6},{"damage":6,"enemies":"Reptomancer","floor":42,"turns":4},{"damage":0,"enemies":"Spire Growth","floor":44,"turns":4},{"damage":34,"enemies":"Nemesis","floor":46,"turns":5},{"damage":29,"enemies":"Jaw Worm Horde","floor":47,"turns":1}],"seed_played":"-7788899488014642108","potions_obtained":[{"floor":5.0,"key":"Fruit Juice"},{"floor":6.0,"key":"Explosive Potion"},{"floor":8.0,"key":"BlessingOfTheForge"},{"floor":11.0,"key":"ColorlessPotion"},{"floor":16.0,"key":"FearPotion"},{"floor":21.0,"key":"FocusPotion"},{"floor":27.0,"key":"BlessingOfTheForge"},{"floor":28.0,"key":"Fire Potion"},{"floor":38,"key":"Block Potion"},{"floor":44,"key":"AttackPotion"}],"is_trial":false,"path_per_floor":["M","M","?","M","M","E","R","E","T","R","M","$","?","$","R","B",null,"M","?","M","M","M","R","M","E","T","M","E","$","?","M","R","B",null,"M","$","M","M","M","E","R","E","T","M","?","E","M"],"character_chosen":"DEFECT","items_purchased":["Glacier","Storm","OrangePellets"],"campfire_rested":1,"item_purchase_floors":[12,14,29],"current_hp_per_floor":[52,48,48,40,36,5,27,22,22,22,34,34,46,46,46,36,66,64,64,59,58,43,43,43,42,42,42,22,22,22,22,37,49,69,69,69,44,40,42,42,57,51,51,51,51,29,0,0],"gold":238,"neow_bonus":"THREE_RARE_CARDS","is_daily":false,"chose_seed":false,"campfire_upgraded":5,"win_rate":0.0,"timestamp":1611259100,"path_taken":["M","M","?","?","M","E","R","E","T","R","M","$","?","?","R","BOSS","M","?","M","M","?","R","M","E","T","M","E","$","?","M","R","BOSS","M","$","?","M","M","E","R","E","T","M","?","E","M"],"items_purchased_type":["Card","Card","Relic"],"build_version":"2020-12-22","purchased_purges":2,"victory":false,"max_hp_per_floor":[71,71,71,71,71,76,76,76,76,76,76,76,76,76,76,76,76,76,76,76,76,76,76,76,76,76,76,76,76,76,76,76,76,76,76,76,76,76,76,76,76,76,76,76,72,72,72,72],"card_choices":[{"not_picked":["Echo Form","Seek"],"picked":"Electrodynamics","floor":0.0},{"not_picked":["Leap","Redo"],"picked":"Coolheaded","floor":1.0},{"not_picked":["Melter","Stack","Hello World"],"picked":"SKIP","floor":2.0},{"not_picked":["Darkness","Redo"],"picked":"Leap","floor":4.0},{"not_picked":["Lockon","Coolheaded"],"picked":"Compile Driver","floor":5.0},{"not_picked":["Conserve Battery","Recycle"],"picked":"Rainbow","floor":6.0},{"not_picked":["Conserve Battery","Streamline","Redo"],"picked":"SKIP","floor":8.0},{"not_picked":["Chill","Conserve Battery"],"picked":"Defragment","floor":11.0},{"not_picked":["Hyperbeam","Electrodynamics"],"picked":"Seek","floor":16.0},{"not_picked":["Reinforced Body","Compile Driver"],"picked":"Defragment","floor":18.0},{"not_picked":["Ball Lightning","Gash","Stack"],"picked":"SKIP","floor":20.0},{"not_picked":["Ball Lightning","Gash","Stack"],"picked":"SKIP","floor":20.0},{"not_picked":["Undo","Barrage"],"picked":"Biased Cognition","floor":21.0},{"not_picked":["Double Energy+1","Hello World"],"picked":"Capacitor","floor":22.0},{"not_picked":["Conserve Battery","Go for the Eyes"],"picked":"Cold Snap","floor":24.0},{"not_picked":["Fusion","Steam"],"picked":"Capacitor+1","floor":25.0},{"not_picked":["Genetic Algorithm","Steam"],"picked":"Turbo+1","floor":27.0},{"not_picked":["All For One","Cold Snap"],"picked":"Machine Learning","floor":28.0},{"not_picked":["Stack","FTL","Beam Cell"],"picked":"SKIP","floor":31.0},{"not_picked":["Reboot","Multi-Cast"],"picked":"Echo Form","floor":33.0},{"not_picked":["White Noise","Reprogram","Rip and Tear"],"picked":"SKIP","floor":35.0},{"not_picked":["Stack+1","Sunder+1"],"picked":"Hologram+1","floor":37.0},{"not_picked":["Sunder+1","Steam"],"picked":"Recycle","floor":38},{"not_picked":["Turbo+1","Redo","Thunder Strike"],"picked":"SKIP","floor":39},{"not_picked":["Consume","Defragment","Sunder"],"picked":"SKIP","floor":40},{"not_picked":["Reinforced Body","Force Field"],"picked":"Reboot","floor":42},{"not_picked":["Barrage+1","Glacier","Gash"],"picked":"SKIP","floor":44},{"not_picked":["Multi-Cast","Tempest","Hyperbeam"],"picked":"SKIP","floor":46}],"player_experience":515264,"relics_obtained":[{"floor":6.0,"key":"Gremlin Horn"},{"floor":8.0,"key":"Meat on the Bone"},{"floor":9.0,"key":"HornCleat"},{"floor":13.0,"key":"Odd Mushroom"},{"floor":25.0,"key":"Eternal Feather"},{"floor":28.0,"key":"Lantern"},{"floor":40,"key":"Bronze Scales"},{"floor":42,"key":"War Paint"},{"floor":43,"key":"Art of War"},{"floor":46,"key":"InkBottle"}],"event_choices":[{"cards_removed":["Strike_B"],"damage_healed":0.0,"max_hp_gain":0.0,"max_hp_loss":0.0,"gold_gain":0.0,"event_name":"Bonfire Elementals","player_choice":"Offered Basic","floor":3.0,"gold_loss":0.0,"damage_taken":0.0},{"damage_healed":0.0,"max_hp_gain":0.0,"max_hp_loss":0.0,"gold_gain":0.0,"event_name":"Mushrooms","player_choice":"Fought Mushrooms","floor":13.0,"gold_loss":0.0,"damage_taken":0.0},{"damage_healed":0.0,"max_hp_gain":0.0,"max_hp_loss":0.0,"gold_gain":0.0,"event_name":"Duplicator","player_choice":"Copied","floor":19.0,"gold_loss":0.0,"damage_taken":0.0,"cards_obtained":["Defragment"]},{"damage_healed":0.0,"max_hp_gain":0.0,"max_hp_loss":0.0,"gold_gain":0.0,"event_name":"N\u0027loth","player_choice":"Traded Relic","floor":30.0,"relics_lost":["Cracked Core"],"gold_loss":0.0,"damage_taken":0.0,"relics_obtained":["Nloth\u0027s Gift"]},{"damage_healed":0,"gold_gain":0,"player_choice":"Max HP","damage_taken":0,"max_hp_gain":0,"max_hp_loss":4,"event_name":"Winding Halls","floor":45,"gold_loss":0}],"is_beta":false,"boss_relics":[{"not_picked":["Sozu","Philosopher\u0027s Stone"],"picked":"Pandora\u0027s Box"},{"not_picked":["Empty Cage","SacredBark"],"picked":"Runic Dome"}],"items_purged_floors":[12,36],"is_endless":false,"potions_floor_spawned":[5,6,8,11,16,21,24,27,28,38,39,44],"killed_by":"Jaw Worm Horde","ascension_level":17}}