{"host":"7l2t4psy44vpcd9q","time":1611224961,"event":{"mods":["AchievementEnabler","BaseMod","DeckTracker","Minty Spire (QoL Compilation)","SuperFastMode"],"gold_per_floor":[213,50,60,60,79,79,79,79,105,118,118,144,114,127,127,127,127],"floor_reached":16,"language":"KOR","playtime":453,"items_purged":["Strike_R"],"score":220,"play_id":"496bd547-2279-4109-9e25-1e53f4102d8c","local_time":"20210121192921","is_ascension_mode":true,"campfire_choices":[{"floor":6,"key":"REST"},{"data":"Searing Blow","floor":8,"key":"SMITH"},{"data":"Searing Blow+1","floor":11,"key":"SMITH"},{"floor":15,"key":"REST"}],"circlet_count":0,"master_deck":["AscendersBane","Strike_R","Strike_R","Strike_R","Strike_R","Defend_R","Defend_R","Defend_R","Defend_R","Bash","Shrug It Off","Searing Blow+2","Pommel Strike","Rampage"],"relics":["Burning Blood","Lantern","Boot","Ornamental Fan"],"acts_visited":["Exordium"],"potions_floor_usage":[7,16,16,16,16],"damage_taken":[{"damage":6,"enemies":"Small Slimes","floor":1,"turns":4},{"damage":6,"enemies":"Cultist","floor":3,"turns":4},{"damage":14,"enemies":"Jaw Worm","floor":5,"turns":3},{"damage":20,"enemies":"3 Sentries","floor":7,"turns":3},{"damage":6,"enemies":"Lots of Slimes","floor":10,"turns":6},{"damage":8,"enemies":"Gremlin Nob","floor":12,"turns":3},{"damage":6,"enemies":"Looter","floor":14,"turns":2},{"damage":69,"enemies":"Slime Boss","floor":16,"turns":10}],"seed_played":"-9166370968870565121","potions_obtained":[{"floor":1,"key":"SmokeBomb"},{"floor":3,"key":"Ancient Potion"},{"floor":12,"key":"SpeedPotion"},{"floor":13,"key":"EntropicBrew"},{"floor":13,"key":"BlessingOfTheForge"}],"is_trial":false,"path_per_floor":["M","$","M","?","M","R","E","R","T","M","R","E","?","M","R","B"],"character_chosen":"IRONCLAD","items_purchased":["Searing Blow"],"campfire_rested":2,"item_purchase_floors":[2],"current_hp_per_floor":[68,68,68,33,25,47,33,33,33,33,33,31,31,31,53,0,0],"gold":127,"neow_bonus":"HUNDRED_GOLD","is_daily":false,"chose_seed":false,"campfire_upgraded":2,"win_rate":0.0,"timestamp":1611224961,"path_taken":["M","$","M","?","M","R","E","R","T","M","R","E","?","?","R","BOSS"],"items_purchased_type":["Card"],"build_version":"2020-12-22","purchased_purges":1,"victory":false,"max_hp_per_floor":[75,75,75,75,75,75,75,75,75,75,75,75,75,75,75,75,75],"card_choices":[{"not_picked":["Evolve","Sentinel"],"picked":"Shrug It Off","floor":1},{"not_picked":["True Grit","Havoc"],"picked":"Pommel Strike","floor":3},{"not_picked":["Rupture","Entrench","Clothesline"],"picked":"SKIP","floor":5},{"not_picked":["Heavy Blade","Anger"],"picked":"Rampage","floor":10},{"not_picked":["Power Through","Bludgeon","Clothesline"],"picked":"SKIP","floor":12},{"not_picked":["Burning Pact","Flex","Shockwave"],"picked":"SKIP","floor":14}],"player_experience":1269952,"relics_obtained":[{"floor":9,"key":"Boot"},{"floor":12,"key":"Ornamental Fan"}],"event_choices":[{"damage_healed":0,"gold_gain":0,"player_choice":"Success","damage_taken":35,"relics_obtained":["Lantern"],"max_hp_gain":0,"max_hp_loss":0,"event_name":"Scrap Ooze","floor":4,"gold_loss":0},{"damage_healed":0,"gold_gain":0,"player_choice":"Bought 2 Potions","damage_taken":0,"max_hp_gain":0,"max_hp_loss":0,"event_name":"The Woman in Blue","floor":13,"gold_loss":0}],"is_beta":false,"boss_relics":[],"items_purged_floors":[2],"is_endless":false,"potions_floor_spawned":[1,3,7,12],"killed_by":"Slime Boss","ascension_level":20}}