{"host":"sav7uxregyirlf69","time":1611227255,"event":{"mods":["AchievementEnabler","BaseMod","Colored Map","DeckTracker","Keyboard Shortcuts","Minty Spire (QoL Compilation)","READ ME - Guardian Mod","StSLib","SuperFastMode"],"gold_per_floor":[111,81,97,97,115,115,133,165,191,218,293,293,293,320,320,320,320],"floor_reached":16,"language":"KOR","playtime":244,"items_purged":[],"score":216,"play_id":"0f8c8239-eefe-4d64-bbb1-46df42677b00","local_time":"20210121200735","is_ascension_mode":true,"campfire_choices":[{"data":"Whirlwind","floor":6,"key":"SMITH"},{"data":"Seeing Red","floor":12,"key":"SMITH"},{"data":"Clothesline","floor":15,"key":"SMITH"}],"circlet_count":0,"master_deck":["AscendersBane","Strike_R","Strike_R","Strike_R","Strike_R","Strike_R","Defend_R","Defend_R","Defend_R","Defend_R","Bash","Whirlwind+1","Twin Strike","Wild Strike","Seeing Red+1","Clothesline+1"],"relics":["Burning Blood","PreservedInsect","Smiling Mask","Strawberry","MealTicket","Odd Mushroom"],"acts_visited":["Exordium"],"potions_floor_usage":[8,16,16],"damage_taken":[{"damage":1,"enemies":"Small Slimes","floor":1,"turns":5},{"damage":7,"enemies":"Cultist","floor":3,"turns":4},{"damage":15,"enemies":"2 Louse","floor":5,"turns":2},{"damage":7,"enemies":"Lots of Slimes","floor":7,"turns":2},{"damage":25,"enemies":"Lagavulin","floor":8,"turns":6},{"damage":8,"enemies":"Gremlin Nob","floor":10,"turns":3},{"damage":1,"enemies":"The Mushroom Lair","floor":14,"turns":2},{"damage":47,"enemies":"The Guardian","floor":16,"turns":12}],"seed_played":"-5815488273867485683","potions_obtained":[{"floor":1,"key":"Strength Potion"},{"floor":2,"key":"BlessingOfTheForge"},{"floor":14,"key":"ColorlessPotion"}],"is_trial":false,"path_per_floor":["M","?","M","?","M","R","M","E","T","E","?","R","?","?","R","B"],"character_chosen":"IRONCLAD","items_purchased":[],"campfire_rested":0,"item_purchase_floors":[],"current_hp_per_floor":[87,87,86,86,77,77,76,57,57,62,51,51,25,30,30,0,0],"gold":320,"neow_bonus":"TWENTY_PERCENT_HP_BONUS","is_daily":false,"chose_seed":false,"campfire_upgraded":3,"win_rate":0.0,"timestamp":1611227255,"path_taken":["M","?","?","?","M","R","?","E","T","E","?","R","?","?","R","BOSS"],"items_purchased_type":[],"build_version":"2020-12-22","purchased_purges":0,"victory":false,"max_hp_per_floor":[89,89,89,86,86,86,86,86,86,93,93,93,93,93,93,93,93],"card_choices":[{"not_picked":["Searing Blow","Flame Barrier"],"picked":"Whirlwind","floor":1},{"not_picked":["Burning Pact","Havoc"],"picked":"Twin Strike","floor":3},{"not_picked":["Entrench","Armaments"],"picked":"Wild Strike","floor":5},{"not_picked":["Flex","Anger"],"picked":"Seeing Red","floor":7},{"not_picked":["Burning Pact","Intimidate","Dropkick"],"picked":"SKIP","floor":8},{"not_picked":["Iron Wave","Dual Wield","Uppercut"],"picked":"SKIP","floor":10},{"not_picked":["Sword Boomerang","Warcry"],"picked":"Clothesline","floor":14}],"player_experience":1346715,"relics_obtained":[{"floor":8,"key":"PreservedInsect"},{"floor":9,"key":"Smiling Mask"},{"floor":10,"key":"Strawberry"},{"floor":14,"key":"Odd Mushroom"}],"event_choices":[{"damage_healed":0,"gold_gain":0,"player_choice":"Bought 2 Potions","damage_taken":0,"max_hp_gain":0,"max_hp_loss":0,"event_name":"The Woman in Blue","floor":2,"gold_loss":0},{"cards_removed":["Parasite"],"damage_healed":0,"gold_gain":0,"player_choice":"Removed Curses","damage_taken":0,"max_hp_gain":0,"max_hp_loss":0,"event_name":"Fountain of Cleansing","floor":4,"gold_loss":0},{"damage_healed":0,"gold_gain":75,"player_choice":"Gather Gold","damage_taken":11,"max_hp_gain":0,"max_hp_loss":0,"event_name":"World of Goop","floor":11,"gold_loss":0},{"damage_healed":0,"gold_gain":0,"player_choice":"Success","damage_taken":26,"relics_obtained":["MealTicket"],"max_hp_gain":0,"max_hp_loss":0,"event_name":"Scrap Ooze","floor":13,"gold_loss":0},{"damage_healed":0,"gold_gain":0,"player_choice":"Fought Mushrooms","damage_taken":0,"max_hp_gain":0,"max_hp_loss":0,"event_name":"Mushrooms","floor":14,"gold_loss":0}],"is_beta":false,"boss_relics":[],"items_purged_floors":[],"is_endless":false,"potions_floor_spawned":[1,3,7,14],"killed_by":"The Guardian","ascension_level":20}}