{"host":"opg65mucj6ra7dr1","time":1611216785,"event":{"mods":["BaseMod","DeckTracker","Keyboard Shortcuts","Minty Spire (QoL Compilation)","Permanent Neow","Quick Restart","everything is the same but u backflip on backflip"],"gold_per_floor":[113,13,30,30,44,78,78,78,132,156,156,17,17,36,36,155,155,168,188,188,35,35,35,69,69,69,69,102,127,160,85,85,85,85,110,129,129,129],"floor_reached":37,"language":"KOR","playtime":1177,"items_purged":["Strike_G","Strike_G"],"score":630,"play_id":"50e96490-f864-49ed-a0f1-46f106999a4d","local_time":"20210121171305","is_ascension_mode":true,"campfire_choices":[{"floor":7.0,"key":"REST"},{"data":"Accuracy","floor":15.0,"key":"SMITH"},{"data":"Cloak And Dagger","floor":23.0,"key":"SMITH"},{"data":"Infinite Blades","floor":27.0,"key":"SMITH"},{"floor":32,"key":"REST"}],"circlet_count":0,"master_deck":["Defend_G","Defend_G","Survivor","Neutralize","Slice","Deflect","Dagger Spray","Infinite Blades+1","Accuracy+1","Well Laid Plans","PiercingWail","Accuracy+1","Die Die Die","Finisher+1","Bullet Time+1","Finisher+1","Endless Agony+1","Leg Sweep+1","Cloak And Dagger+1","Flying Knee","Quick Slash","Infinite Blades+1","Prepared+1","Accuracy+1"],"relics":["Ring of the Snake","Golden Idol","Potion Belt","Anchor","Frozen Egg 2","Astrolabe","Nunchaku","Eternal Feather","Strawberry","Matryoshka","Empty Cage"],"acts_visited":["Exordium","TheCity","TheBeyond"],"potions_floor_usage":[30,30,33],"damage_taken":[{"damage":0.0,"enemies":"Cultist","floor":1.0,"turns":4.0},{"damage":0.0,"enemies":"2 Louse","floor":3.0,"turns":3.0},{"damage":9.0,"enemies":"Small Slimes","floor":5.0,"turns":3.0},{"damage":18.0,"enemies":"Lagavulin","floor":6.0,"turns":7.0},{"damage":4.0,"enemies":"Blue Slaver","floor":10.0,"turns":3.0},{"damage":1.0,"enemies":"Exordium Wildlife","floor":14.0,"turns":4.0},{"damage":16.0,"enemies":"Hexaghost","floor":16.0,"turns":13.0},{"damage":1.0,"enemies":"Chosen","floor":18.0,"turns":5.0},{"damage":0.0,"enemies":"3 Byrds","floor":19.0,"turns":4.0},{"damage":13.0,"enemies":"Gremlin Leader","floor":24.0,"turns":8.0},{"damage":20.0,"enemies":"Book of Stabbing","floor":28.0,"turns":5.0},{"damage":9,"enemies":"Snake Plant","floor":29,"turns":5},{"damage":0,"enemies":"Slavers","floor":30,"turns":6},{"damage":35,"enemies":"Collector","floor":33,"turns":10},{"damage":14,"enemies":"Orb Walker","floor":35,"turns":3},{"damage":24,"enemies":"3 Darklings","floor":36,"turns":6},{"damage":35,"enemies":"Jaw Worm Horde","floor":37,"turns":3}],"seed_played":"530195195291671391","potions_obtained":[{"floor":5.0,"key":"FearPotion"},{"floor":6.0,"key":"Dexterity Potion"},{"floor":16.0,"key":"Dexterity Potion"},{"floor":28.0,"key":"Swift Potion"},{"floor":29,"key":"CunningPotion"},{"floor":36,"key":"DuplicationPotion"}],"is_trial":false,"path_per_floor":["M","$","M","?","M","E","R","?","T","M","?","$","$","M","R","B",null,"M","M","?","$","?","R","E","?","T","R","E","M","E","?","R","B",null,"M","M","M"],"character_chosen":"THE_SILENT","items_purchased":["Dagger Spray","Accuracy+1","Cloak And Dagger","Flying Knee","CunningPotion"],"campfire_rested":2,"item_purchase_floors":[2,12,21,21,21],"current_hp_per_floor":[63,63,63,46,37,19,40,45,45,41,34,34,34,33,33,17,61,60,60,60,60,60,60,47,41,41,53,40,31,31,31,70,35,70,56,32,0,0],"gold":129,"neow_bonus":"THREE_CARDS","is_daily":false,"chose_seed":false,"campfire_upgraded":3,"win_rate":0.0,"timestamp":1611216785,"path_taken":["M","$","?","?","M","E","R","?","T","M","?","?","$","M","R","BOSS","M","M","?","$","?","R","E","?","T","R","E","?","E","?","R","BOSS","M","M","M"],"items_purchased_type":["Card","Card","Card","Card","Potion"],"build_version":"2020-12-22","purchased_purges":2,"victory":false,"max_hp_per_floor":[70,70,70,70,70,70,70,75,75,75,75,75,75,75,75,75,75,75,75,75,75,75,75,75,75,75,75,82,82,82,82,82,82,82,82,82,82,82],"card_choices":[{"not_picked":["Setup","Sucker Punch"],"picked":"Slice","floor":0.0},{"not_picked":["Poisoned Stab","Prepared"],"picked":"Deflect","floor":1.0},{"not_picked":["Deflect","Choke"],"picked":"Infinite Blades","floor":3.0},{"not_picked":["Prepared","Deadly Poison"],"picked":"Accuracy","floor":5.0},{"not_picked":["Acrobatics","PiercingWail"],"picked":"Well Laid Plans","floor":6.0},{"not_picked":["Venomology","Slice"],"picked":"PiercingWail","floor":10.0},{"not_picked":["Deflect","Dagger Spray","Underhanded Strike"],"picked":"SKIP","floor":14.0},{"not_picked":["Envenom+1","Bullet Time"],"picked":"Die Die Die","floor":16.0},{"not_picked":["Dodge and Roll","Expertise"],"picked":"Endless Agony+1","floor":18.0},{"not_picked":["Deflect+1","Sucker Punch"],"picked":"Leg Sweep+1","floor":19.0},{"not_picked":["Eviscerate","Setup"],"picked":"Quick Slash","floor":24.0},{"not_picked":["Deflect","Heel Hook"],"picked":"Infinite Blades+1","floor":28.0},{"not_picked":["Outmaneuver","Infinite Blades+1"],"picked":"Prepared+1","floor":29},{"not_picked":["Dash","Expertise"],"picked":"Accuracy+1","floor":30},{"not_picked":["Bane+1","Skewer+1","Concentrate"],"picked":"SKIP","floor":35},{"not_picked":["Slice","Expertise","Well Laid Plans+1"],"picked":"SKIP","floor":36}],"player_experience":145181,"relics_obtained":[{"floor":6.0,"key":"Potion Belt"},{"floor":9.0,"key":"Anchor"},{"floor":24.0,"key":"Nunchaku"},{"floor":26.0,"key":"Eternal Feather"},{"floor":28.0,"key":"Strawberry"},{"floor":30,"key":"Matryoshka"}],"event_choices":[{"damage_healed":0.0,"max_hp_gain":0.0,"max_hp_loss":0.0,"gold_gain":0.0,"event_name":"Golden Idol","player_choice":"Take Damage","floor":4.0,"gold_loss":0.0,"damage_taken":17.0,"relics_obtained":["Golden Idol"]},{"damage_healed":0.0,"max_hp_gain":5.0,"max_hp_loss":0.0,"gold_gain":0.0,"event_name":"Big Fish","player_choice":"Donut","floor":8.0,"gold_loss":0.0,"damage_taken":0.0},{"damage_healed":0.0,"max_hp_gain":0.0,"max_hp_loss":0.0,"gold_gain":0.0,"event_name":"Scrap Ooze","player_choice":"Success","floor":11.0,"gold_loss":0.0,"damage_taken":7.0,"relics_obtained":["Frozen Egg 2"]},{"damage_healed":0.0,"max_hp_gain":0.0,"max_hp_loss":0.0,"gold_gain":0.0,"event_name":"Cursed Tome","player_choice":"Ignored","floor":20.0,"gold_loss":0.0,"damage_taken":0.0},{"damage_healed":0.0,"max_hp_gain":0.0,"max_hp_loss":0.0,"gold_gain":0.0,"event_name":"Ghosts","player_choice":"Ignored","floor":22.0,"gold_loss":0.0,"damage_taken":0.0},{"damage_healed":0.0,"max_hp_gain":0.0,"max_hp_loss":0.0,"gold_gain":0.0,"event_name":"Knowing Skull","player_choice":"","floor":25.0,"potions_obtained":[],"gold_loss":0.0,"damage_taken":6.0,"cards_obtained":[]},{"cards_removed":["Strike_G"],"damage_healed":0,"gold_gain":0,"player_choice":"Gave Gold","damage_taken":0,"max_hp_gain":0,"max_hp_loss":0,"event_name":"Beggar","floor":31,"gold_loss":75}],"is_beta":false,"boss_relics":[{"not_picked":["Calling Bell","Busted Crown"],"picked":"Astrolabe"},{"not_picked":["Snecko Eye","HoveringKite"],"picked":"Empty Cage"}],"items_purged_floors":[2,12],"is_endless":false,"potions_floor_spawned":[5,6,16,28,29,36],"killed_by":"Jaw Worm Horde","ascension_level":8}}