{"host":"agbyy69nq62afhwx","time":1611249333,"event":{"mods":["BaseMod","Colored Map","DeckTracker","Highlight Path","Keyboard Shortcuts","Minty Spire (QoL Compilation)","Quick Restart","StSLib","SuperFastMode","everything is the same but u backflip on backflip"],"gold_per_floor":[110,125,145,145,156,156,188,202,202,202,235,254,273,50,50,148,148,166,176,192,192,192,192,220,220,274,0,99,128,128,128,128,228,228,228,228],"floor_reached":35,"language":"KOR","playtime":1183,"items_purged":["Strike_B"],"score":678,"play_id":"c905b3bb-17ce-45d9-a8be-4d5f8c7250fa","local_time":"20210122021533","is_ascension_mode":true,"campfire_choices":[{"data":"Apotheosis","floor":6.0,"key":"SMITH"},{"data":"Glacier","floor":10.0,"key":"SMITH"},{"floor":15.0,"key":"REST"},{"floor":23.0,"key":"REST"},{"floor":25.0,"key":"REST"},{"floor":30.0,"key":"REST"},{"data":"Heatsinks","floor":32.0,"key":"SMITH"}],"circlet_count":0,"master_deck":["AscendersBane","Zap","Dualcast","Apotheosis+1","Coolheaded","Conserve Battery","Rebound","Glacier+1","FTL","Beam Cell","Core Surge","Echo Form","Echo Form","Heatsinks+1","Darkness","Multi-Cast","All For One","Recycle","Ball Lightning","Chaos","Conserve Battery+1","Ghostly","Ghostly","Ghostly","Ghostly","Ghostly","Turbo+1","Bite","Bite","Bite","Bite","Bite","Biased Cognition"],"relics":["Cracked Core","Gremlin Horn","Matryoshka","Sundial","DataDisk","Pandora\u0027s Box","MealTicket","Question Card","Juzu Bracelet","White Beast Statue","Sozu"],"acts_visited":["Exordium","TheCity","TheBeyond"],"potions_floor_usage":[35,35],"damage_taken":[{"damage":0.0,"enemies":"Small Slimes","floor":1.0,"turns":4.0},{"damage":6.0,"enemies":"Cultist","floor":2.0,"turns":3.0},{"damage":0.0,"enemies":"2 Louse","floor":3.0,"turns":2.0},{"damage":24.0,"enemies":"Lots of Slimes","floor":5.0,"turns":6.0},{"damage":1.0,"enemies":"3 Sentries","floor":7.0,"turns":9.0},{"damage":0.0,"enemies":"Looter","floor":8.0,"turns":3.0},{"damage":14.0,"enemies":"Lagavulin","floor":11.0,"turns":7.0},{"damage":16.0,"enemies":"3 Louse","floor":12.0,"turns":4.0},{"damage":2.0,"enemies":"2 Fungi Beasts","floor":13.0,"turns":3.0},{"damage":5.0,"enemies":"Slime Boss","floor":16.0,"turns":11.0},{"damage":35.0,"enemies":"Shell Parasite","floor":18.0,"turns":4.0},{"damage":22.0,"enemies":"2 Thieves","floor":19.0,"turns":3.0},{"damage":0.0,"enemies":"3 Cultists","floor":20.0,"turns":3.0},{"damage":2.0,"enemies":"Book of Stabbing","floor":24.0,"turns":7.0},{"damage":14.0,"enemies":"Gremlin Leader","floor":29.0,"turns":8.0},{"damage":11.0,"enemies":"Automaton","floor":33.0,"turns":9.0},{"damage":0,"enemies":"3 Shapes","floor":35,"turns":1}],"seed_played":"-9061732743111335876","potions_obtained":[{"floor":2.0,"key":"AttackPotion"},{"floor":8.0,"key":"DistilledChaos"},{"floor":16.0,"key":"Weak Potion"},{"floor":20.0,"key":"Explosive Potion"},{"floor":29.0,"key":"FocusPotion"}],"is_trial":false,"path_per_floor":["M","M","M","?","M","R","E","M","T","R","E","M","M","$","R","B",null,"M","M","M","?","?","R","E","R","T","?","?","E","R","?","R","B",null,"M"],"character_chosen":"DEFECT","items_purchased":["DataDisk"],"campfire_rested":4,"item_purchase_floors":[14],"current_hp_per_floor":[68,62,62,62,38,38,37,37,37,37,23,7,5,5,27,22,62,27,5,5,5,2,13,11,22,22,22,22,8,19,19,19,25,25,25,25],"gold":228,"neow_bonus":"RANDOM_COLORLESS_2","is_daily":false,"chose_seed":false,"campfire_upgraded":3,"win_rate":0.0,"timestamp":1611249333,"path_taken":["M","M","M","?","M","R","E","M","T","R","E","M","M","$","R","BOSS","M","M","?","?","?","R","E","R","T","?","?","E","R","?","R","BOSS","M"],"items_purchased_type":["Relic"],"build_version":"2020-12-22","purchased_purges":1,"victory":false,"max_hp_per_floor":[75,75,75,75,75,75,75,75,75,75,75,75,75,75,75,75,75,75,75,75,37,37,37,37,37,37,37,37,37,37,25,25,25,25,25,25],"card_choices":[{"not_picked":["Violence","Master of Strategy"],"picked":"Apotheosis","floor":0.0},{"not_picked":["Conserve Battery","Compile Driver"],"picked":"Coolheaded","floor":1.0},{"not_picked":["Rip and Tear","Leap"],"picked":"Conserve Battery","floor":2.0},{"not_picked":["Compile Driver","BootSequence"],"picked":"Rebound","floor":3.0},{"not_picked":["Blizzard","Leap"],"picked":"Glacier","floor":5.0},{"not_picked":["All For One","Chaos"],"picked":"FTL","floor":7.0},{"not_picked":["Scrape","BootSequence","Streamline"],"picked":"SKIP","floor":8.0},{"not_picked":["Reprogram","Stack","Storm"],"picked":"SKIP","floor":11.0},{"not_picked":["Sweeping Beam","Glacier"],"picked":"Beam Cell","floor":12.0},{"not_picked":["Turbo","Conserve Battery","Aggregate"],"picked":"SKIP","floor":13.0},{"not_picked":["Meteor Strike","Fission"],"picked":"Core Surge","floor":16.0},{"not_picked":["Blizzard","Barrage"],"picked":"Ball Lightning","floor":18.0},{"not_picked":["Steam","Sweeping Beam"],"picked":"Chaos","floor":19.0},{"not_picked":["Thunder Strike","Blizzard"],"picked":"Conserve Battery+1","floor":20.0},{"not_picked":["Rebound","Ball Lightning","Leap"],"picked":"SKIP","floor":24.0},{"not_picked":["Gash","Compile Driver+1","Steam+1"],"picked":"Turbo+1","floor":29.0},{"not_picked":["Reboot","All For One","Echo Form"],"picked":"Biased Cognition","floor":33.0}],"player_experience":420729,"relics_obtained":[{"floor":7.0,"key":"Gremlin Horn"},{"floor":9.0,"key":"Matryoshka"},{"floor":11.0,"key":"Sundial"},{"floor":24.0,"key":"MealTicket"},{"floor":26.0,"key":"Question Card"},{"floor":26.0,"key":"Juzu Bracelet"},{"floor":29.0,"key":"White Beast Statue"}],"event_choices":[{"cards_removed":["Writhe"],"damage_healed":0.0,"max_hp_gain":0.0,"max_hp_loss":0.0,"gold_gain":0.0,"event_name":"Fountain of Cleansing","player_choice":"Removed Curses","floor":4.0,"gold_loss":0.0,"damage_taken":0.0},{"damage_healed":0.0,"max_hp_gain":0.0,"max_hp_loss":38.0,"gold_gain":0.0,"event_name":"Ghosts","player_choice":"Became a Ghost","floor":21.0,"gold_loss":0.0,"damage_taken":0.0,"cards_obtained":["Ghostly","Ghostly","Ghostly","Ghostly","Ghostly"]},{"damage_healed":0.0,"max_hp_gain":0.0,"max_hp_loss":0.0,"gold_gain":0.0,"event_name":"Wheel of Change","player_choice":"Damaged","floor":22.0,"gold_loss":0.0,"damage_taken":3.0},{"damage_healed":0.0,"max_hp_gain":0.0,"max_hp_loss":0.0,"gold_gain":0.0,"event_name":"Masked Bandits","player_choice":"Paid Fearfully","floor":27.0,"gold_loss":274.0,"damage_taken":0.0},{"damage_healed":0.0,"max_hp_gain":0.0,"max_hp_loss":0.0,"gold_gain":99.0,"event_name":"Nest","player_choice":"Stole From Cult","floor":28.0,"gold_loss":0.0,"damage_taken":0.0},{"damage_healed":0.0,"max_hp_gain":0.0,"max_hp_loss":12.0,"gold_gain":0.0,"event_name":"Vampires","player_choice":"Became a vampire","floor":31.0,"gold_loss":0.0,"damage_taken":0.0,"cards_obtained":["Bite","Bite","Bite","Bite","Bite"]}],"is_beta":false,"boss_relics":[{"not_picked":["Astrolabe","Runic Pyramid"],"picked":"Pandora\u0027s Box"},{"not_picked":["SacredBark","Runic Dome"],"picked":"Sozu"}],"items_purged_floors":[14],"is_endless":false,"potions_floor_spawned":[2,8,12,16,19,20,29,33],"killed_by":"3 Shapes","ascension_level":11}}