{"host":"l84l8xigz5v5foa2","time":1611236298,"event":{"mods":["2.2 Compatiblity","AchievementEnabler","BaseMod","Better Note","Better Vampires","Card Filter","Colored Map","DeckTracker","Gremlin Skip","Hermit","Highlight Path","Keyboard Shortcuts","Minty Spire (QoL Compilation)","Permanent Neow","Quick Restart","Relic Filter","Relic Stats","Shop Mod","StSLib","SuperFastMode","Transform Curses","Unknown Chances"],"gold_per_floor":[360,435,455,227,240,240,268,25,25,50,84,84,84,102,102,202,202,213,58,78,78,91,91,91,91,115,115,115,141,159,192,192,294,294,305,527,541,541,552,552,104,104,104,114,114,129,179,197,197,197],"floor_reached":51,"language":"KOR","playtime":2898,"items_purged":["hermit:Strike_Hermit","hermit:Strike_Hermit"],"score":735,"play_id":"136cb046-156e-4982-a0bc-2cba67a9e7f5","local_time":"20210121223818","is_ascension_mode":true,"campfire_choices":[{"data":"hermit:Showdown","floor":6.0,"key":"SMITH"},{"data":"hermit:Vantage","floor":13.0,"key":"SMITH"},{"data":"hermit:BodyArmor","floor":15.0,"key":"SMITH"},{"floor":23.0,"key":"DIG"},{"floor":25.0,"key":"DIG"},{"data":"hermit:Covet","floor":28.0,"key":"SMITH"},{"data":"hermit:Covet","floor":32.0,"key":"SMITH"},{"data":"hermit:TakeCover","floor":40.0,"key":"SMITH"},{"data":"hermit:DeadMansHand","floor":42.0,"key":"SMITH"},{"floor":49,"key":"DIG"}],"circlet_count":0,"master_deck":["hermit:Strike_Hermit+1","hermit:Strike_Hermit+1","hermit:Defend_Hermit","hermit:Defend_Hermit","hermit:Defend_Hermit","hermit:Snapshot","hermit:Covet+1","Writhe","hermit:Deadeye","hermit:Showdown+1","hermit:Covet+1","hermit:HighNoon+1","hermit:HighCaliber","hermit:Vantage+1","hermit:BodyArmor+1","hermit:FinalCanter","hermit:EyeOfTheStorm+1","hermit:Misfire","hermit:WideOpen+1","hermit:FatalDesire","hermit:HeroicBravado","CurseOfTheBell","hermit:TakeCover+1","hermit:DeadMansHand+1","Madness","Madness","hermit:ShadowCloak+1","hermit:FlashPowder+1"],"relics":["hermit:Momento","DollysMirror","Shovel","Nunchaku","Whetstone","Odd Mushroom","hermit:RyeStalk","SacredBark","Happy Flower","Bronze Scales","Ancient Tea Set","Red Mask","Gremlin Horn","Calling Bell","Oddly Smooth Stone","Pantograph","hermit:CharredGlove","Art of War","Vajra","ClockworkSouvenir","Centennial Puzzle","TungstenRod","hermit:Spyglass"],"acts_visited":["Exordium","TheCity","TheBeyond"],"potions_floor_usage":[44,50,50],"damage_taken":[{"damage":0.0,"enemies":"Small Slimes","floor":1.0,"turns":3.0},{"damage":0.0,"enemies":"2 Louse","floor":3.0,"turns":2.0},{"damage":0.0,"enemies":"Cultist","floor":5.0,"turns":3.0},{"damage":6.0,"enemies":"Gremlin Nob","floor":7.0,"turns":3.0},{"damage":7.0,"enemies":"The Mushroom Lair","floor":10.0,"turns":3.0},{"damage":13.0,"enemies":"3 Sentries","floor":11.0,"turns":5.0},{"damage":0.0,"enemies":"2 Fungi Beasts","floor":14.0,"turns":2.0},{"damage":22.0,"enemies":"Hexaghost","floor":16.0,"turns":12.0},{"damage":0.0,"enemies":"Shell Parasite","floor":18.0,"turns":5.0},{"damage":0.0,"enemies":"Chosen","floor":20.0,"turns":2.0},{"damage":13.0,"enemies":"Snecko","floor":22.0,"turns":4.0},{"damage":0.0,"enemies":"Masked Bandits","floor":29.0,"turns":2.0},{"damage":2.0,"enemies":"3 Cultists","floor":30.0,"turns":5.0},{"damage":27.0,"enemies":"Gremlin Leader","floor":31.0,"turns":5.0},{"damage":15.0,"enemies":"Automaton","floor":33.0,"turns":10.0},{"damage":0.0,"enemies":"3 Shapes","floor":35.0,"turns":3.0},{"damage":1.0,"enemies":"3 Darklings","floor":37.0,"turns":6.0},{"damage":19.0,"enemies":"Spire Growth","floor":39.0,"turns":6.0},{"damage":0,"enemies":"Jaw Worm Horde","floor":44,"turns":3},{"damage":0,"enemies":"4 Shapes","floor":46,"turns":6},{"damage":0,"enemies":"Mind Bloom Boss Battle","floor":47,"turns":7},{"damage":26,"enemies":"Writhing Mass","floor":48,"turns":7},{"damage":8,"enemies":"Awakened One","floor":50,"turns":9}],"seed_played":"-3177003284629198070","potions_obtained":[{"floor":3.0,"key":"Explosive Potion"},{"floor":5.0,"key":"FearPotion"},{"floor":11.0,"key":"LiquidMemories"},{"floor":16.0,"key":"SteroidPotion"},{"floor":20.0,"key":"AttackPotion"},{"floor":22.0,"key":"AttackPotion"},{"floor":31.0,"key":"Dexterity Potion"},{"floor":33.0,"key":"CultistPotion"},{"floor":37.0,"key":"BlessingOfTheForge"},{"floor":39.0,"key":"SteroidPotion"},{"floor":44,"key":"GamblersBrew"}],"is_trial":false,"path_per_floor":["M","?","M","$","M","R","E","$","T","?","E","?","R","M","R","B",null,"M","$","M","?","M","R","$","R","T","?","R","?","M","E","R","B",null,"M","?","M","?","M","R","$","R","T","M","?","M","?","M","R","B",null],"character_chosen":"HERMIT","items_purchased":["DollysMirror","Nunchaku","Happy Flower","Art of War","Vajra","ClockworkSouvenir"],"campfire_rested":0,"item_purchase_floors":[4,8,19,41,41,41],"current_hp_per_floor":[75,64,64,64,64,64,58,58,58,51,38,38,38,38,38,16,75,75,75,75,75,62,62,62,62,62,62,62,62,60,33,33,18,75,75,75,74,65,46,46,46,46,46,46,46,46,71,45,45,62],"gold":197,"neow_bonus":"TWO_FIFTY_GOLD","is_daily":false,"chose_seed":false,"campfire_upgraded":7,"win_rate":0.0,"timestamp":1611236298,"path_taken":["M","?","M","$","M","R","E","$","T","?","E","?","R","M","R","BOSS","M","$","M","?","?","R","$","R","T","?","R","?","M","E","R","BOSS","M","?","M","?","?","R","$","R","T","M","?","M","?","M","R","BOSS"],"items_purchased_type":["Relic","Relic","Relic","Relic","Relic","Relic"],"build_version":"2020-12-22","purchased_purges":2,"victory":true,"max_hp_per_floor":[75,75,75,75,75,75,75,75,75,75,75,75,75,75,75,75,75,75,75,75,75,75,75,75,75,75,75,75,75,75,75,75,75,75,75,75,75,75,75,75,75,75,75,75,75,75,75,75,75,75],"relic_stats":{"Nunchaku":[25],"Centennial Puzzle":[6],"Shovel":3,"Happy Flower":[25],"Gremlin Horn":[13,15],"counters":[23,113],"Bronze Scales":[198],"Pantograph":50,"Art of War":[5],"Whetstone":["hermit:Strike_Hermit","hermit:Strike_Hermit"],"obtain_stats":[{"Happy Flower":19,"Gremlin Horn":31,"SacredBark":17,"Oddly Smooth Stone":34,"Vajra":41,"Whetstone":9,"Odd Mushroom":10,"Ancient Tea Set":25,"ClockworkSouvenir":41,"Calling Bell":34,"hermit:RyeStalk":11,"Nunchaku":8,"Centennial Puzzle":43,"Shovel":7,"DollysMirror":4,"Bronze Scales":23,"Pantograph":34,"hermit:CharredGlove":34,"Red Mask":29,"Art of War":41,"hermit:Momento":0,"TungstenRod":47,"hermit:Spyglass":49},{"Happy Flower":9,"Gremlin Horn":14,"SacredBark":8,"Oddly Smooth Stone":15,"Vajra":18,"Whetstone":4,"Odd Mushroom":5,"Ancient Tea Set":11,"ClockworkSouvenir":18,"Calling Bell":15,"hermit:RyeStalk":6,"Nunchaku":4,"Centennial Puzzle":18,"Shovel":4,"DollysMirror":2,"Bronze Scales":11,"Pantograph":15,"hermit:CharredGlove":15,"Red Mask":12,"Art of War":18,"hermit:Momento":0,"TungstenRod":21,"hermit:Spyglass":22},{"Happy Flower":38,"Gremlin Horn":56,"SacredBark":33,"Oddly Smooth Stone":66,"Vajra":81,"Whetstone":11,"Odd Mushroom":14,"Ancient Tea Set":44,"ClockworkSouvenir":81,"Calling Bell":66,"hermit:RyeStalk":19,"Nunchaku":11,"Centennial Puzzle":81,"Shovel":11,"DollysMirror":5,"Bronze Scales":44,"Pantograph":66,"hermit:CharredGlove":66,"Red Mask":46,"Art of War":81,"hermit:Momento":0,"TungstenRod":97,"hermit:Spyglass":104}],"TungstenRod":10},"card_choices":[{"not_picked":["hermit:Feint","hermit:ItchyTrigger"],"picked":"hermit:Deadeye","floor":1.0},{"not_picked":["hermit:Coalescence","hermit:SprayPray"],"picked":"hermit:Showdown","floor":3.0},{"not_picked":["hermit:HighCaliber","hermit:Ricochet","hermit:TrackingShot"],"picked":"SKIP","floor":5.0},{"not_picked":["hermit:Malice","hermit:EyeOfTheStorm"],"picked":"hermit:HighNoon","floor":7.0},{"not_picked":["hermit:LowProfile","hermit:Roulette"],"picked":"hermit:HighCaliber","floor":10.0},{"not_picked":["hermit:Snipe","hermit:Dive"],"picked":"hermit:Vantage","floor":11.0},{"not_picked":["hermit:GoldenBullet","hermit:HoleUp"],"picked":"hermit:BodyArmor","floor":14.0},{"not_picked":["hermit:BlackWind","hermit:FromBeyond"],"picked":"hermit:FinalCanter","floor":16.0},{"not_picked":["hermit:CalledShot","hermit:Vantage"],"picked":"hermit:EyeOfTheStorm+1","floor":18.0},{"not_picked":["hermit:Ricochet","hermit:FullyLoaded"],"picked":"hermit:Misfire","floor":20.0},{"not_picked":["hermit:Grudge","hermit:Coalescence"],"picked":"hermit:WideOpen+1","floor":22.0},{"not_picked":["hermit:Headshot","hermit:Shortfuse"],"picked":"hermit:FatalDesire","floor":29.0},{"not_picked":["hermit:Roulette+1","hermit:Midnight","hermit:Quickdraw"],"picked":"SKIP","floor":30.0},{"not_picked":["hermit:SprayPray","hermit:HoleUp+1"],"picked":"hermit:HeroicBravado","floor":31.0},{"not_picked":["hermit:ItchyTrigger+1","hermit:Enervate+1"],"picked":"hermit:TakeCover","floor":35.0},{"not_picked":["hermit:BodyArmor+1","hermit:Vantage"],"picked":"hermit:DeadMansHand","floor":37.0},{"not_picked":["hermit:NoHoldsBarred+1","hermit:Vantage"],"picked":"hermit:ShadowCloak+1","floor":39.0},{"not_picked":["hermit:Showdown+1","hermit:TrackingShot+1"],"picked":"hermit:FlashPowder+1","floor":44},{"not_picked":["hermit:DeadMansHand+1","hermit:Coalescence","hermit:Desperado"],"picked":"SKIP","floor":46},{"not_picked":["hermit:Roulette+1","hermit:BodyArmor","hermit:Headshot"],"picked":"SKIP","floor":48}],"player_experience":1432368,"relics_obtained":[{"floor":7.0,"key":"Shovel"},{"floor":9.0,"key":"Whetstone"},{"floor":10.0,"key":"Odd Mushroom"},{"floor":11.0,"key":"hermit:RyeStalk"},{"floor":23.0,"key":"Bronze Scales"},{"floor":25.0,"key":"Ancient Tea Set"},{"floor":29.0,"key":"Red Mask"},{"floor":31.0,"key":"Gremlin Horn"},{"floor":34.0,"key":"Oddly Smooth Stone"},{"floor":34.0,"key":"Pantograph"},{"floor":34.0,"key":"hermit:CharredGlove"},{"floor":43.0,"key":"Centennial Puzzle"},{"floor":47,"key":"TungstenRod"},{"floor":49,"key":"hermit:Spyglass"}],"event_choices":[{"damage_healed":0.0,"max_hp_gain":0.0,"max_hp_loss":0.0,"gold_gain":75.0,"event_name":"World of Goop","player_choice":"Gather Gold","floor":2.0,"gold_loss":0.0,"damage_taken":11.0},{"damage_healed":0.0,"max_hp_gain":0.0,"max_hp_loss":0.0,"gold_gain":0.0,"event_name":"Mushrooms","player_choice":"Fought Mushrooms","floor":10.0,"gold_loss":0.0,"damage_taken":0.0},{"damage_healed":0.0,"max_hp_gain":0.0,"max_hp_loss":0.0,"gold_gain":0.0,"event_name":"Living Wall","player_choice":"Grow","floor":12.0,"gold_loss":0.0,"damage_taken":0.0,"cards_upgraded":["hermit:HighNoon"]},{"cards_removed":["hermit:Defend_Hermit"],"damage_healed":0.0,"max_hp_gain":0.0,"max_hp_loss":0.0,"gold_gain":0.0,"event_name":"Bonfire Elementals","player_choice":"Offered Basic","floor":21.0,"gold_loss":0.0,"damage_taken":0.0},{"damage_healed":0.0,"max_hp_gain":0.0,"max_hp_loss":0.0,"gold_gain":0.0,"event_name":"Ghosts","player_choice":"Ignored","floor":27.0,"gold_loss":0.0,"damage_taken":0.0},{"damage_healed":0.0,"max_hp_gain":0.0,"max_hp_loss":0.0,"gold_gain":0.0,"event_name":"Masked Bandits","player_choice":"Fought Bandits","floor":29.0,"gold_loss":0.0,"damage_taken":0.0},{"damage_healed":0.0,"max_hp_gain":0.0,"max_hp_loss":0.0,"gold_gain":222.0,"event_name":"Tomb of Lord Red Mask","player_choice":"Wore Mask","floor":36.0,"gold_loss":0.0,"damage_taken":0.0},{"damage_healed":0.0,"max_hp_gain":0.0,"max_hp_loss":0.0,"gold_gain":0.0,"event_name":"Winding Halls","player_choice":"Embrace Madness","floor":38.0,"gold_loss":0.0,"damage_taken":9.0,"cards_obtained":["Madness","Madness"]},{"damage_healed":0,"gold_gain":0,"player_choice":"Ignored","damage_taken":0,"max_hp_gain":0,"max_hp_loss":0,"event_name":"Mysterious Sphere","floor":45,"gold_loss":0},{"damage_healed":0,"gold_gain":0,"player_choice":"Fight","damage_taken":0,"max_hp_gain":0,"max_hp_loss":0,"event_name":"MindBloom","floor":47,"gold_loss":0}],"is_beta":false,"boss_relics":[{"not_picked":["Astrolabe","Velvet Choker"],"picked":"SacredBark"},{"not_picked":["Sozu","hermit:DentedPlate"],"picked":"Calling Bell"}],"items_purged_floors":[4,8],"is_endless":false,"potions_floor_spawned":[3,5,11,16,20,22,31,33,37,39,44,47,48],"ascension_level":2}}