{"host":"545ma68kbj6ggddn","time":1611194369,"event":{"mods":["BaseMod","Colored Powertips","Downfall","Minty Spire (QoL Compilation)","Permanent Neow","Quick Restart","SIMod","StSLib"],"gold_per_floor":[99,117,117,117,130,30,57,57,83,101,113,131,131,3,13,108,108,108,126,126,126,30,45,45,63,93,93,108,121,136,136,156,156,156,156],"floor_reached":33,"language":"ENG","playtime":2085,"items_purged":["bronze:Strike"],"score":296,"play_id":"f8abca64-83c0-4336-99b7-fcee8f64f88a","local_time":"20210120195929","is_ascension_mode":false,"campfire_choices":[{"floor":1,"key":"RECALL"},{"data":"bronze:Fortify","floor":6,"key":"SMITH"},{"data":"bronze:BronzeOrb","floor":18,"key":"SMITH"},{"data":"bronze:Optimize","floor":27,"key":"SMITH"}],"circlet_count":0,"master_deck":["bronze:Strike+1","bronze:Strike+1","bronze:Defend","bronze:Defend","bronze:Defend+1","bronze:Defend","bronze:Replicate","bronze:Goto","bronze:Fortify+1","bronze:Iterate","bronze:Verify","bronze:Branch","bronze:Iterate","downfall:Malfunctioning","bronze:BronzeOrb+1","bronze:ClassDefault","bronze:BronzeOrb","bronze:RecursiveStrike","bronze:Optimize+1","bronze:Format","bronze:BronzeOrb","bronze:BronzeOrb+1","Regret","bronze:Fortify","bronze:Boost+1","bronze:ForLoop","bronze:Philosophize+1","bronze:DarkDash"],"relics":["Sozu","Shuriken","downfall:HeartBlessingRed","downfall:ShatteredFragment","Question Card","Cursed Key","MarkOfWind","Enchiridion","Centennial Puzzle","downfall:RedIOU"],"acts_visited":["Exordium","TheCity"],"potions_floor_usage":[],"damage_taken":[{"damage":1,"enemies":"Cultist","floor":2,"turns":4},{"damage":6,"enemies":"Jaw Worm","floor":5,"turns":3},{"damage":18,"enemies":"Lagavulin","floor":9,"turns":4},{"damage":1,"enemies":"2 Louse","floor":10,"turns":2},{"damage":2,"enemies":"2 Fungi Beasts","floor":11,"turns":2},{"damage":0,"enemies":"Large Slime","floor":12,"turns":3},{"damage":5,"enemies":"downfall:FleeingMerchant","floor":14,"turns":4},{"damage":0,"enemies":"Exordium Wildlife","floor":15,"turns":1},{"damage":9,"enemies":"WA_ARCHETYPE_RETAIN","floor":16,"turns":5},{"damage":0,"enemies":"Shell Parasite","floor":19,"turns":2},{"damage":0,"enemies":"downfall:FleeingMerchant","floor":22,"turns":4},{"damage":0,"enemies":"Spheric Guardian","floor":23,"turns":1},{"damage":10,"enemies":"Shelled Parasite and Fungi","floor":25,"turns":4},{"damage":23,"enemies":"Slavers","floor":26,"turns":5},{"damage":0,"enemies":"Centurion and Healer","floor":28,"turns":5},{"damage":4,"enemies":"Chosen and Byrds","floor":29,"turns":3},{"damage":1,"enemies":"Snecko","floor":30,"turns":3},{"damage":0,"enemies":"Shelled Parasite and Fungi","floor":32,"turns":4},{"damage":18,"enemies":"SI_MIRROR_ARCHETYPE","floor":33,"turns":4}],"seed_played":"4400253056374114192","potions_obtained":[],"is_trial":false,"path_per_floor":["R","M","?","?","M","R","T","?","E","M","M","M","?","$","M","B",null,"R","M","?","?","$","M","T","M","E","R","M","M","M","?","M","B"],"character_chosen":"THE_AUTOMATON","items_purchased":["bronze:ClassDefault","bronze:BronzeOrb"],"campfire_rested":0,"item_purchase_floors":[14,22],"current_hp_per_floor":[70,69,69,66,60,60,60,39,21,20,18,18,18,13,13,4,70,70,70,70,54,54,54,54,44,21,21,21,17,16,16,16,0,0,0],"gold":156,"neow_bonus":"BOSS_RELIC","is_daily":false,"chose_seed":false,"campfire_upgraded":3,"win_rate":0.0,"timestamp":1611194369,"path_taken":["R","M","?","?","M","R","T","?","E","M","M","M","?","$","M","BOSS","R","M","?","?","$","M","T","M","E","R","M","M","M","?","M","BOSS"],"items_purchased_type":["Card","Card"],"build_version":"2020-12-22","purchased_purges":1,"victory":false,"max_hp_per_floor":[70,70,70,70,70,70,70,70,70,70,70,70,70,70,70,70,70,70,70,70,70,70,70,70,70,70,70,70,70,70,70,70,70,70,70],"card_choices":[{"not_picked":["bronze:OilSpill","bronze:BitShift"],"picked":"bronze:Fortify","floor":2},{"not_picked":["bronze:DarkDash","bronze:DelayedSlice"],"picked":"bronze:Iterate","floor":5},{"not_picked":["bronze:BitShift","bronze:FineTuning","bronze:Separator"],"picked":"SKIP","floor":9},{"not_picked":["bronze:Fortify","bronze:BugBarrage","bronze:Deprecate"],"picked":"bronze:Verify","floor":10},{"not_picked":["bronze:DelayedSlice","bronze:CutThrough","bronze:Allocate"],"picked":"bronze:Branch","floor":11},{"not_picked":["bronze:WildBeam","bronze:Fortify","bronze:DelayedSlice"],"picked":"bronze:Iterate","floor":12},{"not_picked":["bronze:Deprecate","bronze:BuggyMess","bronze:CutThrough"],"picked":"bronze:BronzeOrb","floor":14},{"not_picked":["bronze:AlphaBuild","bronze:Shield","bronze:NullPointer"],"picked":"bronze:BronzeOrb","floor":15},{"not_picked":["bronze:Virus","bronze:AlphaBuild","bronze:FindAndReplace"],"picked":"bronze:RecursiveStrike","floor":16},{"not_picked":["bronze:Fortify+1","bronze:ClassDefault","bronze:FollowUp"],"picked":"bronze:Optimize","floor":19},{"not_picked":["bronze:Shield","bronze:SpaghettiCode","bronze:Frontload"],"picked":"bronze:Format","floor":22},{"not_picked":["bronze:OilSpill","bronze:DelayedGuard+1","bronze:ChildClass"],"picked":"bronze:BronzeOrb+1","floor":23},{"not_picked":["bronze:NullPointer","bronze:Invalidate","bronze:Deprecate"],"picked":"bronze:Fortify","floor":25},{"not_picked":["bronze:ChildClass+1","bronze:Frontload","bronze:CleanCode"],"picked":"bronze:Boost+1","floor":26},{"not_picked":["bronze:ChosenStrike","bronze:BuggyMess","bronze:CutThrough"],"picked":"bronze:ForLoop","floor":28},{"not_picked":["bronze:BuggyMess+1","bronze:Frontload","bronze:ClassDefault"],"picked":"bronze:Philosophize+1","floor":29},{"not_picked":["bronze:Deprecate","bronze:CutThrough","bronze:Safeguard"],"picked":"bronze:DarkDash","floor":30},{"not_picked":["bronze:FineTuning","bronze:OilSpill+1","bronze:Shell","bronze:ThunderWave"],"picked":"SKIP","floor":32}],"player_experience":218567,"relics_obtained":[{"floor":7,"key":"Nunchaku"},{"floor":9,"key":"Question Card"},{"floor":21,"key":"Enchiridion"},{"floor":26,"key":"Centennial Puzzle"}],"event_choices":[{"damage_healed":0,"gold_gain":0,"player_choice":"Success","damage_taken":3,"relics_obtained":["Shuriken"],"max_hp_gain":0,"max_hp_loss":0,"event_name":"Scrap Ooze","floor":4,"gold_loss":0}],"is_beta":false,"boss_relics":[{"not_picked":["SlaversCollar","Fusion Hammer"],"picked":"Cursed Key"}],"items_purged_floors":[14],"is_endless":false,"potions_floor_spawned":[9,11,16,23,25,30,32],"killed_by":"SI_MIRROR_ARCHETYPE","ascension_level":0}}