{"host":"w3q5ijqu8eoknil3","time":1611233017,"event":{"mods":["AchievementEnabler","BaseMod","Block Reminder","Colored Map","Colored Powertips","Curses Come First","Dark Map","Minty Spire (QoL Compilation)","Quick Restart","Relic Stats","StSLib","ojb\u0027s Better Paths Mod","ojb\u0027s Info Mod","slay the spire mod where everything is the same but ironclad has a cowboy hat"],"gold_per_floor":[117,192,192,192,212,246,259,277,277,277,277,277],"floor_reached":11,"language":"ENG","playtime":289,"items_purged":[],"score":186,"play_id":"e3afd2b6-b53d-4fad-b3b8-d169322354cc","local_time":"20210121124337","is_ascension_mode":true,"campfire_choices":[{"floor":10,"key":"REST"}],"circlet_count":0,"master_deck":["AscendersBane","Strike_G","Strike_G","Strike_G","Strike_G","Strike_G","Defend_G","Defend_G","Defend_G","Defend_G","Defend_G","Survivor","Neutralize","Dash","Sucker Punch","Acrobatics","Dagger Spray","Dagger Throw"],"relics":["Ring of the Snake","NeowsBlessing","Golden Idol","Paper Crane","White Beast Statue"],"acts_visited":["Exordium"],"potions_floor_usage":[8],"damage_taken":[{"damage":0,"enemies":"2 Louse","floor":1,"turns":1},{"damage":0,"enemies":"Small Slimes","floor":5,"turns":1},{"damage":0,"enemies":"Lagavulin","floor":6,"turns":1},{"damage":0,"enemies":"Jaw Worm","floor":7,"turns":3},{"damage":20,"enemies":"Gremlin Gang","floor":8,"turns":5},{"damage":52,"enemies":"3 Sentries","floor":11,"turns":11}],"seed_played":"1261954066089520445","potions_obtained":[{"floor":5,"key":"SteroidPotion"}],"is_trial":false,"path_per_floor":["M","?","?","?","M","E","M","M","T","R","E"],"character_chosen":"THE_SILENT","items_purchased":[],"campfire_rested":1,"item_purchase_floors":[],"current_hp_per_floor":[59,48,53,53,53,53,53,33,33,52,0,0],"gold":277,"neow_bonus":"THREE_ENEMY_KILL","is_daily":false,"chose_seed":false,"campfire_upgraded":0,"win_rate":0.0,"timestamp":1611233017,"path_taken":["M","?","?","?","M","E","M","M","T","R","E"],"items_purchased_type":[],"build_version":"2020-12-22","purchased_purges":0,"victory":false,"max_hp_per_floor":[66,66,71,64,64,64,64,64,64,64,64,64],"relic_stats":{"counters":[6,22],"Golden Idol":18,"obtain_stats":[{"NeowsBlessing":0,"Golden Idol":4,"Paper Crane":6,"White Beast Statue":9,"Ring of the Snake":0},{"NeowsBlessing":0,"Golden Idol":1,"Paper Crane":3,"White Beast Statue":5,"Ring of the Snake":0},{"NeowsBlessing":0,"Golden Idol":1,"Paper Crane":3,"White Beast Statue":11,"Ring of the Snake":0}],"Ring of the Snake":[12]},"card_choices":[{"not_picked":["Dodge and Roll","Masterful Stab"],"picked":"Dash","floor":1},{"not_picked":["Deadly Poison","Footwork"],"picked":"Sucker Punch","floor":5},{"not_picked":["Well Laid Plans","Sucker Punch"],"picked":"Acrobatics","floor":6},{"not_picked":["Blur","Deflect"],"picked":"Dagger Spray","floor":7},{"not_picked":["Slice","Dodge and Roll"],"picked":"Dagger Throw","floor":8}],"player_experience":1002182,"relics_obtained":[{"floor":6,"key":"Paper Crane"},{"floor":9,"key":"White Beast Statue"}],"event_choices":[{"damage_healed":0,"gold_gain":75,"player_choice":"Gather Gold","damage_taken":11,"max_hp_gain":0,"max_hp_loss":0,"event_name":"World of Goop","floor":2,"gold_loss":0},{"damage_healed":0,"gold_gain":0,"player_choice":"Donut","damage_taken":0,"max_hp_gain":5,"max_hp_loss":0,"event_name":"Big Fish","floor":3,"gold_loss":0},{"damage_healed":0,"gold_gain":0,"player_choice":"Lose Max HP","damage_taken":0,"relics_obtained":["Golden Idol"],"max_hp_gain":0,"max_hp_loss":7,"event_name":"Golden Idol","floor":4,"gold_loss":0}],"is_beta":false,"boss_relics":[],"items_purged_floors":[],"is_endless":false,"potions_floor_spawned":[5],"killed_by":"3 Sentries","ascension_level":18}}