{"host":"5s7sm4h73jkd9266","time":1611246179,"event":{"mods":["AchievementEnabler","Bartender","BaseMod","BetterRewards","Colored Map","Colored Powertips","Conspire","Downfall","Energized Spire","Hubris","Minty Spire (QoL Compilation)","Potion Indicator Mod","Rare Cards Sparkle","Shop Mod","StSLib","The Blue Laboratory","Virulent Crown","everything is the same but u backflip on backflip","slay the spire mod where everything is the same but ironclad has a cowboy hat","vexMod"],"gold_per_floor":[117,117,133,133,61,61,81,111,111,128,144,109,120,130,130,227,227,243,68,84,101,101,101,134,154,154,154,172,172,172,190,190,492,504,532,544,0,11,11,28,46,46,46,46,46,80,80,96,96,96,96],"floor_reached":50,"language":"ENG","playtime":4364,"items_purged":[],"score":721,"play_id":"403bda0d-e3cf-4ff7-8dfe-e29c44f52969","local_time":"20210121112259","is_ascension_mode":false,"campfire_choices":[{"data":"Zap","floor":6.0,"key":"SMITH"},{"data":"Static Discharge","floor":15.0,"key":"SMITH"},{"floor":23.0,"key":"REST"},{"floor":27.0,"key":"REST"},{"floor":30.0,"key":"RECALL"},{"floor":32.0,"key":"REST"},{"data":"Glacier","floor":42.0,"key":"SMITH"},{"data":"Echo Form","floor":44.0,"key":"SMITH"},{"data":"Conserve Battery","floor":47.0,"key":"SMITH"},{"floor":49,"key":"REST"}],"circlet_count":0,"master_deck":["Strike_B","Strike_B","Strike_B+1","Strike_B","Defend_B","Defend_B","Defend_B","Defend_B","Zap+1","Dualcast","Chrysalis","conspire:SharedLibrary","Conserve Battery+1","Leap","Doom and Gloom+1","hubris:Ukulele","Glacier+1","Capacitor","Melter","Go for the Eyes","Cold Snap","Static Discharge+1","Rebound","Beam Cell","hubris:PowerSurge","Consume","Lockon","Core Surge","Echo Form+1","Genetic Algorithm","Lockon+1","Barrage","Genetic Algorithm","Ball Lightning","Gash","Stack+1","Leap","Conserve Battery","Thunder Strike","Defragment","Streamline","Conserve Battery","Barrage","Finesse","Hyperbeam","Streamline+1","Sweeping Beam+1","Writhe","Capacitor","Leap","Lockon","Hello World+1","Tempest","Compile Driver+1","Darkness","Sunder","Darkness+1","Redo+1","Multi-Cast","Gash+1"],"relics":["Cracked Core","hubris:BallOfYels","WarpedTongs","vexMod:InvisibilityCloak","Prayer Wheel","HandDrill","vexMod:RedPlottingStone","MawBank","Empty Cage","Bottled Lightning","ClockworkSouvenir","hubris:Towel","Whetstone","Blood Vial"],"acts_visited":["Exordium","TheCity","TheBeyond"],"potions_floor_usage":[],"damage_taken":[{"damage":7.0,"enemies":"Small Slimes","floor":1.0,"turns":3.0},{"damage":3.0,"enemies":"Cultist","floor":3.0,"turns":4.0},{"damage":2.0,"enemies":"conspire:RoseBush","floor":7.0,"turns":4.0},{"damage":10.0,"enemies":"Lagavulin","floor":8.0,"turns":4.0},{"damage":4.0,"enemies":"Large Slime","floor":10.0,"turns":8.0},{"damage":2.0,"enemies":"Blue Slaver","floor":11.0,"turns":2.0},{"damage":0.0,"enemies":"Looter","floor":13.0,"turns":2.0},{"damage":0.0,"enemies":"Exordium Wildlife","floor":14.0,"turns":1.0},{"damage":17.0,"enemies":"Hexaghost","floor":16.0,"turns":9.0},{"damage":38.0,"enemies":"3 Byrds","floor":18.0,"turns":5.0},{"damage":8.0,"enemies":"Chosen","floor":20.0,"turns":3.0},{"damage":17.0,"enemies":"Snake Plant","floor":21.0,"turns":4.0},{"damage":25.0,"enemies":"Book of Stabbing","floor":24.0,"turns":8.0},{"damage":5.0,"enemies":"Cultist and Chosen","floor":25.0,"turns":4.0},{"damage":6.0,"enemies":"conspire:HollyBat","floor":28.0,"turns":10.0},{"damage":11.0,"enemies":"Centurion and Healer","floor":31.0,"turns":5.0},{"damage":48.0,"enemies":"Champ","floor":33.0,"turns":10.0},{"damage":23.0,"enemies":"3 Shapes","floor":35.0,"turns":4.0},{"damage":1.0,"enemies":"Orb Walker","floor":38.0,"turns":5.0},{"damage":10.0,"enemies":"4 Shapes","floor":40.0,"turns":3.0},{"damage":3.0,"enemies":"3 Darklings","floor":41.0,"turns":4.0},{"damage":2.0,"enemies":"Giant Head","floor":46.0,"turns":10.0},{"damage":54,"enemies":"Maw","floor":48,"turns":8},{"damage":47,"enemies":"hubris:GrandSnecko","floor":50,"turns":6}],"seed_played":"1274752845041444938","potions_obtained":[{"floor":3.0,"key":"blueLaboratory:PyrophylliteBrew"},{"floor":7.0,"key":"blueLaboratory:FruitPunch"},{"floor":10.0,"key":"Explosive Potion"},{"floor":20.0,"key":"blueLaboratory:PhilterOfMotion"},{"floor":25.0,"key":"Fire Potion"},{"floor":40.0,"key":"blueLaboratory:Moonshine"},{"floor":41.0,"key":"blueLaboratory:SavagePotion"}],"is_trial":false,"path_per_floor":["M","?","M","?","$","R","M","E","T","M","M","?","M","M","R","B",null,"M","$","M","M","?","R","E","M","T","R","M","?","R","M","R","B",null,"M","?","$","M","?","M","M","R","T","R","$","E","R","M","R","B"],"character_chosen":"DEFECT","items_purchased":["hubris:BallOfYels","Chrysalis","conspire:SharedLibrary","Conserve Battery","Leap","Capacitor","HandDrill","Barrage","Bottled Lightning","ClockworkSouvenir","Capacitor","Leap","Lockon"],"campfire_rested":4,"item_purchase_floors":[0,0,0,0,0,5,19,19,37,37,37,37,37],"current_hp_per_floor":[50,50,47,47,47,47,45,37,37,33,31,50,50,50,50,33,77,39,39,31,14,21,44,19,14,14,37,31,31,31,20,43,15,87,64,86,86,85,85,75,72,72,72,72,72,70,70,18,44,0,0],"gold":96,"neow_bonus":"","is_daily":false,"chose_seed":false,"campfire_upgraded":5,"win_rate":0.0,"timestamp":1611246179,"path_taken":["M","?","?","?","$","R","M","E","T","M","M","?","M","M","R","BOSS","M","$","M","M","?","R","E","M","T","R","M","?","R","M","R","BOSS","M","?","$","M","?","M","?","R","T","R","$","E","R","M","R","BOSS"],"items_purchased_type":["Relic","Card","Card","Card","Card","Card","Relic","Card","Relic","Relic","Card","Card","Card"],"build_version":"2020-12-22","purchased_purges":0,"victory":false,"max_hp_per_floor":[75,75,75,75,75,75,75,77,77,77,77,77,77,77,77,77,77,77,77,77,77,77,77,77,77,77,77,77,77,77,77,77,87,87,87,87,87,87,87,87,87,87,87,87,87,87,87,87,87,87,87],"card_choices":[{"not_picked":["Streamline","Turbo"],"picked":"Doom and Gloom","floor":1.0},{"not_picked":["Compile Driver","Steam"],"picked":"hubris:Ukulele","floor":3.0},{"not_picked":["Compile Driver","Ball Lightning"],"picked":"Melter","floor":7.0},{"not_picked":["Fusion","Beam Cell"],"picked":"Go for the Eyes","floor":8.0},{"not_picked":["Scrape","Skim"],"picked":"Cold Snap","floor":10.0},{"not_picked":["Hyperbeam","Leap"],"picked":"Static Discharge","floor":10.0},{"not_picked":["Go for the Eyes","Redo"],"picked":"Rebound","floor":11.0},{"not_picked":["Redo","Force Field"],"picked":"Beam Cell","floor":11.0},{"not_picked":["Rebound","Coolheaded"],"picked":"hubris:PowerSurge","floor":13.0},{"not_picked":["Hologram","Sweeping Beam"],"picked":"Consume","floor":13.0},{"not_picked":["Streamline","Compile Driver"],"picked":"Lockon","floor":14.0},{"not_picked":["Glacier","Rebound"],"picked":"Core Surge","floor":14.0},{"not_picked":["Electrodynamics","Meteor Strike"],"picked":"Echo Form","floor":16.0},{"not_picked":["conspire:Rain","Compile Driver"],"picked":"Genetic Algorithm","floor":18.0},{"not_picked":["Go for the Eyes","Sweeping Beam"],"picked":"Lockon+1","floor":18.0},{"not_picked":["Go for the Eyes+1","Streamline"],"picked":"Genetic Algorithm","floor":20.0},{"not_picked":["Compile Driver","Coolheaded"],"picked":"Ball Lightning","floor":20.0},{"not_picked":["Streamline","Machine Learning"],"picked":"Gash","floor":21.0},{"not_picked":["Rebound","Darkness"],"picked":"Stack+1","floor":21.0},{"not_picked":["Cold Snap","Barrage"],"picked":"Leap","floor":24.0},{"not_picked":["Go for the Eyes+1","Reinforced Body"],"picked":"Conserve Battery","floor":25.0},{"not_picked":["Steam Power+1","Rebound"],"picked":"Thunder Strike","floor":25.0},{"not_picked":["Loop+1","Ball Lightning+1"],"picked":"Defragment","floor":28.0},{"not_picked":["Stack","Skim"],"picked":"Streamline","floor":28.0},{"not_picked":["Beam Cell","hubris:Ukulele"],"picked":"Conserve Battery","floor":31.0},{"not_picked":["Compile Driver","Leap"],"picked":"Barrage","floor":31.0},{"not_picked":["Multi-Cast","Biased Cognition"],"picked":"Hyperbeam","floor":33.0},{"not_picked":["Gash","Steam"],"picked":"Streamline+1","floor":35.0},{"not_picked":["Force Field+1","Go for the Eyes"],"picked":"Sweeping Beam+1","floor":35.0},{"not_picked":["Doom and Gloom+1","Barrage+1"],"picked":"Hello World+1","floor":38.0},{"not_picked":["Compile Driver+1","Steam+1"],"picked":"Tempest","floor":38.0},{"not_picked":["Go for the Eyes+1","Turbo+1"],"picked":"Compile Driver+1","floor":40.0},{"not_picked":["Sweeping Beam","Scrape"],"picked":"Darkness","floor":40.0},{"not_picked":["Reboot","Leap+1"],"picked":"Sunder","floor":41.0},{"not_picked":["Recycle","Go for the Eyes+1"],"picked":"Darkness+1","floor":41.0},{"not_picked":["Lockon+1","FTL+1"],"picked":"Redo+1","floor":46.0},{"not_picked":["Sweeping Beam+1","Go for the Eyes+1"],"picked":"Multi-Cast","floor":48},{"not_picked":["Rebound+1","Coolheaded"],"picked":"Gash+1","floor":48}],"player_experience":5427511,"relics_obtained":[{"floor":8.0,"key":"vexMod:InvisibilityCloak"},{"floor":9.0,"key":"Prayer Wheel"},{"floor":24.0,"key":"vexMod:RedPlottingStone"},{"floor":43.0,"key":"Whetstone"},{"floor":46.0,"key":"Blood Vial"}],"event_choices":[{"damage_healed":0.0,"max_hp_gain":0.0,"max_hp_loss":0.0,"gold_gain":0.0,"event_name":"Accursed Blacksmith","player_choice":"Rummage","floor":2.0,"gold_loss":0.0,"damage_taken":0.0,"relics_obtained":["WarpedTongs"],"cards_obtained":["Pain"]},{"damage_healed":19.0,"max_hp_gain":0.0,"max_hp_loss":0.0,"gold_gain":0.0,"event_name":"The Cleric","player_choice":"Healed","floor":12.0,"gold_loss":35.0,"damage_taken":0.0},{"damage_healed":0.0,"max_hp_gain":0.0,"max_hp_loss":0.0,"gold_gain":0.0,"event_name":"Vampires","player_choice":"Ignored","floor":29.0,"gold_loss":0.0,"damage_taken":0.0},{"damage_healed":22.0,"max_hp_gain":0.0,"max_hp_loss":0.0,"gold_gain":0.0,"event_name":"Winding Halls","player_choice":"Writhe","floor":36.0,"gold_loss":0.0,"damage_taken":0.0,"cards_obtained":["Writhe"]}],"is_beta":false,"boss_relics":[{"not_picked":["Velvet Choker","energizedSpire:SpiderWeb","vexMod:MegatonBomb"]},{"not_picked":["energizedSpire:OgreHead","energizedSpire:OldTV"],"picked":"Empty Cage"}],"items_purged_floors":[],"is_endless":false,"potions_floor_spawned":[3,7,10,20,25,40,41],"killed_by":"hubris:GrandSnecko","ascension_level":0}}