{"host":"6jrd8fn9k88n08be","time":1611268217,"event":{"mods":["BaseMod","Minty Spire (QoL Compilation)","StSLib"],"gold_per_floor":[114,127,144,144,157,192,204,234,270,298,310,622,654,679,691,800,862,884,896,908,939,951,963,963],"floor_reached":23,"language":"ENG","playtime":1147,"items_purged":[],"score":224,"play_id":"ce317dbf-f537-491f-a020-5c2f065e6f8c","local_time":"20210121173017","is_ascension_mode":true,"campfire_choices":[{"floor":11,"key":"REST"},{"data":"Sword Boomerang","floor":15,"key":"SMITH"}],"circlet_count":0,"master_deck":["Strike_R","Strike_R","Strike_R","Strike_R","Defend_R","Defend_R","Defend_R","Defend_R","Bash","Whirlwind","Seeing Red","Shrug It Off+1","Spot Weakness","Entrench","Sword Boomerang+1","Spot Weakness","True Grit","Reaper","Pommel Strike+1","Writhe"],"relics":["Burning Blood","Bag of Preparation","MawBank","Nunchaku","Old Coin","Tiny House","Omamori","Necronomicon"],"acts_visited":["Exordium","TheCity"],"potions_floor_usage":[5],"damage_taken":[{"damage":1,"enemies":"Cultist","floor":1,"turns":4},{"damage":3,"enemies":"Jaw Worm","floor":2,"turns":5},{"damage":3,"enemies":"Small Slimes","floor":3,"turns":2},{"damage":13,"enemies":"Blue Slaver","floor":5,"turns":2},{"damage":57,"enemies":"Lagavulin","floor":6,"turns":9},{"damage":18,"enemies":"Large Slime","floor":8,"turns":8},{"damage":0,"enemies":"Exordium Wildlife","floor":10,"turns":3},{"damage":0,"enemies":"3 Louse","floor":13,"turns":2},{"damage":5,"enemies":"Red Slaver","floor":14,"turns":5},{"damage":26,"enemies":"Hexaghost","floor":16,"turns":9},{"damage":25,"enemies":"Chosen","floor":18,"turns":5},{"damage":32,"enemies":"Shell Parasite","floor":21,"turns":4},{"damage":0,"enemies":"Book of Stabbing","floor":23,"turns":1}],"seed_played":"-8947756077205896514","potions_obtained":[{"floor":3,"key":"SkillPotion"},{"floor":5,"key":"GamblersBrew"},{"floor":13,"key":"SpeedPotion"},{"floor":14,"key":"Swift Potion"},{"floor":17,"key":"CultistPotion"},{"floor":21,"key":"Strength Potion"}],"is_trial":false,"path_per_floor":["M","M","M","?","M","E","?","M","T","M","R","T","M","M","R","B",null,"M","?","?","M","?","E"],"character_chosen":"IRONCLAD","items_purchased":[],"campfire_rested":1,"item_purchase_floors":[],"current_hp_per_floor":[80,80,80,80,73,22,22,10,10,16,40,40,46,47,47,27,85,74,74,58,38,38,38,38],"gold":963,"neow_bonus":"RANDOM_COMMON_RELIC","is_daily":false,"chose_seed":false,"campfire_upgraded":1,"win_rate":0.0,"timestamp":1611268217,"path_taken":["M","M","?","?","M","E","?","M","T","M","R","?","M","M","R","BOSS","M","?","?","M","?","E"],"items_purchased_type":[],"build_version":"2020-12-22","purchased_purges":0,"victory":false,"max_hp_per_floor":[80,80,80,80,80,80,80,80,80,80,80,80,80,80,80,80,85,85,85,85,85,85,85,85],"card_choices":[{"not_picked":["Twin Strike","Shrug It Off"],"picked":"Whirlwind","floor":1},{"not_picked":["Wild Strike","Heavy Blade"],"picked":"Seeing Red","floor":2},{"not_picked":["Feel No Pain","Headbutt"],"picked":"Shrug It Off","floor":3},{"not_picked":["Hemokinesis","Shrug It Off"],"picked":"Entrench","floor":5},{"not_picked":["Iron Wave","Havoc","Clash"],"picked":"SKIP","floor":6},{"not_picked":["Headbutt","Intimidate","Power Through"],"picked":"SKIP","floor":8},{"not_picked":["Iron Wave","Impervious"],"picked":"Sword Boomerang","floor":10},{"not_picked":["Power Through","Havoc"],"picked":"Spot Weakness","floor":13},{"not_picked":["Power Through","Seeing Red"],"picked":"True Grit","floor":14},{"not_picked":["Bludgeon","Berserk"],"picked":"Reaper","floor":16},{"not_picked":["Perfected Strike","Headbutt+1"],"picked":"Pommel Strike+1","floor":18},{"not_picked":["Pommel Strike","Clothesline+1","Bloodletting"],"picked":"SKIP","floor":21}],"player_experience":110572,"relics_obtained":[{"floor":6,"key":"MawBank"},{"floor":12,"key":"Old Coin"},{"floor":20,"key":"Necronomicon"}],"event_choices":[{"damage_healed":0,"gold_gain":0,"cards_transformed":["Strike_R"],"player_choice":"Change","damage_taken":0,"max_hp_gain":0,"max_hp_loss":0,"event_name":"Living Wall","floor":4,"gold_loss":0,"cards_obtained":["Spot Weakness"]},{"damage_healed":0,"gold_gain":0,"player_choice":"Searched \u00271\u0027 times","damage_taken":0,"relics_obtained":["Nunchaku"],"max_hp_gain":0,"max_hp_loss":0,"event_name":"Dead Adventurer","floor":7,"gold_loss":0},{"damage_healed":0,"gold_gain":0,"player_choice":"Opened","damage_taken":0,"relics_obtained":["Omamori"],"max_hp_gain":0,"max_hp_loss":0,"event_name":"The Mausoleum","floor":19,"gold_loss":0,"cards_obtained":["Writhe"]},{"damage_healed":0,"gold_gain":0,"player_choice":"Obtained Book","damage_taken":16,"max_hp_gain":0,"max_hp_loss":0,"event_name":"Cursed Tome","floor":20,"gold_loss":0},{"damage_healed":0,"gold_gain":0,"player_choice":"Ignored","damage_taken":0,"max_hp_gain":0,"max_hp_loss":0,"event_name":"Vampires","floor":22,"gold_loss":0}],"is_beta":false,"boss_relics":[{"not_picked":["Snecko Eye","Runic Pyramid"],"picked":"Tiny House"}],"items_purged_floors":[],"is_endless":false,"potions_floor_spawned":[3,5,13,14,16,21],"killed_by":"Book of Stabbing","ascension_level":3}}