{"host":"ji1fk25fd1ga4ji1","time":1611218599,"event":{"mods":["2.2 Compatiblity","BaseMod","Colored Map","DeckTracker","Minty Spire (QoL Compilation)","Permanent Neow","Quick Restart","StSLib","SuperFastMode"],"gold_per_floor":[110,35,48,48,60,60,88,106,156,182,196,224,224,240,240,240,240],"floor_reached":16,"language":"KOR","playtime":233,"items_purged":["Strike_R"],"score":128,"play_id":"31b383ca-aeca-4fa2-b9b8-4d048548a42c","local_time":"20210121174319","is_ascension_mode":true,"campfire_choices":[{"data":"Whirlwind","floor":6.0,"key":"SMITH"},{"data":"Heavy Blade","floor":13,"key":"SMITH"},{"data":"Disarm","floor":15,"key":"SMITH"}],"circlet_count":0,"master_deck":["Strike_R","Strike_R","Defend_R","Defend_R","Defend_R","Bash","Whirlwind+1","Clothesline","Heavy Blade+1","Brutality","Thunderclap","Shrug It Off","Disarm+1"],"relics":["Burning Blood","Eternal Feather","Toy Ornithopter","Bag of Preparation","Bottled Lightning"],"acts_visited":["Exordium"],"potions_floor_usage":[12],"damage_taken":[{"damage":6.0,"enemies":"Jaw Worm","floor":1.0,"turns":3.0},{"damage":1.0,"enemies":"Cultist","floor":3.0,"turns":3.0},{"damage":8.0,"enemies":"2 Louse","floor":5.0,"turns":3.0},{"damage":27.0,"enemies":"Gremlin Nob","floor":7.0,"turns":4.0},{"damage":0.0,"enemies":"Lots of Slimes","floor":8.0,"turns":1.0},{"damage":21.0,"enemies":"3 Sentries","floor":10.0,"turns":4.0},{"damage":13.0,"enemies":"Red Slaver","floor":11.0,"turns":5.0},{"damage":6,"enemies":"Gremlin Nob","floor":12,"turns":3},{"damage":2,"enemies":"Looter","floor":14,"turns":3},{"damage":2,"enemies":"Hexaghost","floor":16,"turns":4}],"seed_played":"1656596628494902725","potions_obtained":[{"floor":3.0,"key":"GamblersBrew"},{"floor":8.0,"key":"SkillPotion"},{"floor":10.0,"key":"Energy Potion"},{"floor":12,"key":"GamblersBrew"}],"is_trial":false,"path_per_floor":["M","$","M","?","M","R","E","M","T","E","M","E","R","M","R","B"],"character_chosen":"IRONCLAD","items_purchased":[],"campfire_rested":0,"item_purchase_floors":[],"current_hp_per_floor":[56,56,61,61,59,59,38,44,44,29,22,27,33,37,43,41,41],"gold":240,"neow_bonus":"TRANSFORM_TWO_CARDS","is_daily":false,"chose_seed":false,"campfire_upgraded":3,"win_rate":0.0,"timestamp":1611218599,"path_taken":["M","$","M","?","M","R","E","M","T","E","?","E","R","?","R","BOSS"],"items_purchased_type":[],"build_version":"2020-12-22","purchased_purges":1,"victory":false,"max_hp_per_floor":[80,80,80,80,80,80,80,80,80,80,80,80,80,80,80,80,80],"card_choices":[{"not_picked":["Headbutt","Metallicize","Twin Strike"],"picked":"SKIP","floor":1.0},{"not_picked":["Warcry","True Grit"],"picked":"Heavy Blade","floor":3.0},{"not_picked":["Armaments","Headbutt","Warcry"],"picked":"SKIP","floor":5.0},{"not_picked":["Perfected Strike","Demon Form"],"picked":"Thunderclap","floor":7.0},{"not_picked":["Sword Boomerang","Second Wind","Bloodletting"],"picked":"SKIP","floor":8.0},{"not_picked":["Reckless Charge","Havoc","Corruption"],"picked":"SKIP","floor":10.0},{"not_picked":["Havoc","Armaments"],"picked":"Shrug It Off","floor":11.0},{"not_picked":["Anger","Carnage","Hemokinesis"],"picked":"SKIP","floor":12},{"not_picked":["Perfected Strike","Flame Barrier"],"picked":"Disarm","floor":14}],"player_experience":485790,"relics_obtained":[{"floor":7.0,"key":"Eternal Feather"},{"floor":9.0,"key":"Toy Ornithopter"},{"floor":10.0,"key":"Bag of Preparation"},{"floor":12,"key":"Bottled Lightning"}],"event_choices":[{"damage_healed":0.0,"max_hp_gain":0.0,"max_hp_loss":0.0,"gold_gain":0.0,"cards_transformed":["Strike_R"],"event_name":"Transmorgrifier","player_choice":"Transformed","floor":4.0,"gold_loss":0.0,"damage_taken":0.0,"cards_obtained":["Brutality"]}],"is_beta":false,"boss_relics":[],"items_purged_floors":[2],"is_endless":false,"potions_floor_spawned":[3,8,10,12],"killed_by":"Hexaghost","ascension_level":1}}