{"host":"och2iitg9ibgz06n","time":1611267004,"event":{"mods":["Abigail Mod","AchievementEnabler","Aspiration","BaseMod","Colored Powertips","Dio Mod","Hubris","Hyrulean Relics","Infinite Spire","Minty Spire (QoL Compilation)","Replay The Spire","Small Relic Pack","StSLib","The Animator","The Bug Knight","The Hierophant","The Jungle","The Saiyan","TheHero","Wandering Minibosses","everything is the same but u backflip on backflip","slay the spire mod where everything is the same but ironclad has a cowboy hat","vexMod"],"gold_per_floor":[116,129,129,129,143,171,171,204,227,96,107,107,123,136,136,235,235,249,211,211,211,211],"floor_reached":21,"language":"ENG","playtime":810,"items_purged":[],"score":277,"play_id":"df6689ad-4687-4845-9a53-68a800b326c6","local_time":"20210121161004","is_ascension_mode":true,"campfire_choices":[{"floor":7,"key":"REST"},{"data":"Twin Strike","floor":12,"key":"SMITH"},{"floor":15,"key":"DIG"}],"circlet_count":0,"master_deck":["Strike_R","Strike_R","Strike_R","Strike_R","Strike_R","Defend_R","Defend_R","Defend_R","Defend_R","Bash","Pummel","Inflame","Twin Strike+1","Pommel Strike","Pot Of Greed+1","Pot Of Greed+1","Run Through","hubris:ReadiedAction+1","Dark Shackles+1","Cleave","Flex+1","hubris:StunningStrike","Life Link","infinitespire:OneForAll+1"],"relics":["Toxic Egg 2","Grinning Jar","Tiny Chest","hubris:Potato","hubris:RunicObelisk"],"acts_visited":["Exordium","TheCity"],"potions_floor_usage":[14,16,16,21],"damage_taken":[{"damage":14,"enemies":"2 Louse","floor":1,"turns":4},{"damage":13,"enemies":"Jaw Worm","floor":2,"turns":4},{"damage":6,"enemies":"Cultist","floor":5,"turns":3},{"damage":35,"enemies":"3 Sentries","floor":6,"turns":10},{"damage":20,"enemies":"Gremlin Nob","floor":8,"turns":4},{"damage":13,"enemies":"Exordium Thugs","floor":11,"turns":4},{"damage":0,"enemies":"Looter","floor":13,"turns":2},{"damage":4,"enemies":"Lots of Slimes","floor":14,"turns":2},{"damage":21,"enemies":"The Guardian","floor":16,"turns":10},{"damage":28,"enemies":"2 Thieves","floor":18,"turns":4},{"damage":7,"enemies":"Chosen","floor":19,"turns":7},{"damage":41,"enemies":"Masked Bandits","floor":21,"turns":4}],"seed_played":"-829975720423880783","potions_obtained":[{"floor":5,"key":"LiquidMemories"},{"floor":6,"key":"Adrenaline Potion"},{"floor":8,"key":"PowerPotion"},{"floor":14,"key":"PowerPotion"},{"floor":18,"key":"Weak Potion"}],"is_trial":false,"path_per_floor":["M","M","?","?","M","E","R","E","T","$","M","R","M","M","R","B",null,"M","M","?","?"],"character_chosen":"IRONCLAD","items_purchased":["hubris:ReadiedAction+1","Dark Shackles+1"],"campfire_rested":1,"item_purchase_floors":[10,10],"current_hp_per_floor":[72,65,65,74,74,45,71,57,57,57,50,50,56,58,58,43,77,55,48,31,0,0],"gold":211,"neow_bonus":"TEN_PERCENT_HP_BONUS","is_daily":false,"chose_seed":false,"campfire_upgraded":1,"win_rate":0.0,"timestamp":1611267004,"path_taken":["M","M","?","?","M","E","R","E","T","$","M","R","?","M","R","BOSS","M","M","?","?"],"items_purchased_type":["Card","Card"],"build_version":"2020-12-22","purchased_purges":0,"victory":false,"max_hp_per_floor":[88,88,88,88,88,88,88,88,88,88,88,88,88,88,88,88,88,88,88,93,93,93],"card_choices":[{"not_picked":["Feel No Pain","Life Link"],"picked":"Pummel","floor":1},{"not_picked":["Replay:Undeath\u0027s Touch","Run Through"],"picked":"Inflame","floor":2},{"not_picked":["Armaments","Iron Wave"],"picked":"Twin Strike","floor":5},{"not_picked":["Headbutt","Combust"],"picked":"Pommel Strike","floor":6},{"not_picked":["ReplayTheSpireMod:Strike From Hell","Corruption"],"picked":"Run Through","floor":8},{"not_picked":["hubris:ReadiedAction+1","Sever Soul"],"picked":"Cleave","floor":11},{"not_picked":["Body Slam","True Grit+1","Brutality"],"picked":"SKIP","floor":13},{"not_picked":["Havoc+1","Second Wind+1"],"picked":"Flex+1","floor":14},{"not_picked":["Corruption","Impervious+1"],"picked":"hubris:StunningStrike","floor":16},{"not_picked":["Battle Trance+1","Cleave+1"],"picked":"Life Link","floor":18},{"not_picked":["Sever Soul","ReplayTheSpireMod:Corrosion Curse+1"],"picked":"infinitespire:OneForAll+1","floor":19}],"player_experience":442555,"relics_obtained":[{"floor":6,"key":"Toxic Egg 2"},{"floor":8,"key":"Grinning Jar"},{"floor":9,"key":"Tiny Chest"},{"floor":15,"key":"hubris:Potato"}],"event_choices":[{"damage_healed":0,"gold_gain":0,"player_choice":"Shed Blood","damage_taken":22,"max_hp_gain":5,"max_hp_loss":0,"event_name":"Forgotten Altar","floor":20,"gold_loss":0},{"damage_healed":0,"gold_gain":0,"player_choice":"Fought Bandits","damage_taken":0,"max_hp_gain":0,"max_hp_loss":0,"event_name":"Masked Bandits","floor":21,"gold_loss":0}],"is_beta":false,"boss_relics":[{"not_picked":["Velvet Choker","vexMod:MegatonBomb"],"picked":"hubris:RunicObelisk"}],"items_purged_floors":[],"is_endless":false,"potions_floor_spawned":[5,6,8,14,18],"killed_by":"Masked Bandits","ascension_level":9}}