{"host":"3h5qf14xt40jhha0","time":1611210940,"event":{"mods":["AlwaysNeverKeys","BaseMod","Colored Powertips","Minty Spire (QoL Compilation)","Permanent Neow","Relic Stats","StSLib"],"gold_per_floor":[369,87,102,116,127,158,158,158,182,196,196,221,237,271,271,345,395,412,430,112,127,127,127,144,179,203,303,228,228,258,273,273,345,345,365,379,461,11,21,21,51,67,116,149,149,177,187,200,200,200,200,200,200,7,40,40,40],"floor_reached":56,"language":"ENG","playtime":4229,"items_purged":["Strike_G","Strike_G+1"],"score":2373,"play_id":"0ecbf71d-256d-4c48-b005-594f7dec8ef8","local_time":"20210121013540","is_ascension_mode":true,"campfire_choices":[{"data":"Dash","floor":7.0,"key":"SMITH"},{"floor":11.0,"key":"REST"},{"floor":15.0,"key":"REST"},{"data":"Backstab","floor":23.0,"key":"SMITH"},{"floor":29.0,"key":"REST"},{"floor":32.0,"key":"REST"},{"floor":40.0,"key":"RECALL"},{"data":"Night Terror","floor":45.0,"key":"SMITH"},{"data":"Wraith Form v2","floor":49.0,"key":"SMITH"},{"data":"Catalyst","floor":53.0,"key":"SMITH"}],"circlet_count":0,"master_deck":["AscendersBane","Strike_G+1","Defend_G","Defend_G","Defend_G","Defend_G","Defend_G","Survivor","Neutralize","Dash+1","Crippling Poison","Crippling Poison","Catalyst+1","Dash+1","Leg Sweep","Adrenaline","Noxious Fumes","Backstab+1","Footwork","Blade Dance","Outmaneuver","Terror","Venomology+1","Venomology+1","Backflip","Night Terror+1","Prepared+1","Deflect","Backflip+1","Wraith Form v2+1","Footwork+1","Acrobatics","Well Laid Plans","Deadly Poison"],"relics":["Ring of the Snake","Oddly Smooth Stone","Whetstone","Pen Nib","Tiny Chest","Dead Branch","Tiny House","Mercury Hourglass","Happy Flower","Peace Pipe","Question Card","Centennial Puzzle","Coffee Dripper","Sundial","Ninja Scroll","Nunchaku","War Paint","Boot","MealTicket","Bronze Scales","Pantograph"],"acts_visited":["Exordium","TheCity","TheBeyond","TheEnding"],"potions_floor_usage":[55,55,56,56,56,56,56,56],"damage_taken":[{"damage":1.0,"enemies":"Cultist","floor":1.0,"turns":4.0},{"damage":0.0,"enemies":"2 Louse","floor":3.0,"turns":3.0},{"damage":1.0,"enemies":"Jaw Worm","floor":4.0,"turns":6.0},{"damage":7.0,"enemies":"Large Slime","floor":5.0,"turns":8.0},{"damage":39.0,"enemies":"Gremlin Nob","floor":6.0,"turns":5.0},{"damage":0.0,"enemies":"3 Louse","floor":10.0,"turns":4.0},{"damage":13.0,"enemies":"Lagavulin","floor":12.0,"turns":11.0},{"damage":0.0,"enemies":"2 Fungi Beasts","floor":13.0,"turns":2.0},{"damage":10.0,"enemies":"3 Sentries","floor":14.0,"turns":8.0},{"damage":0.0,"enemies":"The Guardian","floor":16.0,"turns":9.0},{"damage":1.0,"enemies":"Shell Parasite","floor":18.0,"turns":7.0},{"damage":0.0,"enemies":"Chosen","floor":19.0,"turns":4.0},{"damage":9.0,"enemies":"Snake Plant","floor":21.0,"turns":6.0},{"damage":0.0,"enemies":"Chosen and Byrds","floor":24.0,"turns":3.0},{"damage":43.0,"enemies":"Gremlin Leader","floor":25.0,"turns":8.0},{"damage":0.0,"enemies":"Colosseum Slavers","floor":27.0,"turns":1.0},{"damage":1.0,"enemies":"Colosseum Nobs","floor":27.0,"turns":5.0},{"damage":7.0,"enemies":"Book of Stabbing","floor":30.0,"turns":4.0},{"damage":0.0,"enemies":"Cultist and Chosen","floor":31.0,"turns":3.0},{"damage":24.0,"enemies":"Collector","floor":33.0,"turns":6.0},{"damage":1.0,"enemies":"3 Darklings","floor":35.0,"turns":4.0},{"damage":0.0,"enemies":"3 Shapes","floor":36.0,"turns":5.0},{"damage":0.0,"enemies":"Sphere and 2 Shapes","floor":39.0,"turns":5.0},{"damage":0.0,"enemies":"Giant Head","floor":41.0,"turns":4.0},{"damage":0.0,"enemies":"3 Darklings","floor":42.0,"turns":2.0},{"damage":0.0,"enemies":"Reptomancer","floor":44.0,"turns":2.0},{"damage":2.0,"enemies":"Nemesis","floor":46.0,"turns":3.0},{"damage":0.0,"enemies":"Transient","floor":47.0,"turns":6.0},{"damage":5.0,"enemies":"Jaw Worm Horde","floor":48.0,"turns":3.0},{"damage":0.0,"enemies":"Donu and Deca","floor":50.0,"turns":9.0},{"damage":21.0,"enemies":"Awakened One","floor":51.0,"turns":16.0},{"damage":34,"enemies":"Shield and Spear","floor":55,"turns":9},{"damage":89,"enemies":"The Heart","floor":56,"turns":5}],"seed_played":"-4031561520827747364","potions_obtained":[{"floor":3.0,"key":"Weak Potion"},{"floor":4.0,"key":"Fire Potion"},{"floor":6.0,"key":"ColorlessPotion"},{"floor":13.0,"key":"CunningPotion"},{"floor":14.0,"key":"Poison Potion"},{"floor":17.0,"key":"Explosive Potion"},{"floor":19.0,"key":"BlessingOfTheForge"},{"floor":25.0,"key":"EssenceOfSteel"},{"floor":27.0,"key":"Explosive Potion"},{"floor":30.0,"key":"PowerPotion"},{"floor":42.0,"key":"Fire Potion"},{"floor":44.0,"key":"Swift Potion"}],"is_trial":false,"path_per_floor":["M","$","M","M","M","E","R","$","T","M","R","E","M","E","R","B",null,"M","M","$","M","?","R","M","E","T","?","?","R","E","M","R","B",null,"M","M","T","$","M","R","E","M","T","E","R","E","M","M","R","B","B",null,"R","$","E","B"],"character_chosen":"THE_SILENT","items_purchased":["Dash","Oddly Smooth Stone","Footwork","Mercury Hourglass","Ninja Scroll","Nunchaku","Well Laid Plans","BlessingOfTheForge"],"campfire_rested":4,"item_purchase_floors":[2,2,20,20,38,38,54,54],"current_hp_per_floor":[58,58,58,57,50,11,11,11,11,11,29,16,16,6,24,24,56,55,55,55,46,46,46,46,3,3,2,2,21,14,14,33,9,51,50,50,50,50,50,50,50,50,50,50,50,48,48,43,43,43,22,54,54,65,31,0,0],"gold":40,"neow_bonus":"TWO_FIFTY_GOLD","is_daily":false,"chose_seed":false,"campfire_upgraded":5,"win_rate":0.0,"timestamp":1611210940,"path_taken":["M","$","M","M","M","E","R","?","T","M","R","E","M","E","R","BOSS","M","M","$","M","?","R","M","E","T","?","?","R","E","M","R","BOSS","M","M","?","$","M","R","E","M","T","E","R","E","M","M","R","BOSS","BOSS","R","$","E","BOSS"],"items_purchased_type":["Card","Relic","Card","Relic","Relic","Relic","Card","Potion"],"build_version":"2020-12-22","purchased_purges":2,"victory":false,"max_hp_per_floor":[60,60,60,60,60,60,60,60,60,60,60,60,60,60,60,60,65,65,65,65,65,65,65,65,65,65,65,65,65,65,65,65,65,65,65,65,65,65,65,65,65,65,65,65,65,65,65,65,65,65,65,65,65,65,65,65,65],"relic_stats":{"Happy Flower":[30],"counters":[33,179],"Dead Branch":[336],"Pen Nib":[36],"Whetstone":["Dash","Strike_G"],"War Paint":["Venomology","Venomology"],"Question Card":13,"Boot":[73],"Mercury Hourglass":[397],"Peace Pipe":0,"Centennial Puzzle":[21],"Nunchaku":[20],"Sundial":[8],"Bronze Scales":[216],"Pantograph":25,"Tiny Chest":1,"MealTicket":11,"obtain_stats":[{"Tiny House":17,"Happy Flower":25,"Dead Branch":14,"Oddly Smooth Stone":2,"Pen Nib":9,"Whetstone":6,"War Paint":41,"Question Card":27,"Boot":43,"Mercury Hourglass":20,"Peace Pipe":27,"Centennial Puzzle":30,"Nunchaku":38,"Sundial":37,"Ninja Scroll":38,"Bronze Scales":46,"Pantograph":55,"Tiny Chest":12,"MealTicket":44,"Coffee Dripper":34,"Ring of the Snake":0},{"Tiny House":10,"Happy Flower":15,"Dead Branch":9,"Oddly Smooth Stone":1,"Pen Nib":5,"Whetstone":5,"War Paint":24,"Question Card":17,"Boot":25,"Mercury Hourglass":12,"Peace Pipe":17,"Centennial Puzzle":18,"Nunchaku":22,"Sundial":22,"Ninja Scroll":22,"Bronze Scales":27,"Pantograph":32,"Tiny Chest":7,"MealTicket":26,"Coffee Dripper":20,"Ring of the Snake":0},{"Tiny House":60,"Happy Flower":87,"Dead Branch":51,"Oddly Smooth Stone":4,"Pen Nib":26,"Whetstone":26,"War Paint":124,"Question Card":93,"Boot":126,"Mercury Hourglass":71,"Peace Pipe":93,"Centennial Puzzle":97,"Nunchaku":115,"Sundial":115,"Ninja Scroll":115,"Bronze Scales":131,"Pantograph":174,"Tiny Chest":41,"MealTicket":128,"Coffee Dripper":106,"Ring of the Snake":0}],"Ring of the Snake":[66]},"card_choices":[{"not_picked":["Dodge and Roll","Cloak And Dagger"],"picked":"Underhanded Strike","floor":1.0},{"not_picked":["Riddle With Holes","Acrobatics"],"picked":"Crippling Poison","floor":3.0},{"not_picked":["Deflect","Sucker Punch"],"picked":"Crippling Poison","floor":4.0},{"not_picked":["Acrobatics","Backflip"],"picked":"Catalyst","floor":5.0},{"not_picked":["Bane","All Out Attack"],"picked":"Dash","floor":6.0},{"not_picked":["Unload","Underhanded Strike","Prepared"],"picked":"SKIP","floor":10.0},{"not_picked":["Dagger Spray","Catalyst","Heel Hook"],"picked":"SKIP","floor":12.0},{"not_picked":["Dagger Throw","Infinite Blades","Terror"],"picked":"SKIP","floor":13.0},{"not_picked":["Caltrops","Catalyst"],"picked":"Leg Sweep","floor":14.0},{"not_picked":["Unload","Die Die Die"],"picked":"Adrenaline","floor":16.0},{"not_picked":["Acrobatics","Dagger Spray"],"picked":"Noxious Fumes","floor":17.0},{"not_picked":["Accuracy","Infinite Blades"],"picked":"Backstab","floor":18.0},{"not_picked":["Crippling Poison","Sucker Punch","Bane"],"picked":"SKIP","floor":19.0},{"not_picked":["Deadly Poison","Heel Hook"],"picked":"Blade Dance","floor":21.0},{"not_picked":["Deadly Poison","Escape Plan"],"picked":"Venomology","floor":24.0},{"not_picked":["Deadly Poison","Deflect"],"picked":"Venomology","floor":25.0},{"not_picked":["Deflect","Deadly Poison","Caltrops"],"picked":"Backflip","floor":30.0},{"not_picked":["Flechettes","Unload","Caltrops","Dodge and Roll"],"picked":"SKIP","floor":31.0},{"not_picked":["Unload","Burst","After Image"],"picked":"Night Terror","floor":33.0},{"not_picked":["Heel Hook","Dodge and Roll","Dagger Throw","Bouncing Flask"],"picked":"SKIP","floor":35.0},{"not_picked":["Accuracy+1","Underhanded Strike","Crippling Poison+1"],"picked":"Prepared+1","floor":36.0},{"not_picked":["Underhanded Strike","Eviscerate","Masterful Stab+1","Choke"],"picked":"SKIP","floor":39.0},{"not_picked":["Sucker Punch+1","Choke","Setup"],"picked":"Deflect","floor":41.0},{"not_picked":["Dodge and Roll","Underhanded Strike","Poisoned Stab+1","Outmaneuver"],"picked":"SKIP","floor":42.0},{"not_picked":["Outmaneuver","Caltrops","Grand Finale"],"picked":"Backflip+1","floor":44.0},{"not_picked":["Slice+1","Prepared","Deadly Poison+1"],"picked":"Wraith Form v2","floor":46.0},{"not_picked":["Slice","Bane+1","Setup"],"picked":"Footwork+1","floor":47.0},{"not_picked":["Bane","Slice","PiercingWail"],"picked":"Acrobatics","floor":48.0},{"not_picked":["Infinite Blades","Backstab","Die Die Die"],"picked":"Deadly Poison","floor":55}],"player_experience":1365955,"relics_obtained":[{"floor":6.0,"key":"Whetstone"},{"floor":9.0,"key":"Pen Nib"},{"floor":12.0,"key":"Tiny Chest"},{"floor":14.0,"key":"Dead Branch"},{"floor":25.0,"key":"Happy Flower"},{"floor":27.0,"key":"Peace Pipe"},{"floor":27.0,"key":"Question Card"},{"floor":30.0,"key":"Centennial Puzzle"},{"floor":37.0,"key":"Sundial"},{"floor":41.0,"key":"War Paint"},{"floor":43.0,"key":"Boot"},{"floor":44.0,"key":"MealTicket"},{"floor":46.0,"key":"Bronze Scales"},{"floor":55,"key":"Pantograph"}],"event_choices":[{"damage_healed":0.0,"max_hp_gain":0.0,"max_hp_loss":0.0,"gold_gain":0.0,"cards_transformed":["Strike_G","Strike_G"],"event_name":"Drug Dealer","player_choice":"Became Test Subject","floor":22.0,"gold_loss":0.0,"damage_taken":0.0,"cards_obtained":["Outmaneuver","Terror"]},{"damage_healed":0.0,"max_hp_gain":0.0,"max_hp_loss":0.0,"gold_gain":0.0,"event_name":"Colosseum","player_choice":"Fight","floor":27.0,"gold_loss":0.0,"damage_taken":0.0},{"damage_healed":0.0,"max_hp_gain":0.0,"max_hp_loss":0.0,"gold_gain":0.0,"event_name":"Colosseum","player_choice":"Fought Nobs","floor":27.0,"gold_loss":0.0,"damage_taken":0.0},{"cards_removed":["Underhanded Strike"],"damage_healed":0.0,"max_hp_gain":0.0,"max_hp_loss":0.0,"gold_gain":0.0,"event_name":"Beggar","player_choice":"Gave Gold","floor":28.0,"gold_loss":75.0,"damage_taken":0.0}],"is_beta":false,"boss_relics":[{"not_picked":["WristBlade","SacredBark"],"picked":"Tiny House"},{"not_picked":["SlaversCollar","Ring of the Serpent"],"picked":"Coffee Dripper"}],"items_purged_floors":[2,54],"is_endless":false,"potions_floor_spawned":[3,4,6,13,14,19,25,27,30,33,36,42,44,46],"killed_by":"The Heart","ascension_level":20}}