{"host":"ipnf7ktf1pyxq9u3","time":1611222013,"event":{"mods":["Act Like it!","Aspiration","BaseMod","BetterRewards","Conspire","Downfall","Gremlin Mod","Hallownest","Hermit","Hubris","Infinite Spire","Lobotomy","Minty Spire (QoL Compilation)","Reworked Bosses","Shade Mod","Shop Mod","StSLib","The Bug Knight","The Construct","The Cursed","The Factory","The Forsaken","The Hierophant","The Jungle","The Necromancer"],"gold_per_floor":[99,115,132,148,148,83,110,150,150,94,94,110,10,39,60,60,60,60],"floor_reached":16,"language":"ENG","playtime":1053,"items_purged":["Regret","theForsaken:PlagueCurse"],"score":116,"play_id":"8a3d1881-71c3-42e8-952b-9a657da08f01","local_time":"20210121204013","is_ascension_mode":true,"campfire_choices":[{"floor":1,"key":"RECALL"},{"data":"Guardian:FierceBash","floor":13,"key":"SMITH"}],"circlet_count":0,"master_deck":["Guardian:Strike_Guardian","Guardian:Strike_Guardian","Guardian:Strike_Guardian","Guardian:Strike_Guardian","Guardian:Defend_Guardian","Guardian:Defend_Guardian","Guardian:Defend_Guardian","Guardian:Defend_Guardian","Guardian:CurlUp","Guardian:TwinSlam","Writhe","Injury","Guardian:FierceBash+1","Guardian:Emergency","hubris:DuctTapeCard","Guardian:TemporalStrike","Guardian:SentryBeam"],"relics":["Guardian:ModeShifter","Smiling Mask","Cursed Key","CeramicFish","hubris:DuctTape","downfall:HeartBlessingRed","Omamori"],"acts_visited":["Exordium"],"potions_floor_usage":[16,16],"damage_taken":[{"damage":2,"enemies":"2 Louse","floor":2,"turns":4},{"damage":3,"enemies":"Jaw Worm","floor":3,"turns":5},{"damage":10,"enemies":"Small Slimes","floor":4,"turns":4},{"damage":2,"enemies":"downfall:FleeingMerchant","floor":6,"turns":4},{"damage":21,"enemies":"Gremlin Nob","floor":8,"turns":5},{"damage":2,"enemies":"downfall:FleeingMerchant","floor":10,"turns":4},{"damage":3,"enemies":"2 Fungi Beasts","floor":12,"turns":4},{"damage":8,"enemies":"Lagavulin","floor":14,"turns":7},{"damage":3,"enemies":"Exordium Wildlife","floor":15,"turns":3},{"damage":28,"enemies":"SI_SHIV_ARCHETYPE","floor":16,"turns":8}],"seed_played":"-2018263559158243570","potions_obtained":[{"floor":2,"key":"SpeedPotion"},{"floor":3,"key":"CultistPotion"},{"floor":14,"key":"Strength Potion"}],"is_trial":false,"path_per_floor":["R","M","M","M","?","$","T","E","?","$","?","M","R","E","M","B"],"character_chosen":"GUARDIAN","items_purchased":[],"campfire_rested":0,"item_purchase_floors":[],"current_hp_per_floor":[80,78,75,65,65,63,63,42,42,40,40,37,37,29,26,0,0,0],"gold":60,"neow_bonus":"RANDOM_COMMON_RELIC","is_daily":false,"chose_seed":false,"campfire_upgraded":1,"win_rate":0.0,"timestamp":1611222013,"path_taken":["R","M","M","M","?","$","T","E","?","$","?","M","R","E","M","BOSS"],"items_purchased_type":[],"build_version":"2020-12-22","purchased_purges":2,"victory":false,"max_hp_per_floor":[80,80,80,80,80,80,80,80,80,80,80,80,80,80,80,80,80,80],"card_choices":[{"not_picked":["Guardian:FuturePlans","Guardian:TimeBomb"],"picked":"Guardian:Gem_Cyan","floor":2},{"not_picked":["Guardian:Incinerate","Guardian:RollAttack","Guardian:Gem_Crimson"],"picked":"SKIP","floor":3},{"not_picked":["Guardian:ChargeCore","Guardian:CrystalBeam"],"picked":"Guardian:Gem_Cyan","floor":4},{"not_picked":["Guardian:BronzeOrb","Guardian:GuardianWhirl"],"picked":"Guardian:Emergency","floor":6},{"not_picked":["Guardian:Recover","Guardian:FuturePlans","Guardian:ChargeCore"],"picked":"SKIP","floor":8},{"not_picked":["Guardian:BodySlam","Guardian:Gem_Red"],"picked":"Guardian:TemporalStrike","floor":10},{"not_picked":["Guardian:GuardianWhirl","Guardian:TemporalStrike","Guardian:Gem_Red"],"picked":"SKIP","floor":12},{"not_picked":["Guardian:Gem_Crimson","Guardian:RollAttack","Guardian:ShieldCharger"],"picked":"SKIP","floor":14},{"not_picked":["Guardian:Suspension","Guardian:StasisField"],"picked":"Guardian:SentryBeam","floor":15}],"player_experience":606863,"relics_obtained":[{"floor":7,"key":"CeramicFish"},{"floor":8,"key":"hubris:DuctTape"},{"floor":14,"key":"Omamori"}],"event_choices":[{"damage_healed":0,"gold_gain":0,"player_choice":"Disagree","damage_taken":0,"max_hp_gain":0,"max_hp_loss":0,"event_name":"conspire:LoneGhost","floor":9,"gold_loss":0}],"is_beta":false,"boss_relics":[],"items_purged_floors":[6,10],"is_endless":false,"potions_floor_spawned":[2,3,14,15],"killed_by":"SI_SHIV_ARCHETYPE","ascension_level":1}}