{"host":"t2jxv9tm8kj57cky","time":1611205819,"event":{"mods":["BaseMod","Minty Spire (QoL Compilation)","StSLib","The Poker Player"],"gold_per_floor":[111,127,127,302,320,320,320,335,359,371,397,471,77,152,152,152,152],"floor_reached":16,"language":"ENG","playtime":496,"items_purged":["Strike_G"],"score":92,"play_id":"b1217278-2183-41f3-af3f-8b6c1eff8935","local_time":"20210120231019","is_ascension_mode":false,"campfire_choices":[{"data":"Quick Slash","floor":6,"key":"SMITH"},{"data":"Slice","floor":10,"key":"SMITH"},{"floor":15,"key":"REST"}],"circlet_count":0,"master_deck":["Strike_G","Strike_G","Strike_G","Strike_G","Defend_G","Defend_G","Defend_G","Defend_G","Defend_G","Survivor","Neutralize+1","Predator+1","Quick Slash+1","Doubt","Slice+1","Acrobatics","All Out Attack","Acrobatics","Riddle With Holes"],"relics":["Ring of the Snake","Anchor","SsserpentHead","MawBank","Ancient Tea Set","Dream Catcher","Blood Vial"],"acts_visited":["Exordium"],"potions_floor_usage":[8,16,16],"damage_taken":[{"damage":0,"enemies":"Small Slimes","floor":1,"turns":4},{"damage":0,"enemies":"2 Louse","floor":2,"turns":2},{"damage":0,"enemies":"Cultist","floor":5,"turns":3},{"damage":4,"enemies":"Red Slaver","floor":8,"turns":5},{"damage":0,"enemies":"Exordium Wildlife","floor":11,"turns":2},{"damage":4,"enemies":"Blue Slaver","floor":12,"turns":3},{"damage":70,"enemies":"The Guardian","floor":16,"turns":11}],"seed_played":"4616609950816606590","potions_obtained":[{"floor":1,"key":"Strength Potion"},{"floor":2,"key":"ColorlessPotion"},{"floor":5,"key":"PowerPotion"}],"is_trial":false,"path_per_floor":["M","M","?","?","M","R","?","M","T","R","M","M","$","T","R","B"],"character_chosen":"THE_SILENT","items_purchased":["Ancient Tea Set","Dream Catcher","Riddle With Holes"],"campfire_rested":1,"item_purchase_floors":[13,13,13],"current_hp_per_floor":[70,70,56,56,56,56,56,52,52,52,52,48,48,48,69,0,0],"gold":152,"neow_bonus":"RANDOM_COMMON_RELIC","is_daily":false,"chose_seed":false,"campfire_upgraded":2,"win_rate":0.0,"timestamp":1611205819,"path_taken":["M","M","?","?","M","R","?","M","T","R","M","?","?","?","R","BOSS"],"items_purchased_type":["Relic","Relic","Card"],"build_version":"2020-12-22","purchased_purges":1,"victory":false,"max_hp_per_floor":[70,70,70,70,70,70,70,70,70,70,70,70,70,70,70,70,70],"card_choices":[{"not_picked":["Expertise","Underhanded Strike"],"picked":"Predator","floor":1},{"not_picked":["Well Laid Plans","Prepared"],"picked":"Quick Slash","floor":2},{"not_picked":["Sucker Punch","Flying Knee"],"picked":"Slice","floor":5},{"not_picked":["Backflip","Deflect"],"picked":"Acrobatics","floor":8},{"not_picked":["Wraith Form v2","Cloak And Dagger"],"picked":"All Out Attack","floor":11},{"not_picked":["Deadly Poison","Bane"],"picked":"Acrobatics","floor":12}],"player_experience":85338,"relics_obtained":[{"floor":9,"key":"MawBank"},{"floor":14,"key":"Blood Vial"}],"event_choices":[{"damage_healed":0,"gold_gain":0,"player_choice":"Entered Light","damage_taken":14,"max_hp_gain":0,"max_hp_loss":0,"event_name":"Shining Light","floor":3,"gold_loss":0,"cards_upgraded":["Predator","Neutralize"]},{"damage_healed":0,"gold_gain":175,"player_choice":"AGREE","damage_taken":0,"max_hp_gain":0,"max_hp_loss":0,"event_name":"Liars Game","floor":4,"gold_loss":0,"cards_obtained":["Doubt"]},{"damage_healed":0,"gold_gain":0,"player_choice":"Trade","damage_taken":0,"relics_obtained":["SsserpentHead"],"max_hp_gain":0,"max_hp_loss":0,"event_name":"FaceTrader","floor":7,"gold_loss":0}],"is_beta":false,"boss_relics":[],"items_purged_floors":[13],"is_endless":false,"potions_floor_spawned":[1,2,5],"killed_by":"The Guardian","ascension_level":0}}