{"host":"crmowuwgj9wiiaqp","time":1611270107,"event":{"mods":["BaseMod","Colored Map","Minty Spire (QoL Compilation)","Relic Stats","StSLib"],"gold_per_floor":[211,211,4,4,4,30,30,105,105,137,156,186,201,201,201,305,305,323,342,361,286,300,300,300,300,300,300,335,351,167,180,180,277,277,295,305,132,151,151,151,151,151,227,207,207,0,13,27,27,27,27],"floor_reached":50,"language":"ENG","playtime":4459,"items_purged":["Regret","Eruption","Doubt"],"score":598,"play_id":"1a0e894a-1a86-4093-ac83-6952810a4d4c","local_time":"20210121160147","is_ascension_mode":true,"campfire_choices":[{"data":"PathToVictory","floor":7.0,"key":"SMITH"},{"floor":15.0,"key":"REST"},{"floor":23.0,"key":"REST"},{"data":"Scrawl","floor":24.0,"key":"SMITH"},{"data":"Meditate","floor":25.0,"key":"SMITH"},{"data":"TalkToTheHand","floor":27.0,"key":"SMITH"},{"floor":32.0,"key":"REST"},{"data":"LikeWater","floor":40.0,"key":"SMITH"},{"data":"Devotion","floor":42.0,"key":"SMITH"},{"floor":45.0,"key":"REST"},{"floor":49.0,"key":"REST"}],"circlet_count":0,"master_deck":["Strike_P+1","Strike_P+1","Defend_P","Defend_P","Vigilance+1","PathToVictory+1","Meditate+1","Vault+1","SpiritShield","TalkToTheHand+1","EmptyBody","Wireheading","Scrawl+1","Wallop+1","Perseverance+1","ThirdEye","InnerPeace","Sanctity+1","Devotion+1","Swivel+1","Scrawl+1","Halt+1","LikeWater+1","SashWhip","SandsOfTime+1","TalkToTheHand"],"relics":["PureWater","Membership Card","Bronze Scales","Sundial","War Paint","Ancient Tea Set","Dream Catcher","WingedGreaves","Cursed Key","Ginger","Boot","Turnip","Astrolabe","Bottled Lightning","Question Card","Calipers"],"acts_visited":["Exordium","TheCity","TheBeyond"],"potions_floor_usage":[50,50],"damage_taken":[{"damage":7.0,"enemies":"Small Slimes","floor":1.0,"turns":4.0},{"damage":20.0,"enemies":"Gremlin Nob","floor":6.0,"turns":3.0},{"damage":11.0,"enemies":"Lagavulin","floor":10.0,"turns":6.0},{"damage":0.0,"enemies":"Cultist","floor":11.0,"turns":2.0},{"damage":5.0,"enemies":"3 Sentries","floor":12.0,"turns":9.0},{"damage":1.0,"enemies":"2 Louse","floor":13.0,"turns":2.0},{"damage":15.0,"enemies":"The Guardian","floor":16.0,"turns":10.0},{"damage":12.0,"enemies":"Shell Parasite","floor":18.0,"turns":6.0},{"damage":9.0,"enemies":"Spheric Guardian","floor":19.0,"turns":6.0},{"damage":4.0,"enemies":"Centurion and Healer","floor":20.0,"turns":4.0},{"damage":0.0,"enemies":"Cultist and Chosen","floor":22.0,"turns":5.0},{"damage":7.0,"enemies":"Slavers","floor":28.0,"turns":7.0},{"damage":23.0,"enemies":"Sentry and Sphere","floor":29.0,"turns":9.0},{"damage":11.0,"enemies":"3 Cultists","floor":31.0,"turns":6.0},{"damage":15.0,"enemies":"Collector","floor":33.0,"turns":11.0},{"damage":11.0,"enemies":"3 Darklings","floor":35.0,"turns":6.0},{"damage":17.0,"enemies":"3 Shapes","floor":36.0,"turns":4.0},{"damage":9.0,"enemies":"3 Darklings","floor":38.0,"turns":6.0},{"damage":14.0,"enemies":"Spire Growth","floor":47.0,"turns":6.0},{"damage":21.0,"enemies":"Transient","floor":48.0,"turns":6.0},{"damage":85,"enemies":"Donu and Deca","floor":50,"turns":12}],"seed_played":"-5666083880328991129","potions_obtained":[{"floor":2.0,"key":"EssenceOfSteel"},{"floor":2.0,"key":"BottledMiracle"},{"floor":2.0,"key":"AttackPotion"},{"floor":11.0,"key":"FairyPotion"},{"floor":12.0,"key":"SpeedPotion"},{"floor":13.0,"key":"SmokeBomb"},{"floor":20.0,"key":"PowerPotion"},{"floor":22.0,"key":"LiquidMemories"},{"floor":36.0,"key":"Regen Potion"},{"floor":44.0,"key":"SpeedPotion"},{"floor":47.0,"key":"Explosive Potion"}],"is_trial":false,"path_per_floor":["M","?","$","T","?","E","R","?","T","E","M","E","M","T","R","B",null,"M","M","M","?","M","R","R","R","T","R","E","M","$","M","R","B",null,"M","M","$","M","?","R","?","R","T","?","R","$","M","M","R","B"],"character_chosen":"WATCHER","items_purchased":["Membership Card","PathToVictory","Meditate","Turnip","Bottled Lightning","Calipers"],"campfire_rested":5,"item_purchase_floors":[3,3,3,30,37,46],"current_hp_per_floor":[65,65,65,65,51,31,31,20,20,9,9,4,3,3,24,9,56,44,35,31,31,31,52,52,52,52,52,45,22,22,11,32,17,58,47,30,30,21,21,21,21,21,21,21,41,41,27,6,26,0,0],"gold":27,"neow_bonus":"HUNDRED_GOLD","is_daily":false,"chose_seed":false,"campfire_upgraded":6,"win_rate":0.0,"timestamp":1611270107,"path_taken":["M","?","$","?","?","E","R","?","T","E","?","E","M","?","R","BOSS","M","M","M","?","M","R","R","R","T","R","E","M","$","M","R","BOSS","M","M","$","M","?","R","?","R","T","?","R","$","?","M","R","BOSS"],"items_purchased_type":["Relic","Card","Card","Relic","Relic","Relic"],"build_version":"2020-12-22","purchased_purges":3,"victory":false,"max_hp_per_floor":[72,72,72,72,72,72,72,72,72,72,72,72,72,72,72,72,72,72,72,72,72,72,72,72,72,72,72,72,72,72,72,72,72,72,72,72,72,72,72,72,68,68,68,68,68,68,68,68,68,68,68],"relic_stats":{"Dream Catcher":5,"counters":[21,130],"Sundial":[30],"Bronze Scales":[302],"Astrolabe":["Swivel","Scrawl","Halt"],"Turnip":[3],"Ginger":[5],"War Paint":["Vault","Vigilance"],"Cursed Key":2,"Boot":[0],"Question Card":4,"obtain_stats":[{"Calipers":46,"Astrolabe":34,"Ginger":26,"War Paint":9,"Ancient Tea Set":10,"Cursed Key":17,"Boot":28,"Question Card":43,"Dream Catcher":12,"Sundial":6,"Bronze Scales":4,"WingedGreaves":14,"Turnip":30,"Membership Card":3,"Bottled Lightning":37,"PureWater":0},{"Calipers":18,"Astrolabe":15,"Ginger":11,"War Paint":2,"Ancient Tea Set":3,"Cursed Key":7,"Boot":12,"Question Card":18,"Dream Catcher":5,"Sundial":2,"Bronze Scales":1,"WingedGreaves":6,"Turnip":13,"Membership Card":1,"Bottled Lightning":17,"PureWater":0},{"Calipers":106,"Astrolabe":90,"Ginger":57,"War Paint":7,"Ancient Tea Set":13,"Cursed Key":36,"Boot":64,"Question Card":106,"Dream Catcher":24,"Sundial":7,"Bronze Scales":4,"WingedGreaves":26,"Turnip":73,"Membership Card":4,"Bottled Lightning":100,"PureWater":0}]},"card_choices":[{"not_picked":["FlurryOfBlows","DeceiveReality"],"picked":"CutThroughFate","floor":1.0},{"not_picked":["ThirdEye","FollowUp"],"picked":"Vault","floor":6.0},{"not_picked":["Crescendo","ClearTheMind"],"picked":"SpiritShield","floor":10.0},{"not_picked":["Evaluate","FlurryOfBlows","Weave"],"picked":"SKIP","floor":11.0},{"not_picked":["Scrawl","Collect"],"picked":"TalkToTheHand","floor":12.0},{"not_picked":["BowlingBash","CrushJoints"],"picked":"EmptyBody","floor":13.0},{"not_picked":["Adaptation","ReachHeaven"],"picked":"Wireheading","floor":15.0},{"not_picked":["DevaForm","Devotion"],"picked":"Scrawl","floor":16.0},{"not_picked":["JustLucky","Consecrate+1","BowlingBash"],"picked":"SKIP","floor":18.0},{"not_picked":["Pray","ReachHeaven+1","EmptyFist"],"picked":"SKIP","floor":19.0},{"not_picked":["Perseverance","Halt"],"picked":"Wallop+1","floor":20.0},{"not_picked":["JustLucky","BowlingBash"],"picked":"Perseverance+1","floor":22.0},{"not_picked":["EmptyBody","FearNoEvil+1"],"picked":"ThirdEye","floor":23.0},{"not_picked":["BowlingBash","Halt"],"picked":"InnerPeace","floor":28.0},{"not_picked":["EmptyBody","Swivel"],"picked":"Sanctity+1","floor":29.0},{"not_picked":["FollowUp","FlyingSleeves","BowlingBash"],"picked":"SKIP","floor":31.0},{"not_picked":["ConjureBlade","Brilliance"],"picked":"Devotion","floor":33.0},{"not_picked":["BowlingBash+1","Vengeance+1"],"picked":"LikeWater","floor":35.0},{"not_picked":["EmptyFist","Crescendo","Halt+1"],"picked":"SKIP","floor":36.0},{"not_picked":["ThirdEye","JustLucky+1"],"picked":"SashWhip","floor":38.0},{"not_picked":["Pray","Prostrate","Wireheading"],"picked":"SandsOfTime+1","floor":45.0},{"not_picked":["EmptyBody","Collect+1","JustLucky+1","ClearTheMind+1"],"picked":"SKIP","floor":47.0},{"not_picked":["Vengeance+1","Sanctity","BowlingBash+1","SashWhip"],"picked":"SKIP","floor":48.0},{"not_picked":["LessonLearned","CutThroughFate","Crescendo+1"],"picked":"TalkToTheHand","floor":49.0}],"player_experience":1324816,"relics_obtained":[{"floor":4.0,"key":"Bronze Scales"},{"floor":6.0,"key":"Sundial"},{"floor":9.0,"key":"War Paint"},{"floor":10.0,"key":"Ancient Tea Set"},{"floor":12.0,"key":"Dream Catcher"},{"floor":14.0,"key":"WingedGreaves"},{"floor":26.0,"key":"Ginger"},{"floor":28.0,"key":"Boot"},{"floor":43.0,"key":"Question Card"}],"event_choices":[{"damage_healed":0.0,"max_hp_gain":0.0,"max_hp_loss":0.0,"gold_gain":0.0,"event_name":"Lab","player_choice":"Got Potions","floor":2.0,"gold_loss":0.0,"damage_taken":0.0},{"damage_healed":0.0,"max_hp_gain":0.0,"max_hp_loss":0.0,"gold_gain":0.0,"event_name":"Shining Light","player_choice":"Entered Light","floor":5.0,"gold_loss":0.0,"damage_taken":14.0,"cards_upgraded":["Strike_P","Strike_P"]},{"damage_healed":0.0,"max_hp_gain":0.0,"max_hp_loss":0.0,"gold_gain":75.0,"event_name":"World of Goop","player_choice":"Gather Gold","floor":8.0,"gold_loss":0.0,"damage_taken":11.0},{"cards_removed":["Strike_P"],"damage_healed":0.0,"max_hp_gain":0.0,"max_hp_loss":0.0,"gold_gain":0.0,"event_name":"Beggar","player_choice":"Gave Gold","floor":21.0,"gold_loss":75.0,"damage_taken":0.0},{"cards_removed":["CutThroughFate"],"damage_healed":0.0,"max_hp_gain":0.0,"max_hp_loss":0.0,"gold_gain":0.0,"event_name":"Falling","player_choice":"Removed Attack","floor":39.0,"gold_loss":0.0,"damage_taken":0.0},{"damage_healed":0.0,"max_hp_gain":0.0,"max_hp_loss":4.0,"gold_gain":0.0,"event_name":"Winding Halls","player_choice":"Max HP","floor":41.0,"gold_loss":0.0,"damage_taken":0.0},{"damage_healed":0.0,"max_hp_gain":0.0,"max_hp_loss":0.0,"gold_gain":0.0,"event_name":"The Woman in Blue","player_choice":"Bought 1 Potion","floor":44.0,"gold_loss":0.0,"damage_taken":0.0}],"is_beta":false,"boss_relics":[{"not_picked":["Tiny House","SacredBark"],"picked":"Cursed Key"},{"not_picked":["SlaversCollar","Philosopher\u0027s Stone"],"picked":"Astrolabe"}],"items_purged_floors":[30,37,46],"is_endless":false,"potions_floor_spawned":[11,12,13,19,20,22,36,47],"killed_by":"Donu and Deca","ascension_level":5}}