{"host":"o1scrl1hgy598kuq","time":1611218444,"event":{"mods":["BaseMod","Colored Map","Colored Powertips","Minty Spire (QoL Compilation)","Remilia??????","Replay The Spire","Shop Mod","StSLib","The Jungle","The Marked","The Servant 0.9.4"],"gold_per_floor":[116,116,132,146,158,158,83,83,106,106,123,55,75,93,93,93,93],"floor_reached":16,"language":"ENG","playtime":748,"items_purged":["Defend_G"],"score":94,"play_id":"fd1825bc-35d6-45c7-8011-222c0a713147","local_time":"20210121024044","is_ascension_mode":false,"campfire_choices":[{"data":"Draining Mist","floor":6,"key":"SMITH"},{"data":"Neutralize","floor":8,"key":"SMITH"},{"data":"Poisoned Stab","floor":10,"key":"SMITH"},{"floor":15,"key":"REST"}],"circlet_count":0,"master_deck":["Strike_G","Strike_G","Strike_G","Strike_G","Strike_G","Defend_G","Defend_G","Defend_G","Defend_G","Survivor","Neutralize+1","Draining Mist+1","ReplayTheSpireMod:Speed Training","Dagger Throw","Poisoned Stab+1","PiercingWail","Sneak Up","Bouncing Flask"],"relics":["Ring of the Snake","The Specimen","CultistMask"],"acts_visited":["Exordium"],"potions_floor_usage":[5,11,16],"damage_taken":[{"damage":0,"enemies":"Cultist","floor":1,"turns":4},{"damage":0,"enemies":"2 Louse","floor":3,"turns":4},{"damage":2,"enemies":"Jaw Worm","floor":4,"turns":6},{"damage":6,"enemies":"Gremlin Gang","floor":5,"turns":4},{"damage":5,"enemies":"3 Louse","floor":11,"turns":3},{"damage":13,"enemies":"Lots of Slimes","floor":13,"turns":5},{"damage":22,"enemies":"Gremlin Gang","floor":14,"turns":4},{"damage":29,"enemies":"Slime Boss","floor":16,"turns":10}],"seed_played":"-1553508322196666481","potions_obtained":[{"floor":1,"key":"Poison Potion"},{"floor":3,"key":"SpeedPotion"},{"floor":4,"key":"AttackPotion"}],"is_trial":false,"path_per_floor":["M","?","M","M","M","R","$","R","T","R","M","$","M","M","R","B"],"character_chosen":"THE_SILENT","items_purchased":["Sneak Up"],"campfire_rested":1,"item_purchase_floors":[12],"current_hp_per_floor":[49,49,49,47,41,41,41,41,41,41,36,36,23,1,22,0,0],"gold":93,"neow_bonus":"ONE_RARE_RELIC","is_daily":false,"chose_seed":false,"campfire_upgraded":3,"win_rate":0.0,"timestamp":1611218444,"path_taken":["M","?","M","?","M","R","?","R","T","R","M","?","?","M","R","BOSS"],"items_purchased_type":["Card"],"build_version":"2020-12-22","purchased_purges":1,"victory":false,"max_hp_per_floor":[70,70,70,70,70,70,70,70,70,70,70,70,70,70,70,70,70],"card_choices":[{"not_picked":["All Out Attack","Flying Knee"],"picked":"Draining Mist","floor":1},{"not_picked":["PiercingWail","ReplayTheSpireMod:The Works"],"picked":"ReplayTheSpireMod:Speed Training","floor":3},{"not_picked":["Skewer","Acrobatics"],"picked":"Dagger Throw","floor":4},{"not_picked":["Leg Sweep","PiercingWail"],"picked":"Poisoned Stab","floor":5},{"not_picked":["Backflip","Hidden Blade"],"picked":"PiercingWail","floor":11},{"not_picked":["Bane","Deadly Poison"],"picked":"Bouncing Flask","floor":13},{"not_picked":["Quick Slash","Acrobatics","Backstab"],"picked":"SKIP","floor":14}],"player_experience":203343,"relics_obtained":[],"event_choices":[{"damage_healed":0,"gold_gain":0,"player_choice":"Trade","damage_taken":0,"relics_obtained":["CultistMask"],"max_hp_gain":0,"max_hp_loss":0,"event_name":"FaceTrader","floor":2,"gold_loss":0}],"is_beta":false,"boss_relics":[],"items_purged_floors":[7],"is_endless":false,"potions_floor_spawned":[1,3,4],"killed_by":"Slime Boss","ascension_level":0}}