{"host":"323inwdaz59hfocs","time":1611220828,"event":{"mods":["AchievementEnabler","BaseMod","BetterRewards","Colored Powertips","Conspire","Good Game Mod","Minty Spire (QoL Compilation)","Relic Stats","Replay The Spire","Shop Mod","StSLib","SuperFastMode","The Construct","The Cursed","The Gatherer","The Poker Player","Thieving Mod","[GremlinLeader]The Maniac","óô»ðÖ¸ÄÏ"],"gold_per_floor":[111,111,8375,8392,8403,7948,7564,7564,7590,7192,7192,6852,6863,6874,6455,6557,6557,6575,6575,6592,6078,5993,5624,5637,5737,5786,5545,5559,5451,5451,5478,5011,5110,5110,5130,5143,5143,5154,5200,5200,5200,5200,5226,5226,5243,5276,5287,5304,5304,5304],"floor_reached":51,"language":"ZHS","playtime":3433,"items_purged":["Defend_B","Bludgeon","Defend_B","Defend_B","Defend_B","Strike_B","Strike_B","Strike_B","ReplayTheSpireMod:Restless Dread"],"score":1010,"play_id":"64200167-78c8-4802-bd3f-4ef567c886c8","local_time":"20210121172028","is_ascension_mode":false,"campfire_choices":[{"data":"Reboot","floor":40,"key":"SMITH"},{"data":"Thunder Strike","floor":42,"key":"SMITH"},{"data":"Thunder Strike+1","floor":49,"key":"SMITH"}],"circlet_count":0,"master_deck":["Strike_B","Zap","Dualcast","AbeCurse","ReplayUltimateDefense+1","Static Discharge+1","Turbo","Auto Shields+1","Ball Lightning","Turbo","Double Energy+1","Thunder Strike+2","Self Repair+1","The Bomb+1","ReplayUltimateDefense+1","Crystallizer+1","Strike_B","Replay:BasicMightCard+1","Hologram","Reinforced Body","ReplayRNGCard","Force Field","Loop+1","Electrodynamics+1","Hello World+1","Buffer+1","Loop+1","Capacitor+1","Replay:BasicMightCard+1","Defragment+1","ReplayUltimateDefense+1","Defragment+1","Loop+1","Storm+1","Reboot+1","Hologram","ReplayTheSpireMod:Calculation Training+1","Coolheaded+1","Panic Button+1","FIFO Queue+1","Mirror Shield","Panic Button+1","FIFO Queue+1","Skim","Loop+1","Storm+1"],"relics":["REME:ComplimentaryCards","Abe\u0027s Treasure","Art of War","Membership Card","Frozen Egg 2","Juzu Bracelet","MerchantsRug","Vajra","conspire:DeflatedDodgeball","Frozen Eye","Boot","conspire:TopHat","War Paint","Mummified Hand","Medical Kit","Bronze Scales","conspire:InfiniteJournal","construct:FoamFinger","Lizard Tail","construct:WeddingRing","conspire:Flyswatter","DollysMirror","Snack Pack","Chameleon Ring","Replay:Baseball","conspire:IceCreamScoop","Lee\u0027s Waffle","Anchor","Nunchaku","Orichalcum","Chemical X","ReplayTheSpireMod:Ring of Collecting","ReplayTheSpireMod:Ring of Exchange","Quantum Egg","Ancient Tea Set","Prayer Wheel","Strange Spoon","HandDrill","Durian","Happy Flower","Pocketwatch"],"acts_visited":["Exordium","TheCity","TheBeyond"],"potions_floor_usage":[],"damage_taken":[{"damage":6.0,"enemies":"Small Slimes","floor":1.0,"turns":4.0},{"damage":0.0,"enemies":"conspire:RoseBush","floor":4.0,"turns":4.0},{"damage":0.0,"enemies":"2 Louse","floor":5.0,"turns":4.0},{"damage":0.0,"enemies":"Looter","floor":13.0,"turns":4.0},{"damage":11.0,"enemies":"Large Slime","floor":14.0,"turns":6.0},{"damage":0.0,"enemies":"Slime Boss","floor":16.0,"turns":6.0},{"damage":0.0,"enemies":"Shell Parasite","floor":18.0,"turns":2.0},{"damage":0.0,"enemies":"2 Thieves","floor":20.0,"turns":3.0},{"damage":0.0,"enemies":"Centurion and Healer","floor":24.0,"turns":6.0},{"damage":0.0,"enemies":"3 Cultists","floor":28.0,"turns":5.0},{"damage":0.0,"enemies":"conspire:Head Lice","floor":31.0,"turns":3.0},{"damage":0.0,"enemies":"Automaton","floor":33.0,"turns":4.0},{"damage":0.0,"enemies":"Orb Walker","floor":35.0,"turns":2.0},{"damage":0.0,"enemies":"3 Shapes","floor":36.0,"turns":2.0},{"damage":0.0,"enemies":"Maw","floor":38.0,"turns":4.0},{"damage":0.0,"enemies":"2 Orb Walkers","floor":39.0,"turns":2.0},{"damage":0,"enemies":"Jaw Worm Horde","floor":45,"turns":3},{"damage":0,"enemies":"Nemesis","floor":46,"turns":4},{"damage":0,"enemies":"4 Shapes","floor":47,"turns":3},{"damage":0,"enemies":"Sphere and 2 Shapes","floor":48,"turns":2},{"damage":0,"enemies":"Time Eater","floor":50,"turns":4}],"seed_played":"-2630216598600398000","potions_obtained":[{"floor":5.0,"key":"ColorlessPotion"},{"floor":18.0,"key":"DistilledChaos"},{"floor":20.0,"key":"Block Potion"},{"floor":24.0,"key":"LiquidMemories"}],"is_trial":false,"path_per_floor":["M","?","$","M","M","R","$","?","T","R","?","R","M","M","R","B",null,"M","?","M","$","?","R","M","?","T","R","M","R","?","E","R","B",null,"M","M","$","M","?","R","?","R","T","$","M","E","M","M","R","B",null],"character_chosen":"DEFECT","items_purchased":["Frozen Egg 2","ReplayUltimateDefense+1","Static Discharge+1","Juzu Bracelet","Turbo","Auto Shields","Ball Lightning","MerchantsRug","Vajra","conspire:DeflatedDodgeball","Thunder Strike","Self Repair+1","The Bomb","Frozen Eye","Boot","conspire:TopHat","ReplayUltimateDefense+1","Mummified Hand","Crystallizer+1","Medical Kit","Bronze Scales","Replay:BasicMightCard+1","conspire:InfiniteJournal","Hologram","Reinforced Body","Loop+1","construct:FoamFinger","Lizard Tail","conspire:Flyswatter","Buffer+1","DollysMirror","Snack Pack","Capacitor+1","Replay:BasicMightCard+1","Replay:Baseball","conspire:IceCreamScoop","Lee\u0027s Waffle","Nunchaku","ReplayUltimateDefense+1","Orichalcum","Defragment+1","Chemical X","Ancient Tea Set","Prayer Wheel","Strange Spoon","Storm+1"],"campfire_rested":0,"item_purchase_floors":[3,3,3,3,3,3,3,3,6,6,6,6,6,7,7,7,7,10,10,10,10,12,12,12,12,15,15,15,21,21,21,21,23,23,23,23,23,27,27,27,29,29,32,32,32,32],"current_hp_per_floor":[69,66,66,66,66,66,66,66,66,66,59,59,69,68,68,75,75,75,75,75,75,75,82,82,82,82,82,82,82,82,82,82,82,82,82,82,82,82,87,87,83,83,83,83,83,83,83,83,83,83],"gold":5304,"neow_bonus":"BOSS_RELIC","is_daily":false,"chose_seed":false,"campfire_upgraded":3,"win_rate":0.0,"timestamp":1611220828,"path_taken":["M","?","$","M","M","R","$","?","T","R","?","R","M","M","R","BOSS","M","?","M","$","?","R","M","?","T","R","M","R","?","E","R","BOSS","M","M","$","M","?","R","?","R","T","?","M","E","M","M","R","BOSS"],"items_purchased_type":["Relic","Card","Card","Relic","Card","Card","Card","Relic","Relic","Relic","Card","Card","Card","Relic","Relic","Relic","Card","Relic","Card","Relic","Relic","Card","Relic","Card","Card","Card","Relic","Relic","Relic","Card","Relic","Relic","Card","Card","Relic","Relic","Relic","Relic","Card","Relic","Card","Relic","Relic","Relic","Relic","Card"],"build_version":"2020-12-22","purchased_purges":9,"victory":true,"max_hp_per_floor":[75,75,75,75,75,75,75,75,75,75,75,75,75,75,75,75,75,75,75,75,75,75,82,82,82,82,82,82,82,82,82,82,82,82,82,82,82,82,87,87,83,83,83,83,83,83,83,83,83,83],"relic_stats":{"Lee\u0027s Waffle":7,"Happy Flower":[5],"counters":[21,76],"Juzu Bracelet":1,"War Paint":["Auto Shields","Double Energy"],"Orichalcum":[24],"Boot":[12],"Medical Kit":[2],"Strange Spoon":[5],"Lizard Tail":0,"Nunchaku":[3],"Mummified Hand":[200],"Bronze Scales":[166],"Prayer Wheel":6,"Art of War":[21],"HandDrill":[14],"Chemical X":[12],"obtain_stats":[{"ReplayTheSpireMod:Ring of Exchange":30,"construct:FoamFinger":15,"Vajra":6,"Juzu Bracelet":3,"Boot":7,"Ancient Tea Set":32,"conspire:TopHat":7,"conspire:InfiniteJournal":12,"Frozen Eye":7,"Lizard Tail":15,"Nunchaku":27,"Chameleon Ring":22,"Mummified Hand":10,"DollysMirror":21,"Prayer Wheel":32,"HandDrill":34,"Chemical X":29,"Cracked Core":0,"MerchantsRug":3,"Lee\u0027s Waffle":23,"construct:WeddingRing":17,"Happy Flower":43,"Quantum Egg":31,"Frozen Egg 2":3,"War Paint":9,"Orichalcum":27,"Medical Kit":10,"Strange Spoon":32,"REME:ComplimentaryCards":0,"Replay:Baseball":23,"Anchor":26,"Bronze Scales":10,"ReplayTheSpireMod:Ring of Collecting":30,"Art of War":2,"Snack Pack":21,"Durian":39,"Membership Card":3,"conspire:DeflatedDodgeball":6,"Abe\u0027s Treasure":0,"conspire:IceCreamScoop":23,"conspire:Flyswatter":21,"Pocketwatch":46},{"ReplayTheSpireMod:Ring of Exchange":10,"construct:FoamFinger":5,"Vajra":3,"Juzu Bracelet":1,"Boot":3,"Ancient Tea Set":11,"conspire:TopHat":3,"conspire:InfiniteJournal":3,"Frozen Eye":3,"Lizard Tail":5,"Nunchaku":9,"Chameleon Ring":8,"Mummified Hand":3,"DollysMirror":8,"Prayer Wheel":11,"HandDrill":12,"Chemical X":10,"Cracked Core":0,"MerchantsRug":1,"Lee\u0027s Waffle":8,"construct:WeddingRing":6,"Happy Flower":16,"Quantum Egg":11,"Frozen Egg 2":1,"War Paint":3,"Orichalcum":9,"Medical Kit":3,"Strange Spoon":11,"REME:ComplimentaryCards":0,"Replay:Baseball":8,"Anchor":9,"Bronze Scales":3,"ReplayTheSpireMod:Ring of Collecting":10,"Art of War":1,"Snack Pack":8,"Durian":16,"Membership Card":1,"conspire:DeflatedDodgeball":3,"Abe\u0027s Treasure":0,"conspire:IceCreamScoop":8,"conspire:Flyswatter":8,"Pocketwatch":18},{"ReplayTheSpireMod:Ring of Exchange":44,"construct:FoamFinger":22,"Vajra":12,"Juzu Bracelet":4,"Boot":12,"Ancient Tea Set":47,"conspire:TopHat":12,"conspire:InfiniteJournal":12,"Frozen Eye":12,"Lizard Tail":22,"Nunchaku":39,"Chameleon Ring":33,"Mummified Hand":12,"DollysMirror":33,"Prayer Wheel":47,"HandDrill":51,"Chemical X":44,"Cracked Core":0,"MerchantsRug":4,"Lee\u0027s Waffle":33,"construct:WeddingRing":28,"Happy Flower":61,"Quantum Egg":47,"Frozen Egg 2":4,"War Paint":12,"Orichalcum":39,"Medical Kit":12,"Strange Spoon":47,"REME:ComplimentaryCards":0,"Replay:Baseball":33,"Anchor":39,"Bronze Scales":12,"ReplayTheSpireMod:Ring of Collecting":44,"Art of War":4,"Snack Pack":33,"Durian":61,"Membership Card":4,"conspire:DeflatedDodgeball":12,"Abe\u0027s Treasure":0,"conspire:IceCreamScoop":33,"conspire:Flyswatter":33,"Pocketwatch":67}],"Pocketwatch":[0]},"card_choices":[{"not_picked":["Leap","Go for the Eyes","Chaos"],"picked":"SKIP","floor":1.0},{"not_picked":["Barrage","Compile Driver"],"picked":"Turbo","floor":4.0},{"not_picked":["Conserve Battery","Turbo"],"picked":"Double Energy","floor":5.0},{"not_picked":["Panic Button","Go for the Eyes"],"picked":"ReplayRNGCard","floor":13.0},{"not_picked":["Steam Power","Coolheaded"],"picked":"Force Field","floor":14.0},{"not_picked":["ReplayRNGCard","Echo Form+1"],"picked":"Electrodynamics+1","floor":16.0},{"not_picked":["Redo","conspire:Rain"],"picked":"Hello World+1","floor":18.0},{"not_picked":["Leap+1","Compile Driver+1","ReplayGash"],"picked":"SKIP","floor":20.0},{"not_picked":["Go for the Eyes","Reinforced Body"],"picked":"Defragment+1","floor":24.0},{"not_picked":["Redo","Cold Snap","Turbo"],"picked":"SKIP","floor":28.0},{"not_picked":["Glacier","BasicCrystalCard+1"],"picked":"Loop+1","floor":31.0},{"not_picked":["Meteor Strike","Buffer+1"],"picked":"Reboot","floor":33.0},{"not_picked":["Turbo","Streamline+1"],"picked":"Hologram","floor":35.0},{"not_picked":["Compile Driver+1","Recycle+1"],"picked":"ReplayTheSpireMod:Calculation Training+1","floor":35.0},{"not_picked":["Barrage","Beam Cell+1"],"picked":"Coolheaded+1","floor":36.0},{"not_picked":["Rebound+1","Conserve Battery+1"],"picked":"Panic Button+1","floor":36.0},{"not_picked":["Consume","Conserve Battery"],"picked":"FIFO Queue+1","floor":38.0},{"not_picked":["Redo+1","Streamline+1"],"picked":"Mirror Shield","floor":38.0},{"not_picked":["Aggregate+1","Leap+1"],"picked":"Panic Button+1","floor":39.0},{"not_picked":["Rainbow","Sweeping Beam+1"],"picked":"FIFO Queue+1","floor":45},{"not_picked":["Loop+1","Hologram+1"],"picked":"Skim","floor":45},{"not_picked":["Self Repair+1","Rainbow"],"picked":"Loop+1","floor":46},{"not_picked":["Hologram","Undo","Sweeping Beam+1"],"picked":"SKIP","floor":47},{"not_picked":["ReplayTheSpireMod:GoodbyeWorld+1","Steam+1","Go for the Eyes"],"picked":"SKIP","floor":47},{"not_picked":["ReplayTheSpireMod:Dual Polarity","Core Surge"],"picked":"Storm+1","floor":48},{"not_picked":["Go for the Eyes","Capacitor+1","Sweeping Beam+1"],"picked":"SKIP","floor":48}],"player_experience":133338,"relics_obtained":[{"floor":9.0,"key":"War Paint"},{"floor":26.0,"key":"Anchor"},{"floor":30.0,"key":"ReplayTheSpireMod:Ring of Collecting"},{"floor":30.0,"key":"ReplayTheSpireMod:Ring of Exchange"},{"floor":31.0,"key":"Quantum Egg"},{"floor":39.0,"key":"Durian"},{"floor":43,"key":"Happy Flower"},{"floor":46,"key":"Pocketwatch"}],"event_choices":[{"damage_healed":0.0,"max_hp_gain":0.0,"max_hp_loss":0.0,"gold_gain":0.0,"event_name":"Scrap Ooze","player_choice":"Success","floor":2.0,"gold_loss":0.0,"damage_taken":3.0,"relics_obtained":["Art of War"]},{"damage_healed":0.0,"max_hp_gain":0.0,"max_hp_loss":0.0,"gold_gain":0.0,"event_name":"Ghosts","player_choice":"Ignored","floor":19.0,"gold_loss":0.0,"damage_taken":0.0},{"damage_healed":0.0,"max_hp_gain":0.0,"max_hp_loss":0.0,"gold_gain":0.0,"event_name":"Addict","player_choice":"Obtained Relic","floor":22.0,"gold_loss":85.0,"damage_taken":0.0,"relics_obtained":["Chameleon Ring"]},{"damage_healed":0.0,"max_hp_gain":0.0,"max_hp_loss":0.0,"gold_gain":100.0,"event_name":"Golden Shrine","player_choice":"Pray","floor":25.0,"gold_loss":0.0,"damage_taken":0.0},{"damage_healed":0.0,"max_hp_gain":0.0,"max_hp_loss":0.0,"gold_gain":0.0,"event_name":"Mysterious Sphere","player_choice":"Fight","floor":39.0,"gold_loss":0.0,"damage_taken":0.0},{"damage_healed":0,"gold_gain":0,"player_choice":"Max HP","damage_taken":0,"max_hp_gain":0,"max_hp_loss":4,"event_name":"Winding Halls","floor":41,"gold_loss":0}],"is_beta":false,"boss_relics":[{"not_picked":["Cursed Key","Kintsugi"],"picked":"construct:WeddingRing"},{"not_picked":["ReplayTheSpireMod:CursedCoin","Sling"],"picked":"HandDrill"}],"items_purged_floors":[3,3,6,7,10,12,15,21,32],"is_endless":false,"potions_floor_spawned":[5,18,20,24,35,46,48],"ascension_level":0}}