{"host":"j4g6ia6asvpyu2b0","time":1611230129,"event":{"mods":["BaseMod","Colored Map","Minty Spire (QoL Compilation)","Permanent Neow","Quick Restart","Relic Stats","StSLib","Unceasing Turn Reminder"],"gold_per_floor":[113,123,123,73,73,98,110,138,176,215,227,254,300,312,324,412,424,456,22,37,37,37,37,64,79,79,79,111,111,130,164,164,242,242,257,272,288,213,228,258,258,284,307,341,341,341,373,393,393,393,393,393,14,42,42],"floor_reached":56,"language":"ENG","playtime":2982,"items_purged":["Strike_G","Strike_G"],"score":2448,"play_id":"168e6a79-aac6-4cb2-9b0c-9d9aa3bf94bb","local_time":"20210121045529","is_ascension_mode":true,"campfire_choices":[{"data":"Poisoned Stab","floor":7.0,"key":"SMITH"},{"data":"Footwork","floor":15.0,"key":"SMITH"},{"data":"Envenom","floor":23.0,"key":"SMITH"},{"data":"Sucker Punch","floor":27,"key":"SMITH"},{"data":"RitualDagger","floor":32,"key":"SMITH"},{"data":"After Image","floor":45,"key":"SMITH"},{"floor":49,"key":"RECALL"},{"data":"Neutralize","floor":52,"key":"SMITH"}],"circlet_count":0,"master_deck":["AscendersBane","Strike_G","Defend_G","Defend_G","Defend_G","Defend_G","Defend_G","Survivor","Neutralize+1","Sucker Punch+1","Poisoned Stab+1","Masterful Stab","Footwork+1","Flying Knee","Blade Dance","Predator","Bullet Time+1","Dagger Spray+1","Envenom+1","Blade Dance+1","Ghostly+1","Ghostly+1","Ghostly+1","Ghostly+1","Ghostly+1","RitualDagger+1","Acrobatics+1","Outmaneuver+1","Tactician+1","Backflip+1","After Image+1","Crippling Poison+1","Outmaneuver+1","Terror+1","Escape Plan+1","Outmaneuver+1","Phantasmal Killer+1","Outmaneuver+1","Madness+1","Madness+1","Corpse Explosion+1","Prepared+1","Noxious Fumes","Dodge and Roll+1","Catalyst+1"],"relics":["Runic Pyramid","MawBank","Potion Belt","Art of War","Toxic Egg 2","Black Star","Lee\u0027s Waffle","Vajra","Regal Pillow","Orichalcum","Question Card","Pen Nib","InkBottle","Pantograph","Nunchaku","SlaversCollar","Mummified Hand","Bottled Lightning","Happy Flower","Toy Ornithopter","Oddly Smooth Stone","Blood Vial","Kunai","Bag of Preparation","Medical Kit","Lantern","Boot"],"acts_visited":["Exordium","TheCity","TheBeyond","TheEnding"],"potions_floor_usage":[42,47,55,55],"damage_taken":[{"damage":7.0,"enemies":"2 Louse","floor":1.0,"turns":4.0},{"damage":0.0,"enemies":"Small Slimes","floor":2.0,"turns":4.0},{"damage":23.0,"enemies":"Lagavulin","floor":6.0,"turns":11.0},{"damage":0.0,"enemies":"Cultist","floor":8.0,"turns":3.0},{"damage":16.0,"enemies":"Gremlin Nob","floor":10.0,"turns":4.0},{"damage":6.0,"enemies":"Looter","floor":12.0,"turns":4.0},{"damage":1.0,"enemies":"Lagavulin","floor":13.0,"turns":5.0},{"damage":0.0,"enemies":"Slime Boss","floor":16.0,"turns":5.0},{"damage":17.0,"enemies":"2 Thieves","floor":18.0,"turns":4.0},{"damage":0.0,"enemies":"Spheric Guardian","floor":20.0,"turns":3.0},{"damage":2.0,"enemies":"Book of Stabbing","floor":24.0,"turns":6.0},{"damage":0,"enemies":"3 Cultists","floor":25,"turns":7},{"damage":0,"enemies":"Gremlin Leader","floor":28,"turns":8},{"damage":0,"enemies":"Centurion and Healer","floor":30,"turns":3},{"damage":0,"enemies":"Book of Stabbing","floor":31,"turns":6},{"damage":6,"enemies":"Champ","floor":33,"turns":16},{"damage":0,"enemies":"3 Shapes","floor":35,"turns":4},{"damage":0,"enemies":"Orb Walker","floor":36,"turns":4},{"damage":1,"enemies":"3 Darklings","floor":37,"turns":5},{"damage":0,"enemies":"Maw","floor":39,"turns":7},{"damage":0,"enemies":"Reptomancer","floor":40,"turns":6},{"damage":0,"enemies":"Giant Head","floor":42,"turns":7},{"damage":0,"enemies":"Nemesis","floor":44,"turns":7},{"damage":2,"enemies":"Reptomancer","floor":47,"turns":6},{"damage":0,"enemies":"4 Shapes","floor":48,"turns":4},{"damage":32,"enemies":"Donu and Deca","floor":50,"turns":8},{"damage":0,"enemies":"Shield and Spear","floor":54,"turns":5},{"damage":13,"enemies":"The Heart","floor":55,"turns":10}],"seed_played":"3246017345244342159","potions_obtained":[{"floor":2.0,"key":"Explosive Potion"},{"floor":6.0,"key":"Energy Potion"},{"floor":8.0,"key":"SteroidPotion"},{"floor":12.0,"key":"SteroidPotion"},{"floor":13.0,"key":"AttackPotion"},{"floor":14.0,"key":"FearPotion"},{"floor":14.0,"key":"DuplicationPotion"},{"floor":20.0,"key":"Block Potion"},{"floor":25,"key":"DistilledChaos"},{"floor":28,"key":"AttackPotion"},{"floor":31,"key":"BlessingOfTheForge"},{"floor":36,"key":"CunningPotion"},{"floor":37,"key":"PowerPotion"},{"floor":48,"key":"Ancient Potion"},{"floor":54,"key":"Weak Potion"}],"is_trial":false,"path_per_floor":["M","M","?","?","?","E","R","M","T","E","$","M","E","?","R","B",null,"M","$","M","?","?","R","E","M","T","R","E","?","M","E","R","B",null,"M","M","M","$","M","E","?","E","T","E","R","?","E","M","R","B",null,"R","$","E","B",null],"character_chosen":"THE_SILENT","items_purchased":["Lee\u0027s Waffle","Envenom","Vajra","Medical Kit","Noxious Fumes","Dodge and Roll+1"],"campfire_rested":0,"item_purchase_floors":[19,19,19,53,53,53],"current_hp_per_floor":[56,56,49,49,70,47,47,47,47,31,31,25,24,24,24,24,59,42,77,77,38,32,32,30,30,30,30,30,30,30,30,30,32,37,37,37,36,36,36,36,36,36,36,36,36,31,36,38,38,6,30,30,30,32,26],"gold":42,"neow_bonus":"BOSS_RELIC","is_daily":false,"chose_seed":false,"campfire_upgraded":7,"win_rate":0.0,"timestamp":1611230129,"path_taken":["M","M","?","?","?","E","R","?","T","E","$","M","E","?","R","BOSS","M","$","?","?","?","R","E","M","T","R","E","?","?","E","R","BOSS","M","M","M","$","M","E","?","E","T","E","R","?","E","M","R","BOSS","R","$","E","BOSS"],"items_purchased_type":["Relic","Card","Relic","Relic","Card","Card"],"build_version":"2020-12-22","purchased_purges":2,"victory":true,"max_hp_per_floor":[70,70,70,70,70,70,70,70,70,70,70,70,70,70,70,70,70,70,77,77,38,38,38,38,38,38,38,38,38,38,38,38,38,38,38,38,38,38,38,38,38,38,38,38,38,38,38,38,38,38,38,38,38,38,38],"relic_stats":{"Lee\u0027s Waffle":35,"Regal Pillow":0,"Happy Flower":[13],"counters":[28,166],"Pen Nib":[29],"Bag of Preparation":[8],"Orichalcum":[198],"MawBank":156,"Question Card":14,"Medical Kit":[3],"Boot":[0],"Blood Vial":8,"Nunchaku":[26],"Mummified Hand":[26],"Pantograph":12,"Art of War":[12],"Black Star":8,"Kunai":[15],"obtain_stats":[{"Regal Pillow":24,"Lantern":54,"Vajra":19,"Bag of Preparation":47,"Boot":54,"Blood Vial":44,"Nunchaku":31,"Mummified Hand":40,"Pantograph":31,"Kunai":47,"Toxic Egg 2":13,"InkBottle":28,"Ring of the Snake":0,"Runic Pyramid":0,"Potion Belt":9,"Lee\u0027s Waffle":19,"Happy Flower":42,"Oddly Smooth Stone":44,"Pen Nib":28,"Orichalcum":24,"MawBank":6,"Question Card":26,"Medical Kit":53,"SlaversCollar":34,"Art of War":10,"Black Star":17,"Bottled Lightning":40,"Toy Ornithopter":42},{"Regal Pillow":11,"Lantern":27,"Vajra":9,"Bag of Preparation":24,"Boot":27,"Blood Vial":23,"Nunchaku":15,"Mummified Hand":21,"Pantograph":15,"Kunai":24,"Toxic Egg 2":7,"InkBottle":13,"Ring of the Snake":0,"Runic Pyramid":0,"Potion Belt":4,"Lee\u0027s Waffle":9,"Happy Flower":22,"Oddly Smooth Stone":23,"Pen Nib":13,"Orichalcum":11,"MawBank":3,"Question Card":12,"Medical Kit":26,"SlaversCollar":16,"Art of War":5,"Black Star":8,"Bottled Lightning":21,"Toy Ornithopter":22},{"Regal Pillow":53,"Lantern":156,"Vajra":44,"Bag of Preparation":139,"Boot":156,"Blood Vial":133,"Nunchaku":77,"Mummified Hand":119,"Pantograph":77,"Kunai":139,"Toxic Egg 2":35,"InkBottle":68,"Ring of the Snake":0,"Runic Pyramid":0,"Potion Belt":22,"Lee\u0027s Waffle":44,"Happy Flower":126,"Oddly Smooth Stone":133,"Pen Nib":68,"Orichalcum":53,"MawBank":19,"Question Card":60,"Medical Kit":151,"SlaversCollar":93,"Art of War":26,"Black Star":40,"Bottled Lightning":119,"Toy Ornithopter":126}],"InkBottle":[50],"Toy Ornithopter":6},"card_choices":[{"not_picked":["Deflect","Expertise"],"picked":"Sucker Punch","floor":1.0},{"not_picked":["Riddle With Holes","Setup"],"picked":"Poisoned Stab","floor":2.0},{"not_picked":["Doppelganger","Sucker Punch"],"picked":"Masterful Stab","floor":6.0},{"not_picked":["Calculated Gamble","Acrobatics"],"picked":"Footwork","floor":8.0},{"not_picked":["Bouncing Flask","Grand Finale"],"picked":"Flying Knee","floor":10.0},{"not_picked":["Bane","Deflect"],"picked":"Blade Dance","floor":12.0},{"not_picked":["Flying Knee","Underhanded Strike"],"picked":"Predator","floor":13.0},{"not_picked":["Tools of the Trade","Corpse Explosion+1"],"picked":"Bullet Time+1","floor":16.0},{"not_picked":["Sucker Punch","Bane"],"picked":"Dagger Spray+1","floor":18.0},{"not_picked":["Skewer","Prepared+1"],"picked":"Blade Dance+1","floor":20.0},{"not_picked":["Sucker Punch","Skewer"],"picked":"Acrobatics+1","floor":24.0},{"not_picked":["Underhanded Strike","Sucker Punch","Heel Hook"],"picked":"SKIP","floor":25},{"not_picked":["Bane","Deflect+1","Sucker Punch"],"picked":"Outmaneuver+1","floor":28},{"not_picked":["Dodge and Roll+1","Choke","Slice"],"picked":"Tactician+1","floor":30},{"not_picked":["Catalyst+1","Well Laid Plans","Glass Knife"],"picked":"Backflip+1","floor":31},{"not_picked":["Envenom","Die Die Die","Bullet Time+1"],"picked":"After Image","floor":33},{"not_picked":["Dagger Throw","Blade Dance+1","Choke"],"picked":"Crippling Poison+1","floor":35},{"not_picked":["Flying Knee","Underhanded Strike","Setup+1"],"picked":"Outmaneuver+1","floor":36},{"not_picked":["Acrobatics+1","Reflex+1","Quick Slash"],"picked":"Terror+1","floor":37},{"not_picked":["Cloak And Dagger+1","Tactician+1","All Out Attack"],"picked":"Escape Plan+1","floor":39},{"not_picked":["Deflect+1","Backstab+1","Blade Dance+1"],"picked":"Outmaneuver+1","floor":40},{"not_picked":["Heel Hook","Poisoned Stab+1","Outmaneuver+1"],"picked":"Phantasmal Killer+1","floor":42},{"not_picked":["Backflip+1","Flying Knee","Blade Dance+1"],"picked":"Outmaneuver+1","floor":44},{"not_picked":["Cloak And Dagger+1","Backflip+1","Leg Sweep+1"],"picked":"Corpse Explosion+1","floor":47},{"not_picked":["Blade Dance+1","Underhanded Strike","Terror+1"],"picked":"Prepared+1","floor":48},{"not_picked":["Die Die Die","Dodge and Roll+1","Footwork+1"],"picked":"Catalyst+1","floor":54}],"player_experience":895115,"relics_obtained":[{"floor":6.0,"key":"MawBank"},{"floor":9.0,"key":"Potion Belt"},{"floor":10.0,"key":"Art of War"},{"floor":13.0,"key":"Toxic Egg 2"},{"floor":24.0,"key":"Regal Pillow"},{"floor":24.0,"key":"Orichalcum"},{"floor":26,"key":"Question Card"},{"floor":28,"key":"Pen Nib"},{"floor":28,"key":"InkBottle"},{"floor":31,"key":"Pantograph"},{"floor":31,"key":"Nunchaku"},{"floor":40,"key":"Mummified Hand"},{"floor":40,"key":"Bottled Lightning"},{"floor":42,"key":"Happy Flower"},{"floor":42,"key":"Toy Ornithopter"},{"floor":44,"key":"Oddly Smooth Stone"},{"floor":44,"key":"Blood Vial"},{"floor":47,"key":"Kunai"},{"floor":47,"key":"Bag of Preparation"},{"floor":54,"key":"Lantern"},{"floor":54,"key":"Boot"}],"event_choices":[{"cards_removed":["Strike_G"],"damage_healed":0.0,"max_hp_gain":0.0,"max_hp_loss":0.0,"gold_gain":0.0,"event_name":"Golden Wing","player_choice":"Card Removal","floor":3.0,"gold_loss":0.0,"damage_taken":7.0},{"cards_removed":["Strike_G"],"damage_healed":0.0,"max_hp_gain":0.0,"max_hp_loss":0.0,"gold_gain":0.0,"event_name":"The Cleric","player_choice":"Card Removal","floor":4.0,"gold_loss":50.0,"damage_taken":0.0},{"damage_healed":21.0,"max_hp_gain":0.0,"max_hp_loss":0.0,"gold_gain":0.0,"event_name":"Wheel of Change","player_choice":"Full Heal","floor":5.0,"gold_loss":0.0,"damage_taken":0.0},{"damage_healed":0.0,"max_hp_gain":0.0,"max_hp_loss":0.0,"gold_gain":0.0,"event_name":"Lab","player_choice":"Got Potions","floor":14.0,"gold_loss":0.0,"damage_taken":0.0},{"damage_healed":0.0,"max_hp_gain":0.0,"max_hp_loss":39.0,"gold_gain":0.0,"event_name":"Ghosts","player_choice":"Became a Ghost","floor":21.0,"gold_loss":0.0,"damage_taken":0.0,"cards_obtained":["Ghostly","Ghostly","Ghostly","Ghostly","Ghostly"]},{"damage_healed":0.0,"max_hp_gain":0.0,"max_hp_loss":0.0,"gold_gain":0.0,"event_name":"Nest","player_choice":"Joined the Cult","floor":22.0,"gold_loss":0.0,"damage_taken":6.0,"cards_obtained":["RitualDagger"]},{"damage_healed":0,"gold_gain":0,"player_choice":"Ignored","damage_taken":0,"max_hp_gain":0,"max_hp_loss":0,"event_name":"Vampires","floor":29,"gold_loss":0},{"damage_healed":0,"gold_gain":0,"player_choice":"Ignored","damage_taken":0,"max_hp_gain":0,"max_hp_loss":0,"event_name":"Tomb of Lord Red Mask","floor":41,"gold_loss":0},{"damage_healed":0,"gold_gain":0,"player_choice":"Embrace Madness","damage_taken":5,"max_hp_gain":0,"max_hp_loss":0,"event_name":"Winding Halls","floor":46,"gold_loss":0,"cards_obtained":["Madness","Madness"]}],"is_beta":false,"boss_relics":[{"not_picked":["Philosopher\u0027s Stone","Busted Crown"],"picked":"Black Star"},{"not_picked":["Pandora\u0027s Box","Tiny House"],"picked":"SlaversCollar"}],"items_purged_floors":[38,53],"is_endless":false,"potions_floor_spawned":[2,6,8,12,13,20,25,28,31,35,36,37,48,54],"ascension_level":13}}