{"host":"dm4yvegl9um2tlqd","time":1611230751,"event":{"mods":["2.2 Compatiblity","AchievementEnabler","BaseMod","Colored Map","DeckTracker","Highlight Path","KOR Keyword Fix","Keyboard Shortcuts","Minty Spire (QoL Compilation)","Permanent Neow","Quick Restart","Random Character Button","StSLib","SuperFastMode","everything is the same but u backflip on backflip"],"gold_per_floor":[116,132,21,34,10,10,35,52,78,78,89,121,131,166,166,166,166],"floor_reached":16,"language":"KOR","playtime":603,"items_purged":[],"score":174,"play_id":"b035be60-e61a-48e6-8918-5d1f29c799e2","local_time":"20210121210551","is_ascension_mode":true,"campfire_choices":[{"data":"Armaments","floor":6.0,"key":"SMITH"},{"data":"Body Slam","floor":10.0,"key":"SMITH"},{"floor":15,"key":"REST"}],"circlet_count":0,"master_deck":["Strike_R","Strike_R","Strike_R","Strike_R","Strike_R","Defend_R","Defend_R","Defend_R+1","Defend_R","Bash","Shrug It Off","Enlightenment+1","Armaments+1","Wild Strike","Body Slam+1","Shrug It Off","Body Slam"],"relics":["Burning Blood","Bag of Marbles","War Paint","Art of War","Red Skull","Potion Belt"],"acts_visited":["Exordium"],"potions_floor_usage":[14,14,14],"damage_taken":[{"damage":1.0,"enemies":"Cultist","floor":1.0,"turns":4.0},{"damage":15.0,"enemies":"2 Louse","floor":2.0,"turns":4.0},{"damage":4.0,"enemies":"Small Slimes","floor":4.0,"turns":5.0},{"damage":17.0,"enemies":"Exordium Thugs","floor":5.0,"turns":5.0},{"damage":36.0,"enemies":"Lagavulin","floor":7.0,"turns":7.0},{"damage":7.0,"enemies":"Red Slaver","floor":8.0,"turns":5.0},{"damage":0,"enemies":"Blue Slaver","floor":11,"turns":3},{"damage":27,"enemies":"3 Sentries","floor":12,"turns":10},{"damage":11,"enemies":"Lots of Slimes","floor":13,"turns":5},{"damage":4,"enemies":"Gremlin Nob","floor":14,"turns":3},{"damage":43,"enemies":"Slime Boss","floor":16,"turns":11}],"seed_played":"1136406374836450366","potions_obtained":[{"floor":2.0,"key":"FearPotion"},{"floor":7.0,"key":"CultistPotion"},{"floor":11,"key":"FearPotion"},{"floor":12,"key":"Weak Potion"}],"is_trial":false,"path_per_floor":["M","M","$","M","M","R","E","M","T","R","M","E","M","E","R","B"],"character_chosen":"IRONCLAD","items_purchased":["Enlightenment","Armaments"],"campfire_rested":1,"item_purchase_floors":[3,3],"current_hp_per_floor":[77,68,68,70,59,59,29,28,28,28,34,13,8,10,34,0,0],"gold":166,"neow_bonus":"RANDOM_COMMON_RELIC","is_daily":false,"chose_seed":false,"campfire_upgraded":2,"win_rate":0.0,"timestamp":1611230751,"path_taken":["M","M","$","?","M","R","E","M","T","R","M","E","M","E","R","BOSS"],"items_purchased_type":["Card","Card"],"build_version":"2020-12-22","purchased_purges":0,"victory":false,"max_hp_per_floor":[80,80,80,80,80,80,80,80,80,80,80,80,80,80,80,80,80],"card_choices":[{"not_picked":["True Grit","Disarm","Warcry"],"picked":"SKIP","floor":1.0},{"not_picked":["Perfected Strike","Combust"],"picked":"Shrug It Off","floor":2.0},{"not_picked":["Fire Breathing","Clothesline"],"picked":"Wild Strike","floor":4.0},{"not_picked":["Clash","Sword Boomerang","Seeing Red"],"picked":"SKIP","floor":5.0},{"not_picked":["Clothesline","Clash","Twin Strike"],"picked":"SKIP","floor":7.0},{"not_picked":["Power Through","Entrench"],"picked":"Body Slam","floor":8.0},{"not_picked":["Sword Boomerang","Double Tap","Armaments"],"picked":"SKIP","floor":11},{"not_picked":["Headbutt","True Grit","Clash"],"picked":"SKIP","floor":12},{"not_picked":["Thunderclap","Burning Pact"],"picked":"Shrug It Off","floor":13},{"not_picked":["Intimidate","Fire Breathing"],"picked":"Body Slam","floor":14}],"player_experience":76879,"relics_obtained":[{"floor":7.0,"key":"War Paint"},{"floor":9.0,"key":"Art of War"},{"floor":12,"key":"Red Skull"},{"floor":14,"key":"Potion Belt"}],"event_choices":[],"is_beta":false,"boss_relics":[],"items_purged_floors":[],"is_endless":false,"potions_floor_spawned":[2,7,11,12,13],"killed_by":"Slime Boss","ascension_level":8}}