{"host":"atu1skz5iq69e5lr","time":1611227701,"event":{"mods":["AchievementEnabler","Aspiration","BaseMod","Better Third Choice","Colored Map","Conspire","Evolution","Friendly Minions","Highlight Path","Hubris","Infinite Spire","Keyboard Shortcuts","Lobotomy","Minty Spire (QoL Compilation)","Replay The Spire","Shop Mod","StSLib"],"gold_per_floor":[117,97,116,116,134,167,183,183,209,209,221,250,269,281,281,384,384,402,402,402,420,435,435,460,460,460,487,412,412,424,439,439,539,539,553,569,582,582,782,809,809,834,834,834,834,676,676],"floor_reached":46,"language":"ENG","playtime":3232,"items_purged":["Sweeping Beam","Rebound"],"score":555,"play_id":"0697e27d-70c7-4499-b923-4a2f267a21ce","local_time":"20210121121501","is_ascension_mode":false,"campfire_choices":[{"data":"Self Repair","floor":8,"key":"SMITH"},{"data":"ReplayGash","floor":10,"key":"SMITH"},{"data":"Reprogram","floor":15,"key":"SMITH"},{"data":"Echo Form","floor":23,"key":"SMITH"},{"floor":25,"key":"REST"},{"data":"White Noise","floor":41,"key":"SMITH"},{"data":"ReplayTheSpireMod:Fabricate Wheel","floor":44,"key":"SMITH"},{"data":"Seek","floor":45,"key":"SMITH"}],"circlet_count":0,"master_deck":["Apotheosis+1","Defend_B","Defend_B","Defend_B","Defend_B","Zap","Dualcast","Scorched","ReplayGash+1","Self Repair+1","Scrape","Reprogram+1","Amplify","Echo Form+1","Seek+1","Reprogram+1","BlackArmy","Thunder Strike","Gash","White Noise+1","Freischutz","ReplayTheSpireMod:Omega Cannon"],"relics":["Cracked Core","EVO:Axolotl","CogitoBucket","Potion Belt","Strawberry","AspirationHeart","hubris:Reverence","Sozu","LuminousBracelet","CaptainsWheel","infinitespire:Lucky Rock","WingedGreaves","BehaviorAdjustment","hubris:RunicObelisk","hubris:Icosahedron","hubris:NiceRug","Replay:Rubber Ducky","hubris:ToyBattleship","Replay:Lucky Slots","infinitespire:Satchel","Oddly Smooth Stone","Bottled Lightning","Prayer Wheel"],"acts_visited":["Exordium","TheCity","TheBeyond"],"potions_floor_usage":[7,14,16,46],"damage_taken":[{"damage":3,"enemies":"2 Louse","floor":1,"turns":2},{"damage":0,"enemies":"Cultist","floor":3,"turns":2},{"damage":0,"enemies":"Small Slimes","floor":5,"turns":2},{"damage":13,"enemies":"3 Sentries","floor":6,"turns":3},{"damage":1,"enemies":"Red Slaver","floor":7,"turns":3},{"damage":0,"enemies":"3 Louse","floor":11,"turns":1},{"damage":11,"enemies":"Replay:BlueRogue","floor":12,"turns":5},{"damage":0,"enemies":"Large Slime","floor":13,"turns":2},{"damage":0,"enemies":"Looter","floor":14,"turns":1},{"damage":46,"enemies":"Hexaghost","floor":16,"turns":8},{"damage":20,"enemies":"Shell Parasite","floor":18,"turns":4},{"damage":24,"enemies":"3 Byrds","floor":21,"turns":4},{"damage":26,"enemies":"Shelled Parasite and Fungi","floor":22,"turns":6},{"damage":30,"enemies":"Book of Stabbing","floor":24,"turns":6},{"damage":18,"enemies":"Nightmare","floor":27,"turns":10},{"damage":0,"enemies":"hubris:Merchant","floor":28,"turns":1},{"damage":33,"enemies":"Snecko","floor":30,"turns":13},{"damage":15,"enemies":"Snake Plant","floor":31,"turns":5},{"damage":36,"enemies":"conspire:MysteriousRune","floor":33,"turns":7},{"damage":27,"enemies":"3 Shapes","floor":35,"turns":4},{"damage":19,"enemies":"Orb Walker","floor":36,"turns":5},{"damage":16,"enemies":"Maw","floor":37,"turns":7},{"damage":15,"enemies":"hubris:Merchant","floor":39,"turns":6},{"damage":2,"enemies":"R_Hoarder","floor":40,"turns":9},{"damage":13,"enemies":"Reptomancer","floor":42,"turns":4},{"damage":41,"enemies":"Nemesis","floor":46,"turns":5}],"seed_played":"-194888246567115051","potions_obtained":[{"floor":1,"key":"Reflective Coating"},{"floor":2,"key":"Weak Potion"},{"floor":5,"key":"conspire:TimeTravelPotion"},{"floor":6,"key":"Swift Potion"},{"floor":14,"key":"Adrenaline Potion"},{"floor":16,"key":"FocusPotion"}],"is_trial":false,"path_per_floor":["M","?","M","?","M","E","M","R","T","R","M","E","M","M","R","B",null,"M","?","?","M","M","R","E","R","T","NM","$","?","M","M","R","B",null,"M","M","M","?","$","E","R","E","T","R","R","E"],"character_chosen":"DEFECT","items_purchased":[],"campfire_rested":1,"item_purchase_floors":[],"current_hp_per_floor":[72,72,72,72,72,59,65,65,72,72,82,81,81,81,81,45,92,87,87,87,84,81,81,64,96,96,90,48,48,48,47,47,28,48,38,24,36,36,38,28,28,27,27,27,27,0,0],"gold":676,"neow_bonus":"","is_daily":false,"chose_seed":false,"campfire_upgraded":7,"win_rate":0.0,"timestamp":1611227701,"path_taken":["M","?","?","?","M","E","?","R","T","R","M","E","M","M","R","BOSS","M","?","?","M","M","R","E","R","T","NM","$","?","?","M","R","BOSS","M","?","M","?","$","E","R","E","T","R","R","E"],"items_purchased_type":[],"build_version":"2020-12-22","purchased_purges":2,"victory":false,"max_hp_per_floor":[75,75,75,75,75,75,75,75,82,82,92,92,92,92,92,92,92,107,107,107,107,107,107,107,107,107,107,48,48,48,48,48,48,48,48,48,48,48,38,28,28,28,28,28,28,28,28],"card_choices":[{"not_picked":["ShyLook","Woodsman"],"picked":"Scorched","floor":1},{"not_picked":["Steam","Auto Shields","Streamline"],"picked":"SKIP","floor":1},{"not_picked":["Steam","Auto Shields","Streamline"],"picked":"SKIP","floor":1},{"not_picked":["Genetic Algorithm","Compile Driver"],"picked":"ReplayGash","floor":3},{"not_picked":["Beam Cell","Sweeping Beam","Time Bomb"],"picked":"SKIP","floor":5},{"not_picked":["ReplayTheSpireMod:Reroute Power","Hello World"],"picked":"Self Repair","floor":6},{"not_picked":["Go for the Eyes","Lockon","Redo"],"picked":"SKIP","floor":7},{"not_picked":["BasicCrystalCard","Fusion","FTL"],"picked":"SKIP","floor":11},{"not_picked":["Leap","Beam Cell"],"picked":"Scrape","floor":12},{"not_picked":["Sweeping Beam","Go for the Eyes"],"picked":"Reprogram","floor":13},{"not_picked":["Static Discharge","Rebound","Go for the Eyes"],"picked":"SKIP","floor":14},{"not_picked":["hubris:DoWhile","Fission"],"picked":"Amplify","floor":16},{"not_picked":["ReplayTheSpireMod:GoodbyeWorld","Cold Snap","ReplayTheSpireMod:Repulse+1"],"picked":"SKIP","floor":18},{"not_picked":["Stack","Hologram","ReplayTheSpireMod:System Scan"],"picked":"SKIP","floor":21},{"not_picked":["Sweeping Beam+1","hubris:PowerSurge"],"picked":"Echo Form","floor":22},{"not_picked":["ReplayTheSpireMod:Dual Polarity+1","Static Discharge"],"picked":"Seek","floor":24},{"not_picked":["Stack","Hello World+1","Tempest"],"picked":"SKIP","floor":27},{"not_picked":["CrumblingArmor","SpiderBud"],"picked":"BlackArmy","floor":30},{"not_picked":["ReplaySolidLightProjector+1","ReplayTheSpireMod:Reroute Power+1","Coolheaded"],"picked":"SKIP","floor":30},{"not_picked":["conspire:Rain","Beam Cell","BasicCrystalCard+1"],"picked":"SKIP","floor":31},{"not_picked":["Buffer","All For One"],"picked":"Thunder Strike","floor":33},{"not_picked":["Hologram+1","Ball Lightning+1"],"picked":"Gash","floor":35},{"not_picked":["Double Energy+1","FTL"],"picked":"White Noise","floor":36},{"not_picked":["GalaxyChild","QueenOfHatred","Laetitia"],"picked":"Singing Bowl","floor":37},{"not_picked":["Stack","Defragment","ReplayTheSpireMod:Dual Polarity"],"picked":"SKIP","floor":37},{"not_picked":["Barrage"],"picked":"SKIP","floor":39},{"not_picked":["Beam Cell"],"picked":"SKIP","floor":39},{"not_picked":["Redo"],"picked":"SKIP","floor":39},{"not_picked":["Chaos"],"picked":"SKIP","floor":39},{"not_picked":["Capacitor"],"picked":"SKIP","floor":39},{"not_picked":["Survey Options"],"picked":"SKIP","floor":39},{"not_picked":["ReplayTheSpireMod:Necrogeddon"],"picked":"SKIP","floor":39},{"not_picked":["MeatLantern","OSAHOGD"],"picked":"Freischutz","floor":40},{"not_picked":["Heatsinks","Reboot","Coolheaded+1"],"picked":"SKIP","floor":40},{"not_picked":["Beam Cell","Crystallizer+1"],"picked":"ReplayTheSpireMod:Fabricate Wheel","floor":42}],"player_experience":20899,"relics_obtained":[{"floor":6,"key":"Potion Belt"},{"floor":9,"key":"Strawberry"},{"floor":12,"key":"hubris:Reverence"},{"floor":24,"key":"CaptainsWheel"},{"floor":26,"key":"infinitespire:Lucky Rock"},{"floor":27,"key":"WingedGreaves"},{"floor":39,"key":"Replay:Rubber Ducky"},{"floor":39,"key":"hubris:ToyBattleship"},{"floor":39,"key":"Replay:Lucky Slots"},{"floor":40,"key":"infinitespire:Satchel"},{"floor":42,"key":"Oddly Smooth Stone"},{"floor":43,"key":"Bottled Lightning"}],"event_choices":[{"damage_healed":0,"gold_gain":0,"player_choice":"Bought 1 Potion","damage_taken":0,"max_hp_gain":0,"max_hp_loss":0,"event_name":"The Woman in Blue","floor":2,"gold_loss":0},{"cards_removed":["Apotheosis"],"damage_healed":0,"gold_gain":0,"player_choice":"Purged","damage_taken":0,"max_hp_gain":0,"max_hp_loss":0,"event_name":"Purifier","floor":4,"gold_loss":0},{"cards_removed":["Strike_B"],"damage_healed":0,"gold_gain":0,"player_choice":"Purged","damage_taken":0,"max_hp_gain":0,"max_hp_loss":0,"event_name":"Purifier","floor":4,"gold_loss":0},{"damage_healed":0,"gold_gain":0,"player_choice":"Ignored","damage_taken":0,"max_hp_gain":0,"max_hp_loss":0,"event_name":"Ghosts","floor":19,"gold_loss":0},{"cards_removed":["Strike_B"],"damage_healed":0,"gold_gain":0,"player_choice":"Elegance","damage_taken":0,"max_hp_gain":0,"max_hp_loss":0,"event_name":"betterThird:BetterWriting","floor":20,"gold_loss":0},{"damage_healed":0,"gold_gain":0,"player_choice":"Copied","damage_taken":0,"max_hp_gain":0,"max_hp_loss":0,"event_name":"Duplicator","floor":29,"gold_loss":0,"cards_obtained":["Reprogram"]}],"is_beta":false,"boss_relics":[{"not_picked":["Tiny House","Abe\u0027s Treasure"],"picked":"Sozu"},{"not_picked":["conspire:RunicOctahedron","Replay:Ancient Bell"],"picked":"hubris:RunicObelisk"}],"items_purged_floors":[28,39],"is_endless":false,"potions_floor_spawned":[1,5,6,14,16,27,30,36,40,42],"killed_by":"Nemesis","ascension_level":0}}