{"host":"qsusua7l529r8z9k","time":1611244635,"event":{"mods":["BaseMod","Minty Spire (QoL Compilation)","Spicy Shops","StSLib"],"gold_per_floor":[118,130,130,140,140,140,166,166,235,267,267,298,298,311,311,385,385,395,415,240,155,169,169,169],"floor_reached":23,"language":"ZHS","playtime":697,"items_purged":["Strike_P","Strike_P"],"score":418,"play_id":"3edfd44b-d1d8-4fc4-86d6-3a0a05fb0130","local_time":"20210121235715","is_ascension_mode":true,"campfire_choices":[{"data":"Eruption","floor":6.0,"key":"SMITH"},{"data":"BowlingBash","floor":8.0,"key":"SMITH"},{"floor":11.0,"key":"REST"},{"floor":13.0,"key":"REST"},{"data":"LessonLearned","floor":15.0,"key":"SMITH"}],"circlet_count":0,"master_deck":["AscendersBane","Strike_P+1","Strike_P+1","Defend_P","Defend_P","Defend_P+1","Defend_P+1","Eruption+1","Vigilance","Writhe","LessonLearned+1","BowlingBash+1","FlurryOfBlows+1","EmptyMind","InnerPeace+1","MasterReality","WheelKick"],"relics":["PureWater","Oddly Smooth Stone","Question Card","Mercury Hourglass","Orichalcum","VioletLotus","FossilizedHelix"],"acts_visited":["Exordium","TheCity"],"potions_floor_usage":[],"damage_taken":[{"damage":0.0,"enemies":"2 Louse","floor":1.0,"turns":3.0},{"damage":0.0,"enemies":"Jaw Worm","floor":2.0,"turns":3.0},{"damage":3.0,"enemies":"Small Slimes","floor":4.0,"turns":3.0},{"damage":21.0,"enemies":"3 Sentries","floor":7.0,"turns":4.0},{"damage":25.0,"enemies":"Lagavulin","floor":10.0,"turns":8.0},{"damage":11.0,"enemies":"Gremlin Nob","floor":12.0,"turns":3.0},{"damage":0.0,"enemies":"Looter","floor":14.0,"turns":1.0},{"damage":16.0,"enemies":"Slime Boss","floor":16.0,"turns":9.0},{"damage":14.0,"enemies":"3 Byrds","floor":18.0,"turns":7.0},{"damage":15.0,"enemies":"Chosen","floor":19.0,"turns":7.0},{"damage":22,"enemies":"Shelled Parasite and Fungi","floor":22,"turns":4},{"damage":21,"enemies":"Slavers","floor":23,"turns":1}],"seed_played":"465648040960892554","potions_obtained":[{"floor":4.0,"key":"LiquidBronze"},{"floor":10.0,"key":"StancePotion"},{"floor":12.0,"key":"Swift Potion"},{"floor":16.0,"key":"Explosive Potion"},{"floor":18.0,"key":"Dexterity Potion"}],"is_trial":false,"path_per_floor":["M","M","?","M","?","R","E","R","T","E","R","E","R","M","R","B",null,"M","M","$","?","M","E"],"character_chosen":"WATCHER","items_purchased":[],"campfire_rested":2,"item_purchase_floors":[],"current_hp_per_floor":[61,61,66,63,63,63,42,42,42,17,38,27,48,48,48,32,63,49,34,34,34,12,0,0],"gold":169,"neow_bonus":"THREE_RARE_CARDS","is_daily":false,"chose_seed":false,"campfire_upgraded":3,"win_rate":0.0,"timestamp":1611244635,"path_taken":["M","M","?","M","?","R","E","R","T","E","R","E","R","M","R","BOSS","M","M","$","?","M","E"],"items_purchased_type":[],"build_version":"2020-12-22","purchased_purges":2,"victory":false,"max_hp_per_floor":[68,68,73,73,73,73,73,73,73,73,73,73,73,73,73,73,73,73,73,73,73,73,73,73],"card_choices":[{"not_picked":["SpiritShield","Alpha"],"picked":"LessonLearned","floor":0.0},{"not_picked":["ClearTheMind","Crescendo"],"picked":"BowlingBash","floor":1.0},{"not_picked":["BowlingBash","SashWhip","PathToVictory"],"picked":"SKIP","floor":2.0},{"not_picked":["ClearTheMind","Evaluate","Weave"],"picked":"SKIP","floor":4.0},{"not_picked":["BattleHymn","Sanctity"],"picked":"FlurryOfBlows","floor":7.0},{"not_picked":["FlurryOfBlows","Indignation","EmptyBody"],"picked":"EmptyMind","floor":10.0},{"not_picked":["CutThroughFate","FlyingSleeves","Consecrate","MentalFortress"],"picked":"SKIP","floor":12.0},{"not_picked":["FlurryOfBlows","ClearTheMind","Conclude"],"picked":"InnerPeace","floor":14.0},{"not_picked":["Devotion","Alpha","Judgement"],"picked":"MasterReality","floor":16.0},{"not_picked":["BowlingBash+1","CrushJoints","PathToVictory","EmptyBody"],"picked":"SKIP","floor":18.0},{"not_picked":["ReachHeaven","JustLucky","Fasting2+1"],"picked":"WheelKick","floor":19.0},{"not_picked":["SashWhip+1","FlurryOfBlows","CutThroughFate","PathToVictory"],"picked":"SKIP","floor":22}],"player_experience":431833,"relics_obtained":[{"floor":7.0,"key":"Oddly Smooth Stone"},{"floor":9.0,"key":"Question Card"},{"floor":10.0,"key":"Mercury Hourglass"},{"floor":12.0,"key":"Orichalcum"}],"event_choices":[{"damage_healed":0.0,"max_hp_gain":5.0,"max_hp_loss":0.0,"gold_gain":0.0,"event_name":"Big Fish","player_choice":"Donut","floor":3.0,"gold_loss":0.0,"damage_taken":0.0},{"damage_healed":0.0,"max_hp_gain":0.0,"max_hp_loss":0.0,"gold_gain":0.0,"event_name":"Liars Game","player_choice":"Ignored","floor":5.0,"gold_loss":0.0,"damage_taken":0.0},{"damage_healed":0.0,"max_hp_gain":0.0,"max_hp_loss":0.0,"gold_gain":0.0,"event_name":"Addict","player_choice":"Obtained Relic","floor":21.0,"gold_loss":85.0,"damage_taken":0.0,"relics_obtained":["FossilizedHelix"]}],"is_beta":false,"boss_relics":[{"not_picked":["HolyWater","Tiny House"],"picked":"VioletLotus"}],"items_purged_floors":[20,20],"is_endless":false,"potions_floor_spawned":[4,10,12,16,18],"killed_by":"Slavers","ascension_level":20}}