{"host":"uv231blk40vjdojr","time":1611270356,"event":{"mods":["AchievementEnabler","BaseMod","Bestiary","Minty Spire (QoL Compilation)","Relic Stats"],"gold_per_floor":[10,285,295,306,325,325,360,376,376,113,113,123,140,153,153,230,230,246,266,266,277,290,290,290],"floor_reached":23,"language":"ENG","playtime":1473,"items_purged":["Regret"],"score":398,"play_id":"5135430b-9d87-43f5-9215-b33d41e8025d","local_time":"20210122000556","is_ascension_mode":true,"campfire_choices":[{"floor":6.0,"key":"REST"},{"floor":15,"key":"REST"}],"circlet_count":0,"master_deck":["AscendersBane","Strike_P","Strike_P","Strike_P","Strike_P","Defend_P","Defend_P","Defend_P","Defend_P","Eruption","Vigilance","Scrawl","SashWhip","FlurryOfBlows","DevaForm","FearNoEvil","Protect","TalkToTheHand","Conclude","Blasphemy","FearNoEvil","ConjureBlade","Perseverance","Scrawl","Sanctity"],"relics":["PureWater","CaptainsWheel","Bird Faced Urn","Snecko Eye"],"acts_visited":["Exordium","TheCity"],"potions_floor_usage":[19,22],"damage_taken":[{"damage":1.0,"enemies":"2 Louse","floor":1.0,"turns":4.0},{"damage":4.0,"enemies":"Cultist","floor":3.0,"turns":4.0},{"damage":5.0,"enemies":"Small Slimes","floor":4.0,"turns":2.0},{"damage":29.0,"enemies":"Red Slaver","floor":5.0,"turns":4.0},{"damage":33.0,"enemies":"Gremlin Nob","floor":7.0,"turns":4.0},{"damage":6.0,"enemies":"Blue Slaver","floor":8.0,"turns":3.0},{"damage":10.0,"enemies":"3 Louse","floor":12.0,"turns":3.0},{"damage":0.0,"enemies":"Looter","floor":13.0,"turns":2.0},{"damage":0,"enemies":"Large Slime","floor":14,"turns":1},{"damage":19,"enemies":"The Guardian","floor":16,"turns":15},{"damage":18,"enemies":"Shell Parasite","floor":18,"turns":5},{"damage":0,"enemies":"Spheric Guardian","floor":19,"turns":2},{"damage":26,"enemies":"Cultist and Chosen","floor":21,"turns":7},{"damage":13,"enemies":"Snake Plant","floor":22,"turns":3},{"damage":18,"enemies":"Book of Stabbing","floor":23,"turns":5}],"seed_played":"5096126252926986952","potions_obtained":[{"floor":5.0,"key":"GamblersBrew"},{"floor":7.0,"key":"Explosive Potion"},{"floor":12.0,"key":"SteroidPotion"},{"floor":13.0,"key":"FairyPotion"},{"floor":19,"key":"Strength Potion"},{"floor":21,"key":"SneckoOil"}],"is_trial":false,"path_per_floor":["M","?","M","M","M","R","E","M","T","$","?","M","M","M","R","B",null,"M","M","?","M","M","E"],"character_chosen":"WATCHER","items_purchased":["FairyPotion","Conclude"],"campfire_rested":2,"item_purchase_floors":[10,10],"current_hp_per_floor":[60,60,56,51,22,42,9,3,3,3,3,14,14,14,34,17,55,39,39,29,5,14,0,0],"gold":290,"neow_bonus":"THREE_RARE_CARDS","is_daily":false,"chose_seed":false,"campfire_upgraded":0,"win_rate":0.0,"timestamp":1611270356,"path_taken":["M","?","?","M","M","R","E","M","T","$","?","M","M","M","R","BOSS","M","M","?","M","?","E"],"items_purchased_type":["Potion","Card"],"build_version":"2020-12-22","purchased_purges":1,"victory":false,"max_hp_per_floor":[68,68,68,68,68,68,68,68,68,68,68,68,68,68,68,68,68,68,68,68,68,68,68,68],"relic_stats":{"counters":[15,64],"Bird Faced Urn":[10],"Snecko Eye":[36,46,48,41],"obtain_stats":[{"CaptainsWheel":7,"Bird Faced Urn":9,"Snecko Eye":17,"PureWater":0},{"CaptainsWheel":5,"Bird Faced Urn":6,"Snecko Eye":10,"PureWater":0},{"CaptainsWheel":18,"Bird Faced Urn":21,"Snecko Eye":42,"PureWater":0}]},"card_choices":[{"not_picked":["Ragnarok","Brilliance"],"picked":"Scrawl","floor":0.0},{"not_picked":["JustLucky","PathToVictory"],"picked":"SashWhip","floor":1.0},{"not_picked":["FlyingSleeves","JustLucky"],"picked":"FlurryOfBlows","floor":3.0},{"not_picked":["FlyingSleeves","Evaluate"],"picked":"DevaForm","floor":4.0},{"not_picked":["Nirvana","FlurryOfBlows"],"picked":"FearNoEvil","floor":5.0},{"not_picked":["Evaluate","MentalFortress"],"picked":"Protect","floor":7.0},{"not_picked":["PathToVictory","Adaptation"],"picked":"TalkToTheHand","floor":8.0},{"not_picked":["Collect","Crescendo","CrushJoints"],"picked":"SKIP","floor":12.0},{"not_picked":["TalkToTheHand","FearNoEvil"],"picked":"ConjureBlade","floor":13.0},{"not_picked":["Weave","WaveOfTheHand"],"picked":"Perseverance","floor":14},{"not_picked":["DevaForm","Omniscience"],"picked":"Scrawl","floor":16},{"not_picked":["EmptyFist+1","Vengeance"],"picked":"Sanctity","floor":18},{"not_picked":["FlyingSleeves","ThirdEye","SashWhip"],"picked":"SKIP","floor":19},{"not_picked":["TalkToTheHand","BattleHymn","WreathOfFlame+1"],"picked":"SKIP","floor":21},{"not_picked":["CrushJoints","FearNoEvil","CutThroughFate"],"picked":"SKIP","floor":22}],"player_experience":714827,"relics_obtained":[{"floor":7.0,"key":"CaptainsWheel"},{"floor":9.0,"key":"Bird Faced Urn"}],"event_choices":[{"damage_healed":0.0,"max_hp_gain":0.0,"max_hp_loss":0.0,"gold_gain":275.0,"event_name":"Golden Shrine","player_choice":"Desecrate","floor":2.0,"gold_loss":0.0,"damage_taken":0.0,"cards_obtained":["Regret"]},{"damage_healed":0.0,"max_hp_gain":0.0,"max_hp_loss":0.0,"gold_gain":0.0,"event_name":"Match and Keep!","player_choice":"2 cards matched","floor":11.0,"gold_loss":0.0,"damage_taken":0.0,"cards_obtained":["Blasphemy","FearNoEvil"]},{"damage_healed":0,"gold_gain":0,"player_choice":"Damaged","damage_taken":10,"max_hp_gain":0,"max_hp_loss":0,"event_name":"Wheel of Change","floor":20,"gold_loss":0}],"is_beta":false,"boss_relics":[{"not_picked":["VioletLotus","HolyWater"],"picked":"Snecko Eye"}],"items_purged_floors":[10],"is_endless":false,"potions_floor_spawned":[5,7,12,13,19,21],"killed_by":"Book of Stabbing","ascension_level":20}}