{"host":"l8n56n8abrvcftzc","time":1611228108,"event":{"mods":["Aspiration","BaseMod","Better Note","Better Third Choice","Colored Map","DeckTracker","Googly Eyes","Highlight Path","Hubris","Minty Spire (QoL Compilation)","Permanent Neow","Relic Stats","Replay The Spire","StSLib","SuperFastMode","Uncapped"],"gold_per_floor":[114,114,128,139,67,67,67],"floor_reached":6,"language":"ENG","playtime":488,"items_purged":[],"score":36,"play_id":"118de035-6746-43f0-a5ad-a96c6e335e08","local_time":"20210121032148","is_ascension_mode":false,"campfire_choices":[],"circlet_count":0,"master_deck":["Strike_G","Strike_G","Strike_G","Strike_G","Defend_G","Defend_G+1","Defend_G","Defend_G","Defend_G","Survivor","Neutralize","Bullet Time","Acrobatics+1","Calculated Gamble","Reflex","Tactician"],"relics":["Ring of the Snake","War Paint"],"acts_visited":["Exordium"],"potions_floor_usage":[6],"damage_taken":[{"damage":0,"enemies":"2 Louse","floor":1,"turns":3},{"damage":1,"enemies":"Cultist","floor":3,"turns":4},{"damage":0,"enemies":"Jaw Worm","floor":4,"turns":5},{"damage":51,"enemies":"3 Sentries","floor":6,"turns":16}],"seed_played":"-4156047481731457470","potions_obtained":[{"floor":3,"key":"Elixir"}],"is_trial":false,"path_per_floor":["M","?","M","M","$","E"],"character_chosen":"THE_SILENT","items_purchased":["Tactician"],"campfire_rested":0,"item_purchase_floors":[5],"current_hp_per_floor":[70,52,51,51,51,0,0],"gold":67,"neow_bonus":"TRANSFORM_CARD","is_daily":false,"chose_seed":false,"campfire_upgraded":0,"win_rate":0.0,"timestamp":1611228108,"path_taken":["M","?","M","M","$","E"],"items_purchased_type":["Card"],"build_version":"2020-12-22","purchased_purges":0,"victory":false,"max_hp_per_floor":[70,70,70,70,70,70,70],"relic_stats":{"counters":[4,28],"War Paint":["Acrobatics","Defend_G"],"obtain_stats":[{"War Paint":2,"Ring of the Snake":0},{"War Paint":1,"Ring of the Snake":0},{"War Paint":3,"Ring of the Snake":0}],"Ring of the Snake":[8]},"card_choices":[{"not_picked":["Dagger Throw","Dodge and Roll"],"picked":"Acrobatics","floor":1},{"not_picked":["Sucker Punch","Noxious Fumes"],"picked":"Calculated Gamble","floor":3},{"not_picked":["Dagger Spray","Finisher"],"picked":"Reflex","floor":4}],"player_experience":775452,"relics_obtained":[],"event_choices":[{"damage_healed":0,"gold_gain":0,"player_choice":"Relic ","damage_taken":18,"max_hp_gain":0,"max_hp_loss":0,"event_name":"betterThird:BetterScrap","floor":2,"gold_loss":0,"cards_obtained":["Corruption"]}],"is_beta":false,"boss_relics":[],"items_purged_floors":[],"is_endless":false,"potions_floor_spawned":[3],"killed_by":"3 Sentries","ascension_level":0}}