{"host":"y9jgkjnf95sujozk","time":1611245791,"event":{"mods":["2.2 Compatiblity","AchievementEnabler","Act Like it!","BaseMod","BetterRewards","Block Reminder","Colored Map","Colored Powertips","Decade(王小明)","Downfall","Friendly Minions","Gensokyo","GifTheSpireLib","Hallownest","Hermit","Highlight Path","HololiveMod","Hubris","Infinite Spire","Jorbs\u0027s Wanderer Trilogy","Koishi","Marisa（霧雨　魔理沙）","Minty Spire (QoL Compilation)","Quick Restart","Random Character Button","Rare Cards Sparkle","Reimu（博??梦）","Remilia（蕾米莉?）","Shop Mod","StSLib","SuperFastMode","The Animator","The Bug Knight","The Cursed","The Disciple","The Hierophant","The Jungle","The Senshi","The Servant 0.9.4"],"gold_per_floor":[116,16,16,16,16,16,29,29,54,54,71,90,101,14,14,115,115,131,148,54,74,92,125,125,143,143,160,174,192,192,192,192,293,293,312,331,63,0,20,20,20,55,130,130,130,130,54,74,74,74],"floor_reached":51,"language":"ENG","playtime":1481,"items_purged":[],"score":714,"play_id":"94131066-2bf0-4e97-aaa8-172b1e596e73","local_time":"20210121171631","is_ascension_mode":false,"campfire_choices":[{"floor":6,"key":"REST"},{"data":"Koishi:StingingMind","floor":6,"key":"SMITH"},{"data":"Koishi:EmbryosDream","floor":10,"key":"SMITH"},{"data":"Finesse","floor":15,"key":"SMITH"},{"floor":24,"key":"REST"},{"data":"Koishi:ApparitionsStalkTheNight","floor":24,"key":"SMITH"},{"floor":32,"key":"REST"},{"data":"Koishi:ReflexRadar","floor":32,"key":"SMITH"},{"data":"Koishi:DreadfulBlow","floor":40,"key":"SMITH"},{"floor":44,"key":"REST"},{"data":"Koishi:RacingHeart","floor":44,"key":"SMITH"},{"data":"Koishi:Catatonia","floor":46,"key":"SMITH"},{"data":"Koishi:RacingHeart","floor":49,"key":"SMITH"}],"circlet_count":0,"master_deck":["Koishi:BasicStrike","Koishi:BasicStrike","Koishi:BasicStrike","Koishi:BasicStrike","Koishi:BasicDefend","Koishi:BasicDefend","Koishi:BasicDefend","Koishi:BasicDefend","Koishi:Provoke","Koishi:HauntingSlash","Impatience","Koishi:StingingMind","Koishi:DreadfulBlow","Koishi:StingingMind+1","Koishi:Vanish","Koishi:FreudianInstinct","Koishi:EmbryosDream+1","Koishi:RacingHeart","Koishi:MassHysteria","Koishi:SubterraneanRose","Finesse+1","Koishi:TerrifyingSpectre","Koishi:ParalyzingFear","Koishi:EmbryosDream+1","Koishi:ParalyzingFear","Koishi:TremblingHands","Koishi:UnseenTerror","Koishi:ApparitionsStalkTheNight+1","Koishi:HeartAttack+1","Koishi:DreadfulBlow","Koishi:FreudianInstinct","Koishi:ReflexRadar+1","Koishi:SprinkleStarAndHeart+1","Koishi:SuperEgo","Koishi:IdleWhim","Koishi:Catatonia+1","Koishi:Catatonia","Koishi:RacingHeart+1","Koishi:DreadfulBlow+1","Koishi:EmbryosDream+1","Koishi:Catatonia+1","Koishi:StingingMind","Koishi:RacingHeart+1","Koishi:UnseenTerror+1"],"relics":["Koishi:ImaginaryFriend","infinitespire:Magic Flask","ClockworkSouvenir","infinitespire:ShieldingShard","Koishi:AHoleWhereASisterShouldBe","Gensokyo:Justice","MealTicket","Busted Crown","Shuriken","hubris:PeanutButter","hubris:Towel","infinitespire:Bottled Soul","Philosopher\u0027s Stone","Toolbox","Red Mask","theSenshi:FeatherClipsRelic","infinitespire:CheckeredPen"],"acts_visited":["Exordium","TheCity","TheBeyond"],"potions_floor_usage":[16,16,19,23,23,33,33,33,33,33,42,42,42],"damage_taken":[{"damage":3,"enemies":"Gensokyo:3_Fairies","floor":1,"turns":4},{"damage":0,"enemies":"Gensokyo:Python","floor":7,"turns":2},{"damage":4,"enemies":"Gensokyo:2_Kodama","floor":11,"turns":4},{"damage":10,"enemies":"Gensokyo:Kitsune","floor":12,"turns":3},{"damage":6,"enemies":"Gensokyo:Python_and_Kodama","floor":13,"turns":4},{"damage":11,"enemies":"Gensokyo:Yukari","floor":16,"turns":8},{"damage":0,"enemies":"Spheric Guardian","floor":18,"turns":4},{"damage":16,"enemies":"2 Thieves","floor":19,"turns":4},{"damage":25,"enemies":"Cultist and Chosen","floor":21,"turns":7},{"damage":8,"enemies":"Centurion and Healer","floor":22,"turns":9},{"damage":43,"enemies":"Gremlin Leader","floor":23,"turns":7},{"damage":2,"enemies":"Snake Plant","floor":25,"turns":2},{"damage":0,"enemies":"Snecko","floor":27,"turns":5},{"damage":0,"enemies":"Cultist and Chosen","floor":28,"turns":6},{"damage":0,"enemies":"Snake Plant","floor":29,"turns":3},{"damage":1,"enemies":"Automaton","floor":33,"turns":9},{"damage":5,"enemies":"3 Darklings","floor":35,"turns":6},{"damage":0,"enemies":"Orb Walker","floor":36,"turns":3},{"damage":0,"enemies":"Sphere and 2 Shapes","floor":39,"turns":3},{"damage":21,"enemies":"Nightmare","floor":42,"turns":5},{"damage":0,"enemies":"Spire Growth","floor":48,"turns":6},{"damage":59,"enemies":"infinitespire:MassOfShapes","floor":50,"turns":15}],"seed_played":"352034961996095633","potions_obtained":[{"floor":1,"key":"Fire Potion"},{"floor":11,"key":"champ:CounterPotion"},{"floor":16,"key":"champ:CounterPotion"},{"floor":19,"key":"Fruit Juice"},{"floor":21,"key":"SteroidPotion"},{"floor":23,"key":"EntropicBrew"},{"floor":27,"key":"LiquidBronze"},{"floor":33,"key":"SteroidPotion"},{"floor":36,"key":"DistilledChaos"},{"floor":39,"key":"bronze:BurnAndBuffPotion"}],"is_trial":false,"path_per_floor":["M","$","?","?","COS","R","M","?","T","R","M","M","M","$","R","B",null,"M","M","$","M","M","E","R","M","T","M","M","M","?","T","R","B",null,"M","M","$","?","M","R","$","NM","T","R","?","R","$","M","R","B",null],"character_chosen":"KOISHI","items_purchased":["ClockworkSouvenir","infinitespire:ShieldingShard","Koishi:AHoleWhereASisterShouldBe","Impatience","Koishi:DreadfulBlow","Koishi:JumpScare","Finesse","Koishi:ParalyzingFear","Koishi:TremblingHands","Koishi:Catatonia","Koishi:RacingHeart","Toolbox","Koishi:StingingMind","Koishi:RacingHeart"],"campfire_rested":4,"item_purchase_floors":[0,0,0,0,2,2,14,20,20,37,37,37,47,47],"current_hp_per_floor":[59,59,59,59,59,60,60,60,60,60,57,53,51,60,60,60,60,60,49,64,45,52,16,35,36,36,40,53,55,55,55,65,65,65,62,65,65,65,65,65,65,57,57,65,65,65,65,65,65,37],"gold":74,"neow_bonus":"","is_daily":false,"chose_seed":false,"campfire_upgraded":9,"win_rate":0.0,"timestamp":1611245791,"path_taken":["M","$","?","?","COS","R","M","?","T","R","M","M","M","?","R","BOSS","M","M","$","M","M","E","R","?","T","M","M","M","?","?","R","BOSS","M","M","$","?","M","R","$","NM","T","R","?","R","?","M","R","BOSS"],"items_purchased_type":["Relic","Relic","Relic","Card","Card","Card","Card","Card","Card","Card","Card","Relic","Card","Card"],"build_version":"2020-12-22","purchased_purges":0,"victory":true,"max_hp_per_floor":[60,60,60,60,60,60,60,60,60,60,60,60,60,60,60,60,60,60,65,65,65,65,65,65,65,65,65,65,65,65,65,65,65,65,65,65,65,65,65,65,65,65,65,65,65,65,65,65,65,65],"card_choices":[{"not_picked":["Koishi:UnconsciousUrges","Koishi:ApparitionsStalkTheNight"],"picked":"Koishi:StingingMind","floor":1},{"not_picked":["Koishi:PhantomBarrier","Koishi:UnansweredLove"],"picked":"Koishi:Vanish","floor":7},{"not_picked":["Koishi:Untouchable","Koishi:Whimsy"],"picked":"Koishi:FreudianInstinct","floor":8},{"not_picked":["Koishi:SubterraneanRose","Koishi:RoseHell"],"picked":"Koishi:EmbryosDream","floor":8},{"not_picked":["Koishi:EmbryosDream","Koishi:Prune"],"picked":"Koishi:RacingHeart","floor":11},{"not_picked":["Koishi:PhantomBarrier","Koishi:ReflexRadar"],"picked":"Koishi:MassHysteria","floor":12},{"not_picked":["Koishi:TraumaticStroke","Koishi:UnconsciousUprising"],"picked":"Koishi:SubterraneanRose","floor":13},{"not_picked":["Koishi:RollingInRichesHeart","Koishi:RuptureMind"],"picked":"Koishi:TerrifyingSpectre","floor":16},{"not_picked":[],"picked":"Koishi:ParalyzingFear","floor":18},{"not_picked":[],"picked":"Koishi:EmbryosDream+1","floor":19},{"not_picked":[],"picked":"Koishi:UnseenTerror","floor":21},{"not_picked":[],"picked":"Koishi:ApparitionsStalkTheNight","floor":22},{"not_picked":[],"picked":"Koishi:HeartAttack+1","floor":23},{"not_picked":[],"picked":"Koishi:DreadfulBlow","floor":25},{"not_picked":[],"picked":"Koishi:FreudianInstinct","floor":27},{"not_picked":[],"picked":"Koishi:ReflexRadar","floor":28},{"not_picked":[],"picked":"Koishi:SprinkleStarAndHeart+1","floor":29},{"not_picked":[],"picked":"Koishi:SuperEgo","floor":33},{"not_picked":[],"picked":"Koishi:IdleWhim","floor":35},{"not_picked":[],"picked":"Koishi:Catatonia+1","floor":36},{"not_picked":[],"picked":"Koishi:DreadfulBlow","floor":39},{"not_picked":[],"picked":"Koishi:EmbryosDream+1","floor":42},{"not_picked":[],"picked":"Koishi:UnseenTerror+1","floor":48}],"player_experience":158112,"relics_obtained":[{"floor":9,"key":"MealTicket"},{"floor":23,"key":"Shuriken"},{"floor":26,"key":"hubris:PeanutButter"},{"floor":31,"key":"infinitespire:Bottled Soul"},{"floor":42,"key":"theSenshi:FeatherClipsRelic"},{"floor":43,"key":"infinitespire:CheckeredPen"}],"event_choices":[{"damage_healed":0,"gold_gain":0,"player_choice":"Paid","damage_taken":0,"relics_obtained":["Red Mask"],"max_hp_gain":0,"max_hp_loss":0,"event_name":"Tomb of Lord Red Mask","floor":38,"gold_loss":63}],"is_beta":false,"boss_relics":[{"not_picked":["Black Star","Pandora\u0027s Box"],"picked":"Busted Crown"},{"not_picked":["Hololive_ChaosS","hubris:VirtuousBlindfold"],"picked":"Philosopher\u0027s Stone"}],"items_purged_floors":[],"is_endless":false,"potions_floor_spawned":[1,11,16,19,21,23,27,33,36,39],"ascension_level":0}}