{"host":"rl3s470f8onwqc1s","time":1611202384,"event":{"mods":["ATMod(°¢èªMod)","BaseMod","Gold Saver","Minty Spire (QoL Compilation)","MostiFishMod","Shop Mod","Spicy Shops","StSLib","TestMod"],"gold_per_floor":[2789,2864,2879,2879,2879,2879,2983,2983,3035,3102,3155,3194,3119,3159,3159,3256,3256,3348,3348,3391,3500,3540,3694,3694,3754,3754,3754,3860,3948,3990,4056,4056,4155,4155,4193,4243,4465,4465,4425,4482,4568,4671,4671,4722,4722,4722,4722,4722,4722,4772,4797,4797,4797,4797,4873,4898],"floor_reached":57,"language":"ZHS","playtime":2837,"items_purged":["Strike_B","Defend_B","Strike_B","Defend_B","Sweeping Beam"],"score":3787,"play_id":"ed0ac14f-ac58-4c80-afad-03460c5f7405","local_time":"20210121121304","is_ascension_mode":true,"campfire_choices":[{"data":"AT_ShrugMaster","floor":6.0,"key":"SMITH"},{"data":"Zap","floor":8.0,"key":"SMITH"},{"data":"Recycle","floor":15.0,"key":"SMITH"},{"data":"Heatsinks","floor":27,"key":"SMITH"},{"floor":32,"key":"RECALL"},{"data":"Defend_B","floor":46,"key":"PURGE"},{"data":"Defend_B","floor":49,"key":"PURGE"},{"data":"Dualcast","floor":53,"key":"PURGE"}],"circlet_count":0,"master_deck":["AscendersBane","Zap+1","AT_ShrugMaster+1","Capacitor","Turbo","Heatsinks+1","Conserve Battery","Impatience","Cold Snap","Coolheaded","Recycle+1","Gash","Capacitor","FTL","AT_ThreeBodyProblem+1","MostiFishMod:Nova+1","MostiFishMod:Galeforce+1","Defragment+1","MostiFishMod:ReadyAimFire+1","Gash","MostiFishMod:GatherIntelligence+1","testmod-PowerStrike+5","MostiFishMod:ActiveDefenseSystem+1","Rainbow+1","testmod-DisillusionmentEcho+1","Dramatic Entrance","MostiFishMod:OneDayCity+1","MostiFishMod:IntelligentEquipment+1"],"relics":["testmod-TestBox","DaveBox","AT_ATBox","DiscerningMonocle","testmod-EqualTreatment","AT_TrinityForce","SynthV:TestCard","StrikeDummy","AT_MibuBalloonWealth","MostiFishMod:AdaptiveDefenses","testmod-Alchemist","Bag of Marbles","Pen Nib","FeatherPendant","Question Card","Boot","Bronze Scales","Peace Pipe","BrkXgEgg","HandDrill","Red Mask","AT_Manta","Lee\u0027s Waffle","Vajra","InkBottle","BirthdayGift-Icosahedron","Toy Ornithopter","testmod-FatalChain","Juzu Bracelet","Pear","Darkstone Periapt","Inserter","CombinedTypeHook","DianPoetry","AT_SilvercatRing","Anchor","Eternal Feather","SynthV","AT_LudenTempest","HornCleat","AT_GuinsooRageblade","AT_SpeedBoots","Orichalcum","AT_ImmortalShieldbow","Pantograph","Blue Candle","ClockworkSouvenir","Civilization","MerchantsRug","Mummified Hand","Bag of Preparation","AT_RedTearstoneRing","Centennial Puzzle","Toolbox","Cauldron","Ornamental Fan"],"acts_visited":["Exordium","TheCity","TheBeyond","TheEnding"],"potions_floor_usage":[56],"damage_taken":[{"damage":0.0,"enemies":"2 Louse","floor":1.0,"turns":2.0},{"damage":6.0,"enemies":"Jaw Worm","floor":3.0,"turns":4.0},{"damage":1.0,"enemies":"3 Sentries","floor":7.0,"turns":5.0},{"damage":0.0,"enemies":"Small Slimes","floor":10.0,"turns":1.0},{"damage":0.0,"enemies":"Lagavulin","floor":11.0,"turns":5.0},{"damage":6.0,"enemies":"Red Slaver","floor":12.0,"turns":5.0},{"damage":0.0,"enemies":"Large Slime","floor":14.0,"turns":5.0},{"damage":0.0,"enemies":"The Guardian","floor":16.0,"turns":8.0},{"damage":0.0,"enemies":"3 Byrds","floor":18.0,"turns":2.0},{"damage":0.0,"enemies":"Shell Parasite","floor":20.0,"turns":1.0},{"damage":0.0,"enemies":"Masked Bandits","floor":21.0,"turns":2.0},{"damage":18.0,"enemies":"Snake Plant","floor":22.0,"turns":2.0},{"damage":0.0,"enemies":"Gremlin Leader","floor":23.0,"turns":3.0},{"damage":0.0,"enemies":"Book of Stabbing","floor":25.0,"turns":2.0},{"damage":0,"enemies":"Slavers","floor":28,"turns":1},{"damage":0,"enemies":"3 Cultists","floor":29,"turns":1},{"damage":0,"enemies":"Snecko","floor":30,"turns":2},{"damage":0,"enemies":"Centurion and Healer","floor":31,"turns":2},{"damage":0,"enemies":"Champ","floor":33,"turns":3},{"damage":0,"enemies":"Orb Walker","floor":35,"turns":1},{"damage":0,"enemies":"Mind Bloom Boss Battle","floor":36,"turns":1},{"damage":0,"enemies":"Nemesis","floor":40,"turns":2},{"damage":0,"enemies":"3 Shapes","floor":41,"turns":1},{"damage":0,"enemies":"Reptomancer","floor":42,"turns":1},{"damage":0,"enemies":"Nemesis","floor":44,"turns":1},{"damage":0,"enemies":"Donu and Deca","floor":50,"turns":1},{"damage":0,"enemies":"Time Eater","floor":51,"turns":2},{"damage":0,"enemies":"Shield and Spear","floor":55,"turns":1},{"damage":0,"enemies":"The Heart","floor":56,"turns":2}],"seed_played":"-4022143990189128473","potions_obtained":[{"floor":1.0,"key":"SneckoOil"},{"floor":7.0,"key":"EntropicBrew"},{"floor":18.0,"key":"PowerPotion"},{"floor":36,"key":"Fruit Juice"}],"is_trial":false,"path_per_floor":["M","?","M","$","?","R","E","R","T","M","E","M","?","M","R","B",null,"M","$","M","?","M","E","$","E","T","R","E","M","M","M","R","B",null,"M","?","?","$","?","E","M","E","T","E","?","R","?","$","R","B","B",null,"R","$","E","B",null],"character_chosen":"DEFECT","items_purchased":["StrikeDummy","AT_MibuBalloonWealth","MostiFishMod:AdaptiveDefenses","testmod-Alchemist","Heatsinks","Conserve Battery","DistilledChaos","Block Potion","Impatience","Question Card","Boot","Bronze Scales","Peace Pipe","BrkXgEgg","HandDrill","Capacitor","FTL","Sweeping Beam","Lee\u0027s Waffle","Vajra","InkBottle","BirthdayGift-Icosahedron","Toy Ornithopter","testmod-FatalChain","MostiFishMod:Galeforce+1","DianPoetry","AT_SilvercatRing","Anchor","Eternal Feather","SynthV","testmod-PowerStrike+1","Orichalcum","AT_ImmortalShieldbow","Pantograph","Blue Candle","ClockworkSouvenir","Civilization","MerchantsRug","MostiFishMod:IntelligentEquipment+1","Mummified Hand","Bag of Preparation","AT_RedTearstoneRing","Centennial Puzzle","Toolbox","Cauldron"],"campfire_rested":0,"item_purchase_floors":[4,4,4,4,4,4,4,4,4,19,19,19,19,19,19,19,19,19,24,24,24,24,24,24,24,38,38,38,38,38,38,48,48,48,48,48,48,48,48,54,54,54,54,54,54],"current_hp_per_floor":[64,53,47,47,40,40,39,39,39,39,39,33,33,33,33,33,62,62,62,62,62,44,44,78,78,88,88,88,88,88,88,88,88,88,88,88,88,88,88,93,98,103,103,108,98,108,118,118,118,125,133,133,133,133,143,158],"gold":4898,"neow_bonus":"BOSS_RELIC","is_daily":false,"chose_seed":false,"campfire_upgraded":4,"win_rate":0.0,"timestamp":1611202384,"path_taken":["M","?","M","$","?","R","E","R","T","M","E","M","?","M","R","BOSS","M","$","M","?","M","E","$","E","T","R","E","M","M","M","R","BOSS","M","?","?","$","?","E","M","E","T","E","?","R","?","$","R","BOSS","BOSS","R","$","E","BOSS"],"items_purchased_type":["Relic","Relic","Relic","Relic","Card","Card","Potion","Potion","Card","Relic","Relic","Relic","Relic","Relic","Relic","Card","Card","Card","Relic","Relic","Relic","Relic","Relic","Relic","Card","Relic","Relic","Relic","Relic","Relic","Card","Relic","Relic","Relic","Relic","Relic","Relic","Relic","Card","Relic","Relic","Relic","Relic","Relic","Relic"],"build_version":"2020-12-22","purchased_purges":5,"victory":true,"max_hp_per_floor":[71,71,71,71,71,71,71,71,71,71,71,71,71,71,71,71,71,71,71,71,71,71,71,78,78,88,88,88,88,88,88,88,88,88,88,88,88,88,88,93,98,103,103,108,108,108,118,118,118,125,133,133,133,133,143,158],"card_choices":[{"not_picked":["Compile Driver","Auto Shields"],"picked":"Capacitor","floor":1.0},{"not_picked":["Ball Lightning","Compile Driver","AT_HeatAcrobatics","MostiFishMod:ATRI"],"picked":"Turbo","floor":3.0},{"not_picked":["AT_RobotInSpace","Sweeping Beam","Streamline","Compile Driver"],"picked":"Cold Snap","floor":7.0},{"not_picked":["Conserve Battery","Auto Shields","Undo","Cold Snap"],"picked":"Coolheaded","floor":10.0},{"not_picked":["Hologram","Blizzard","Go for the Eyes","Streamline","Rip and Tear"],"picked":"SKIP","floor":11.0},{"not_picked":["MostiFishMod:PushDownKick","Cold Snap","Stack","AT_HeatAcrobatics","Beam Cell"],"picked":"SKIP","floor":12.0},{"not_picked":["Heatsinks","Melter","AT_EMC2","Sweeping Beam"],"picked":"Recycle","floor":14.0},{"not_picked":["MostiFishMod:DawningShadow","MostiFishMod:TalkingToTheRain","Thunder Strike","MostiFishMod:IntelligentEquipment"],"picked":"MostiFishMod:Prepare","floor":16.0},{"not_picked":["Compile Driver+1","Streamline","Sweeping Beam+1","Chill"],"picked":"Gash","floor":18.0},{"not_picked":["Conserve Battery","Self Repair","Go for the Eyes","Sweeping Beam+1","Leap","Cold Snap"],"picked":"SKIP","floor":20.0},{"not_picked":["AT_EMC2","Ball Lightning","Hello World","Self Repair+1","Cold Snap"],"picked":"AT_ThreeBodyProblem","floor":21.0},{"not_picked":["Steam Power","Streamline","Fusion","Steam","Cold Snap","Storm"],"picked":"SKIP","floor":22.0},{"not_picked":["Auto Shields+1","Barrage","Darkness","Storm","Recycle"],"picked":"MostiFishMod:Nova+1","floor":23.0},{"not_picked":["Leap","Barrage+1","Redo","Reinforced Body","Cold Snap"],"picked":"Defragment","floor":25},{"not_picked":["Barrage","Rebound","Steam+1","Ball Lightning","Hologram","MostiFishMod:FluxCapactior"],"picked":"SKIP","floor":28},{"not_picked":["AT_EMC2","Leap","AT_ThreeBodyProblem","Heatsinks","MostiFishMod:FluxCapactior","Stack"],"picked":"SKIP","floor":29},{"not_picked":["Self Repair","AT_ThreeBodyProblem","AT_DarkMatter","MostiFishMod:PushDownKick","MostiFishMod:TalkingToTheRain+1","Rip and Tear"],"picked":"SKIP","floor":30},{"not_picked":["AT_HeatAcrobatics","Heatsinks","Beam Cell+1","Streamline","Sweeping Beam","Tempest"],"picked":"SKIP","floor":31},{"not_picked":["MostiFishMod:SeaWaves+1","MostiFishMod:InterfaceCompatibility+1","Seek+1","MostiFishMod:IceShield+1","Multi-Cast+1"],"picked":"MostiFishMod:ReadyAimFire+1","floor":33},{"not_picked":["Compile Driver","Go for the Eyes","Sunder+1","Rebound","Fusion"],"picked":"Gash","floor":35},{"not_picked":["Turbo+1","Beam Cell","Heatsinks","Compile Driver+1","Cold Snap"],"picked":"MostiFishMod:GatherIntelligence","floor":36},{"not_picked":["Stack","Rip and Tear","Leap","AT_EMC2","Go for the Eyes","Skim"],"picked":"SKIP","floor":40},{"not_picked":["MostiFishMod:PushDownKick","FTL","Turbo","Barrage+1","Chill","Cold Snap"],"picked":"SKIP","floor":41},{"not_picked":["Scrape+1","Coolheaded","Lockon","Force Field","Blizzard"],"picked":"MostiFishMod:ActiveDefenseSystem+1","floor":42},{"not_picked":["Turbo","AT_EMC2","Cold Snap","Storm","Compile Driver+1"],"picked":"Rainbow+1","floor":44},{"not_picked":["AT_CelerityRune","AT_FalsePromise+1","testmod-LimitFlipper","testmod-TaurusBlackCat+1","testmod-HeadAttack"],"picked":"testmod-DisillusionmentEcho+1","floor":45},{"not_picked":["testmod-Mystery","testmod-DisillusionmentEcho+1","testmod-Bloodthirsty","Finesse","PanicButton"],"picked":"Dramatic Entrance","floor":45},{"not_picked":["testmod-Illusory+1","AT_FalsePromise+1","testmod-Reverberation+1","Forethought","testmod-HandmadeProducts"],"picked":"MostiFishMod:OneDayCity+1","floor":45},{"not_picked":["Go for the Eyes","Doom and Gloom","MostiFishMod:PushDownKick","Turbo","Seek+1","Blizzard"],"picked":"SKIP","floor":55}],"player_experience":1306310,"relics_obtained":[{"floor":1.0,"key":"SynthV:TestCard"},{"floor":7.0,"key":"Bag of Marbles"},{"floor":11.0,"key":"Pen Nib"},{"floor":21.0,"key":"Red Mask"},{"floor":23.0,"key":"AT_Manta"},{"floor":25,"key":"Juzu Bracelet"},{"floor":26,"key":"Pear"},{"floor":28,"key":"Darkstone Periapt"},{"floor":36,"key":"CombinedTypeHook"},{"floor":40,"key":"AT_LudenTempest"},{"floor":42,"key":"HornCleat"},{"floor":43,"key":"AT_GuinsooRageblade"},{"floor":44,"key":"AT_SpeedBoots"},{"floor":55,"key":"Ornamental Fan"}],"event_choices":[{"damage_healed":0.0,"max_hp_gain":0.0,"max_hp_loss":0.0,"gold_gain":75.0,"event_name":"World of Goop","player_choice":"Gather Gold","floor":2.0,"gold_loss":0.0,"damage_taken":11.0},{"cards_removed":["Strike_B"],"damage_healed":0.0,"max_hp_gain":0.0,"max_hp_loss":0.0,"gold_gain":0.0,"event_name":"Golden Wing","player_choice":"Card Removal","floor":5.0,"gold_loss":0.0,"damage_taken":7.0},{"cards_removed":["Strike_B"],"damage_healed":0.0,"max_hp_gain":0.0,"max_hp_loss":0.0,"gold_gain":0.0,"event_name":"The Cleric","player_choice":"Card Removal","floor":13.0,"gold_loss":75.0,"damage_taken":0.0},{"damage_healed":0.0,"max_hp_gain":0.0,"max_hp_loss":0.0,"gold_gain":0.0,"event_name":"Masked Bandits","player_choice":"Fought Bandits","floor":21.0,"gold_loss":0.0,"damage_taken":0.0},{"damage_healed":0,"gold_gain":0,"player_choice":"Fight","damage_taken":0,"max_hp_gain":0,"max_hp_loss":0,"event_name":"MindBloom","floor":36,"gold_loss":0},{"damage_healed":0,"gold_gain":222,"player_choice":"Wore Mask","damage_taken":0,"max_hp_gain":0,"max_hp_loss":0,"event_name":"Tomb of Lord Red Mask","floor":37,"gold_loss":0},{"damage_healed":0,"gold_gain":0,"player_choice":"Bought 3 Potions","damage_taken":0,"max_hp_gain":0,"max_hp_loss":0,"event_name":"The Woman in Blue","floor":39,"gold_loss":0},{"damage_healed":0,"gold_gain":0,"player_choice":"Memory 3","damage_taken":10,"max_hp_gain":0,"max_hp_loss":0,"event_name":"SensoryStone","floor":45,"gold_loss":0},{"cards_removed":["MostiFishMod:Prepare"],"damage_healed":0,"gold_gain":0,"player_choice":"Offered Rare","damage_taken":0,"max_hp_gain":10,"max_hp_loss":0,"event_name":"Bonfire Elementals","floor":47,"gold_loss":0}],"is_beta":false,"boss_relics":[{"not_picked":["PatriotShield","testmod-Temperance"],"picked":"FeatherPendant"},{"not_picked":["Velvet Choker","EE1DDrone"],"picked":"Inserter"}],"items_purged_floors":[4,19,38,48,54],"is_endless":false,"potions_floor_spawned":[1,7,14,18,22,23,31,36,40,41],"ascension_level":20}}