{"host":"w3q5ijqu8eoknil3","time":1611233911,"event":{"mods":["AchievementEnabler","BaseMod","Block Reminder","Colored Map","Colored Powertips","Curses Come First","Dark Map","Minty Spire (QoL Compilation)","Quick Restart","Relic Stats","StSLib","ojb\u0027s Better Paths Mod","ojb\u0027s Info Mod","slay the spire mod where everything is the same but ironclad has a cowboy hat"],"gold_per_floor":[110,110,110,128,128,159,159,190,190,29,40,55,14,14,14,88,88,107,118,43,43,43,69,69,80,80,80,80],"floor_reached":27,"language":"ENG","playtime":890,"items_purged":["Strike_G"],"score":502,"play_id":"34536a27-5bcc-4e25-a698-b96bb43009a2","local_time":"20210121125831","is_ascension_mode":true,"campfire_choices":[{"data":"Crippling Poison","floor":7,"key":"SMITH"},{"floor":15,"key":"REST"},{"data":"Catalyst","floor":24,"key":"SMITH"}],"circlet_count":0,"master_deck":["AscendersBane","Strike_G","Strike_G+1","Strike_G+1","Defend_G","Defend_G","Defend_G","Defend_G","Defend_G","Survivor","Neutralize","Flying Knee","Poisoned Stab","Crippling Poison+1","Deadly Poison","Catalyst","PiercingWail","Outmaneuver","Night Terror","Eviscerate","Catalyst+1","Venomology"],"relics":["Ring of the Snake","NeowsBlessing","White Beast Statue","Potion Belt","PreservedInsect","Question Card","Snecko Eye","Bag of Preparation","Bottled Lightning"],"acts_visited":["Exordium","TheCity"],"potions_floor_usage":[8,11,12,16,18,19,23,23,23,27],"damage_taken":[{"damage":0,"enemies":"Jaw Worm","floor":1,"turns":1},{"damage":0,"enemies":"Small Slimes","floor":4,"turns":1},{"damage":0,"enemies":"Lagavulin","floor":6,"turns":1},{"damage":24,"enemies":"Gremlin Nob","floor":8,"turns":4},{"damage":0,"enemies":"2 Louse","floor":11,"turns":1},{"damage":0,"enemies":"Exordium Wildlife","floor":12,"turns":2},{"damage":21,"enemies":"The Guardian","floor":16,"turns":8},{"damage":9,"enemies":"3 Byrds","floor":18,"turns":4},{"damage":7,"enemies":"Spheric Guardian","floor":19,"turns":4},{"damage":24,"enemies":"Slavers","floor":23,"turns":6},{"damage":1,"enemies":"Centurion and Healer","floor":25,"turns":3},{"damage":23,"enemies":"Shelled Parasite and Fungi","floor":27,"turns":1}],"seed_played":"-1288686895341959218","potions_obtained":[{"floor":1,"key":"Explosive Potion"},{"floor":4,"key":"SteroidPotion"},{"floor":6,"key":"AttackPotion"},{"floor":8,"key":"SneckoOil"},{"floor":11,"key":"FearPotion"},{"floor":12,"key":"Fire Potion"},{"floor":16,"key":"Fruit Juice"},{"floor":18,"key":"AttackPotion"},{"floor":19,"key":"EntropicBrew"},{"floor":23,"key":"LiquidBronze"}],"is_trial":false,"path_per_floor":["M","?","?","M","?","E","R","E","T","$","M","M","?","$","R","B",null,"M","M","?","?","?","E","R","M","T","M"],"character_chosen":"THE_SILENT","items_purchased":["Catalyst"],"campfire_rested":1,"item_purchase_floors":[10],"current_hp_per_floor":[59,64,43,43,25,25,25,1,1,1,1,1,1,1,22,1,54,45,38,38,38,38,19,19,18,18,0,0],"gold":80,"neow_bonus":"THREE_ENEMY_KILL","is_daily":false,"chose_seed":false,"campfire_upgraded":2,"win_rate":0.0,"timestamp":1611233911,"path_taken":["M","?","?","M","?","E","R","E","T","$","M","M","?","?","R","BOSS","M","M","?","?","?","E","R","M","T","M"],"items_purchased_type":["Card"],"build_version":"2020-12-22","purchased_purges":1,"victory":false,"max_hp_per_floor":[66,71,71,71,71,71,71,71,71,71,71,71,71,71,71,71,71,71,71,71,71,71,76,76,76,76,76,76],"relic_stats":{"counters":[12,36],"Snecko Eye":[41,32,33,25],"PreservedInsect":42,"Bag of Preparation":[2],"Question Card":7,"obtain_stats":[{"Potion Belt":6,"NeowsBlessing":0,"Snecko Eye":17,"PreservedInsect":8,"Bag of Preparation":23,"Bottled Lightning":26,"Question Card":9,"White Beast Statue":5,"Ring of the Snake":0},{"Potion Belt":3,"NeowsBlessing":0,"Snecko Eye":7,"PreservedInsect":4,"Bag of Preparation":10,"Bottled Lightning":11,"Question Card":4,"White Beast Statue":2,"Ring of the Snake":0},{"Potion Belt":3,"NeowsBlessing":0,"Snecko Eye":18,"PreservedInsect":7,"Bag of Preparation":32,"Bottled Lightning":35,"Question Card":7,"White Beast Statue":2,"Ring of the Snake":0}],"Ring of the Snake":[24]},"card_choices":[{"not_picked":["Distraction","Heel Hook"],"picked":"Flying Knee","floor":1},{"not_picked":["Dagger Throw","Deadly Poison"],"picked":"Poisoned Stab","floor":4},{"not_picked":["Outmaneuver","PiercingWail"],"picked":"Crippling Poison","floor":6},{"not_picked":["Acrobatics","Eviscerate"],"picked":"Deadly Poison","floor":8},{"not_picked":["Choke","Cloak And Dagger","Accuracy"],"picked":"PiercingWail","floor":11},{"not_picked":["Bane","Setup","Poisoned Stab"],"picked":"Outmaneuver","floor":12},{"not_picked":["Adrenaline","After Image","Grand Finale"],"picked":"Night Terror","floor":16},{"not_picked":["Well Laid Plans","Slice","Poisoned Stab"],"picked":"Eviscerate","floor":18},{"not_picked":["Flying Knee","PiercingWail","Bane"],"picked":"Catalyst","floor":19},{"not_picked":["Calculated Gamble","Noxious Fumes","Blade Dance","Cloak And Dagger"],"picked":"SKIP","floor":23},{"not_picked":["Calculated Gamble","Noxious Fumes","Blade Dance","Cloak And Dagger"],"picked":"SKIP","floor":23},{"not_picked":["Poisoned Stab","Escape Plan","Backstab"],"picked":"Venomology","floor":25}],"player_experience":1002182,"relics_obtained":[{"floor":6,"key":"Potion Belt"},{"floor":8,"key":"PreservedInsect"},{"floor":9,"key":"Question Card"},{"floor":23,"key":"Bag of Preparation"},{"floor":26,"key":"Bottled Lightning"}],"event_choices":[{"damage_healed":0,"gold_gain":0,"player_choice":"Donut","damage_taken":0,"max_hp_gain":5,"max_hp_loss":0,"event_name":"Big Fish","floor":2,"gold_loss":0},{"damage_healed":0,"gold_gain":0,"player_choice":"Entered Light","damage_taken":21,"max_hp_gain":0,"max_hp_loss":0,"event_name":"Shining Light","floor":3,"gold_loss":0,"cards_upgraded":["Strike_G","Strike_G"]},{"damage_healed":0,"gold_gain":0,"player_choice":"Success","damage_taken":18,"relics_obtained":["White Beast Statue"],"max_hp_gain":0,"max_hp_loss":0,"event_name":"Scrap Ooze","floor":5,"gold_loss":0},{"damage_healed":0,"gold_gain":0,"player_choice":"Left Gold","damage_taken":0,"max_hp_gain":0,"max_hp_loss":0,"event_name":"World of Goop","floor":13,"gold_loss":41},{"cards_removed":["Strike_G"],"damage_healed":0,"gold_gain":0,"player_choice":"Gave Gold","damage_taken":0,"max_hp_gain":0,"max_hp_loss":0,"event_name":"Beggar","floor":20,"gold_loss":75},{"damage_healed":0,"gold_gain":0,"player_choice":"Ignored","damage_taken":0,"max_hp_gain":0,"max_hp_loss":0,"event_name":"The Mausoleum","floor":21,"gold_loss":0},{"damage_healed":0,"gold_gain":0,"player_choice":"Ignored","damage_taken":0,"max_hp_gain":0,"max_hp_loss":0,"event_name":"Vampires","floor":22,"gold_loss":0}],"is_beta":false,"boss_relics":[{"not_picked":["Astrolabe","Fusion Hammer"],"picked":"Snecko Eye"}],"items_purged_floors":[10],"is_endless":false,"potions_floor_spawned":[1,4,6,8,11,12,16,18,19,23,25],"killed_by":"Shelled Parasite and Fungi","ascension_level":18}}