{"host":"sav7uxregyirlf69","time":1611225816,"event":{"mods":["AchievementEnabler","BaseMod","Colored Map","DeckTracker","Keyboard Shortcuts","Minty Spire (QoL Compilation)","READ ME - Guardian Mod","StSLib","SuperFastMode"],"gold_per_floor":[217,237,162,181,141,157,157,192,192,210,210,229,229,229,229,229,229],"floor_reached":16,"language":"KOR","playtime":265,"items_purged":[],"score":204,"play_id":"f7a54227-8c43-48a6-8ec0-6caa6e5ba915","local_time":"20210121194336","is_ascension_mode":true,"campfire_choices":[{"data":"Rage","floor":7,"key":"SMITH"},{"floor":13,"key":"REST"},{"data":"Dark Embrace","floor":15,"key":"SMITH"}],"circlet_count":0,"master_deck":["AscendersBane","Strike_R","Strike_R","Strike_R","Defend_R","Defend_R","Defend_R","Defend_R","Bash","Second Wind","Wild Strike","Rage+1","Dark Embrace+1"],"relics":["Burning Blood","Calipers","Incense Burner"],"acts_visited":["Exordium"],"potions_floor_usage":[],"damage_taken":[{"damage":11,"enemies":"Jaw Worm","floor":1,"turns":4},{"damage":1,"enemies":"2 Louse","floor":2,"turns":3},{"damage":1,"enemies":"Cultist","floor":4,"turns":3},{"damage":14,"enemies":"Large Slime","floor":6,"turns":6},{"damage":60,"enemies":"3 Sentries","floor":8,"turns":17},{"damage":4,"enemies":"2 Fungi Beasts","floor":10,"turns":4},{"damage":8,"enemies":"Exordium Wildlife","floor":12,"turns":5},{"damage":32,"enemies":"Slime Boss","floor":16,"turns":10}],"seed_played":"4605675263060204171","potions_obtained":[{"floor":5,"key":"SpeedPotion"},{"floor":5,"key":"Weak Potion"}],"is_trial":false,"path_per_floor":["M","M","?","M","?","M","R","E","T","M","?","M","R","?","R","B"],"character_chosen":"IRONCLAD","items_purchased":[],"campfire_rested":1,"item_purchase_floors":[],"current_hp_per_floor":[63,68,68,73,73,65,65,11,11,13,13,11,33,26,26,0,0],"gold":229,"neow_bonus":"HUNDRED_GOLD","is_daily":false,"chose_seed":false,"campfire_upgraded":2,"win_rate":0.0,"timestamp":1611225816,"path_taken":["M","M","?","M","?","M","R","E","T","?","?","M","R","?","R","BOSS"],"items_purchased_type":[],"build_version":"2020-12-22","purchased_purges":0,"victory":false,"max_hp_per_floor":[75,75,75,75,75,75,75,75,75,75,75,75,75,75,75,75,75],"card_choices":[{"not_picked":["Iron Wave","Flex"],"picked":"Second Wind","floor":1},{"not_picked":["Iron Wave","Seeing Red"],"picked":"Wild Strike","floor":2},{"not_picked":["Pummel","Blood for Blood"],"picked":"Rage","floor":4},{"not_picked":["Metallicize","Heavy Blade","Flame Barrier"],"picked":"SKIP","floor":6},{"not_picked":["Seeing Red","Rampage","Clash"],"picked":"SKIP","floor":8},{"not_picked":["Clash","Flex"],"picked":"Dark Embrace","floor":10},{"not_picked":["Sword Boomerang","Heavy Blade","Clothesline"],"picked":"SKIP","floor":12}],"player_experience":1345352,"relics_obtained":[{"floor":8,"key":"Calipers"},{"floor":9,"key":"Incense Burner"}],"event_choices":[{"cards_removed":["Strike_R"],"damage_healed":0,"gold_gain":0,"player_choice":"Card Removal","damage_taken":0,"max_hp_gain":0,"max_hp_loss":0,"event_name":"The Cleric","floor":3,"gold_loss":75},{"damage_healed":0,"gold_gain":0,"player_choice":"Bought 3 Potions","damage_taken":0,"max_hp_gain":0,"max_hp_loss":0,"event_name":"The Woman in Blue","floor":5,"gold_loss":0},{"damage_healed":0,"gold_gain":0,"player_choice":"Ignored","damage_taken":0,"max_hp_gain":0,"max_hp_loss":0,"event_name":"Shining Light","floor":11,"gold_loss":0},{"cards_removed":["Strike_R"],"damage_healed":0,"gold_gain":0,"player_choice":"Card Removal","damage_taken":7,"max_hp_gain":0,"max_hp_loss":0,"event_name":"Golden Wing","floor":14,"gold_loss":0}],"is_beta":false,"boss_relics":[],"items_purged_floors":[],"is_endless":false,"potions_floor_spawned":[8,10],"killed_by":"Slime Boss","ascension_level":20}}