{"host":"fc97bmrl7qvj4ruk","time":1611238880,"event":{"mods":["AchievementEnabler","Act Like it!","BaseMod","ChefMod","Colored Map","Gensokyo","GifTheSpireLib","Hermit","Minty Spire (QoL Compilation)","Replay The Spire","Robot Space Explorer","StSLib","The Hayseed"],"gold_per_floor":[117,117,137,212,232,260,260,260,287,299,310,341,397,24,24,124,124,137,149,207,223,238,238,264,264,339,29,64,64,104,139,139,252,252,288,319,348,154,188,188,241,0,0,41,72,72,72,129,129,155],"floor_reached":51,"language":"ZHS","playtime":6294,"items_purged":["chefmod:Strike","chefmod:Defend"],"score":955,"play_id":"55503e94-6d34-4aae-96ec-3b7cb9eacb30","local_time":"20210121102120","is_ascension_mode":false,"campfire_choices":[{"data":"chefmod:TodaysSpecial","floor":8.0,"key":"SMITH"},{"floor":15.0,"key":"DIG"},{"data":"chefmod:Fillet","floor":23.0,"key":"SMITH"},{"data":"chefmod:Fillet","floor":25.0,"key":"SMITH"},{"data":"ReplayTheSpireMod:Brewmster","floor":32.0,"key":"SMITH"},{"data":"chefmod:PrepCook","floor":40,"key":"SMITH"},{"data":"chefmod:RisingDough","floor":47,"key":"SMITH"},{"floor":49,"key":"REST"}],"circlet_count":0,"master_deck":["chefmod:QuickThaw","chefmod:Defend","chefmod:Defend","chefmod:TodaysSpecial+1","chefmod:CayenneCloud","chefmod:TastyDistraction","chefmod:Fillet+1","chefmod:Fillet+1","chefmod:OrderUp+1","chefmod:Fillet+1","chefmod:QuickChop","chefmod:AllYouCanEat","chefmod:PrepCook+1","Panache","ReplayTheSpireMod:Brewmster+1","Impatience","Poisoned Strike","chefmod:Tenderizer","chefmod:FireUp","chefmod:Granita","chefmod:FullBurn+1","chefmod:Chop","chefmod:Mince","Pot Of Greed","Pot Of Greed","chefmod:FarmersMarket","chefmod:SpaghettiCarbonara+1","chefmod:RisingDough+1","chefmod:ColdSteel+1","chefmod:IceCreamCone+1","chefmod:FullBurn+1","chefmod:HotSoup+1","chefmod:IcePick+1","chefmod:CuttingBoard+1","Pot Of Greed","chefmod:FiveAlarmChili+1","chefmod:OldCookbook+1","chefmod:SaveForLater","chefmod:FiveAlarmChili+1","chefmod:FarmersMarket","chefmod:KnifeFlurry+1"],"relics":["chefmod:TrustyPot","Happy Flower","Smiling Mask","Replay:Bottled Snecko","Mango","ReplayTheSpireMod:ShopPack","Blood Vial","Black Star","Replay:Mystery Machine","Bronze Scales","Replay:Ringing Soul","Pear","chefmod:CookieJar","Orichalcum","Replay:Bandana","ReplayTheSpireMod:Lightbulb","Ancient Tea Set","Grinning Jar","Astrolabe","Lantern","Prayer Wheel","Anchor","Red Mask","InkBottle","Frozen Egg 2","Blue Candle","Ornamental Fan","Nunchaku"],"acts_visited":["Exordium","TheCity","TheBeyond"],"potions_floor_usage":[36,39,39,41,41,48,48,50,50],"damage_taken":[{"damage":0.0,"enemies":"Jaw Worm","floor":1.0,"turns":4.0},{"damage":5.0,"enemies":"Cultist","floor":3.0,"turns":6.0},{"damage":0.0,"enemies":"2 Louse","floor":5.0,"turns":2.0},{"damage":8.0,"enemies":"Lagavulin","floor":6.0,"turns":7.0},{"damage":0.0,"enemies":"Large Slime","floor":10.0,"turns":5.0},{"damage":5.0,"enemies":"Looter","floor":11.0,"turns":3.0},{"damage":0.0,"enemies":"3 Sentries","floor":12.0,"turns":6.0},{"damage":0.0,"enemies":"Gremlin Nob","floor":13.0,"turns":4.0},{"damage":32.0,"enemies":"The Guardian","floor":16.0,"turns":9.0},{"damage":6.0,"enemies":"3 Byrds","floor":18.0,"turns":5.0},{"damage":0.0,"enemies":"Spheric Guardian","floor":19.0,"turns":3.0},{"damage":10.0,"enemies":"Snecko","floor":21.0,"turns":6.0},{"damage":0.0,"enemies":"Shelled Parasite and Fungi","floor":22.0,"turns":3.0},{"damage":16.0,"enemies":"Replay:Snechameleon","floor":24.0,"turns":7.0},{"damage":28.0,"enemies":"Slavers","floor":28.0,"turns":3.0},{"damage":23.0,"enemies":"Replay:Snechameleon","floor":30.0,"turns":5.0},{"damage":0.0,"enemies":"Cultist and Chosen","floor":31.0,"turns":4.0},{"damage":31.0,"enemies":"Automaton","floor":33.0,"turns":8.0},{"damage":8,"enemies":"Orb Walker","floor":35,"turns":3},{"damage":16,"enemies":"3 Shapes","floor":36,"turns":4},{"damage":24,"enemies":"3 Darklings","floor":37,"turns":3},{"damage":20,"enemies":"Sphere and 2 Shapes","floor":39,"turns":5},{"damage":7,"enemies":"Giant Head","floor":41,"turns":4},{"damage":0,"enemies":"R_Hoarder","floor":44,"turns":6},{"damage":56,"enemies":"Spire Growth","floor":45,"turns":5},{"damage":39,"enemies":"Reptomancer","floor":48,"turns":5},{"damage":53,"enemies":"Donu and Deca","floor":50,"turns":6}],"seed_played":"-708867282273299020","potions_obtained":[{"floor":1.0,"key":"SkillPotion"},{"floor":5.0,"key":"SteroidPotion"},{"floor":10.0,"key":"Dexterity Potion"},{"floor":12.0,"key":"SkillPotion"},{"floor":20.0,"key":"CultistPotion"},{"floor":20.0,"key":"Milkshake"},{"floor":24.0,"key":"GamblersBrew"},{"floor":30.0,"key":"LiquidMemories"},{"floor":31.0,"key":"FairyPotion"},{"floor":35,"key":"Strength Potion"},{"floor":39,"key":"Fire Potion"},{"floor":45,"key":"AttackPotion"}],"is_trial":false,"path_per_floor":["M","?","M","?","M","E","?","R","T","M","M","E","?","$","R_BF","B",null,"M","M","?","M","M","R","E","R","T","$","E","?","E","M","R","B",null,"M","M","M","$","M","R","E","?","T","E","M","?","R","E","R","B",null],"character_chosen":"THE_CHEF","items_purchased":["Panache","ReplayTheSpireMod:ShopPack","chefmod:CookieJar","Orichalcum","Lantern"],"campfire_rested":1,"item_purchase_floors":[14,14,27,27,38],"current_hp_per_floor":[83,83,78,67,67,59,59,59,59,59,54,54,68,68,68,38,97,91,93,69,61,63,63,66,66,76,76,50,50,32,37,37,11,122,117,106,87,87,72,72,70,70,70,75,24,24,24,32,75,24],"gold":155,"neow_bonus":"TEN_PERCENT_HP_BONUS","is_daily":false,"chose_seed":false,"campfire_upgraded":6,"win_rate":0.0,"timestamp":1611238880,"path_taken":["M","?","?","?","M","E","?","R","T","M","M","E","?","?","R_BF","BOSS","M","M","?","M","?","R","E","R","T","?","E","?","E","M","R","BOSS","M","M","?","$","M","R","E","?","T","E","M","?","R","E","R","BOSS"],"items_purchased_type":["Card","Relic","Relic","Relic","Relic"],"build_version":"2020-12-22","purchased_purges":2,"victory":true,"max_hp_per_floor":[83,83,83,83,83,83,83,83,83,83,83,83,97,97,97,97,97,97,97,97,97,97,97,100,100,110,110,110,110,113,116,116,119,122,125,128,131,131,134,134,137,137,137,140,143,143,143,146,146,146],"card_choices":[{"not_picked":["chefmod:FryPan","chefmod:Omelette"],"picked":"chefmod:CayenneCloud","floor":1.0},{"not_picked":["chefmod:IcePick","chefmod:ColdSteel"],"picked":"chefmod:Fillet","floor":3.0},{"not_picked":["chefmod:Chop","chefmod:Gelato"],"picked":"chefmod:Fillet","floor":5.0},{"not_picked":["chefmod:CleanHouse","chefmod:NewMenu"],"picked":"chefmod:OrderUp","floor":6.0},{"not_picked":["chefmod:PotatoGratin","chefmod:DinoKale"],"picked":"chefmod:Fillet","floor":10.0},{"not_picked":["chefmod:Chop","chefmod:Leftovers"],"picked":"chefmod:QuickChop","floor":11.0},{"not_picked":["chefmod:SliceAndDice","chefmod:BaoBuns"],"picked":"chefmod:AllYouCanEat","floor":12.0},{"not_picked":["chefmod:SaveForLater","chefmod:IcePick"],"picked":"chefmod:PrepCook","floor":13.0},{"not_picked":["Crow Ritual","The Bomb"],"picked":"ReplayTheSpireMod:Brewmster","floor":14.0},{"not_picked":["ReplayTheSpireMod:Uncanny Aura","Replay:Parry"],"picked":"Impatience","floor":14.0},{"not_picked":["Deep Breath","Panacea"],"picked":"Poisoned Strike","floor":14.0},{"not_picked":["chefmod:RaidPantry","chefmod:TwoForOne"],"picked":"chefmod:Tenderizer","floor":16.0},{"not_picked":["chefmod:ZaruSoba","chefmod:Fillet"],"picked":"chefmod:FireUp","floor":18.0},{"not_picked":["chefmod:SliceAndDice","chefmod:Fillet"],"picked":"chefmod:Granita","floor":19.0},{"not_picked":["chefmod:GroceryDelivery","chefmod:FryPan"],"picked":"chefmod:FullBurn+1","floor":20.0},{"not_picked":["chefmod:SliceAndDice","chefmod:Sorbet+1"],"picked":"chefmod:Chop","floor":21.0},{"not_picked":["chefmod:Chop","chefmod:MonsterBait","chefmod:Granita"],"picked":"SKIP","floor":22.0},{"not_picked":["chefmod:FryPan","chefmod:FiveAlarmChili"],"picked":"chefmod:Mince","floor":24.0},{"not_picked":["chefmod:AlooGobi","chefmod:PotatoGratin","chefmod:Defrost+1"],"picked":"SKIP","floor":28.0},{"not_picked":["chefmod:CleanHouse","chefmod:Mince"],"picked":"chefmod:FarmersMarket","floor":30.0},{"not_picked":["chefmod:FreezerBurn","chefmod:FullBurn"],"picked":"chefmod:SpaghettiCarbonara+1","floor":31.0},{"not_picked":["chefmod:TwoForOne","chefmod:PrepCook"],"picked":"chefmod:RisingDough","floor":33.0},{"not_picked":["chefmod:Flambe","chefmod:Ratatouille"],"picked":"chefmod:HotSoup+1","floor":35},{"not_picked":["chefmod:Granita+1","chefmod:Cleavers+1"],"picked":"chefmod:IcePick+1","floor":36},{"not_picked":["chefmod:HotSoup","chefmod:Gelato"],"picked":"chefmod:CuttingBoard+1","floor":37},{"not_picked":["chefmod:FullCourseMeal","chefmod:Chop"],"picked":"chefmod:FiveAlarmChili+1","floor":39},{"not_picked":["chefmod:GroceryDelivery+1","chefmod:IcePick+1"],"picked":"chefmod:OldCookbook+1","floor":41},{"not_picked":["chefmod:TwoForOne","chefmod:Gelato"],"picked":"chefmod:SaveForLater","floor":44},{"not_picked":["chefmod:Defrost","chefmod:DinoKale+1"],"picked":"chefmod:FiveAlarmChili+1","floor":45},{"not_picked":["chefmod:MonsterBait","chefmod:ColdSteel"],"picked":"chefmod:FarmersMarket","floor":45},{"not_picked":["chefmod:ZaruSoba","chefmod:MonsterBait+1"],"picked":"chefmod:KnifeFlurry+1","floor":48}],"player_experience":175354,"relics_obtained":[{"floor":6.0,"key":"Happy Flower"},{"floor":9.0,"key":"Smiling Mask"},{"floor":12.0,"key":"Replay:Bottled Snecko"},{"floor":13.0,"key":"Mango"},{"floor":15.0,"key":"Blood Vial"},{"floor":20.0,"key":"Replay:Mystery Machine"},{"floor":24.0,"key":"Bronze Scales"},{"floor":24.0,"key":"Replay:Ringing Soul"},{"floor":26.0,"key":"Pear"},{"floor":28.0,"key":"Replay:Bandana"},{"floor":28.0,"key":"ReplayTheSpireMod:Lightbulb"},{"floor":30.0,"key":"Ancient Tea Set"},{"floor":30.0,"key":"Grinning Jar"},{"floor":41,"key":"Prayer Wheel"},{"floor":41,"key":"Anchor"},{"floor":43,"key":"InkBottle"},{"floor":44,"key":"Frozen Egg 2"},{"floor":44,"key":"Blue Candle"},{"floor":48,"key":"Ornamental Fan"},{"floor":48,"key":"Nunchaku"}],"event_choices":[{"damage_healed":0.0,"max_hp_gain":0.0,"max_hp_loss":0.0,"gold_gain":0.0,"cards_transformed":["chefmod:Strike"],"event_name":"Transmorgrifier","player_choice":"Transformed","floor":2.0,"gold_loss":0.0,"damage_taken":0.0,"cards_obtained":["chefmod:TastyDistraction"]},{"damage_healed":0.0,"max_hp_gain":0.0,"max_hp_loss":0.0,"gold_gain":75.0,"event_name":"World of Goop","player_choice":"Gather Gold","floor":4.0,"gold_loss":0.0,"damage_taken":11.0},{"damage_healed":0.0,"max_hp_gain":0.0,"max_hp_loss":0.0,"gold_gain":0.0,"event_name":"Living Wall","player_choice":"Grow","floor":7.0,"gold_loss":0.0,"damage_taken":0.0,"cards_upgraded":["chefmod:OrderUp"]},{"damage_healed":0.0,"max_hp_gain":0.0,"max_hp_loss":0.0,"gold_gain":30.0,"event_name":"Dead Adventurer","player_choice":"Searched \u00273\u0027 times","floor":13.0,"gold_loss":0.0,"damage_taken":0.0},{"damage_healed":0.0,"max_hp_gain":0.0,"max_hp_loss":0.0,"gold_gain":0.0,"event_name":"Accursed Blacksmith","player_choice":"Forge","floor":29.0,"gold_loss":0.0,"damage_taken":0.0,"cards_upgraded":["chefmod:Fillet"]},{"damage_healed":0,"gold_gain":0,"player_choice":"Paid","damage_taken":0,"relics_obtained":["Red Mask"],"max_hp_gain":0,"max_hp_loss":0,"event_name":"Tomb of Lord Red Mask","floor":42,"gold_loss":241},{"cards_removed":["Pot Of Greed"],"damage_healed":0,"gold_gain":0,"player_choice":"Card Removal","damage_taken":0,"max_hp_gain":0,"max_hp_loss":0,"event_name":"Wheel of Change","floor":46,"gold_loss":0}],"is_beta":false,"boss_relics":[{"not_picked":["Calling Bell","Empty Cage"],"picked":"Black Star"},{"not_picked":["Ring of Chaos","Sozu"],"picked":"Astrolabe"}],"items_purged_floors":[14,38],"is_endless":false,"potions_floor_spawned":[1,5,10,12,24,30,31,33,35,36,39,45],"ascension_level":0}}