{"host":"0bf1j2iyw2812bby","time":1611208119,"event":{"mods":["BaseMod","Colored Map","Downfall","Highlight Path","Minty Spire (QoL Compilation)","StSLib"],"gold_per_floor":[99,161,311,328,328,36,118,118,135,35,47,67,67,96,108,209,209,109,119,129,129,14,30,30,41,74,74,102,102,87,87,97,198,198,98,108,126,144,160,194,239,239,239,259,309,309,328,344,357,357,357,386,115,115,115,115,115,115],"floor_reached":56,"language":"ENG","playtime":3615,"items_purged":["downfall:Icky","hexamod:Strike","hexamod:Strike+1"],"score":846,"play_id":"5274a750-72fb-4041-b815-267d5c6abbd0","local_time":"20210121004839","is_ascension_mode":false,"campfire_choices":[{"floor":1.0,"key":"RECALL"},{"data":"hexamod:Float","floor":10.0,"key":"SMITH"},{"floor":13.0,"key":"REST"},{"data":"hexamod:Rewind","floor":18.0,"key":"SMITH"},{"data":"hexamod:WildfireWeapon","floor":35,"key":"SMITH"},{"data":"hexamod:HeatShield","floor":43,"key":"SMITH"},{"data":"hexamod:RadiantFlame","floor":46,"key":"SMITH"},{"data":"hexamod:ApocalypseNow","floor":54,"key":"SMITH"}],"circlet_count":0,"master_deck":["hexamod:Defend+1","hexamod:Defend+1","hexamod:Defend+1","hexamod:Defend+1","hexamod:Sear+1","hexamod:Float+1","hexamod:SwordOfDarkness","hexamod:HeatMetal","hexamod:SpectersWail+1","hexamod:ApocalypseNow+1","hexamod:SwordOfDarkness","hexamod:Rewind+1","hexamod:WildfireWeapon+1","hexamod:Toasty+1","hexamod:PhantomFireball","hexamod:FlamesFromBeyond","hexamod:FlamesFromBeyond+1","hexamod:FlamesFromBeyond+1","hexamod:Hexaguard+1","hexamod:RadiantFlame+1","hexamod:DynamicBlow","hexamod:EtherealExpedition","hexamod:SuperheatedStrike+1","hexamod:HeatCrush+1","hexamod:HeatShield+1","hexamod:Incineration+1","hexamod:Rewind+1","hexamod:ThermalTransfer+1","hexamod:Haunt","hexamod:Rewind+1"],"relics":["hexamod:SpiritBrand","HornCleat","Centennial Puzzle","Question Card","downfall:HeartBlessingRed","hexamod:MatchstickCase","hexamod:IceCube","downfall:HeartBlessingGreen","hexamod:TheBrokenSeal","Blood Vial","Vajra","Mummified Hand","Coffee Dripper","downfall:HeartBlessingBlue","MealTicket","War Paint","Ice Cream","Bottled Lightning","Oddly Smooth Stone"],"acts_visited":["Exordium","TheCity","TheBeyond","TheEnding"],"potions_floor_usage":[55,56],"damage_taken":[{"damage":29.0,"enemies":"3 Sentries","floor":2.0,"turns":14.0},{"damage":0.0,"enemies":"2 Louse","floor":4.0,"turns":2.0},{"damage":0.0,"enemies":"downfall:FleeingMerchant","floor":6.0,"turns":4.0},{"damage":0.0,"enemies":"Small Slimes","floor":9.0,"turns":2.0},{"damage":1.0,"enemies":"Jaw Worm","floor":11.0,"turns":2.0},{"damage":0.0,"enemies":"Large Slime","floor":12.0,"turns":5.0},{"damage":1.0,"enemies":"Gremlin Nob","floor":14.0,"turns":3.0},{"damage":7.0,"enemies":"Blue Slaver","floor":15.0,"turns":3.0},{"damage":0.0,"enemies":"WA_ARCHETYPE_RETAIN","floor":16.0,"turns":4.0},{"damage":0.0,"enemies":"Spheric Guardian","floor":19.0,"turns":3.0},{"damage":10.0,"enemies":"3 Byrds","floor":20.0,"turns":3.0},{"damage":0.0,"enemies":"downfall:FleeingMerchant","floor":22.0,"turns":4.0},{"damage":16.0,"enemies":"Cultist and Chosen","floor":23.0,"turns":5.0},{"damage":0.0,"enemies":"Snecko","floor":25.0,"turns":3.0},{"damage":21.0,"enemies":"Gremlin Leader","floor":26.0,"turns":5.0},{"damage":11.0,"enemies":"Slavers","floor":28.0,"turns":3.0},{"damage":0.0,"enemies":"downfall:FleeingMerchant","floor":30.0,"turns":4.0},{"damage":4.0,"enemies":"Centurion and Healer","floor":32.0,"turns":4.0},{"damage":26.0,"enemies":"SI_MIRROR_ARCHETYPE","floor":33.0,"turns":8.0},{"damage":9,"enemies":"3 Darklings","floor":36,"turns":4},{"damage":10,"enemies":"Orb Walker","floor":37,"turns":3},{"damage":6,"enemies":"Sphere and 2 Shapes","floor":38,"turns":4},{"damage":3,"enemies":"Maw","floor":39,"turns":5},{"damage":0,"enemies":"Reptomancer","floor":40,"turns":3},{"damage":11,"enemies":"Transient","floor":44,"turns":5},{"damage":6,"enemies":"Transient","floor":45,"turns":3},{"damage":5,"enemies":"Writhing Mass","floor":47,"turns":3},{"damage":0,"enemies":"3 Darklings","floor":48,"turns":3},{"damage":0,"enemies":"Transient","floor":49,"turns":5},{"damage":15,"enemies":"DF_ARCHETYPE_ORBS","floor":50,"turns":6},{"damage":85,"enemies":"downfall:CharBossMerchant","floor":52,"turns":7},{"damage":6,"enemies":"downfall:NeowBoss","floor":55,"turns":13},{"damage":28,"enemies":"downfall:NeowBossFinal","floor":56,"turns":3}],"seed_played":"-9193909360807522129","potions_obtained":[{"floor":9.0,"key":"AttackPotion"},{"floor":11.0,"key":"Strength Potion"},{"floor":12.0,"key":"Explosive Potion"},{"floor":14.0,"key":"hexamod:SoulburnPotion"},{"floor":19.0,"key":"FearPotion"},{"floor":23.0,"key":"DuplicationPotion"},{"floor":32.0,"key":"hexamod:EctoCoolerPotion"}],"is_trial":false,"path_per_floor":["R","?","?","M","?","$","T","?","M","R","M","M","R","E","M","B",null,"R","M","M","?","$","M","T","M","E","?","E","T","$","?","M","B",null,"R","M","M","M","M","E","T","?","R","M","?","R","M","M","M","B",null,"E","$","R","B","B"],"character_chosen":"THE_SPIRIT","items_purchased":["hexamod:ApocalypseNow","hexamod:SwordOfDarkness","Oddly Smooth Stone"],"campfire_rested":1,"item_purchase_floors":[6,6,53],"current_hp_per_floor":[77,48,48,48,36,36,36,36,36,36,35,35,58,57,50,50,77,77,77,67,67,67,51,51,51,87,87,76,76,78,78,76,52,87,97,88,80,76,75,77,77,77,77,68,64,64,61,63,65,52,97,12,27,27,23,0,0,0],"gold":115,"neow_bonus":"TEN_PERCENT_HP_BONUS","is_daily":false,"chose_seed":false,"campfire_upgraded":6,"win_rate":0.0,"timestamp":1611208119,"path_taken":["R","?","?","M","?","$","T","?","M","R","M","M","R","E","M","BOSS","R","M","M","?","$","M","T","M","E","?","E","?","$","?","M","BOSS","R","M","M","M","M","E","T","?","R","M","?","R","?","M","M","BOSS","E","$","R","BOSS","BOSS"],"items_purchased_type":["Card","Card","Relic"],"build_version":"2020-12-13","purchased_purges":3,"victory":false,"max_hp_per_floor":[77,77,77,77,77,77,77,77,77,77,77,77,77,77,77,77,77,77,77,77,77,77,77,77,77,87,87,87,87,87,87,87,87,87,97,97,97,97,97,97,97,97,97,97,97,97,97,97,97,97,97,97,97,97,97,97,97,97],"card_choices":[{"not_picked":["hexamod:GhostOfSpireFuture","hexamod:BacktrackSmack"],"picked":"hexamod:SwordOfDarkness","floor":2.0},{"not_picked":["hexamod:Haunt","hexamod:BacktrackSmack"],"picked":"hexamod:HeatMetal","floor":4.0},{"not_picked":["hexamod:HeatMetal","hexamod:FirstSeal"],"picked":"hexamod:SpectersWail","floor":6.0},{"not_picked":["hexamod:GhostLash","hexamod:BacktrackSmack","hexamod:NecessarySacrifice","hexamod:HeatMetal"],"picked":"SKIP","floor":9.0},{"not_picked":["hexamod:BacktrackSmack","hexamod:ThermalTransfer","hexamod:RadiantFlame"],"picked":"hexamod:Rewind","floor":11.0},{"not_picked":["hexamod:GhostLash","hexamod:SpectralAdrenaline","hexamod:Hexaguard"],"picked":"hexamod:WildfireWeapon","floor":12.0},{"not_picked":["hexamod:InspiringFlames","hexamod:FlamesFromBeyond","hexamod:RainOfEmbers"],"picked":"hexamod:Toasty","floor":14.0},{"not_picked":["hexamod:GhostLash","hexamod:ThirdSeal","hexamod:NightmareStrike"],"picked":"hexamod:PhantomFireball","floor":15.0},{"not_picked":["hexamod:HexaLevel","hexamod:GiftsFromTheDead","hexamod:FlameSwitch"],"picked":"hexamod:FifthSeal","floor":16.0},{"not_picked":["hexamod:FirstSeal","hexamod:GhostOfSpireFuture","hexamod:EtherealExpedition"],"picked":"hexamod:FlamesFromBeyond","floor":19.0},{"not_picked":["hexamod:FirstSeal","hexamod:SecondSeal","hexamod:ThirdSeal"],"picked":"hexamod:SixthSeal","floor":20.0},{"not_picked":["hexamod:Firestarter","hexamod:DynamicBlow","hexamod:RadiantFlame"],"picked":"hexamod:FlamesFromBeyond","floor":20.0},{"not_picked":["hexamod:FourthSeal","hexamod:SecondSeal","hexamod:SixthSeal"],"picked":"hexamod:ThirdSeal","floor":22.0},{"not_picked":["hexamod:BurningTouch","hexamod:SwordOfDarkness+1","hexamod:SoulSteal"],"picked":"hexamod:FourthSeal","floor":22.0},{"not_picked":["hexamod:FourthSeal","hexamod:SixthSeal","hexamod:ThirdSeal"],"picked":"hexamod:FirstSeal","floor":23.0},{"not_picked":["hexamod:NecessarySacrifice","hexamod:GhostflameBarrier","hexamod:NightmareStrike"],"picked":"hexamod:FlamesFromBeyond+1","floor":23.0},{"not_picked":["hexamod:CatchUp+1","hexamod:NightmareGuise","hexamod:Again+1"],"picked":"hexamod:Hexaguard+1","floor":23.0},{"not_picked":["hexamod:RecurringNightmare+1","hexamod:GhostOfSpireFuture","hexamod:Hexaguard+1"],"picked":"hexamod:SecondSeal","floor":25.0},{"not_picked":["hexamod:GhostflameBarrier","hexamod:PowerFromBeyond","hexamod:Again+1"],"picked":"hexamod:RadiantFlame","floor":26.0},{"not_picked":["hexamod:SecondSeal","hexamod:SixthSeal","hexamod:FirstSeal","hexamod:ThirdSeal"],"picked":"SKIP","floor":26.0},{"not_picked":["hexamod:SpectralAdrenaline","hexamod:SkipABeat","hexamod:HauntingEcho","hexamod:NightmareStrike"],"picked":"SKIP","floor":28.0},{"not_picked":["hexamod:StepThrough","hexamod:FifthSeal","hexamod:SwordOfDarkness","hexamod:BacktrackSmack"],"picked":"SKIP","floor":30.0},{"not_picked":["hexamod:HauntingEcho","hexamod:Haunt+1","hexamod:RadiantFlame+1","hexamod:SwordOfDarkness+1"],"picked":"SKIP","floor":32.0},{"not_picked":["hexamod:AdvancingGuard","hexamod:CatchUp","hexamod:NightmareStrike+1","hexamod:FastForward+1"],"picked":"SKIP","floor":36},{"not_picked":["hexamod:SwordOfDarkness+1","hexamod:AdvancingGuard+1","hexamod:Firestarter"],"picked":"hexamod:SuperheatedStrike+1","floor":37},{"not_picked":["hexamod:GhostShield","hexamod:ThermalTransfer+1","hexamod:ExtraCrispy"],"picked":"hexamod:HeatCrush+1","floor":38},{"not_picked":["hexamod:GhostLash+1","hexamod:Again","hexamod:WildfireWeapon"],"picked":"hexamod:HeatShield","floor":39},{"not_picked":["hexamod:Again+1","hexamod:SoulSteal","hexamod:FastForward+1","hexamod:HauntingEcho"],"picked":"SKIP","floor":40},{"not_picked":["hexamod:FlamesFromBeyond+1","hexamod:NightmareGuise+1","hexamod:BurningTouch","hexamod:NightmareStrike"],"picked":"SKIP","floor":44},{"not_picked":["hexamod:RecurringNightmare","hexamod:HauntingEcho","hexamod:ShieldOfDarkness"],"picked":"hexamod:Incineration+1","floor":45},{"not_picked":["hexamod:ChargedBarrage","hexamod:DynamicBlow","hexamod:SecondSeal"],"picked":"hexamod:Rewind+1","floor":47},{"not_picked":["hexamod:HeatMetal+1","hexamod:Firestarter+1","hexamod:ApocalypseNow"],"picked":"hexamod:ThermalTransfer+1","floor":48},{"not_picked":["hexamod:NightmareStrike","hexamod:FlamesFromBeyond","hexamod:EtherealExpedition"],"picked":"hexamod:Haunt","floor":49},{"not_picked":["hexamod:InspiringFlames+1","hexamod:BurningTouch","hexamod:EtherealExpedition+1"],"picked":"hexamod:Rewind+1","floor":52}],"player_experience":376723,"relics_obtained":[{"floor":2.0,"key":"HornCleat"},{"floor":7.0,"key":"Question Card"},{"floor":14.0,"key":"hexamod:MatchstickCase"},{"floor":26.0,"key":"Blood Vial"},{"floor":28.0,"key":"Vajra"},{"floor":29.0,"key":"Mummified Hand"},{"floor":40,"key":"MealTicket"},{"floor":41,"key":"War Paint"},{"floor":45,"key":"Ice Cream"},{"floor":52,"key":"Bottled Lightning"}],"event_choices":[{"damage_healed":0.0,"max_hp_gain":0.0,"max_hp_loss":0.0,"gold_gain":0.0,"event_name":"Scrap Ooze","player_choice":"Success","floor":5.0,"gold_loss":0.0,"damage_taken":12.0,"relics_obtained":["Centennial Puzzle"]},{"damage_healed":0.0,"max_hp_gain":0.0,"max_hp_loss":0.0,"gold_gain":0.0,"event_name":"Vampires","player_choice":"Ignored","floor":21.0,"gold_loss":0.0,"damage_taken":0.0},{"damage_healed":0.0,"max_hp_gain":0.0,"max_hp_loss":0.0,"gold_gain":0.0,"cards_transformed":["hexamod:Strike","hexamod:Strike"],"event_name":"Drug Dealer","player_choice":"Became Test Subject","floor":31.0,"gold_loss":0.0,"damage_taken":0.0,"cards_obtained":["hexamod:DynamicBlow","hexamod:EtherealExpedition"]}],"is_beta":false,"boss_relics":[{"not_picked":["Runic Dome","SacredBark"],"picked":"hexamod:IceCube"},{"not_picked":["Philosopher\u0027s Stone","hexamod:UnbrokenSoul"],"picked":"Coffee Dripper"}],"items_purged_floors":[6,22,53],"is_endless":false,"potions_floor_spawned":[9,11,12,14,19,23,25,32,36,39,40,44,47,52],"killed_by":"downfall:NeowBossFinal","ascension_level":0}}