{"host":"de1bik5nm177n7wa","time":1611241874,"event":{"mods":["BaseMod","Downfall","Minty Spire (QoL Compilation)","StSLib"],"gold_per_floor":[99,9999999,9999031,9999051,9999061,9999075,9999128,9998511,9998526,9998326,9998326,9998358,9998258,9998258,9998275,9998374,9998374,9998374,9998394,9998594,9997790,9997790,9997817,9997864,9997864,9997875,9997875,9997975,9997975,9997975,9998004,9998004,9998004,9998004],"floor_reached":32,"language":"ZHS","playtime":1970,"items_purged":["hexamod:Defend","hexamod:Strike"],"score":301,"play_id":"238aeb78-811a-4d9b-8b29-f726db66cb07","local_time":"20210121231114","is_ascension_mode":false,"campfire_choices":[{"floor":1,"key":"RECALL"},{"data":"hexamod:GhostOfSpirePast","floor":10,"key":"SMITH"},{"data":"hexamod:FlamesFromBeyond","floor":13,"key":"SMITH"},{"data":"hexamod:ForkedFlame","floor":18,"key":"SMITH"},{"data":"hexamod:SoulSteal","floor":30,"key":"SMITH"}],"circlet_count":0,"master_deck":["hexamod:Strike","hexamod:Strike","hexamod:Defend","hexamod:Defend","hexamod:Defend","hexamod:Sear","hexamod:Float","hexamod:GhostOfSpirePast+1","hexamod:BacktrackSmack","hexamod:UnleashSpirits","hexamod:Rewind","hexamod:GhostLash","hexamod:AdvancingGuard","hexamod:FirstSeal","hexamod:FlamesFromBeyond+1","hexamod:Haunt","hexamod:GhostOfSpireFuture","hexamod:PowerFromBeyond","hexamod:ForkedFlame+1","hexamod:SoulSteal+1","downfall:Haunted","hexamod:FifthSeal","hexamod:RetreatToShadows","hexamod:FourthSeal","hexamod:FirstSeal","hexamod:FirstSeal","hexamod:ExtraCrispy+1","hexamod:DynamicBlow","hexamod:Again+1"],"relics":["hexamod:UnbrokenSoul","Eternal Feather","Potion Belt","Toolbox","bronze:BronzeIdol","Vajra","Frozen Eye","downfall:HeartBlessingRed","downfall:HeartBlessingBlue","Tiny Chest","Pantograph","downfall:HeartBlessingGreen","Slimebound:StickyStick","InkBottle","Medical Kit","Toxic Egg 2","Bronze Scales","Gambling Chip","Kunai","Smiling Mask"],"acts_visited":["Exordium","TheCity"],"potions_floor_usage":[],"damage_taken":[{"damage":5,"enemies":"2 Louse","floor":2,"turns":4},{"damage":10,"enemies":"downfall:FleeingMerchant","floor":3,"turns":4},{"damage":8,"enemies":"Jaw Worm","floor":4,"turns":3},{"damage":0,"enemies":"Small Slimes","floor":5,"turns":2},{"damage":15,"enemies":"Exordium Thugs","floor":6,"turns":4},{"damage":15,"enemies":"downfall:FleeingMerchant","floor":8,"turns":4},{"damage":0,"enemies":"Large Slime","floor":9,"turns":5},{"damage":11,"enemies":"Gremlin Nob","floor":12,"turns":3},{"damage":13,"enemies":"2 Fungi Beasts","floor":15,"turns":3},{"damage":12,"enemies":"IC_STATUS_ARCHETYPE","floor":16,"turns":6},{"damage":24,"enemies":"3 Byrds","floor":19,"turns":4},{"damage":5,"enemies":"downfall:FleeingMerchant","floor":21,"turns":4},{"damage":44,"enemies":"Book of Stabbing","floor":23,"turns":5},{"damage":6,"enemies":"Chosen","floor":26,"turns":4},{"damage":66,"enemies":"Slavers","floor":31,"turns":5},{"damage":43,"enemies":"3 Cultists","floor":32,"turns":4}],"seed_played":"5220152417758989401","potions_obtained":[{"floor":4,"key":"SneckoOil"},{"floor":9,"key":"bronze:BurnAndBuffPotion"}],"is_trial":false,"path_per_floor":["R","M","$","M","M","M","T","$","M","R","?","E","R","?","M","B",null,"R","M","?","$","?","E","T","T","M","?","?","T","R","E","M"],"character_chosen":"THE_SPIRIT","items_purchased":["Eternal Feather","Potion Belt","Toolbox","EssenceOfSteel","CultistPotion","hexamod:UnleashSpirits","bronze:BronzeIdol","Vajra","Frozen Eye","hexamod:FlamesFromBeyond","Explosive Potion","Fire Potion","Slimebound:StickyStick","InkBottle","Medical Kit","hexamod:RetreatToShadows","hexamod:FourthSeal"],"campfire_rested":0,"item_purchase_floors":[3,3,3,3,3,3,8,8,8,8,8,8,21,21,21,21,21],"current_hp_per_floor":[77,72,62,54,54,39,39,24,31,50,47,43,52,52,46,66,87,87,70,70,72,65,35,35,35,43,72,72,72,87,42,0,0,0],"gold":9998004,"neow_bonus":"TEN_PERCENT_HP_BONUS","is_daily":false,"chose_seed":false,"campfire_upgraded":4,"win_rate":0.0,"timestamp":1611241874,"path_taken":["R","M","$","M","M","M","T","$","M","R","?","E","R","?","M","BOSS","R","M","?","$","?","E","T","?","?","?","?","?","R","E","M"],"items_purchased_type":["Relic","Relic","Relic","Potion","Potion","Card","Relic","Relic","Relic","Card","Potion","Potion","Relic","Relic","Relic","Card","Card"],"build_version":"2020-12-22","purchased_purges":2,"victory":false,"max_hp_per_floor":[77,77,77,77,77,77,77,77,77,87,87,87,87,87,87,87,87,87,87,87,87,87,87,87,87,87,87,87,87,87,87,87,87,87],"card_choices":[{"not_picked":["hexamod:SwordOfDarkness","hexamod:BurningTouch"],"picked":"hexamod:GhostOfSpirePast","floor":2},{"not_picked":["hexamod:PowerFromBeyond","hexamod:SkipABeat"],"picked":"hexamod:BacktrackSmack","floor":3},{"not_picked":["hexamod:SwordOfDarkness","hexamod:BacktrackSmack"],"picked":"hexamod:Rewind","floor":4},{"not_picked":["hexamod:NightmareStrike","hexamod:GhostShield"],"picked":"hexamod:GhostLash","floor":5},{"not_picked":["hexamod:GhostShield","hexamod:NightmareGuise"],"picked":"hexamod:AdvancingGuard","floor":6},{"not_picked":["hexamod:SpectralAdrenaline","hexamod:InspiringFlames"],"picked":"hexamod:FirstSeal","floor":8},{"not_picked":["hexamod:ThermalTransfer","hexamod:SuperheatedStrike"],"picked":"hexamod:Haunt","floor":9},{"not_picked":["hexamod:Hexaguard","hexamod:Again"],"picked":"hexamod:GhostOfSpireFuture","floor":12},{"not_picked":["hexamod:GhostOfSpireFuture","hexamod:SwordOfDarkness"],"picked":"hexamod:PowerFromBeyond","floor":15},{"not_picked":["hexamod:TimeOfNeed","hexamod:UnlimitedPower"],"picked":"hexamod:ForkedFlame","floor":16},{"not_picked":["hexamod:FastForward+1","hexamod:ShieldOfDarkness"],"picked":"hexamod:SoulSteal","floor":19},{"not_picked":["hexamod:HeatMetal+1","hexamod:DynamicBlow"],"picked":"hexamod:FifthSeal","floor":21},{"not_picked":["hexamod:FourthSeal","hexamod:ThirdSeal"],"picked":"hexamod:FirstSeal","floor":23},{"not_picked":["hexamod:SkipABeat+1","hexamod:EtherealExpedition+1"],"picked":"hexamod:ExtraCrispy+1","floor":23},{"not_picked":["hexamod:SwordOfDarkness+1","hexamod:GhostShield+1"],"picked":"hexamod:DynamicBlow","floor":26},{"not_picked":["hexamod:RetreatToShadows+1","hexamod:NecessarySacrifice+1"],"picked":"hexamod:Again+1","floor":31}],"player_experience":58554,"relics_obtained":[{"floor":12,"key":"Pantograph"},{"floor":23,"key":"Toxic Egg 2"},{"floor":24,"key":"Bronze Scales"},{"floor":25,"key":"Gambling Chip"},{"floor":29,"key":"Kunai"},{"floor":31,"key":"Smiling Mask"}],"event_choices":[{"damage_healed":0,"gold_gain":0,"player_choice":"Success","damage_taken":3,"relics_obtained":["Tiny Chest"],"max_hp_gain":0,"max_hp_loss":0,"event_name":"Scrap Ooze","floor":11,"gold_loss":0},{"cards_removed":["hexamod:Strike"],"damage_healed":0,"gold_gain":0,"player_choice":"Card Removal","damage_taken":0,"max_hp_gain":0,"max_hp_loss":0,"event_name":"The Cleric","floor":14,"gold_loss":0},{"damage_healed":29,"gold_gain":0,"player_choice":"Heal","damage_taken":0,"max_hp_gain":0,"max_hp_loss":0,"event_name":"The Library","floor":27,"gold_loss":0}],"is_beta":false,"boss_relics":[{"not_picked":["hexamod:IceCube","SacredBark"],"picked":"hexamod:UnbrokenSoul"}],"items_purged_floors":[3,21],"is_endless":false,"potions_floor_spawned":[4,9,12,15,16,23,26],"killed_by":"3 Cultists","ascension_level":0}}