{"host":"hbvn1mkfq2iixsau","time":1611252554,"event":{"mods":["AchievementEnabler","Act Like it!","BaseMod","Better Altar","Better Match","Better Sensory Stone","Better Skull","Better Third Choice","Colored Map","Displayed Cursed Tome","Hallownest","Minty Spire (QoL Compilation)","Quick Restart","Relic Stats","Shop Mod","StSLib","The Bug Knight","The Jungle"],"gold_per_floor":[109,129,200,200,200,226,226,254,279,279,279,295,295,321,321,321,321],"floor_reached":16,"language":"ENG","playtime":947,"items_purged":[],"score":171,"play_id":"806678ff-94b8-4bc2-95fc-a639bd75f4d2","local_time":"20210121200914","is_ascension_mode":true,"campfire_choices":[{"data":"HollowMod:SoulStrike","floor":7,"key":"SMITH"},{"data":"HollowMod:FocusHealStart","floor":13,"key":"SMITH"},{"data":"HollowMod:NailStrikeStart","floor":15,"key":"SMITH"}],"circlet_count":0,"master_deck":["HollowMod:NailStrikeStart","HollowMod:NailStrikeStart","HollowMod:NailStrikeStart","HollowMod:NailStrikeStart+1","HollowMod:QuickDashStart","HollowMod:QuickDashStart","HollowMod:QuickDashStart","HollowMod:QuickDashStart","HollowMod:FocusHealStart+1","HollowMod:PogoStrike+1","HollowMod:SoulStrike+1"],"relics":["HollowMod:VesselMask","NeowsBlessing","Toy Ornithopter","Incense Burner","HollowMod:MillibellesNoteRelic","Boot"],"acts_visited":["Exordium"],"potions_floor_usage":[16],"damage_taken":[{"damage":0,"enemies":"Hallownest:2_MossCreeps","floor":1,"turns":1},{"damage":0,"enemies":"Hallownest:eliteMossKnight","floor":6,"turns":1},{"damage":0,"enemies":"Hallownest:eliteCrystalGuardian","floor":8,"turns":1},{"damage":6,"enemies":"Hallownest:2_Baldur","floor":12,"turns":3},{"damage":42,"enemies":"Hallownest:eliteMossKnight","floor":14,"turns":10},{"damage":59,"enemies":"Hallownest:BossBrokenVessel","floor":16,"turns":9}],"seed_played":"4996668792817291490","potions_obtained":[{"floor":1,"key":"SteroidPotion"},{"floor":14,"key":"EssenceOfSteel"}],"is_trial":false,"path_per_floor":["M","?","?","?","$","E","R","E","T","?","$","M","R","E","R","B"],"character_chosen":"THE_BUGKNIGHT","items_purchased":[],"campfire_rested":0,"item_purchase_floors":[],"current_hp_per_floor":[75,75,75,75,75,75,75,75,75,75,75,75,75,40,40,0,0],"gold":321,"neow_bonus":"THREE_ENEMY_KILL","is_daily":false,"chose_seed":false,"campfire_upgraded":3,"win_rate":0.0,"timestamp":1611252554,"path_taken":["M","?","?","?","$","E","R","E","T","?","?","?","R","E","R","BOSS"],"items_purchased_type":[],"build_version":"2020-12-22","purchased_purges":0,"victory":false,"max_hp_per_floor":[75,75,75,75,75,75,75,75,75,75,75,75,75,75,75,75,75],"relic_stats":{"counters":[6,25],"Boot":[0],"obtain_stats":[{"NeowsBlessing":0,"HollowMod:VesselMask":0,"Incense Burner":8,"HollowMod:MillibellesNoteRelic":9,"Boot":14,"Toy Ornithopter":6},{"NeowsBlessing":0,"HollowMod:VesselMask":0,"Incense Burner":3,"HollowMod:MillibellesNoteRelic":3,"Boot":5,"Toy Ornithopter":2},{"NeowsBlessing":0,"HollowMod:VesselMask":0,"Incense Burner":3,"HollowMod:MillibellesNoteRelic":3,"Boot":16,"Toy Ornithopter":2}],"Toy Ornithopter":5},"card_choices":[{"not_picked":["HollowMod:InfectionAssault","HollowMod:MothsMistake"],"picked":"HollowMod:SoulStrike","floor":1},{"not_picked":["HollowMod:GoodIntentions","HollowMod:LifebloodCocoon","HollowMod:InfectedCysts"],"picked":"SKIP","floor":6},{"not_picked":["HollowMod:WraithStrike","HollowMod:Grubsong","HollowMod:HuntersJournal"],"picked":"SKIP","floor":8},{"not_picked":["HollowMod:SiblingsSouls","HollowMod:CloakDash","HollowMod:GoodIntentions"],"picked":"SKIP","floor":12},{"not_picked":["HollowMod:VengefulSpirit","HollowMod:VengefulVoid","HollowMod:MothsMistake"],"picked":"SKIP","floor":14}],"player_experience":294246,"relics_obtained":[{"floor":6,"key":"Toy Ornithopter"},{"floor":8,"key":"Incense Burner"},{"floor":9,"key":"HollowMod:MillibellesNoteRelic"},{"floor":14,"key":"Boot"}],"event_choices":[{"damage_healed":0,"gold_gain":0,"player_choice":"3","damage_taken":0,"max_hp_gain":0,"max_hp_loss":0,"event_name":"betterMatch:BetterMatch","floor":4,"gold_loss":0,"cards_obtained":[]}],"is_beta":false,"boss_relics":[],"items_purged_floors":[],"is_endless":false,"potions_floor_spawned":[1,14],"killed_by":"Hallownest:BossBrokenVessel","ascension_level":1}}