{"host":"ELF","time":1611222198,"event":{"mods":["BaseMod","Bestiary","Minty Spire (QoL Compilation)","Relic Stats","Slay the Relics Exporter"],"gold_per_floor":[118,133,133,133,30,62,62,97,150,150,164,164,239,264,264,264,264],"floor_reached":16,"language":"ENG","playtime":728,"items_purged":[],"score":275,"play_id":"00ead652-55f0-48c2-8eb9-05db71af42cd","local_time":"20210121034318","is_ascension_mode":true,"campfire_choices":[{"floor":7.0,"key":"REST"},{"floor":10.0,"key":"REST"},{"data":"Barricade","floor":12.0,"key":"SMITH"},{"data":"True Grit","floor":15.0,"key":"SMITH"}],"circlet_count":0,"master_deck":["AscendersBane","Strike_R","Strike_R","Strike_R","Strike_R","Defend_R","Defend_R","Defend_R","Defend_R","Bash","Anger","Inflame","Regret","Barricade+1","Sentinel","Cleave","Shrug It Off","Dark Embrace","Combust","True Grit+1","Wild Strike","Pommel Strike","Offering","Pommel Strike"],"relics":["Burning Blood","Dream Catcher","Prayer Wheel","Regal Pillow","Toy Ornithopter","Shuriken"],"acts_visited":["Exordium"],"potions_floor_usage":[],"damage_taken":[{"damage":4.0,"enemies":"Jaw Worm","floor":1.0,"turns":5.0},{"damage":1.0,"enemies":"2 Louse","floor":2.0,"turns":4.0},{"damage":38.0,"enemies":"Lagavulin","floor":6.0,"turns":10.0},{"damage":53.0,"enemies":"3 Sentries","floor":8.0,"turns":8.0},{"damage":2.0,"enemies":"Cultist","floor":11.0,"turns":3.0},{"damage":12.0,"enemies":"Lagavulin","floor":14.0,"turns":7.0},{"damage":50,"enemies":"The Guardian","floor":16,"turns":11}],"seed_played":"1709076102368653","potions_obtained":[{"floor":11.0,"key":"Swift Potion"}],"is_trial":false,"path_per_floor":["M","M","?","?","$","E","R","E","T","R","M","R","?","E","R","B"],"character_chosen":"IRONCLAD","items_purchased":["Shrug It Off","Dark Embrace"],"campfire_rested":2,"item_purchase_floors":[5,5],"current_hp_per_floor":[70,75,75,75,75,43,65,18,18,55,59,59,48,47,47,0,0],"gold":264,"neow_bonus":"TRANSFORM_CARD","is_daily":false,"chose_seed":false,"campfire_upgraded":2,"win_rate":0.0,"timestamp":1611222198,"path_taken":["M","M","?","?","$","E","R","E","T","R","?","R","?","E","R","BOSS"],"items_purchased_type":["Card","Card"],"build_version":"2020-12-18","purchased_purges":0,"victory":false,"max_hp_per_floor":[75,75,75,75,75,75,75,75,75,75,75,75,75,75,75,75,75],"relic_stats":{"Dream Catcher":2,"Regal Pillow":15,"counters":[7,48],"Shuriken":[2],"Prayer Wheel":1,"obtain_stats":[{"Dream Catcher":3,"Regal Pillow":8,"Shuriken":14,"Prayer Wheel":6,"Burning Blood":0,"Toy Ornithopter":9},{"Dream Catcher":2,"Regal Pillow":4,"Shuriken":6,"Prayer Wheel":3,"Burning Blood":0,"Toy Ornithopter":4},{"Dream Catcher":9,"Regal Pillow":27,"Shuriken":37,"Prayer Wheel":19,"Burning Blood":0,"Toy Ornithopter":27}],"Burning Blood":36,"Toy Ornithopter":5},"card_choices":[{"not_picked":["Warcry","Armaments","Iron Wave"],"picked":"SKIP","floor":1.0},{"not_picked":["Warcry","Perfected Strike"],"picked":"Inflame","floor":2.0},{"not_picked":["Double Tap","Searing Blow","Armaments"],"picked":"SKIP","floor":6.0},{"not_picked":["Cleave","Perfected Strike"],"picked":"Combust","floor":7.0},{"not_picked":["Sword Boomerang","Warcry"],"picked":"True Grit","floor":8.0},{"not_picked":["Warcry","Pummel"],"picked":"Wild Strike","floor":10.0},{"not_picked":["Body Slam","Warcry"],"picked":"Pommel Strike","floor":11.0},{"not_picked":["Body Slam","Whirlwind"],"picked":"Offering","floor":11.0},{"not_picked":["Havoc","Uppercut"],"picked":"Pommel Strike","floor":14.0}],"player_experience":3241206,"relics_obtained":[{"floor":6.0,"key":"Prayer Wheel"},{"floor":8.0,"key":"Regal Pillow"},{"floor":9.0,"key":"Toy Ornithopter"},{"floor":14.0,"key":"Shuriken"}],"event_choices":[{"damage_healed":0.0,"max_hp_gain":0.0,"max_hp_loss":0.0,"gold_gain":0.0,"event_name":"Big Fish","player_choice":"Box","floor":3.0,"gold_loss":0.0,"damage_taken":0.0,"relics_obtained":["Dream Catcher"],"cards_obtained":["Regret"]},{"damage_healed":0.0,"max_hp_gain":0.0,"max_hp_loss":0.0,"gold_gain":0.0,"event_name":"Match and Keep!","player_choice":"3 cards matched","floor":4.0,"gold_loss":0.0,"damage_taken":0.0,"cards_obtained":["Barricade","Sentinel","Cleave"]},{"damage_healed":0.0,"max_hp_gain":0.0,"max_hp_loss":0.0,"gold_gain":75.0,"event_name":"World of Goop","player_choice":"Gather Gold","floor":13.0,"gold_loss":0.0,"damage_taken":11.0}],"is_beta":true,"boss_relics":[],"items_purged_floors":[],"is_endless":false,"potions_floor_spawned":[11],"killed_by":"The Guardian","ascension_level":19}}