{"host":"gsmj583br51y3r1c","time":1611219692,"event":{"mods":["AchievementEnabler","BaseMod","Better Note","Better Third Choice","Colored Map","Dark Map","Downfall","Hermit","Highlight Path","Infinite Spire","Marisa????????","Minty Spire (QoL Compilation)","Permanent Neow","Quick Restart","StSLib","The Bug Knight","The Cursed","The Marked","The Mystic","The Servant 0.9.4","everything is the same but u backflip on backflip"],"gold_per_floor":[211,28,41,41,56,6,62,15,40,58,387,209,227,243,243,348,348,353,353],"floor_reached":18,"language":"ENG","playtime":2078,"items_purged":["hermit:Strike_Hermit","hermit:Defend_Hermit","hermit:Strike_Hermit"],"score":162,"play_id":"983b5270-edd6-461e-8879-447d2b20f959","local_time":"20210121110132","is_ascension_mode":false,"campfire_choices":[{"data":"hermit:Dive","floor":15,"key":"SMITH"}],"circlet_count":0,"master_deck":["hermit:Strike_Hermit","hermit:Defend_Hermit","hermit:Snapshot+1","hermit:Covet","hermit:Midnight","hermit:ShadowCloak","hermit:Dive+1","hermit:Determination","hermit:Dive","hermit:Scavenge","hermit:Covet","hermit:FlashPowder","hermit:OverwhelmingPower","hermit:Enervate+1","hermit:ItchyTrigger+1","hermit:FlashPowder+1"],"relics":["hermit:Momento","Membership Card","infinitespire:Lucky Rock","Dream Catcher","Old Coin","DollysMirror","Astrolabe"],"acts_visited":["Exordium","TheCity"],"potions_floor_usage":[7,7,11,16],"damage_taken":[{"damage":5,"enemies":"Jaw Worm","floor":1,"turns":4},{"damage":0,"enemies":"Cultist","floor":3,"turns":3},{"damage":0,"enemies":"2 Louse","floor":5,"turns":2},{"damage":8,"enemies":"Lagavulin Event","floor":7,"turns":5},{"damage":0,"enemies":"2 Fungi Beasts","floor":10,"turns":4},{"damage":23,"enemies":"Lagavulin","floor":11,"turns":8},{"damage":0,"enemies":"3 Louse","floor":13,"turns":4},{"damage":0,"enemies":"Blue Slaver","floor":14,"turns":5},{"damage":8,"enemies":"The Guardian","floor":16,"turns":15},{"damage":0,"enemies":"Chosen","floor":18,"turns":4}],"seed_played":"1622910976326809283","potions_obtained":[{"floor":1,"key":"champ:CounterPotion"},{"floor":3,"key":"AttackPotion"},{"floor":5,"key":"Energy Potion"},{"floor":10,"key":"SpeedPotion"}],"is_trial":false,"path_per_floor":["M","$","M","?","M","$","?","$","T","M","E","$","M","M","R","B",null,"M"],"character_chosen":"HERMIT","items_purchased":["Membership Card","hermit:Dive","hermit:Determination","DollysMirror","Ancient Potion"],"campfire_rested":0,"item_purchase_floors":[2,8,8,12,12],"current_hp_per_floor":[70,70,70,70,70,70,62,62,62,62,39,39,39,39,39,31,75,75,75],"gold":353,"neow_bonus":"HUNDRED_GOLD","is_daily":false,"chose_seed":false,"campfire_upgraded":1,"win_rate":0.0,"timestamp":1611219692,"path_taken":["M","$","M","?","M","?","?","$","T","M","E","$","M","M","R","BOSS","M"],"items_purchased_type":["Relic","Card","Card","Relic","Potion"],"build_version":"2020-12-22","purchased_purges":3,"victory":false,"max_hp_per_floor":[75,75,75,75,75,75,75,75,75,75,75,75,75,75,75,75,75,75,75],"card_choices":[{"not_picked":["hermit:SprayPray","hermit:Spite"],"picked":"hermit:Midnight","floor":1},{"not_picked":["hermit:WideOpen","hermit:Snipe","hermit:HighCaliber"],"picked":"SKIP","floor":3},{"not_picked":["hermit:Vantage","hermit:BodyArmor"],"picked":"hermit:ShadowCloak","floor":5},{"not_picked":["hermit:BodyArmor","hermit:Quickdraw"],"picked":"hermit:Dive","floor":10},{"not_picked":["hermit:Purgatory","hermit:Gestalt"],"picked":"hermit:Scavenge","floor":11},{"not_picked":["hermit:Desperado","hermit:Glare"],"picked":"hermit:FlashPowder","floor":13},{"not_picked":["hermit:Combo","hermit:Roulette","hermit:HoleUp"],"picked":"SKIP","floor":14},{"not_picked":["hermit:HeroicBravado","hermit:Roughhouse"],"picked":"hermit:OverwhelmingPower","floor":16}],"player_experience":436481,"relics_obtained":[{"floor":7,"key":"infinitespire:Lucky Rock"},{"floor":9,"key":"Dream Catcher"},{"floor":11,"key":"Old Coin"}],"event_choices":[{"damage_healed":0,"gold_gain":0,"player_choice":"Upgraded","damage_taken":0,"max_hp_gain":0,"max_hp_loss":0,"event_name":"Upgrade Shrine","floor":4,"gold_loss":0,"cards_upgraded":["hermit:Snapshot"]},{"damage_healed":0,"gold_gain":0,"player_choice":"Searched \u00271\u0027 times","damage_taken":0,"max_hp_gain":0,"max_hp_loss":0,"event_name":"Dead Adventurer","floor":7,"gold_loss":0}],"is_beta":false,"boss_relics":[{"not_picked":["Snecko Eye","Velvet Choker"],"picked":"Astrolabe"}],"items_purged_floors":[2,6,12],"is_endless":false,"potions_floor_spawned":[1,3,5,10],"killed_by":"Chosen","ascension_level":0}}