{"host":"9896qb24z3tkrupy","time":1611242488,"event":{"mods":["BaseMod","Hermit","Minty Spire (QoL Compilation)","Replay The Spire","Robot Space Explorer","StSLib"],"gold_per_floor":[150,210,77,113,149,149,227,305,354,354,35,71,113,149,149,455,455,497,509,707,368,318,318,354,384,408,441,501,197,197,233,233,533,533,584,584,754,754,209,209,0,39,85,145,145,175,0,0,0,0],"floor_reached":51,"language":"ENG","playtime":2649,"items_purged":[],"score":949,"play_id":"cdad4542-fcbc-4669-a2c9-2f90a103b133","local_time":"20210121092128","daily_mods":["Vintage","Flight","Midas"],"is_ascension_mode":false,"campfire_choices":[{"floor":6,"key":"REST"},{"floor":15,"key":"REST"},{"floor":23,"key":"REST"},{"floor":30,"key":"REST"},{"floor":40,"key":"DIG"},{"floor":49,"key":"DIG"}],"circlet_count":0,"master_deck":["hermit:Strike_Hermit","hermit:Strike_Hermit","hermit:Strike_Hermit","hermit:Strike_Hermit","hermit:Defend_Hermit","hermit:Defend_Hermit","hermit:Defend_Hermit","hermit:Defend_Hermit","hermit:Snapshot","hermit:Covet","hermit:Enervate+1","hermit:PistolWhip+1","hermit:TrackingShot","hermit:TrackingShot","Pot Of Greed","Pot Of Greed","Decay","hermit:Headshot+1","hermit:ShadowCloak+1","hermit:Determination","hermit:Magnum+1","Parasite","Injury","CurseOfTheBell","hermit:ShadowCloak+1","ReplayTheSpireMod:Splinters","Pot Of Greed","hermit:GhostlyPresence","hermit:BodyArmor+1","hermit:Manifest+1","hermit:Quickdraw","hermit:WideOpen+1","hermit:Glare","hermit:Gambit","HandOfGreed","hermit:Snipe+1","Writhe","ReplayTheSpireMod:Brewmster+1","Pot Of Greed","hermit:TakeAim","hermit:Desperado","hermit:Desperado+1","hermit:Snipe","hermit:Feint","hermit:Feint","hermit:BigShot+1","hermit:Brawl","hermit:ShadowCloak+1"],"relics":["hermit:Momento","The Courier","Blue Doll","MealTicket","Mirror","Replay:Bottled Snecko","Grinning Jar","Mummified Hand","Simple Rune","Art of War","Lantern","Replay:Ancient Bell","MawBank","Darkstone Periapt","hermit:CharredGlove","ReplayTheSpireMod:Lightbulb","Gremlin Food","Replay:Bottled Eggs","Replay:Mystery Machine","PreservedInsect","Toy Ornithopter","Pet Ghost","Snack Pack","Bag of Marbles","Mercury Hourglass","Divine Protection","Boot","Shovel","Turnip","Lee\u0027s Waffle","Blue Candle","Red Mask","Replay:Accelerometer","Pen Nib","Replay:Baseball","Molten Egg 2","Whetstone"],"acts_visited":["Exordium","TheCity","TheBeyond"],"potions_floor_usage":[7,13,33,33,46,50,50,50,50,50,50,50,50,50],"damage_taken":[{"damage":2,"enemies":"2 Louse","floor":1,"turns":3},{"damage":6,"enemies":"Cultist","floor":2,"turns":3},{"damage":0,"enemies":"Small Slimes","floor":4,"turns":3},{"damage":10,"enemies":"Looter","floor":5,"turns":3},{"damage":30,"enemies":"3 Sentries","floor":7,"turns":9},{"damage":8,"enemies":"Red Slaver","floor":12,"turns":2},{"damage":12,"enemies":"Blue Slaver","floor":13,"turns":2},{"damage":13,"enemies":"2 Fungi Beasts","floor":14,"turns":3},{"damage":11,"enemies":"Slime Boss","floor":16,"turns":8},{"damage":14,"enemies":"Chosen","floor":18,"turns":5},{"damage":16,"enemies":"Shell Parasite","floor":24,"turns":6},{"damage":0,"enemies":"Cultist and Chosen","floor":25,"turns":7},{"damage":16,"enemies":"Chosen and Byrds","floor":27,"turns":7},{"damage":7,"enemies":"Centurion and Healer","floor":28,"turns":7},{"damage":0,"enemies":"Snake Plant","floor":31,"turns":2},{"damage":30,"enemies":"Automaton","floor":33,"turns":11},{"damage":0,"enemies":"Orb Walker","floor":35,"turns":2},{"damage":0,"enemies":"Mind Bloom Boss Battle","floor":37,"turns":5},{"damage":0,"enemies":"3 Shapes","floor":42,"turns":2},{"damage":4,"enemies":"Spire Growth","floor":44,"turns":3},{"damage":1,"enemies":"Transient","floor":46,"turns":5},{"damage":82,"enemies":"Time Eater","floor":50,"turns":11}],"seed_played":"7812367532459928862","potions_obtained":[{"floor":1,"key":"GamblersBrew"},{"floor":4,"key":"Swift Potion"},{"floor":12,"key":"BlessingOfTheForge"},{"floor":13,"key":"Weak Potion"},{"floor":20,"key":"LifebloodPotion"},{"floor":28,"key":"SkillPotion"},{"floor":32,"key":"hermit:Eclipse"},{"floor":33,"key":"DistilledChaos"},{"floor":42,"key":"AttackPotion"},{"floor":46,"key":"Swift Potion"}],"is_trial":true,"path_per_floor":["M","M","$","M","M","R","E","?","T","?","$","M","M","M","R","B",null,"M","?","?","$","?","R","M","M","T","M","M","$","R","M","R","B",null,"M","?","?","?","$","R","?","M","T","M","?","M","$","?","R","B",null],"character_chosen":"HERMIT","items_purchased":["hermit:Enervate+1","hermit:PistolWhip","hermit:TrackingShot","hermit:Headshot+1","hermit:ShadowCloak","hermit:Determination","Mummified Hand","hermit:Manifest+1","hermit:Quickdraw","Replay:Bottled Eggs","Replay:Mystery Machine","hermit:Feint","hermit:WideOpen+1","Mercury Hourglass","hermit:Glare","ReplayTheSpireMod:Brewmster+1","hermit:TakeAim","Turnip","hermit:Desperado","Lee\u0027s Waffle","hermit:Snipe","hermit:Feint","hermit:BigShot+1","hermit:Brawl","hermit:ShadowCloak"],"campfire_rested":4,"item_purchase_floors":[3,3,3,11,11,11,11,21,21,21,21,29,29,29,29,39,39,39,39,39,39,47,47,47,47],"current_hp_per_floor":[73,67,67,67,57,75,45,45,45,45,60,52,40,27,49,38,93,79,79,85,99,99,99,83,83,83,67,66,81,99,99,99,77,99,99,99,99,105,112,112,112,112,112,108,108,112,112,112,112,56],"gold":0,"neow_bonus":"","is_daily":false,"chose_seed":false,"campfire_upgraded":0,"win_rate":0.0,"timestamp":1611242488,"path_taken":["M","M","$","M","M","R","E","?","T","?","$","M","M","M","R","BOSS","M","?","?","$","?","R","M","M","T","M","M","$","R","?","R","BOSS","M","?","?","?","$","R","?","?","T","M","?","M","$","?","R","BOSS"],"items_purchased_type":["Card","Card","Card","Card","Card","Card","Relic","Card","Card","Relic","Relic","Card","Card","Relic","Card","Card","Card","Relic","Card","Relic","Card","Card","Card","Card","Card"],"build_version":"2020-12-22","purchased_purges":0,"victory":true,"max_hp_per_floor":[75,75,75,75,75,75,75,75,75,75,75,75,75,75,75,75,93,93,93,99,99,99,99,99,99,99,99,99,99,99,99,99,99,99,99,99,99,105,112,112,112,112,112,112,112,112,112,112,112,112],"card_choices":[{"not_picked":["hermit:TakeCover","hermit:CalledShot"],"picked":"hermit:TrackingShot","floor":7},{"not_picked":["hermit:DeadOrAlive","hermit:FatalDesire"],"picked":"hermit:Magnum","floor":16},{"not_picked":["ReplayTheSpireMod:Doomed","AbeCurse"],"picked":"Parasite","floor":17},{"not_picked":["Normality","Parasite"],"picked":"Injury","floor":17},{"not_picked":["Regret","ReplayTheSpireMod:Faulty Equipment"],"picked":"CurseOfTheBell","floor":17},{"not_picked":["hermit:HighCaliber","hermit:Feint"],"picked":"hermit:GhostlyPresence","floor":20},{"not_picked":["hermit:CursedWeapon","hermit:NoHoldsBarred"],"picked":"hermit:BodyArmor+1","floor":20},{"not_picked":["hermit:Purgatory","hermit:Adapt"],"picked":"hermit:Gambit","floor":33},{"not_picked":["Deep Breath","Purity"],"picked":"HandOfGreed","floor":36},{"not_picked":["hermit:CursedWeapon","hermit:Coalescence"],"picked":"hermit:Snipe+1","floor":37}],"player_experience":898608,"relics_obtained":[{"floor":1,"key":"The Courier"},{"floor":2,"key":"Blue Doll"},{"floor":4,"key":"MealTicket"},{"floor":5,"key":"Mirror"},{"floor":7,"key":"Replay:Bottled Snecko"},{"floor":9,"key":"Grinning Jar"},{"floor":12,"key":"Simple Rune"},{"floor":13,"key":"Art of War"},{"floor":14,"key":"Lantern"},{"floor":18,"key":"ReplayTheSpireMod:Lightbulb"},{"floor":20,"key":"Gremlin Food"},{"floor":24,"key":"PreservedInsect"},{"floor":25,"key":"Toy Ornithopter"},{"floor":26,"key":"Pet Ghost"},{"floor":27,"key":"Snack Pack"},{"floor":28,"key":"Bag of Marbles"},{"floor":31,"key":"Divine Protection"},{"floor":35,"key":"Boot"},{"floor":37,"key":"Shovel"},{"floor":40,"key":"Blue Candle"},{"floor":42,"key":"Replay:Accelerometer"},{"floor":43,"key":"Pen Nib"},{"floor":44,"key":"Replay:Baseball"},{"floor":46,"key":"Molten Egg 2"},{"floor":49,"key":"Whetstone"}],"event_choices":[{"damage_healed":0,"gold_gain":78,"player_choice":"Gained Gold","damage_taken":0,"max_hp_gain":0,"max_hp_loss":0,"event_name":"Golden Wing","floor":8,"gold_loss":0},{"damage_healed":0,"gold_gain":0,"player_choice":"Cursed","damage_taken":0,"max_hp_gain":0,"max_hp_loss":0,"event_name":"Wheel of Change","floor":10,"gold_loss":0,"cards_obtained":["Decay"]},{"damage_healed":0,"gold_gain":0,"player_choice":"Read","damage_taken":0,"max_hp_gain":0,"max_hp_loss":0,"event_name":"The Library","floor":19,"gold_loss":0,"cards_obtained":["hermit:ShadowCloak"]},{"damage_healed":0,"gold_gain":0,"player_choice":"Bet on Murderer","damage_taken":0,"max_hp_gain":0,"max_hp_loss":0,"event_name":"The Joust","floor":22,"gold_loss":50},{"damage_healed":0,"gold_gain":0,"player_choice":"Memory 1","damage_taken":0,"max_hp_gain":0,"max_hp_loss":0,"event_name":"SensoryStone","floor":36,"gold_loss":0},{"damage_healed":0,"gold_gain":0,"player_choice":"Fight","damage_taken":0,"max_hp_gain":0,"max_hp_loss":0,"event_name":"MindBloom","floor":37,"gold_loss":0},{"damage_healed":25,"gold_gain":0,"player_choice":"Writhe","damage_taken":0,"max_hp_gain":0,"max_hp_loss":0,"event_name":"Winding Halls","floor":38,"gold_loss":0,"cards_obtained":["Writhe"]},{"damage_healed":0,"gold_gain":0,"player_choice":"Paid","damage_taken":0,"relics_obtained":["Red Mask"],"max_hp_gain":0,"max_hp_loss":0,"event_name":"Tomb of Lord Red Mask","floor":41,"gold_loss":209},{"cards_removed":["hermit:Feint"],"damage_healed":0,"gold_gain":0,"player_choice":"Removed Skill","damage_taken":0,"max_hp_gain":0,"max_hp_loss":0,"event_name":"Falling","floor":45,"gold_loss":0},{"damage_healed":0,"gold_gain":0,"player_choice":"Ignored","damage_taken":0,"max_hp_gain":0,"max_hp_loss":0,"event_name":"Mysterious Sphere","floor":48,"gold_loss":0}],"is_beta":false,"boss_relics":[{"not_picked":["Sozu","Philosopher\u0027s Stone"],"picked":"Replay:Ancient Bell"},{"not_picked":["Akabeko","Replay:Wax Seal"],"picked":"MawBank"},{"not_picked":["Replay:Bottled Flurry","ReplayTheSpireMod:Shallot"],"picked":"Darkstone Periapt"},{"not_picked":["Dead Branch","Replay:PocketPolymizer"],"picked":"hermit:CharredGlove"},{"not_picked":["Velvet Choker","Snecko Eye","Abe\u0027s Treasure"]}],"items_purged_floors":[],"is_endless":false,"potions_floor_spawned":[1,4,12,13,24,28,33,42,46],"ascension_level":0}}