{"host":"vyjryxuuuxkt43k4","time":1611217086,"event":{"mods":["AchievementEnabler","BaseMod","Colored Map","DeckTracker","Keyboard Shortcuts","Minty Spire (QoL Compilation)","Permanent Neow","Quick Restart","StSLib","SuperFastMode","everything is the same but u backflip on backflip"],"gold_per_floor":[114,125,48,60,73,93,93,93,93,36,1,1,20,20,20,121,121,139,139,229,245,265,265,297,310,358,358,358],"floor_reached":27,"language":"KOR","playtime":1089,"items_purged":[],"score":326,"play_id":"0f7bc014-7c97-429f-ae2f-60b27f6cd4d1","local_time":"20210121171806","is_ascension_mode":true,"campfire_choices":[{"floor":8.0,"key":"REST"},{"data":"Die Die Die","floor":12.0,"key":"SMITH"},{"data":"Neutralize","floor":15.0,"key":"SMITH"},{"floor":23,"key":"RECALL"}],"circlet_count":0,"master_deck":["Strike_G","Defend_G","Defend_G","Defend_G","Defend_G","Defend_G","Survivor","Neutralize+1","PiercingWail","Escape Plan","Quick Slash","Predator","Dodge and Roll","Dagger Spray","Backflip","Flechettes","Die Die Die+1","Grand Finale","Bullet Time","Cloak And Dagger+1","Heel Hook","Wraith Form v2","Flying Knee+1","Calculated Gamble"],"relics":["Ring of the Snake","Oddly Smooth Stone","The Courier","Pantograph","Sozu","Tough Bandages","Anchor"],"acts_visited":["Exordium","TheCity"],"potions_floor_usage":[],"damage_taken":[{"damage":1.0,"enemies":"Small Slimes","floor":1.0,"turns":8.0},{"damage":4.0,"enemies":"Jaw Worm","floor":2.0,"turns":4.0},{"damage":0.0,"enemies":"Cultist","floor":4.0,"turns":4.0},{"damage":23.0,"enemies":"Large Slime","floor":5.0,"turns":7.0},{"damage":8.0,"enemies":"3 Louse","floor":6.0,"turns":3.0},{"damage":4.0,"enemies":"Looter","floor":13.0,"turns":4.0},{"damage":66.0,"enemies":"Slime Boss","floor":16.0,"turns":19.0},{"damage":8.0,"enemies":"Shell Parasite","floor":18.0,"turns":6.0},{"damage":3,"enemies":"3 Byrds","floor":21,"turns":3},{"damage":10,"enemies":"Snake Plant","floor":22,"turns":7},{"damage":10,"enemies":"Book of Stabbing","floor":24,"turns":6},{"damage":0,"enemies":"3 Cultists","floor":25,"turns":5},{"damage":28,"enemies":"Snecko","floor":27,"turns":4}],"seed_played":"-4344567872975468698","potions_obtained":[{"floor":4.0,"key":"SpeedPotion"},{"floor":5.0,"key":"DistilledChaos"},{"floor":16.0,"key":"CunningPotion"}],"is_trial":false,"path_per_floor":["M","M","$","M","M","M","?","R","T","$","?","R","M","T","R","B",null,"M","?","?","M","M","R","E","M","T","M"],"character_chosen":"THE_SILENT","items_purchased":["Dodge and Roll","Dagger Spray","Die Die Die"],"campfire_rested":1,"item_purchase_floors":[3,3,10],"current_hp_per_floor":[44,40,40,40,17,9,9,30,30,30,47,47,43,43,43,2,53,45,45,33,30,20,20,10,10,10,0,0],"gold":358,"neow_bonus":"TRANSFORM_TWO_CARDS","is_daily":false,"chose_seed":false,"campfire_upgraded":2,"win_rate":0.0,"timestamp":1611217086,"path_taken":["M","M","$","M","M","M","?","R","T","$","?","R","M","?","R","BOSS","M","?","?","M","M","R","E","M","T","?"],"items_purchased_type":["Card","Card","Card"],"build_version":"2020-12-22","purchased_purges":0,"victory":false,"max_hp_per_floor":[70,70,70,70,70,70,70,70,70,70,70,70,70,70,70,70,70,70,70,70,70,70,70,70,70,70,70,70],"card_choices":[{"not_picked":["Cloak And Dagger","Riddle With Holes"],"picked":"Quick Slash","floor":1.0},{"not_picked":["Blade Dance","Poisoned Stab"],"picked":"Predator","floor":2.0},{"not_picked":["Prepared","Sucker Punch","Underhanded Strike"],"picked":"SKIP","floor":4.0},{"not_picked":["Distraction","Bane"],"picked":"Backflip","floor":5.0},{"not_picked":["Terror","Acrobatics"],"picked":"Flechettes","floor":6.0},{"not_picked":["PiercingWail","Bane"],"picked":"Grand Finale","floor":13.0},{"not_picked":["Phantasmal Killer","Night Terror"],"picked":"Bullet Time","floor":16.0},{"not_picked":["Sucker Punch","Setup"],"picked":"Cloak And Dagger+1","floor":18.0},{"not_picked":["PiercingWail","Dagger Throw"],"picked":"Flying Knee+1","floor":21},{"not_picked":["Infinite Blades","Dagger Throw+1"],"picked":"Calculated Gamble","floor":22},{"not_picked":["Calculated Gamble","Dodge and Roll","Cloak And Dagger+1"],"picked":"SKIP","floor":24},{"not_picked":["Tools of the Trade","Quick Slash","Underhanded Strike"],"picked":"SKIP","floor":25}],"player_experience":200147,"relics_obtained":[{"floor":9.0,"key":"The Courier"},{"floor":14.0,"key":"Pantograph"},{"floor":24,"key":"Tough Bandages"},{"floor":26,"key":"Anchor"}],"event_choices":[{"damage_healed":0.0,"max_hp_gain":0.0,"max_hp_loss":0.0,"gold_gain":0.0,"event_name":"Dead Adventurer","player_choice":"Searched \u00271\u0027 times","floor":7.0,"gold_loss":0.0,"damage_taken":0.0,"relics_obtained":["Oddly Smooth Stone"]},{"damage_healed":17.0,"max_hp_gain":0.0,"max_hp_loss":0.0,"gold_gain":0.0,"event_name":"The Cleric","player_choice":"Healed","floor":11.0,"gold_loss":35.0,"damage_taken":0.0},{"damage_healed":0.0,"max_hp_gain":0.0,"max_hp_loss":0.0,"gold_gain":0.0,"cards_transformed":["Strike_G","Strike_G"],"event_name":"Drug Dealer","player_choice":"Became Test Subject","floor":19.0,"gold_loss":0.0,"damage_taken":0.0,"cards_obtained":["Heel Hook","Wraith Form v2"]},{"damage_healed":0.0,"max_hp_gain":0.0,"max_hp_loss":0.0,"gold_gain":90.0,"event_name":"Knowing Skull","player_choice":"GOLD ","floor":20.0,"potions_obtained":[],"gold_loss":0.0,"damage_taken":12.0,"cards_obtained":[]}],"is_beta":false,"boss_relics":[{"not_picked":["SacredBark","Fusion Hammer"],"picked":"Sozu"}],"items_purged_floors":[],"is_endless":false,"potions_floor_spawned":[4,5,16,21,25],"killed_by":"Snecko","ascension_level":9}}