{"host":"w05x4i13f2m9joq1","time":1611208636,"event":{"mods":["Act Like it!","Bard","BaseMod","Better Altar","Better Match","Better Note","Better Sensory Stone","Better Skull","Better Third Choice","BetterRewards","Colored Map","Colored Powertips","Duelist Mod","GifTheSpireLib","Googly Eyes","Ironclad Rager","Lobotomy","LobotomyExtend","Marisa????????","Minty Spire (QoL Compilation)","Replay The Spire","Spire Birthday Party","StSLib","The Bug Knight","The Construct","The Hierophant","The IronCluck","The Mystic","TheBandit","everything is the same but u backflip on backflip","slay the spire mod where everything is the same but ironclad has a cowboy hat"],"gold_per_floor":[138,80,91,103,103,137,137,149,176,176,176,192,220,235,235,338,338,338,389,404,463,473,499,499,526,578,607,624,495,594,610,610,712,712,728,738,738,738,756,756,756,756,788,788,838,838,861,895,914,280,280,280],"floor_reached":53,"language":"ENG","playtime":3693,"items_purged":[],"score":1158,"play_id":"1fd75a22-1203-4b79-b631-98abc8fe1536","local_time":"20210121005716","is_ascension_mode":true,"campfire_choices":[{"data":"theDuelist:Lajinn","floor":7,"key":"SMITH"},{"floor":11,"key":"REST"},{"floor":15,"key":"REST"},{"floor":24,"key":"REST"},{"data":"theDuelist:Polymerization","floor":32,"key":"SMITH"},{"floor":40,"key":"REST"},{"floor":44,"key":"REST"},{"floor":46,"key":"REST"},{"data":"theDuelist:CallGrave","floor":51,"key":"SMITH"}],"circlet_count":0,"master_deck":["theDuelist:CastleWalls","theDuelist:Polymerization+1","theDuelist:RainbowOverdragon","theDuelist:Sparks","theDuelist:ArchfiendHeiress+1","theDuelist:PutridPudding","theDuelist:Sangan","theDuelist:Lajinn","theDuelist:Doomdog+1","theDuelist:FiendMegacyber","theDuelist:GoblinKing","theDuelist:Lajinn+1","theDuelist:ArchfiendGeneral","theDuelist:ArchfiendSoldier","theDuelist:ArchfiendSoldier","theDuelist:CastleWalls","theDuelist:SilverApples","theDuelist:FeatherShot+1","theDuelist:CallGrave+1","theDuelist:SummonedSkull","theDuelist:BerserkerCrush+1","theDuelist:GoblinKing","theDuelist:ArchfiendSoldier","theDuelist:RainbowKuriboh","theDuelist:DarknessNeosphere+1","theDuelist:PortraitSecret","theDuelist:Lajinn+1","theDuelist:LightningRodLord+1","theDuelist:KingYami+1","theDuelist:PortraitSecret+1","theDuelist:DarklordMarie","theDuelist:DarknessNeosphere","theDuelist:CastleWalls","theDuelist:DarknessNeosphere","theDuelist:PutridPudding","theDuelist:HammerShot+1","theDuelist:PutridPudding","theDuelist:RainbowOverdragon+1"],"relics":["theDuelist:MillenniumPuzzle","theDuelist:CardPoolRelic","theDuelist:CardPoolBasicRelic","theDuelist:BoosterPackPoolRelic","theDuelist:CardPoolAddRelic","theDuelist:CardPoolMinusRelic","theDuelist:CardPoolSaveRelic","theDuelist:CardPoolOptionsRelic","LetterFromLob","theDuelist:MillenniumRod","theDuelist:ZoneToken","Potion Belt","Busted Crown","Regal Pillow","Snack Pack","Molten Egg 2","theDuelist:MillenniumPeriapt","Boot","theDuelist:WhiteBowlRelic","theDuelist:MillenniumRod","Ooze Armor","theDuelist:SolderToken","theDuelist:BoosterBetterBoostersRelic","Bronze Scales","Orichalcum","ReplayFunnel","ReplayTheSpireMod:Ninjato","Sling"],"acts_visited":["Exordium","TheCity","TheBeyond"],"potions_floor_usage":[33,39,43,52,52,52,52],"damage_taken":[{"damage":0,"enemies":"Cultist","floor":1,"turns":2},{"damage":0,"enemies":"2 Louse","floor":3,"turns":2},{"damage":0,"enemies":"Small Slimes","floor":4,"turns":3},{"damage":36,"enemies":"3 Sentries","floor":6,"turns":7},{"damage":22,"enemies":"3 Louse","floor":8,"turns":4},{"damage":6,"enemies":"Exordium Wildlife","floor":12,"turns":3},{"damage":0,"enemies":"HollowMod:MossKnight","floor":13,"turns":4},{"damage":0,"enemies":"Exordium Thugs","floor":14,"turns":3},{"damage":0,"enemies":"Slime Boss","floor":16,"turns":5},{"damage":7,"enemies":"3 Byrds","floor":20,"turns":3},{"damage":14,"enemies":"Centurion and Healer","floor":22,"turns":4},{"damage":23,"enemies":"Gremlin Leader","floor":23,"turns":5},{"damage":10,"enemies":"theDuelist:KaibaA2","floor":25,"turns":4},{"damage":6,"enemies":"HollowMod:Nosk","floor":27,"turns":5},{"damage":12,"enemies":"Cultist and Chosen","floor":28,"turns":5},{"damage":0,"enemies":"Snecko","floor":31,"turns":3},{"damage":27,"enemies":"Champ","floor":33,"turns":7},{"damage":24,"enemies":"3 Shapes","floor":35,"turns":3},{"damage":49,"enemies":"3 Darklings","floor":36,"turns":4},{"damage":3,"enemies":"Spire Growth","floor":39,"turns":3},{"damage":50,"enemies":"R_Hoarder","floor":43,"turns":3},{"damage":0,"enemies":"Giant Head","floor":48,"turns":6},{"damage":8,"enemies":"Writhing Mass","floor":49,"turns":3},{"damage":9,"enemies":"Time Eater","floor":52,"turns":7},{"damage":2,"enemies":"Malkuth","floor":53,"turns":5},{"damage":64,"enemies":"Netzach","floor":53,"turns":11}],"seed_played":"8966804416183891185","potions_obtained":[{"floor":8,"key":"theDuelist:BigOrbBottle"},{"floor":12,"key":"theDuelist:ExtraOrbsBottle"},{"floor":14,"key":"Swift Potion"},{"floor":25,"key":"PowerPotion"},{"floor":27,"key":"theDuelist:MayhemPotion"},{"floor":35,"key":"Dexterity Potion"},{"floor":36,"key":"theDuelist:VampireVial"},{"floor":48,"key":"theDuelist:StunPotion"}],"is_trial":false,"path_per_floor":["M","$","M","M","?","E","R","M","T","?","R","M","E","M","R","B",null,"M","T","M","?","M","E","R","E","T","E","M","?","?","M","R","B",null,"M","M","?","?","M","R","PTL","PTL","E","R","T","R","T","E","M","$","R","B",null],"character_chosen":"THE_DUELIST","items_purchased":["theDuelist:DarknessNeosphere","ReplayTheSpireMod:Ninjato","Sling","theDuelist:GoblinKing","theDuelist:Doomdog+1","theDuelist:LightningRodLord+1"],"campfire_rested":6,"item_purchase_floors":[2,50,50,50,50,50],"current_hp_per_floor":[72,72,72,72,77,41,41,19,19,19,44,38,38,38,63,63,80,80,80,73,73,64,47,85,81,81,81,71,71,71,74,74,60,79,60,18,18,12,14,54,54,54,13,53,53,85,85,85,79,79,79,82],"gold":280,"neow_bonus":"TRANSFORM_CARD","is_daily":false,"chose_seed":false,"campfire_upgraded":3,"win_rate":0.0,"timestamp":1611208636,"path_taken":["M","$","M","?","?","E","R","M","T","?","R","M","E","M","R","BOSS","M","?","M","?","?","E","R","E","T","E","M","?","?","M","R","BOSS","M","M","?","?","M","R","PTL","PTL","E","R","T","R","?","E","?","$","R","BOSS"],"items_purchased_type":["Card","Relic","Relic","Card","Card","Card"],"build_version":"2020-12-22","purchased_purges":0,"victory":true,"max_hp_per_floor":[80,80,80,80,85,85,85,85,85,85,85,85,85,85,85,85,85,85,85,85,85,85,85,85,85,85,85,85,85,85,85,85,85,85,85,85,85,85,85,85,85,85,85,85,85,85,85,85,85,85,85,85],"card_choices":[{"not_picked":["theDuelist:UmbralHorrorGhost","theDuelist:DarkTinker","theDuelist:CyberArchfiend","theDuelist:AcidTrapHole"],"picked":"theDuelist:KingYami","floor":1},{"not_picked":["theDuelist:DarkCubicLord","theDuelist:Wildfire","theDuelist:Tierra","theDuelist:FabledGallabas"],"picked":"theDuelist:PutridPudding","floor":3},{"not_picked":["theDuelist:ClearKuriboh","theDuelist:EarthquakeGiant","theDuelist:MudGolem","theDuelist:PowerGiant","theDuelist:SmashingGround"],"picked":"SKIP","floor":4},{"not_picked":["theDuelist:Relinkuriboh","theDuelist:DarkTinker","theDuelist:SummonedSkull","theDuelist:ArchfiendSoldier"],"picked":"theDuelist:Lajinn","floor":6},{"not_picked":["theDuelist:FeatherShot","theDuelist:CallGrave"],"picked":"theDuelist:PutridPudding","floor":8},{"not_picked":["theDuelist:GauntletWarrior","theDuelist:RainbowBridge","theDuelist:PreventRat","theDuelist:RadiantMirrorForce"],"picked":"theDuelist:Polymerization","floor":12},{"not_picked":["theDuelist:TwinHeadedWolf","theDuelist:Zombyra","theDuelist:DrivenDaredevil","theDuelist:UmbralHorrorGhost"],"picked":"theDuelist:DarklordMarie","floor":13},{"not_picked":["theDuelist:ClearKuriboh","theDuelist:GilfordLegend","theDuelist:WormWarlord","theDuelist:RainbowOverdragon"],"picked":"theDuelist:Sangan","floor":14},{"not_picked":["theDuelist:DarkCubicLord","theDuelist:CallGrave","theDuelist:FabledGallabas","theDuelist:DarkMasterZorc"],"picked":"theDuelist:ArchfiendGeneral","floor":16},{"not_picked":["theDuelist:DarklordMarie","theDuelist:Zombyra"],"picked":"theDuelist:Lajinn+1","floor":20},{"not_picked":["theDuelist:FiendMegacyber","theDuelist:KingYami"],"picked":"theDuelist:Lajinn","floor":21},{"not_picked":["theDuelist:PurplePainOni","theDuelist:RedHeadedOni"],"picked":"theDuelist:RainbowKuriboh","floor":21},{"not_picked":["theDuelist:GolemSentry+1","theDuelist:WeepingIdol+1"],"picked":"theDuelist:RainbowOverdragon","floor":22},{"not_picked":["theDuelist:CheerfulCoffin+1","theDuelist:RedMirror"],"picked":"theDuelist:GoblinKing","floor":23},{"not_picked":["theDuelist:Lajinn+1","theDuelist:CheerfulCoffin"],"picked":"theDuelist:PortraitSecret+1","floor":25},{"not_picked":["theDuelist:DarkCubicLord","theDuelist:DarkMasterZorc+1"],"picked":"theDuelist:CallGrave","floor":27},{"not_picked":["theDuelist:EvilswarmHeliotrope+1","theDuelist:GaiaMidNightSun+1"],"picked":"theDuelist:HammerShot+1","floor":28},{"not_picked":["theDuelist:UmbralHorrorWilloWisp+1","theDuelist:DarkMasterZorc+1"],"picked":"theDuelist:ArchfiendHeiress+1","floor":31},{"not_picked":["theDuelist:CallGrave+1","theDuelist:FabledGallabas+1"],"picked":"theDuelist:FeatherShot+1","floor":33},{"not_picked":["theDuelist:FeatherShot+1","theDuelist:DarkFusion+1"],"picked":"theDuelist:BerserkerCrush+1","floor":35},{"not_picked":["theDuelist:Cloning","theDuelist:DarkMirrorForce"],"picked":"theDuelist:SilverApples","floor":36},{"not_picked":["theDuelist:GreyGreedOni+1","theDuelist:RainbowKuriboh+1","theDuelist:YellowBelliedOni"],"picked":"SKIP","floor":39},{"not_picked":["theDuelist:DoomDonuts+1","theDuelist:RedMirror","theDuelist:Doomdog"],"picked":"theDuelist:DarknessNeosphere+1","floor":43},{"not_picked":["theDuelist:SummonedSkull+1","theDuelist:Pumpking+1"],"picked":"theDuelist:PortraitSecret","floor":48},{"not_picked":["theDuelist:Mathematician+1","theDuelist:RainbowKuriboh"],"picked":"theDuelist:RainbowOverdragon+1","floor":49}],"player_experience":120202,"relics_obtained":[{"floor":1,"key":"LetterFromLob"},{"floor":6,"key":"theDuelist:MillenniumRod"},{"floor":9,"key":"theDuelist:ZoneToken"},{"floor":13,"key":"Potion Belt"},{"floor":19,"key":"Regal Pillow"},{"floor":21,"key":"Snack Pack"},{"floor":23,"key":"Molten Egg 2"},{"floor":25,"key":"theDuelist:MillenniumPeriapt"},{"floor":26,"key":"Boot"},{"floor":27,"key":"theDuelist:WhiteBowlRelic"},{"floor":43,"key":"theDuelist:BoosterBetterBoostersRelic"},{"floor":45,"key":"Bronze Scales"},{"floor":47,"key":"Orichalcum"},{"floor":48,"key":"ReplayFunnel"}],"event_choices":[{"damage_healed":0,"gold_gain":0,"player_choice":"Donut","damage_taken":0,"max_hp_gain":5,"max_hp_loss":0,"event_name":"Big Fish","floor":5,"gold_loss":0},{"damage_healed":0,"gold_gain":0,"player_choice":"Forge","damage_taken":0,"max_hp_gain":0,"max_hp_loss":0,"event_name":"Accursed Blacksmith","floor":10,"gold_loss":0,"cards_upgraded":["theDuelist:KingYami"]},{"damage_healed":0,"gold_gain":0,"player_choice":"Duplicated Relic - Millennium Rod","duelist":true,"damage_taken":0,"max_hp_gain":0,"max_hp_loss":0,"event_name":"Relic Duplicator","floor":29,"gold_loss":0},{"damage_healed":0,"gold_gain":99,"player_choice":"Steal","damage_taken":0,"max_hp_gain":0,"max_hp_loss":0,"event_name":"betterThird:BetterNest","floor":30,"gold_loss":0},{"damage_healed":0,"gold_gain":0,"player_choice":"Leave","duelist":true,"damage_taken":0,"max_hp_gain":0,"max_hp_loss":0,"event_name":"Egyptian Village","floor":37,"gold_loss":0},{"damage_healed":0,"gold_gain":0,"player_choice":"Dig - random Duelist relic","duelist":true,"damage_taken":0,"max_hp_gain":0,"max_hp_loss":0,"event_name":"Aknamkanon\u0027s Tomb","floor":38,"gold_loss":0}],"is_beta":false,"boss_relics":[{"not_picked":["SacredBark","Replay:Grab Bag"],"picked":"Busted Crown"},{"not_picked":["Velvet Choker","Snecko Eye"],"picked":"Ooze Armor"}],"items_purged_floors":[],"is_endless":false,"potions_floor_spawned":[8,12,14,25,27,28,35,36,48],"ascension_level":6}}