{"host":"w3q5ijqu8eoknil3","time":1611247329,"event":{"mods":["AchievementEnabler","BaseMod","Block Reminder","Colored Map","Colored Powertips","Curses Come First","Dark Map","Minty Spire (QoL Compilation)","Quick Restart","Relic Stats","StSLib","ojb\u0027s Better Paths Mod","ojb\u0027s Info Mod","slay the spire mod where everything is the same but ironclad has a cowboy hat"],"gold_per_floor":[116,116,127,143,170,188,198,198,198],"floor_reached":8,"language":"ENG","playtime":239,"items_purged":[],"score":95,"play_id":"8f98498f-c5bc-4274-a5ad-46f56aa2c59d","local_time":"20210121164209","is_ascension_mode":true,"campfire_choices":[],"circlet_count":0,"master_deck":["AscendersBane","Strike_G","Strike_G","Strike_G","Strike_G","Strike_G","Defend_G","Defend_G+1","Defend_G","Defend_G","Defend_G","Survivor","Neutralize","Dagger Spray+1","Eviscerate","PiercingWail","Dash","Predator"],"relics":["Ring of the Snake","NeowsBlessing","Juzu Bracelet"],"acts_visited":["Exordium"],"potions_floor_usage":[6],"damage_taken":[{"damage":0,"enemies":"Jaw Worm","floor":1,"turns":1},{"damage":0,"enemies":"Small Slimes","floor":3,"turns":1},{"damage":0,"enemies":"2 Louse","floor":4,"turns":1},{"damage":2,"enemies":"2 Fungi Beasts","floor":6,"turns":2},{"damage":16,"enemies":"Exordium Thugs","floor":7,"turns":7},{"damage":21,"enemies":"Lagavulin","floor":8,"turns":5}],"seed_played":"76610129571358399","potions_obtained":[{"floor":4,"key":"FearPotion"}],"is_trial":false,"path_per_floor":["M","?","M","M","T","M","M","E"],"character_chosen":"THE_SILENT","items_purchased":[],"campfire_rested":0,"item_purchase_floors":[],"current_hp_per_floor":[59,39,39,39,39,37,21,0,0],"gold":198,"neow_bonus":"THREE_ENEMY_KILL","is_daily":false,"chose_seed":false,"campfire_upgraded":0,"win_rate":0.0,"timestamp":1611247329,"path_taken":["M","?","M","M","?","M","M","E"],"items_purchased_type":[],"build_version":"2020-12-22","purchased_purges":0,"victory":false,"max_hp_per_floor":[66,66,66,66,66,66,66,66,66],"relic_stats":{"counters":[6,17],"Juzu Bracelet":0,"obtain_stats":[{"NeowsBlessing":0,"Juzu Bracelet":5,"Ring of the Snake":0},{"NeowsBlessing":0,"Juzu Bracelet":3,"Ring of the Snake":0},{"NeowsBlessing":0,"Juzu Bracelet":3,"Ring of the Snake":0}],"Ring of the Snake":[12]},"card_choices":[{"not_picked":["Bane","Cloak And Dagger"],"picked":"Dagger Spray","floor":1},{"not_picked":["Caltrops","Prepared"],"picked":"Eviscerate","floor":3},{"not_picked":["Flechettes","Setup"],"picked":"PiercingWail","floor":4},{"not_picked":["PiercingWail","Outmaneuver"],"picked":"Dash","floor":6},{"not_picked":["Acrobatics","Flying Knee"],"picked":"Predator","floor":7}],"player_experience":1006273,"relics_obtained":[{"floor":5,"key":"Juzu Bracelet"}],"event_choices":[{"damage_healed":0,"gold_gain":0,"player_choice":"Entered Light","damage_taken":20,"max_hp_gain":0,"max_hp_loss":0,"event_name":"Shining Light","floor":2,"gold_loss":0,"cards_upgraded":["Dagger Spray","Defend_G"]}],"is_beta":false,"boss_relics":[],"items_purged_floors":[],"is_endless":false,"potions_floor_spawned":[4],"killed_by":"Lagavulin","ascension_level":18}}