{"host":"l2dnabsh5e0fsksb","time":1611192403,"event":{"mods":["2.2 Compatiblity","BaseMod","Downfall","Minty Spire (QoL Compilation)","Quick Restart","StSLib"],"gold_per_floor":[99,110,110,285,44,44,71,171,189,199,99,60,60,73,93,189,189,189,199,199,299,329,347,347,347,357,374,274,286,286,297,316,416,416,416,429,446,392,407,407,407,422,472,487,487,487,522,422,441,441,441,441],"floor_reached":50,"language":"ENG","playtime":2112,"items_purged":["Doubt"],"score":683,"play_id":"976654f6-0335-490e-b620-b3f625894ded","local_time":"20210121115643","is_ascension_mode":true,"campfire_choices":[{"floor":1.0,"key":"RECALL"},{"data":"bronze:Iterate","floor":11.0,"key":"SMITH"},{"floor":13.0,"key":"REST"},{"data":"bronze:Format","floor":18.0,"key":"SMITH"},{"floor":28.0,"key":"REST"},{"data":"bronze:Constructor","floor":30.0,"key":"SMITH"},{"data":"bronze:DonuBeam","floor":35.0,"key":"SMITH"},{"data":"bronze:Repair","floor":40.0,"key":"SMITH"},{"data":"bronze:BronzeOrb","floor":46.0,"key":"SMITH"},{"data":"bronze:Iterate","floor":46.0,"key":"SMITH"},{"data":"bronze:Iterate","floor":48,"key":"SMITH"}],"circlet_count":0,"master_deck":["bronze:Strike","bronze:Strike","bronze:Strike","bronze:Strike","bronze:Defend","bronze:Defend+1","bronze:Defend","bronze:Replicate+1","bronze:Goto","bronze:CutThrough","bronze:Iterate+1","bronze:FineTuning","bronze:DelayedGuard","bronze:BronzeOrb+1","bronze:Constructor+1","bronze:Iterate+1","bronze:WhirlingStrike","bronze:Format+1","bronze:DonuBeam+1","bronze:Iterate+1","bronze:BitShift","bronze:ClassDefault+1","bronze:WhirlingStrike+1","bronze:Return+1","bronze:Branch+1","bronze:Repair+1","bronze:Mutator","bronze:WhirlingStrike+1","bronze:OilSpill+1","bronze:Mutator","bronze:WhirlingStrike+1","bronze:ForceShield+1","bronze:Separator+1","bronze:Flail+1","bronze:ClassDefault","bronze:Constructor+1"],"relics":["bronze:PlatinumCore","Eternal Feather","Sling","Omamori","Bronze Scales","downfall:GremlinWheel","downfall:HeartBlessingRed","Red Mask","Necronomicon","downfall:HeartBlessingBlue","Cursed Key","Akabeko","White Beast Statue","bronze:Mallet","Bird Faced Urn","War Paint","downfall:HeartBlessingGreen"],"acts_visited":["Exordium","TheCity","TheBeyond"],"potions_floor_usage":[47,47],"damage_taken":[{"damage":6.0,"enemies":"Cultist","floor":2.0,"turns":4.0},{"damage":0.0,"enemies":"downfall:FleeingMerchant","floor":5.0,"turns":4.0},{"damage":8.0,"enemies":"downfall:FleeingMerchant","floor":8.0,"turns":3.0},{"damage":2.0,"enemies":"2 Louse","floor":9.0,"turns":3.0},{"damage":7.0,"enemies":"Small Slimes","floor":10.0,"turns":3.0},{"damage":15.0,"enemies":"downfall:FleeingMerchant","floor":12.0,"turns":4.0},{"damage":0.0,"enemies":"2 Fungi Beasts","floor":14.0,"turns":2.0},{"damage":4.0,"enemies":"Gremlin Gang","floor":15.0,"turns":3.0},{"damage":21.0,"enemies":"SI_SHIV_ARCHETYPE","floor":16.0,"turns":6.0},{"damage":6.0,"enemies":"3 Byrds","floor":19.0,"turns":2.0},{"damage":13.0,"enemies":"3 Byrds","floor":21.0,"turns":3.0},{"damage":0.0,"enemies":"Masked Bandits","floor":22.0,"turns":2.0},{"damage":3.0,"enemies":"Shell Parasite","floor":23.0,"turns":2.0},{"damage":0.0,"enemies":"Centurion and Healer","floor":26.0,"turns":3.0},{"damage":0.0,"enemies":"3 Cultists","floor":27.0,"turns":3.0},{"damage":2.0,"enemies":"Chosen and Byrds","floor":29.0,"turns":2.0},{"damage":0.0,"enemies":"Sentry and Sphere","floor":31.0,"turns":3.0},{"damage":0.0,"enemies":"Shelled Parasite and Fungi","floor":32.0,"turns":2.0},{"damage":51.0,"enemies":"DF_ARCHETYPE_CLAW","floor":33.0,"turns":6.0},{"damage":16.0,"enemies":"3 Darklings","floor":36.0,"turns":4.0},{"damage":0.0,"enemies":"3 Shapes","floor":37.0,"turns":3.0},{"damage":0.0,"enemies":"downfall:FleeingMerchant","floor":38.0,"turns":2.0},{"damage":23.0,"enemies":"3 Darklings","floor":39.0,"turns":4.0},{"damage":18.0,"enemies":"Writhing Mass","floor":42.0,"turns":3.0},{"damage":13.0,"enemies":"Writhing Mass","floor":43.0,"turns":4.0},{"damage":7.0,"enemies":"Spire Growth","floor":44.0,"turns":2.0},{"damage":31,"enemies":"Nemesis","floor":47,"turns":5},{"damage":0,"enemies":"Jaw Worm Horde","floor":49,"turns":1},{"damage":76,"enemies":"IC_BLOCK_ARCHETYPE","floor":50,"turns":3}],"seed_played":"242181330843953478","potions_obtained":[{"floor":8.0,"key":"EssenceOfSteel"},{"floor":10.0,"key":"Guardian:BlockOnCardUsePotion"},{"floor":14.0,"key":"BlessingOfTheForge"},{"floor":15.0,"key":"SteroidPotion"},{"floor":22.0,"key":"Block Potion"},{"floor":23.0,"key":"AttackPotion"},{"floor":27.0,"key":"EssenceOfSteel"},{"floor":29.0,"key":"SteroidPotion"},{"floor":36.0,"key":"champ:CounterPotion"},{"floor":39.0,"key":"Strength Potion"},{"floor":42.0,"key":"bronze:FreeFunctionsPotion"},{"floor":43.0,"key":"SkillPotion"},{"floor":47,"key":"EssenceOfSteel"},{"floor":49,"key":"Swift Potion"}],"is_trial":false,"path_per_floor":["R","M","T","?","$","?","T","?","M","M","R","$","R","M","M","B",null,"R","M","?","?","?","M","T","?","M","M","R","M","R","M","M","B",null,"R","M","M","$","M","R","T","M","?","M","?","R","E","R","M","B"],"character_chosen":"THE_AUTOMATON","items_purchased":["Sling","bronze:Constructor","Akabeko","White Beast Statue"],"campfire_rested":2,"item_purchase_floors":[5,12,38,38],"current_hp_per_floor":[70,64,64,64,64,52,52,44,42,35,41,26,56,56,52,31,60,69,63,50,37,37,34,34,18,18,18,65,63,78,78,78,34,72,85,69,69,69,53,71,71,63,50,43,43,61,46,67,67,0,0,0],"gold":441,"neow_bonus":"UPGRADE_CARD","is_daily":false,"chose_seed":false,"campfire_upgraded":8,"win_rate":0.0,"timestamp":1611192403,"path_taken":["R","M","?","?","$","?","T","?","M","M","R","$","R","?","M","BOSS","R","M","?","?","?","M","T","?","M","?","R","M","R","M","M","BOSS","R","M","M","$","M","R","T","M","?","M","?","R","E","R","M","BOSS"],"items_purchased_type":["Relic","Card","Relic","Relic"],"build_version":"2020-12-22","purchased_purges":1,"victory":false,"max_hp_per_floor":[70,70,70,70,70,70,70,70,70,70,70,70,70,70,70,70,70,70,70,75,75,75,75,75,75,75,75,85,85,85,85,85,85,85,85,85,85,85,85,85,85,85,85,85,85,85,85,85,85,85,85,85],"card_choices":[{"not_picked":["bronze:Turbo","bronze:ItsAFeature"],"picked":"bronze:CutThrough","floor":2.0},{"not_picked":["bronze:BugBarrage","bronze:DelayedSlice"],"picked":"bronze:Iterate","floor":5.0},{"not_picked":["bronze:Terminator","bronze:Invalidate"],"picked":"bronze:FineTuning","floor":9.0},{"not_picked":["bronze:FineTuning","bronze:ChildClass"],"picked":"bronze:DelayedGuard","floor":10.0},{"not_picked":["bronze:Boost","bronze:WhirlingStrike"],"picked":"bronze:BronzeOrb","floor":12.0},{"not_picked":["bronze:Virus","bronze:CloningBeam"],"picked":"bronze:Iterate","floor":14.0},{"not_picked":["bronze:Separator","bronze:ItsAFeature"],"picked":"bronze:WhirlingStrike","floor":15.0},{"not_picked":["bronze:HyperBeam","bronze:TinkerersToolbox"],"picked":"bronze:Format","floor":16.0},{"not_picked":["bronze:ForLoop","bronze:Flail","bronze:BugBarrage+1"],"picked":"SKIP","floor":19.0},{"not_picked":[],"picked":"bronze:DonuBeam","floor":21.0},{"not_picked":["bronze:Branch","bronze:WildBeam"],"picked":"bronze:Iterate","floor":21.0},{"not_picked":["bronze:Overheat","bronze:Overload"],"picked":"bronze:BitShift","floor":22.0},{"not_picked":["bronze:Shell","bronze:WhirlingStrike"],"picked":"bronze:ClassDefault+1","floor":23.0},{"not_picked":["bronze:CloningBeam","bronze:Overheat"],"picked":"bronze:WhirlingStrike+1","floor":26.0},{"not_picked":["bronze:DarkDash","bronze:CloningBeam"],"picked":"bronze:Return+1","floor":27.0},{"not_picked":["bronze:Frontload","bronze:Shield"],"picked":"bronze:Branch+1","floor":29.0},{"not_picked":["bronze:WhirlingStrike","bronze:BuggyMess+1","bronze:BugBarrage+1"],"picked":"SKIP","floor":31.0},{"not_picked":["bronze:AlphaBuild","bronze:Frontload+1"],"picked":"bronze:Repair","floor":32.0},{"not_picked":["bronze:Virus","bronze:Assembly"],"picked":"bronze:Mutator","floor":33.0},{"not_picked":["bronze:BitShift","bronze:Frontload+1"],"picked":"bronze:WhirlingStrike+1","floor":36.0},{"not_picked":["bronze:Separator","bronze:Deprecate"],"picked":"bronze:OilSpill+1","floor":37.0},{"not_picked":["bronze:TinkerersToolbox","bronze:BronzeArmor"],"picked":"bronze:Mutator","floor":38.0},{"not_picked":["bronze:Overheat+1","bronze:Turbo"],"picked":"bronze:WhirlingStrike+1","floor":39.0},{"not_picked":["bronze:Iterate","bronze:CutThrough+1"],"picked":"bronze:ForceShield","floor":42.0},{"not_picked":["bronze:Format","bronze:BuggyMess"],"picked":"bronze:Separator+1","floor":43.0},{"not_picked":["bronze:Separator","bronze:Overheat+1"],"picked":"bronze:Flail+1","floor":44.0},{"not_picked":["bronze:Invalidate","bronze:Overheat+1"],"picked":"bronze:ClassDefault","floor":47},{"not_picked":["bronze:Separator+1","bronze:Backtrace"],"picked":"bronze:Constructor+1","floor":49}],"player_experience":1813632,"relics_obtained":[{"floor":3.0,"key":"Eternal Feather"},{"floor":7.0,"key":"Bronze Scales"},{"floor":8.0,"key":"downfall:GremlinWheel"},{"floor":22.0,"key":"Red Mask"},{"floor":25.0,"key":"Necronomicon"},{"floor":41.0,"key":"bronze:Mallet"},{"floor":43.0,"key":"Bird Faced Urn"},{"floor":47,"key":"War Paint"}],"event_choices":[{"damage_healed":0.0,"max_hp_gain":0.0,"max_hp_loss":0.0,"gold_gain":0.0,"event_name":"Scrap Ooze","player_choice":"Success","floor":6.0,"gold_loss":0.0,"damage_taken":12.0,"relics_obtained":["Omamori"]},{"cards_removed":["bronze:Defend"],"damage_healed":0.0,"max_hp_gain":0.0,"max_hp_loss":0.0,"gold_gain":0.0,"event_name":"Wheel of Change","player_choice":"Card Removal","floor":11.0,"gold_loss":0.0,"damage_taken":0.0},{"damage_healed":0.0,"max_hp_gain":0.0,"max_hp_loss":0.0,"gold_gain":0.0,"event_name":"Masked Bandits","player_choice":"Fought Bandits","floor":22.0,"gold_loss":0.0,"damage_taken":0.0}],"is_beta":false,"boss_relics":[{"not_picked":["Pandora\u0027s Box","Philosopher\u0027s Stone"],"picked":"bronze:PlatinumCore"},{"not_picked":["Empty Cage","Fusion Hammer"],"picked":"Cursed Key"}],"items_purged_floors":[5],"is_endless":false,"potions_floor_spawned":[8,10,14,15,19,22,23,27,29,36,39,42,43,44,47,49],"killed_by":"IC_BLOCK_ARCHETYPE","ascension_level":5}}