{"host":"oz0i1fpezyhy8r2h","time":1611212169,"event":{"mods":["ATMod(∞¢Ë™Mod)","Act Like it!","Arknights The Spire","BaseMod","CapriCore","GifTheSpireLib","Hallownest","KinomotoSakuraMod(ƒæ÷Æ±æ”£)","Luminous","Minty Spire (QoL Compilation)","Reimu£®≤©¿ˆ¡È√Œ£©","Remilia£®¿Ÿ√◊¿Ú—«£©","StSLib","The Construct","The Cursed","The Gatherer","The Immortal","The Marked","Yakumo Yukari mod","°æ“≈ŒÔø®≈∆°øREMEMod"],"gold_per_floor":[138,138,148,167,177,205,70,83,83,83,96,111,124,158,158,158,158],"floor_reached":16,"language":"ZHS","playtime":1296,"items_purged":[],"score":141,"play_id":"799bc1be-978c-4a5c-830c-5a66e56296a6","local_time":"20210121145609","is_ascension_mode":false,"campfire_choices":[{"data":"GluttonyofRealm_purpleEX","floor":10,"key":"SMITH"},{"data":"Observe_purple_2","floor":15,"key":"SMITH"}],"circlet_count":0,"master_deck":["AT_purpleEX","AT_purpleEX","AT_purpleEX","AT_purpleEX","Defend_purpleEX","Defend_purpleEX","Defend_purpleEX","Defend_purpleEX","Observe_purple_1+1","Observe_purple_2+1","PositiveMatter_Antimatter_Universe_purple","OpenedBox_purple","GluttonyofRealm_purpleEX+1","OpenedBox_purple","WangLiang_OokamiKakushi_purple"],"relics":["Boundary_crack","Memoryfragments_purpleEX","AT_ATBox","REME_ComplimentaryCards","construct:FoamFinger","AT_BellowingDragoncrestRing","AT_GuinsooRageblade"],"acts_visited":["Exordium"],"potions_floor_usage":[6,14,16],"damage_taken":[{"damage":5.0,"enemies":"Jaw Worm","floor":1.0,"turns":6.0},{"damage":3.0,"enemies":"Cultist","floor":3.0,"turns":4.0},{"damage":0.0,"enemies":"2 Louse","floor":4.0,"turns":3.0},{"damage":20.0,"enemies":"Exordium Thugs","floor":5.0,"turns":7.0},{"damage":44,"enemies":"Lagavulin","floor":6,"turns":8},{"damage":3,"enemies":"Lots of Slimes","floor":8,"turns":5},{"damage":9,"enemies":"2 Fungi Beasts","floor":11,"turns":7},{"damage":0,"enemies":"Looter","floor":12,"turns":3},{"damage":0,"enemies":"3 Louse","floor":13,"turns":3},{"damage":18,"enemies":"Gremlin Nob","floor":14,"turns":3},{"damage":14,"enemies":"Slime Boss","floor":16,"turns":7}],"seed_played":"-3895816745485415281","potions_obtained":[{"floor":1.0,"key":"BlessingOfTheForge"},{"floor":6,"key":"Swift Potion"},{"floor":8,"key":"Swift Potion"},{"floor":13,"key":"PowerPotion"}],"is_trial":false,"path_per_floor":["M","?","M","M","M","E","$","M","T","R","M","M","M","E","R","B"],"character_chosen":"Youkari","items_purchased":["GluttonyofRealm_purpleEX"],"campfire_rested":0,"item_purchase_floors":[7],"current_hp_per_floor":[75,75,73,74,57,18,18,20,20,20,15,21,27,13,13,3,3],"gold":158,"neow_bonus":"TEN_PERCENT_HP_BONUS","is_daily":false,"chose_seed":false,"campfire_upgraded":2,"win_rate":0.0,"timestamp":1611212169,"path_taken":["M","?","M","M","M","E","$","M","T","R","M","M","?","E","R","BOSS"],"items_purchased_type":["Card"],"build_version":"2020-12-22","purchased_purges":0,"victory":false,"max_hp_per_floor":[77,77,77,77,77,77,77,80,80,80,84,88,92,92,92,96,96],"card_choices":[{"not_picked":["Fantasy_PerpetualMotionMachine_purple","StateDuplicate_purple","Mirror_FormAndEmptin_purple"],"picked":"SKIP","floor":1.0},{"not_picked":["Mirror_WaveAndshot_purple","DimensionStaggered_purple","OmniscientAndOmnipotent_Monster_purple"],"picked":"SKIP","floor":3.0},{"not_picked":["Anti_communist_purple","Realm_recovery_purpleEX"],"picked":"PositiveMatter_Antimatter_Universe_purple","floor":4.0},{"not_picked":["Umbrella_purple","Shallow_ocean_purpleEX","ExistenceContinue_purple"],"picked":"SKIP","floor":5.0},{"not_picked":["MonsterNeedle_purple","Realm_recovery_purpleEX"],"picked":"OpenedBox_purple","floor":6},{"not_picked":["ButterflyHabitatTemple_purple","Mirror_WaveAndshot_purple"],"picked":"UniverseChoice_purple","floor":8},{"not_picked":["WingOfChimera_purple","OmniscientAndOmnipotent_Monster_purple"],"picked":"OpenedBox_purple","floor":11},{"not_picked":["Bait_HighSpeedFlying_purple","StateDuplicate_purple","DimensionStaggered_purple"],"picked":"SKIP","floor":12},{"not_picked":["Realm_recovery_purpleEX","Photoelasticity_Doppler_Effect_purple","StateErode_purple"],"picked":"SKIP","floor":13},{"not_picked":["MeetDecomposer_purple","DarkRealmRedLine_purple"],"picked":"WangLiang_OokamiKakushi_purple","floor":14}],"player_experience":175840,"relics_obtained":[{"floor":6,"key":"construct:FoamFinger"},{"floor":9,"key":"AT_BellowingDragoncrestRing"},{"floor":14,"key":"AT_GuinsooRageblade"}],"event_choices":[{"damage_healed":0.0,"max_hp_gain":0.0,"max_hp_loss":0.0,"gold_gain":0.0,"event_name":"Accursed Blacksmith","player_choice":"Forge","floor":2.0,"gold_loss":0.0,"damage_taken":0.0,"cards_upgraded":["Observe_purple_1"]}],"is_beta":false,"boss_relics":[],"items_purged_floors":[],"is_endless":false,"potions_floor_spawned":[1,6,8,13],"killed_by":"Slime Boss","ascension_level":0}}