{"host":"vm3f1ccwgbs4oygt","time":1611229924,"event":{"mods":["BaseMod","BetterRewards","Colored Powertips","Minty Spire (QoL Compilation)","Permanent Neow","Shop Mod","StSLib"],"gold_per_floor":[119,139,100,114,60,60,85,99,153,153,153,170,135,150,150,252,252,271,271,271,283,283,283,283,314,314,39,39,39,50,65,65,164,164,176,176,196,196,196,196,196],"floor_reached":40,"language":"ENG","playtime":93839,"items_purged":["Strike_R"],"score":465,"play_id":"286a90e3-3422-40e0-b7cc-730d55211429","local_time":"20210121125204","is_ascension_mode":true,"campfire_choices":[{"data":"Armaments","floor":6,"key":"SMITH"},{"floor":11,"key":"REST"},{"data":"Inflame","floor":15,"key":"SMITH"},{"floor":23,"key":"REST"},{"floor":28,"key":"REST"},{"data":"Spot Weakness","floor":32,"key":"SMITH"}],"circlet_count":0,"master_deck":["Strike_R","Strike_R","Strike_R","Defend_R","Defend_R","Defend_R","Bash","Sword Boomerang","Headbutt","Spot Weakness+1","Shockwave","Armaments+1","Inflame+1","Pommel Strike","Shockwave","Barricade","Bloodletting","Shrug It Off","Clothesline","Bludgeon","Spot Weakness+1"],"relics":["Burning Blood","Sundial","Bronze Scales","Regal Pillow","Velvet Choker","MutagenicStrength","Enchiridion","Eternal Feather","Toy Ornithopter","Lantern","Busted Crown","Red Skull","Art of War"],"acts_visited":["Exordium","TheCity","TheBeyond"],"potions_floor_usage":[8,16,25,33,33,33,40],"damage_taken":[{"damage":1,"enemies":"Cultist","floor":1,"turns":3},{"damage":7,"enemies":"Jaw Worm","floor":2,"turns":3},{"damage":9,"enemies":"Small Slimes","floor":4,"turns":3},{"damage":27,"enemies":"Gremlin Nob","floor":7,"turns":5},{"damage":10,"enemies":"2 Fungi Beasts","floor":8,"turns":3},{"damage":22,"enemies":"Large Slime","floor":12,"turns":3},{"damage":9,"enemies":"Exordium Wildlife","floor":14,"turns":4},{"damage":52,"enemies":"Slime Boss","floor":16,"turns":11},{"damage":25,"enemies":"Spheric Guardian","floor":18,"turns":5},{"damage":46,"enemies":"2 Thieves","floor":21,"turns":4},{"damage":66,"enemies":"Gremlin Leader","floor":25,"turns":6},{"damage":16,"enemies":"3 Cultists","floor":30,"turns":5},{"damage":13,"enemies":"Snecko","floor":31,"turns":3},{"damage":62,"enemies":"Champ","floor":33,"turns":9},{"damage":37,"enemies":"3 Shapes","floor":35,"turns":3},{"damage":11,"enemies":"Orb Walker","floor":37,"turns":2},{"damage":62,"enemies":"Giant Head","floor":40,"turns":6}],"seed_played":"3020925159867710162","potions_obtained":[{"floor":7,"key":"AttackPotion"},{"floor":12,"key":"SkillPotion"},{"floor":18,"key":"Regen Potion"},{"floor":25,"key":"Strength Potion"},{"floor":31,"key":"SpeedPotion"},{"floor":33,"key":"ColorlessPotion"},{"floor":35,"key":"GamblersBrew"}],"is_trial":false,"path_per_floor":["M","M","?","M","$","R","E","M","T","?","R","M","?","M","R","B",null,"M","?","?","M","?","R","?","E","T","$","R","$","M","M","R","B",null,"M","?","M","T","?","E"],"character_chosen":"IRONCLAD","items_purchased":["Armaments","Lantern","Block Potion"],"campfire_rested":3,"item_purchase_floors":[5,27,27],"current_hp_per_floor":[80,79,79,76,76,76,55,51,51,26,65,49,69,66,66,20,80,61,80,80,40,40,79,63,18,18,18,66,66,56,49,61,20,80,49,49,44,44,44,0,0],"gold":196,"neow_bonus":"TRANSFORM_CARD","is_daily":false,"chose_seed":false,"campfire_upgraded":3,"win_rate":0.0,"timestamp":1611229924,"path_taken":["M","?","?","M","$","R","E","M","T","?","R","M","?","M","R","BOSS","M","?","?","M","?","R","?","E","T","$","R","$","M","M","R","BOSS","M","?","M","?","?","E"],"items_purchased_type":["Card","Relic","Potion"],"build_version":"2020-12-22","purchased_purges":1,"victory":false,"max_hp_per_floor":[80,80,80,80,80,80,80,80,80,80,80,80,80,80,80,80,80,80,80,80,80,80,80,80,80,80,80,80,80,80,80,80,80,80,80,80,80,80,80,80,80],"card_choices":[{"not_picked":["Thunderclap","Warcry"],"picked":"Headbutt","floor":1},{"not_picked":["Uppercut","Dropkick"],"picked":"Spot Weakness","floor":2},{"not_picked":["Wild Strike","Hemokinesis"],"picked":"Shockwave","floor":4},{"not_picked":["Blood for Blood","Pummel"],"picked":"Inflame","floor":7},{"not_picked":["Sword Boomerang","Body Slam","Wild Strike"],"picked":"SKIP","floor":8},{"not_picked":["Wild Strike","Second Wind"],"picked":"Pommel Strike","floor":12},{"not_picked":["Hemokinesis","Iron Wave"],"picked":"Shockwave","floor":14},{"not_picked":["Brutality","Fiend Fire"],"picked":"Barricade","floor":16},{"not_picked":["Cleave","Twin Strike+1"],"picked":"Bloodletting","floor":18},{"not_picked":["Evolve","Iron Wave","Thunderclap+1"],"picked":"SKIP","floor":21},{"not_picked":["Combust","Barricade"],"picked":"Shrug It Off","floor":25},{"not_picked":["True Grit","Spot Weakness"],"picked":"Clothesline","floor":30},{"not_picked":["Intimidate","Reckless Charge","Pommel Strike+1"],"picked":"SKIP","floor":31},{"not_picked":["Fiend Fire","Offering"],"picked":"Bludgeon","floor":33},{"not_picked":[],"picked":"Spot Weakness+1","floor":35},{"not_picked":["Sword Boomerang"],"picked":"SKIP","floor":37}],"player_experience":638662,"relics_obtained":[{"floor":7,"key":"Sundial"},{"floor":9,"key":"Bronze Scales"},{"floor":24,"key":"Enchiridion"},{"floor":25,"key":"Eternal Feather"},{"floor":26,"key":"Toy Ornithopter"},{"floor":38,"key":"Red Skull"}],"event_choices":[{"damage_healed":0,"gold_gain":0,"player_choice":"Left Gold","damage_taken":0,"max_hp_gain":0,"max_hp_loss":0,"event_name":"World of Goop","floor":3,"gold_loss":39},{"damage_healed":0,"gold_gain":0,"player_choice":"Success","damage_taken":25,"relics_obtained":["Regal Pillow"],"max_hp_gain":0,"max_hp_loss":0,"event_name":"Scrap Ooze","floor":10,"gold_loss":0},{"damage_healed":20,"gold_gain":0,"player_choice":"Healed","damage_taken":0,"max_hp_gain":0,"max_hp_loss":0,"event_name":"The Cleric","floor":13,"gold_loss":35},{"damage_healed":26,"gold_gain":0,"player_choice":"Heal","damage_taken":0,"max_hp_gain":0,"max_hp_loss":0,"event_name":"The Library","floor":19,"gold_loss":0},{"damage_healed":0,"gold_gain":0,"player_choice":"Inject Mutagens","damage_taken":0,"relics_obtained":["MutagenicStrength"],"max_hp_gain":0,"max_hp_loss":0,"event_name":"Drug Dealer","floor":20,"gold_loss":0},{"damage_healed":0,"gold_gain":0,"player_choice":"Ignored","damage_taken":0,"max_hp_gain":0,"max_hp_loss":0,"event_name":"Vampires","floor":22,"gold_loss":0},{"damage_healed":0,"gold_gain":0,"player_choice":"Obtained Book","damage_taken":16,"max_hp_gain":0,"max_hp_loss":0,"event_name":"Cursed Tome","floor":24,"gold_loss":0},{"cards_removed":["Defend_R"],"damage_healed":0,"gold_gain":0,"player_choice":"Removed Skill","damage_taken":0,"max_hp_gain":0,"max_hp_loss":0,"event_name":"Falling","floor":36,"gold_loss":0},{"damage_healed":0,"gold_gain":0,"player_choice":"Gave Potion","damage_taken":0,"relics_obtained":["Art of War"],"max_hp_gain":0,"max_hp_loss":0,"event_name":"WeMeetAgain","floor":39,"gold_loss":0}],"is_beta":false,"boss_relics":[{"not_picked":["Tiny House","Philosopher\u0027s Stone"],"picked":"Velvet Choker"},{"not_picked":["Black Star","Cursed Key"],"picked":"Busted Crown"}],"items_purged_floors":[27],"is_endless":false,"potions_floor_spawned":[7,12,18,25,31,33,35],"killed_by":"Giant Head","ascension_level":3}}