{"host":"avq773cl9g5msfol","time":1611221813,"event":{"mods":["100% Spire Juice","AchievementEnabler","Act Like it!","Ascension Unlocker","Aspiration","Astrologer","Bard","Bartender","BaseMod","Better Altar","Better Match","Better Third Choice","BetterRewards","CapriCore","ChefMod","Colored Map","Colored Powertips","Conspire","Dio Mod","Elementarium","Energized Spire","Gensokyo","GifTheSpireLib","GungeonMod","Hallownest","Hermit","Highlight Path","Hubris","Humility","Infinite Spire","Jorbs\u0027s Wanderer Trilogy","Koishi","Magitek Elite","Marisa????????","Marked Mod","Menagerie","Minty Spire (QoL Compilation)","Pale of the Ancients","Potionbrewer","Quarter Circle Forward PUNCH!","Rare Cards Sparkle","Reimu??????","Relic Stats","Remilia??????","Replay The Spire","SacredBarkPlus","Shade Mod","Somnambulant","Spicy Shops","Spire Arcade","StSLib","The Administrix","The Blue Laboratory","The Bug Knight","The Construct","The Cursed","The Disciple","The Dragon Tamer","The Exalted","The Hayseed","The Hierophant","The Immortal","The Judge","The Marked","The Mystic","The Problem Sleuth","The Runesmith","The Senshi","The Vixen","The Wild Card","TheFirefly","Wandering Minibosses","vexMod"],"gold_per_floor":[114,134,134,134,134,166,178,206,257,257,287,301,336,355,355,426,426,443,443,461,461,461,381,411,411,411,436,448,348,366,376,376,441,441,459,459,478,488,488,488,517,517,517,111,144,19,37,37,37,37,17],"floor_reached":52,"language":"ENG","playtime":3611,"items_purged":["astrologer:CometStrike+1","hubris:Disease","hubris:Despair","astrologer:Fate+1"],"score":3331,"play_id":"7d9fbad4-ea69-415b-ad18-f24242fe573d","local_time":"20210121163653","is_ascension_mode":true,"campfire_choices":[{"data":"1","floor":15,"key":"LIFT"},{"data":"infinitespire:NeuralNetwork","floor":25,"key":"SMITH"},{"data":"infinitespire:SevenWalls","floor":32,"key":"SMITH"},{"data":"astrologer:TheFool","floor":40,"key":"SMITH"},{"data":"ReplayTheSpireMod:Black Plague","floor":49,"key":"SMITH"}],"circlet_count":0,"master_deck":["AscendersBane","astrologer:NorthStar","astrologer:TheFool+1","astrologer:ShiningStar+1","astrologer:Trine+1","astrologer:Shine+1","astrologer:Prestidigitation+1","astrologer:Confirmation+1","astrologer:TheStar+1","astrologer:CometStrike+1","astrologer:MeteorShower+1","astrologer:Fireball+1","Sadistic Nature+1","Flash of Steel+1","astrologer:StarOfMisfortune+1","astrologer:Conjunction+1","astrologer:CosmicExpanse+1","astrologer:ReadTheStars+1","astrologer:FrozenStar+1","astrologer:StarOfRegret+1","Menagerie:LoxodonWarhammer","astrologer:Starfield+1","astrologer:Nova+1","astrologer:WheelofFortune+1","WordoMod:FoggyMind","infinitespire:SevenWalls+1","infinitespire:NeuralNetwork+1","astrologer:TheWorld+1","astrologer:DarkMatter+1","Gensokyo:Dawn+1","Gensokyo:SevenSchoolMysteries","Gensokyo:SpontaneousHumanCombustion","ReplayTheSpireMod:Black Plague+1"],"relics":["astrologer:SkyMirror","Golden Egg","Quantum Egg","Ice Cream","Happy Flower","ReplayTheSpireMod:TigerMarble","hubris:EmptyBottle","theSenshi:SuperSailorFukuRelic","vexMod:ThrowingStar","DemoMod:SevenLeafClover","White_Cape","Calipers","ClockworkSouvenir","qcfpunch:Handcuffs","aspiration:FetidBarrel","hubris:CrystalStatue","Mummified Hand","hubris:PeanutButter","Vajra","Bottled Tornado","DemoMod:GlassGuonStoneRelic","Girya","construct:FoamFinger","TungstenRod","vexMod:InvisibilityCloak","Replay:Ancient Bell","vexMod:FocusSash","Matryoshka","Counterbalance","theSenshi:SpiralHeartMoonRodRelic","aspiration:MobileForge","ZunR:ReiMu","Potion Belt","Bromod:ArcaneNullifier","DemoMod:RingOfEthereal","DemoMod:ResourcefulSack","Replay:WaspNest","wanderingMiniBosses:ThiefScarf","construct:ClawGrip","astrologer:Telescope","Bromod:ArcaneDeflection","Bromod:ArcaneVictory","energizedSpire:MagnifyingGlass"],"acts_visited":["Menagerie:Menagerie","TheCity","Gensokyo:Gensokyoest"],"potions_floor_usage":[30,30,30,30,42,42,42,42,42,42,42,42,51],"damage_taken":[{"damage":0,"enemies":"Menagerie:MonstrousExperiment","floor":1,"turns":2},{"damage":0,"enemies":"Menagerie:2_RABBITS","floor":2,"turns":1},{"damage":0,"enemies":"Menagerie:VoidReaper","floor":6,"turns":3},{"damage":0,"enemies":"Menagerie:WhisperingWraith","floor":7,"turns":2},{"damage":0,"enemies":"Menagerie:Hydra","floor":8,"turns":3},{"damage":0,"enemies":"Menagerie:MaskedSummoner","floor":11,"turns":1},{"damage":0,"enemies":"Menagerie:MeltingSalamander","floor":12,"turns":2},{"damage":0,"enemies":"Menagerie:Hydra","floor":13,"turns":3},{"damage":0,"enemies":"Menagerie:MENAGERIE_WILDLIFE","floor":14,"turns":2},{"damage":0,"enemies":"Menagerie:Chimera","floor":16,"turns":4},{"damage":0,"enemies":"2 Thieves","floor":18,"turns":1},{"damage":0,"enemies":"Shell Parasite","floor":20,"turns":3},{"damage":0,"enemies":"Replay:Snechameleon","floor":24,"turns":2},{"damage":0,"enemies":"conspire:SneckoGhost","floor":27,"turns":3},{"damage":0,"enemies":"Snecko","floor":28,"turns":2},{"damage":0,"enemies":"Sentry and Sphere","floor":30,"turns":3},{"damage":0,"enemies":"Cultist and Chosen","floor":31,"turns":2},{"damage":0,"enemies":"Champ","floor":33,"turns":4},{"damage":0,"enemies":"Gensokyo:3_Bats","floor":35,"turns":3},{"damage":0,"enemies":"Gensokyo:3_Boulders","floor":37,"turns":2},{"damage":0,"enemies":"Gensokyo:Rafflesia","floor":38,"turns":3},{"damage":0,"enemies":"Gensokyo:Doremy","floor":41,"turns":3},{"damage":0,"enemies":"Gensokyo:Doremy","floor":42,"turns":4},{"damage":0,"enemies":"Nightmare","floor":45,"turns":4},{"damage":0,"enemies":"Gensokyo:Sharpion","floor":47,"turns":3},{"damage":0,"enemies":"Gensokyo:Yuyuko","floor":50,"turns":4},{"damage":0,"enemies":"Gensokyo:Scarlet_Devils","floor":51,"turns":3}],"seed_played":"-6220655850878521543","potions_obtained":[{"floor":24,"key":"Energy Potion"},{"floor":28,"key":"blueLaboratory:RememoryPotion"},{"floor":30,"key":"LiquidMemories"},{"floor":35,"key":"LiquidBronze"},{"floor":45,"key":"Swift Potion"}],"is_trial":false,"path_per_floor":["M","M","?","?","?","E","M","E","T","?","E","M","E","M","R_BF","B",null,"M","?","M","?","AVR","?","E","R","T","E","M","$","M","M","R","B",null,"M","?","M","M","?","R","E","?","T","COS","NM","?","M","AVR","R","B","B",null],"character_chosen":"ASTROLOGER","items_purchased":["Ice Cream","astrologer:MeteorShower","astrologer:CrystalBall","astrologer:Fireball","Sadistic Nature","Happy Flower","ReplayTheSpireMod:TigerMarble","hubris:EmptyBottle","Strength Potion","blueLaboratory:FruitPunch","theSenshi:SuperSailorFukuRelic","Flash of Steel","vexMod:ThrowingStar","blueLaboratory:FruitPunch","astrologer:StarOfMisfortune","astrologer:Conjunction","astrologer:CosmicExpanse","DemoMod:SevenLeafClover","astrologer:ReadTheStars","astrologer:FrozenStar","White_Cape","astrologer:Fate","Calipers","ClockworkSouvenir","qcfpunch:Handcuffs","aspiration:FetidBarrel","hubris:CrystalStatue","astrologer:StarOfRegret","Mummified Hand","hubris:PeanutButter","Vajra","Bottled Tornado"],"campfire_rested":0,"item_purchase_floors":[0,0,0,0,0,0,0,0,0,0,0,0,0,0,0,0,0,0,0,0,0,0,0,0,0,0,0,0,0,0,0,0],"current_hp_per_floor":[59,59,59,65,65,65,65,65,65,62,62,65,65,65,65,65,65,65,50,50,50,50,45,47,47,47,53,55,55,69,73,73,73,73,73,73,73,73,73,73,73,73,73,73,73,73,73,73,73,73,73],"gold":17,"neow_bonus":"","is_daily":false,"chose_seed":false,"campfire_upgraded":4,"win_rate":0.0,"timestamp":1611221813,"path_taken":["M","M","?","?","?","E","M","E","T","?","E","?","E","M","R_BF","BOSS","M","?","M","?","AVR","?","E","R","T","E","M","$","M","M","R","BOSS","M","?","M","M","?","R","E","?","T","COS","NM","?","?","AVR","R","BOSS","BOSS"],"items_purchased_type":["Relic","Card","Card","Card","Card","Relic","Relic","Relic","Potion","Potion","Relic","Card","Relic","Potion","Card","Card","Card","Relic","Card","Card","Relic","Card","Relic","Relic","Relic","Relic","Relic","Card","Relic","Relic","Relic","Relic"],"build_version":"2020-12-22","purchased_purges":4,"victory":true,"max_hp_per_floor":[65,65,65,65,65,65,65,65,65,65,65,65,65,65,65,65,65,65,65,65,65,65,65,65,65,65,65,65,65,73,73,73,73,73,73,73,73,73,73,73,73,73,73,73,73,73,73,73,73,73,73],"relic_stats":{"Happy Flower":[24],"counters":[138,467],"Mummified Hand":[150],"obtain_stats":[{"Golden Egg":0,"infinitespire:BottledMercury":43,"construct:FoamFinger":8,"Bromod:ArcaneNullifier":26,"wanderingMiniBosses:OtherGremlinHorn":31,"Bottled Tornado":0,"theSenshi:SpiralHeartMoonRodRelic":22,"vexMod:RockOfEvil":34,"FrozenCore":17,"Replay:Wanted Poster":34,"DemoMod:SuperHotWatch":27,"Replay:Ringing Soul":26,"vexMod:InvisibilityCloak":13,"conspire:GlowingRock":6,"DemoMod:MeltedRock":14,"infinitespire:Golems Mask":45,"Replay:Bottled Flurry":43,"Kunai":43,"qcfpunch:Red_Cyclone_Teachings":26,"construct:RocketBooster":24,"Blue Candle":6,"Counterbalance":17,"HollowMod:JonisBlessing":54,"Guardian:PocketSentry":11,"Replay:Ancient Bell":17,"aspiration:FrozenJewel":0,"SlaversCollar":50,"Elementarium:ElementariumTrophy":33,"qcfpunch:Broken_Tusk":46,"Pandora\u0027s Box":0,"energizedSpire:MagnifyingGlass":48,"DemoMod:ResourcefulSack":26,"Lantern":0,"Torii":12,"astrologer:Telescope":41,"Bromod:ArcaneVictory":42,"StoneCalendar":40,"Bromod:ArcanePistoleer":35,"wanderingMiniBosses:AbyssPearl":18,"Mythril_Glove":38,"hubris:EmptyBottle":0,"White_Cape":0,"qcfpunch:Crimson_Sash":4,"hubris:EvacipatedBox":21,"vexMod:ThrowingStar":0,"Replay:Rubber Ducky":0,"Matryoshka":17,"infinitespire:Bottled Soul":27,"AntiCross":6,"hubris:CuriousFeather":0,"WingedGreaves":2,"hubris:FunFungus":40,"DemoMod:GnawedKey":0,"Chemical X":0,"wanderingMiniBosses:LockLocket":39,"Potion Belt":0,"Lee\u0027s Waffle":0,"construct:ClawGrip":34,"hubris:64BitClover":9,"Guardian:GemstoneGun":0,"DemoMod:WeirdEgg":23,"PreservedInsect":0,"Protect_Vest":49,"infinitespire:CheckeredPen":6,"infinitespire:Lucky Rock":6,"PureWhite:ReiMu":26,"Bromod:ArcaneDeflection":43,"CrazyTorch:ReiMu":8,"Elementarium:FlickeringLantern":25,"DemoMod:GreenGuonStone":0,"Ice Cream":0,"hubris:CrystalStatue":0,"Calipers":0,"Menagerie:HuntersKnife":5,"Vajra":0,"ZunR:ReiMu":23,"DemoMod:GlassGuonStoneRelic":11,"DemoMod:RiddleOfLead":34,"Lizard Tail":0,"Replay:Frozen Program":0,"HornCleat":0,"aspiration:MobileForge":22,"Prayer Wheel":10,"qcfpunch:Handcuffs":0,"theSenshi:SailorFukuRelic":48,"vexMod:RetaliationKit":31,"Girya":9,"hubris:Teleporter":33,"Happy Flower":0,"wanderingMiniBosses:ThiefScarf":30,"Choco_Feather":8,"Oddly Smooth Stone":28,"wanderingMiniBosses:MasterThiefsPresence":22,"vexMod:PaidLearning":29,"aspiration:SeaSaltIceCream":4,"Replay:Kaleidoscope":0,"War Paint":29,"hubris:Zylophone":45,"OrangePellets":42,"Bottled Flame":13,"ReplayTheSpireMod:Shallot":4,"energizedSpire:NeverEndingSparkler":17,"hubris:PeanutButter":0,"ReplayTheSpireMod:TigerMarble":9,"infinitespire:EmpoweringShard":0,"Mirror":40,"hermit:Momento":0,"conspire:IceCreamScoop":56,"Darkstone Periapt":31,"theSenshi:SuperSailorFukuRelic":0,"conspire:SpecialSausage":3,"Juzu Bracelet":0,"Hallownest:DreamNailRelic":3,"hubris:SlimyHat":6,"Replay:Mystery Machine":13,"ClockworkSouvenir":0,"DemoMod:SevenLeafClover":0,"Frozen Eye":29,"Dream Catcher":20,"Mummified Hand":0,"Bromod:ArcaneTrickery":47,"Bromod:ArcaneTempo":47,"Genji_Glove":38,"astrologer:SkyMirror":0,"vexMod:FakeStar":33,"Cracked Core":0,"Hallownest:SalubrasBlessingRelic":10,"ReplayTheSpireMod:Ninjato":3,"Replay:Towering Pillar of Hats":40,"infinitespire:CursedDice":43,"aspiration:FetidBarrel":0,"aspiration:RunicSpoon":0,"Quantum Egg":2,"Replay:WaspNest":27,"aspiration:SecretTechniqueScroll":17,"vexMod:FocusSash":17,"Medical Kit":54,"White Beast Statue":10,"Pondfish Scales":45,"Anchor":51,"vexMod:BarristanHead":26,"infinitespire:WardingShard":6,"Pendant":0,"vexMod:HeadHunter":0,"LetterFromLob":1,"Coffee Dripper":34,"Membership Card":0,"vexMod:FutureSight":31,"Guard_Bracelet":44,"potionbrewer:Keyblade":21,"DemoMod:RingOfEthereal":26,"potionbrewer:SlideRule":45,"DemoMod:VorpalBullet":24,"TungstenRod":9,"RuthlessExorcism:ReiMu":0},{"Golden Egg":0,"infinitespire:BottledMercury":21,"construct:FoamFinger":116,"Bromod:ArcaneNullifier":124,"wanderingMiniBosses:OtherGremlinHorn":35,"Bottled Tornado":111,"theSenshi:SpiralHeartMoonRodRelic":123,"vexMod:RockOfEvil":36,"FrozenCore":62,"Replay:Wanted Poster":17,"DemoMod:SuperHotWatch":67,"Replay:Ringing Soul":11,"vexMod:InvisibilityCloak":119,"conspire:GlowingRock":2,"DemoMod:MeltedRock":29,"infinitespire:Golems Mask":134,"Replay:Bottled Flurry":106,"Kunai":77,"qcfpunch:Red_Cyclone_Teachings":32,"construct:RocketBooster":32,"Blue Candle":88,"Counterbalance":121,"HollowMod:JonisBlessing":82,"Guardian:PocketSentry":27,"Replay:Ancient Bell":121,"aspiration:FrozenJewel":43,"SlaversCollar":136,"Elementarium:ElementariumTrophy":36,"qcfpunch:Broken_Tusk":40,"Pandora\u0027s Box":24,"energizedSpire:MagnifyingGlass":136,"DemoMod:ResourcefulSack":124,"Lantern":43,"Torii":92,"astrologer:Telescope":132,"Bromod:ArcaneVictory":133,"StoneCalendar":20,"Bromod:ArcanePistoleer":129,"wanderingMiniBosses:AbyssPearl":63,"Mythril_Glove":19,"hubris:EmptyBottle":24,"White_Cape":43,"qcfpunch:Crimson_Sash":25,"hubris:EvacipatedBox":96,"vexMod:ThrowingStar":111,"Replay:Rubber Ducky":53,"Matryoshka":121,"infinitespire:Bottled Soul":99,"AntiCross":2,"hubris:CuriousFeather":24,"WingedGreaves":25,"hubris:FunFungus":105,"DemoMod:GnawedKey":43,"Chemical X":84,"wanderingMiniBosses:LockLocket":104,"Potion Belt":43,"Lee\u0027s Waffle":43,"construct:ClawGrip":129,"hubris:64BitClover":53,"Guardian:GemstoneGun":43,"DemoMod:WeirdEgg":66,"PreservedInsect":24,"Protect_Vest":41,"infinitespire:CheckeredPen":26,"infinitespire:Lucky Rock":52,"PureWhite:ReiMu":11,"Bromod:ArcaneDeflection":134,"CrazyTorch:ReiMu":90,"Elementarium:FlickeringLantern":66,"DemoMod:GreenGuonStone":43,"Ice Cream":111,"hubris:CrystalStatue":43,"Calipers":111,"Menagerie:HuntersKnife":45,"Vajra":111,"ZunR:ReiMu":123,"DemoMod:GlassGuonStoneRelic":4,"DemoMod:RiddleOfLead":101,"Lizard Tail":53,"Replay:Frozen Program":53,"HornCleat":53,"aspiration:MobileForge":123,"Prayer Wheel":59,"qcfpunch:Handcuffs":111,"theSenshi:SailorFukuRelic":109,"vexMod:RetaliationKit":16,"Girya":3,"hubris:Teleporter":128,"Happy Flower":53,"wanderingMiniBosses:ThiefScarf":127,"Choco_Feather":3,"Oddly Smooth Stone":33,"wanderingMiniBosses:MasterThiefsPresence":10,"vexMod:PaidLearning":100,"aspiration:SeaSaltIceCream":25,"Replay:Kaleidoscope":84,"War Paint":14,"hubris:Zylophone":107,"OrangePellets":39,"Bottled Flame":28,"ReplayTheSpireMod:Shallot":25,"energizedSpire:NeverEndingSparkler":94,"hubris:PeanutButter":53,"ReplayTheSpireMod:TigerMarble":26,"infinitespire:EmpoweringShard":84,"Mirror":39,"hermit:Momento":0,"conspire:IceCreamScoop":84,"Darkstone Periapt":127,"theSenshi:SuperSailorFukuRelic":53,"conspire:SpecialSausage":50,"Juzu Bracelet":0,"Hallownest:DreamNailRelic":1,"hubris:SlimyHat":57,"Replay:Mystery Machine":28,"ClockworkSouvenir":24,"DemoMod:SevenLeafClover":0,"Frozen Eye":13,"Dream Catcher":64,"Mummified Hand":111,"Bromod:ArcaneTrickery":135,"Bromod:ArcaneTempo":135,"Genji_Glove":131,"astrologer:SkyMirror":111,"vexMod:FakeStar":128,"Cracked Core":43,"Hallownest:SalubrasBlessingRelic":3,"ReplayTheSpireMod:Ninjato":50,"Replay:Towering Pillar of Hats":75,"infinitespire:CursedDice":21,"aspiration:FetidBarrel":111,"aspiration:RunicSpoon":0,"Quantum Egg":1,"Replay:WaspNest":125,"aspiration:SecretTechniqueScroll":6,"vexMod:FocusSash":121,"Medical Kit":82,"White Beast Statue":59,"Pondfish Scales":107,"Anchor":137,"vexMod:BarristanHead":98,"infinitespire:WardingShard":46,"Pendant":84,"vexMod:HeadHunter":0,"LetterFromLob":44,"Coffee Dripper":71,"Membership Card":24,"vexMod:FutureSight":127,"Guard_Bracelet":78,"potionbrewer:Keyblade":96,"DemoMod:RingOfEthereal":124,"potionbrewer:SlideRule":134,"DemoMod:VorpalBullet":11,"TungstenRod":116,"RuthlessExorcism:ReiMu":53},{"Golden Egg":0,"infinitespire:BottledMercury":74,"construct:FoamFinger":407,"Bromod:ArcaneNullifier":425,"wanderingMiniBosses:OtherGremlinHorn":115,"Bottled Tornado":396,"theSenshi:SpiralHeartMoonRodRelic":423,"vexMod:RockOfEvil":123,"FrozenCore":201,"Replay:Wanted Poster":52,"DemoMod:SuperHotWatch":219,"Replay:Ringing Soul":34,"vexMod:InvisibilityCloak":413,"conspire:GlowingRock":6,"DemoMod:MeltedRock":94,"infinitespire:Golems Mask":453,"Replay:Bottled Flurry":372,"Kunai":257,"qcfpunch:Red_Cyclone_Teachings":104,"construct:RocketBooster":104,"Blue Candle":310,"Counterbalance":419,"HollowMod:JonisBlessing":279,"Guardian:PocketSentry":89,"Replay:Ancient Bell":419,"aspiration:FrozenJewel":147,"SlaversCollar":460,"Elementarium:ElementariumTrophy":123,"qcfpunch:Broken_Tusk":130,"Pandora\u0027s Box":83,"energizedSpire:MagnifyingGlass":460,"DemoMod:ResourcefulSack":425,"Lantern":147,"Torii":322,"astrologer:Telescope":446,"Bromod:ArcaneVictory":449,"StoneCalendar":71,"Bromod:ArcanePistoleer":439,"wanderingMiniBosses:AbyssPearl":205,"Mythril_Glove":60,"hubris:EmptyBottle":83,"White_Cape":147,"qcfpunch:Crimson_Sash":85,"hubris:EvacipatedBox":338,"vexMod:ThrowingStar":396,"Replay:Rubber Ducky":171,"Matryoshka":419,"infinitespire:Bottled Soul":345,"AntiCross":6,"hubris:CuriousFeather":83,"WingedGreaves":85,"hubris:FunFungus":369,"DemoMod:GnawedKey":147,"Chemical X":297,"wanderingMiniBosses:LockLocket":366,"Potion Belt":147,"Lee\u0027s Waffle":147,"construct:ClawGrip":439,"hubris:64BitClover":171,"Guardian:GemstoneGun":147,"DemoMod:WeirdEgg":215,"PreservedInsect":83,"Protect_Vest":131,"infinitespire:CheckeredPen":87,"infinitespire:Lucky Rock":169,"PureWhite:ReiMu":34,"Bromod:ArcaneDeflection":453,"CrazyTorch:ReiMu":318,"Elementarium:FlickeringLantern":215,"DemoMod:GreenGuonStone":147,"Ice Cream":396,"hubris:CrystalStatue":147,"Calipers":396,"Menagerie:HuntersKnife":152,"Vajra":396,"ZunR:ReiMu":423,"DemoMod:GlassGuonStoneRelic":10,"DemoMod:RiddleOfLead":357,"Lizard Tail":171,"Replay:Frozen Program":171,"HornCleat":171,"aspiration:MobileForge":423,"Prayer Wheel":191,"qcfpunch:Handcuffs":396,"theSenshi:SailorFukuRelic":388,"vexMod:RetaliationKit":45,"Girya":9,"hubris:Teleporter":435,"Happy Flower":171,"wanderingMiniBosses:ThiefScarf":433,"Choco_Feather":9,"Oddly Smooth Stone":107,"wanderingMiniBosses:MasterThiefsPresence":29,"vexMod:PaidLearning":350,"aspiration:SeaSaltIceCream":85,"Replay:Kaleidoscope":297,"War Paint":39,"hubris:Zylophone":376,"OrangePellets":127,"Bottled Flame":92,"ReplayTheSpireMod:Shallot":85,"energizedSpire:NeverEndingSparkler":332,"hubris:PeanutButter":171,"ReplayTheSpireMod:TigerMarble":87,"infinitespire:EmpoweringShard":297,"Mirror":127,"hermit:Momento":0,"conspire:IceCreamScoop":286,"Darkstone Periapt":433,"theSenshi:SuperSailorFukuRelic":171,"conspire:SpecialSausage":167,"Juzu Bracelet":0,"Hallownest:DreamNailRelic":1,"hubris:SlimyHat":184,"Replay:Mystery Machine":92,"ClockworkSouvenir":83,"DemoMod:SevenLeafClover":0,"Frozen Eye":37,"Dream Catcher":209,"Mummified Hand":396,"Bromod:ArcaneTrickery":457,"Bromod:ArcaneTempo":457,"Genji_Glove":443,"astrologer:SkyMirror":396,"vexMod:FakeStar":435,"Cracked Core":147,"Hallownest:SalubrasBlessingRelic":9,"ReplayTheSpireMod:Ninjato":167,"Replay:Towering Pillar of Hats":251,"infinitespire:CursedDice":74,"aspiration:FetidBarrel":396,"aspiration:RunicSpoon":0,"Quantum Egg":1,"Replay:WaspNest":428,"aspiration:SecretTechniqueScroll":16,"vexMod:FocusSash":419,"Medical Kit":279,"White Beast Statue":192,"Pondfish Scales":376,"Anchor":464,"vexMod:BarristanHead":343,"infinitespire:WardingShard":157,"Pendant":297,"vexMod:HeadHunter":0,"LetterFromLob":150,"Coffee Dripper":237,"Membership Card":83,"vexMod:FutureSight":433,"Guard_Bracelet":260,"potionbrewer:Keyblade":338,"DemoMod:RingOfEthereal":425,"potionbrewer:SlideRule":453,"DemoMod:VorpalBullet":34,"TungstenRod":407,"RuthlessExorcism:ReiMu":171}],"TungstenRod":3},"card_choices":[{"not_picked":["astrologer:TheMoon","astrologer:Observe","astrologer:CrystalBall"],"picked":"SKIP","floor":1},{"not_picked":["astrologer:Moonlight","astrologer:ReadTheStars","astrologer:MeteorShower"],"picked":"SKIP","floor":2},{"not_picked":["astrologer:Prismatic","astrologer:Still","astrologer:Cataclysm"],"picked":"SKIP","floor":6},{"not_picked":["astrologer:SpaceDust","astrologer:FrozenStar","astrologer:Conjunction"],"picked":"SKIP","floor":7},{"not_picked":["astrologer:TheHangedMan","astrologer:LonelyStar"],"picked":"astrologer:Starfield","floor":8},{"not_picked":["astrologer:Premonition","astrologer:Wish"],"picked":"astrologer:Nova","floor":9},{"not_picked":["astrologer:Fate","astrologer:Divination","astrologer:TheHighPriestess"],"picked":"SKIP","floor":11},{"not_picked":["astrologer:TheEmperor","astrologer:ReadTheStars","astrologer:Still"],"picked":"SKIP","floor":12},{"not_picked":["astrologer:Shine","astrologer:Eclipse","astrologer:CrystalBall"],"picked":"SKIP","floor":13},{"not_picked":["astrologer:Cataclysm","astrologer:Confirmation","astrologer:Stardust"],"picked":"SKIP","floor":14},{"not_picked":["astrologer:RejectReality","astrologer:Fate"],"picked":"astrologer:WheelofFortune","floor":16},{"not_picked":["Gensokyo:ImpossibleRequest","stsjorbsmod:Amnesia"],"picked":"hubris:Disease","floor":17},{"not_picked":["ReplayTheSpireMod:Restless Dread","stsjorbsmod:Amnesia"],"picked":"WordoMod:FoggyMind","floor":17},{"not_picked":["Voices","stsjorbsmod:Amnesia"],"picked":"hubris:Despair","floor":17},{"not_picked":["astrologer:Radiance","astrologer:ReadTheStars","astrologer:SpaceDust"],"picked":"SKIP","floor":18},{"not_picked":["infinitespire:DeathsTouch","Replay:Fractal Strike"],"picked":"infinitespire:SevenWalls","floor":19},{"not_picked":["astrologer:ReadTheStars","astrologer:Divination","astrologer:FrozenStar"],"picked":"SKIP","floor":20},{"not_picked":["astrologer:Moonlight","astrologer:SolarFlare","astrologer:CometStrike"],"picked":"SKIP","floor":24},{"not_picked":["astrologer:Fate","astrologer:TheMagician"],"picked":"astrologer:TheWorld","floor":26},{"not_picked":["astrologer:Observe","astrologer:LonelyStar","astrologer:BlackHole"],"picked":"SKIP","floor":27},{"not_picked":["astrologer:Temperance","astrologer:Eclipse","astrologer:SpaceDust"],"picked":"SKIP","floor":28},{"not_picked":["astrologer:StarOfMisfortune","astrologer:StarOfRegret","astrologer:SolarFlare"],"picked":"SKIP","floor":30},{"not_picked":["astrologer:Still","astrologer:Divination","astrologer:Moonlight+1"],"picked":"SKIP","floor":31},{"not_picked":["astrologer:Nova","astrologer:BlackHole"],"picked":"astrologer:DarkMatter","floor":33},{"not_picked":["astrologer:Still+1","astrologer:Moonlight","astrologer:TheEmpress"],"picked":"SKIP","floor":35},{"not_picked":["astrologer:Radiance+1","astrologer:FrozenStar","astrologer:Still"],"picked":"SKIP","floor":37},{"not_picked":["astrologer:Conjunction","astrologer:Justice","astrologer:CometStrike+1"],"picked":"SKIP","floor":38},{"not_picked":["astrologer:Eclipse","astrologer:Opposition","astrologer:MeteorShower"],"picked":"SKIP","floor":41},{"not_picked":["Gensokyo:DreamlikeParadise+1","Gensokyo:UnlikelyAid+1"],"picked":"Gensokyo:Dawn+1","floor":42},{"not_picked":["astrologer:Starfield","astrologer:Fate","astrologer:BlackHole"],"picked":"SKIP","floor":43},{"not_picked":["infinitespire:Punishment","hubris:InfiniteBlow+131"],"picked":"ReplayTheSpireMod:Black Plague","floor":45},{"not_picked":["astrologer:Eclipse","astrologer:FrozenStar+1","astrologer:Confirmation"],"picked":"SKIP","floor":45},{"not_picked":["astrologer:ShootingStar","astrologer:Radiance","astrologer:Still"],"picked":"SKIP","floor":47}],"player_experience":1255813,"relics_obtained":[{"floor":6,"key":"Girya"},{"floor":8,"key":"construct:FoamFinger"},{"floor":9,"key":"TungstenRod"},{"floor":13,"key":"vexMod:InvisibilityCloak"},{"floor":24,"key":"Potion Belt"},{"floor":26,"key":"Bromod:ArcaneNullifier"},{"floor":26,"key":"DemoMod:RingOfEthereal"},{"floor":26,"key":"DemoMod:ResourcefulSack"},{"floor":27,"key":"Replay:WaspNest"},{"floor":30,"key":"wanderingMiniBosses:ThiefScarf"},{"floor":43,"key":"astrologer:Telescope"},{"floor":43,"key":"Bromod:ArcaneDeflection"},{"floor":45,"key":"Bromod:ArcaneVictory"}],"event_choices":[{"damage_healed":0,"gold_gain":0,"player_choice":"Ignored","damage_taken":0,"max_hp_gain":0,"max_hp_loss":0,"event_name":"Menagerie:CorruptingLight","floor":3,"gold_loss":0},{"damage_healed":0,"gold_gain":0,"cards_transformed":["astrologer:CrystalBall"],"player_choice":"Grasp","damage_taken":0,"max_hp_gain":0,"max_hp_loss":0,"event_name":"Menagerie:MagesHand","floor":5,"gold_loss":0,"cards_obtained":["Menagerie:LoxodonWarhammer"]},{"damage_healed":0,"gold_gain":0,"player_choice":"Leave","damage_taken":0,"max_hp_gain":0,"max_hp_loss":0,"event_name":"conspire:Investor","floor":10,"gold_loss":0},{"damage_healed":0,"gold_gain":0,"player_choice":"Keep O-miki","damage_taken":6,"relics_obtained":["ZunR:ReiMu"],"max_hp_gain":0,"max_hp_loss":0,"event_name":"ZunEvent","floor":23,"gold_loss":0},{"damage_healed":0,"gold_gain":0,"player_choice":"2","damage_taken":0,"max_hp_gain":0,"max_hp_loss":0,"event_name":"betterMatch:BetterMatch","floor":46,"gold_loss":0,"cards_obtained":[]}],"is_beta":false,"boss_relics":[{"not_picked":["DemoMod:WaxWing","qcfpunch:Killian_Engine_Alpha"],"picked":"Replay:Ancient Bell"},{"not_picked":["theSenshi:SailorFukuRelic","DemoMod:PoisonVial"],"picked":"vexMod:FocusSash"},{"not_picked":["infinitespire:FocusingShard","Toxic Egg 2"],"picked":"Matryoshka"},{"not_picked":["qcfpunch:Unceasing_Flame","vexMod:CardConverter"],"picked":"Counterbalance"},{"not_picked":["conspire:RunicOctahedron","ReplayTheSpireMod:SealedPack"],"picked":"construct:ClawGrip"}],"items_purged_floors":[0,22,29,48],"is_endless":false,"potions_floor_spawned":[2,7,12,14,24,28,30,35,37,45],"ascension_level":20}}