{"host":"ufl0k2so27eic2iy","time":1611238302,"event":{"mods":["BaseMod","Downfall","Minty Spire (QoL Compilation)","StSLib","The Animator"],"gold_per_floor":[99,114,132,42,61,61,84,102,102,134,234,313,340,101,116,218,218,118,135,135,32,47,47,126,143,169,69,96,260,160,179,191,292,292,292,303,322,175,192,192,192,224,224,224,257,407,433,443,457,457,457,486,142,142,142,142],"floor_reached":57,"language":"ENG","playtime":3255,"items_purged":["Parasite","champ:Strike","champ:Defend","champ:Defend"],"score":1471,"play_id":"19f75e91-d377-4e69-b983-378367fe5bbf","local_time":"20210121141142","is_ascension_mode":true,"campfire_choices":[{"data":"Apotheosis","floor":1.0,"key":"SMITH"},{"data":"champ:SwordSigil","floor":9.0,"key":"SMITH"},{"floor":18,"key":"RECALL"},{"data":"expansioncontent:QuickStudy","floor":23,"key":"SMITH"},{"data":"champ:PreemptiveStrike","floor":27,"key":"SMITH"},{"data":"expansioncontent:DashGenerateEvil","floor":30,"key":"SMITH"},{"data":"champ:ShieldWall","floor":35,"key":"SMITH"},{"data":"champ:StrikeOfGenius","floor":40,"key":"SMITH"},{"floor":43,"key":"REST"},{"data":"champ:ArenaPreparation","floor":54,"key":"SMITH"}],"circlet_count":0,"master_deck":["champ:Defend","champ:Defend","champ:Taunt+1","Apotheosis+1","champ:DefensiveShout","champ:SwordSigil+1","champ:RapidStrikes","champ:SkillfulDodge","champ:ArenaPreparation+1","champ:DefensiveShout","champ:RageSigil","champ:Duel","champ:PreemptiveStrike+1","champ:TornadoPunch","champ:ShieldWall+1","champ:StrikeOfGenius+1","champ:GutPunch+1","champ:EnGarde+1","expansioncontent:QuickStudy+1","champ:DefensiveStyle+1","champ:EnGarde+1","champ:FlashCut+1","champ:BringItOn","expansioncontent:DashGenerateEvil+1","champ:RageSigil+1","champ:PreemptiveStrike+1","champ:BringItOn+1","champ:SteelEdge","champ:RageSigil"],"relics":["champ:ChampionCrown","Nunchaku","Boot","Membership Card","SlaversCollar","downfall:HeartBlessingGreen","Pantograph","White Beast Statue","downfall:HeartBlessingRed","Turnip","downfall:HeartBlessingBlue","SacredBark","Potion Belt","Oddly Smooth Stone","Ancient Tea Set","champ:DefensiveTrainingManual","Bottled Lightning","Ornamental Fan","InkBottle","hexamod:CandleOfCauterizing","Art of War"],"acts_visited":["Exordium","TheCity","TheBeyond","TheEnding"],"potions_floor_usage":[16,28,50,55,56,56,56,56],"damage_taken":[{"damage":10.0,"enemies":"2 Louse","floor":2.0,"turns":3.0},{"damage":10.0,"enemies":"Jaw Worm","floor":3.0,"turns":3.0},{"damage":42.0,"enemies":"downfall:FleeingMerchant","floor":4.0,"turns":4.0},{"damage":4.0,"enemies":"Cultist","floor":5.0,"turns":3.0},{"damage":54.0,"enemies":"Large Slime","floor":8.0,"turns":4.0},{"damage":13.0,"enemies":"3 Sentries","floor":10.0,"turns":6.0},{"damage":12.0,"enemies":"downfall:Heads","floor":11.0,"turns":6.0},{"damage":18.0,"enemies":"Gremlin Nob","floor":13.0,"turns":3.0},{"damage":23.0,"enemies":"downfall:FleeingMerchant","floor":14.0,"turns":4.0},{"damage":9,"enemies":"3 Louse","floor":15,"turns":4},{"damage":21,"enemies":"DF_ARCHETYPE_STREAMLINE","floor":16,"turns":9},{"damage":7,"enemies":"Shell Parasite","floor":19,"turns":3},{"damage":44,"enemies":"downfall:FleeingMerchant","floor":21,"turns":4},{"damage":0,"enemies":"Chosen","floor":22,"turns":4},{"damage":11,"enemies":"Snake Plant","floor":25,"turns":3},{"damage":14,"enemies":"Gremlin Leader","floor":26,"turns":4},{"damage":6,"enemies":"Slavers","floor":28,"turns":2},{"damage":0,"enemies":"downfall:FleeingMerchant","floor":29,"turns":2},{"damage":2,"enemies":"Shelled Parasite and Fungi","floor":31,"turns":4},{"damage":5,"enemies":"Centurion and Healer","floor":32,"turns":5},{"damage":0,"enemies":"IC_MUSHROOM_ARCHETYPE","floor":33,"turns":4},{"damage":22,"enemies":"3 Shapes","floor":36,"turns":5},{"damage":1,"enemies":"3 Darklings","floor":37,"turns":4},{"damage":15,"enemies":"4 Shapes","floor":39,"turns":5},{"damage":5,"enemies":"Giant Head","floor":42,"turns":7},{"damage":0,"enemies":"Nemesis","floor":45,"turns":4},{"damage":45,"enemies":"Giant Head","floor":47,"turns":6},{"damage":8,"enemies":"Spire Growth","floor":48,"turns":4},{"damage":16,"enemies":"Writhing Mass","floor":49,"turns":5},{"damage":4,"enemies":"WA_ARCHETYPE_DIVINITY","floor":50,"turns":10},{"damage":5,"enemies":"downfall:CharBossMerchant","floor":52,"turns":7},{"damage":96,"enemies":"downfall:NeowBoss","floor":55,"turns":17},{"damage":7,"enemies":"downfall:NeowBossFinal","floor":56,"turns":6}],"seed_played":"-4787441994605910963","potions_obtained":[{"floor":3.0,"key":"AttackPotion"},{"floor":5.0,"key":"champ:OpenerPotion"},{"floor":8.0,"key":"Energy Potion"},{"floor":11.0,"key":"FearPotion"},{"floor":16,"key":"Weak Potion"},{"floor":26,"key":"ColorlessPotion"},{"floor":28,"key":"Strength Potion"},{"floor":31,"key":"CultistPotion"},{"floor":39,"key":"Slimebound:ThreeZeroPotion"},{"floor":42,"key":"AttackPotion"},{"floor":45,"key":"champ:CounterPotion"},{"floor":49,"key":"hexamod:SoulburnPotion"},{"floor":52,"key":"Explosive Potion"}],"is_trial":false,"path_per_floor":["R","M","M","$","M","?","T","M","R","E","?","T","E","$","M","B",null,"R","M","?","$","M","R","T","M","E","R","E","$","R","M","M","B",null,"R","M","M","$","M","R","T","E","R","?","E","?","E","M","M","B",null,"E","$","R","B","B",null],"character_chosen":"THE_CHAMP","items_purchased":["Membership Card","champ:TornadoPunch","expansioncontent:QuickStudy","champ:BringItOn","expansioncontent:DashGenerateEvil","Potion Belt","Oddly Smooth Stone","hexamod:CandleOfCauterizing","Art of War","champ:TechniquePotion","LiquidBronze"],"campfire_rested":1,"item_purchase_floors":[14,14,21,29,29,38,38,53,53,53,53],"current_hp_per_floor":[90,90,90,87,83,83,83,74,74,71,59,59,41,38,29,18,87,87,80,80,71,71,71,71,65,61,61,55,55,65,63,63,88,97,97,90,89,89,74,74,74,74,97,97,97,97,87,79,73,93,97,97,97,97,86,90],"gold":142,"neow_bonus":"RANDOM_COLORLESS_2","is_daily":false,"chose_seed":false,"campfire_upgraded":8,"win_rate":0.0,"timestamp":1611238302,"path_taken":["R","M","M","$","M","?","T","M","R","E","?","?","E","?","M","BOSS","R","M","?","$","M","R","T","M","E","R","E","$","R","?","M","BOSS","R","M","M","$","M","R","T","E","R","?","E","?","E","?","M","BOSS","E","$","R","BOSS","BOSS"],"items_purchased_type":["Relic","Card","Card","Card","Card","Relic","Relic","Relic","Relic","Potion","Potion"],"build_version":"2020-12-22","purchased_purges":4,"victory":true,"max_hp_per_floor":[90,90,90,87,87,87,87,87,87,87,87,87,87,87,87,87,87,87,87,87,87,87,87,87,87,87,87,87,87,97,97,97,97,97,97,97,97,97,97,97,97,97,97,97,97,97,97,97,97,97,97,97,97,97,97,97],"card_choices":[{"not_picked":["Master of Strategy","Thinking Ahead"],"picked":"Apotheosis","floor":0.0},{"not_picked":["champ:Endure","champ:GladiatorStyle"],"picked":"champ:DefensiveShout","floor":2.0},{"not_picked":["champ:EnragedBash","champ:CrookedStrike"],"picked":"champ:SwordSigil","floor":3.0},{"not_picked":["champ:Encircle","champ:RecklessLeap"],"picked":"champ:RapidStrikes","floor":4.0},{"not_picked":["champ:PreemptiveStrike","champ:HeartStrike"],"picked":"champ:SkillfulDodge","floor":5.0},{"not_picked":["champ:Haymaker","champ:Circumvent"],"picked":"champ:ArenaPreparation","floor":8.0},{"not_picked":["champ:CrookedStrike","champ:GladiatorStyle"],"picked":"champ:DefensiveShout","floor":10.0},{"not_picked":["champ:BringItOn","champ:Shatter"],"picked":"champ:Duel","floor":11.0},{"not_picked":["champ:GladiatorStyle","champ:BerserkerStyle","champ:BladeFlurry"],"picked":"SKIP","floor":13.0},{"not_picked":["champ:SetATrap","champ:IgnorePain"],"picked":"champ:PreemptiveStrike","floor":14.0},{"not_picked":["champ:BerserkersShout","champ:AdrenalArmor"],"picked":"champ:ShieldWall","floor":15},{"not_picked":["champ:VampiricStrike","champ:DancingMaster"],"picked":"champ:StrikeOfGenius","floor":16},{"not_picked":["champ:BladeFlurry","champ:Backstep"],"picked":"champ:GutPunch+1","floor":19},{"not_picked":["champ:GutPunch","champ:FocusedDefense+1"],"picked":"champ:EnGarde+1","floor":21},{"not_picked":["champ:EndlessRage","champ:Haymaker"],"picked":"champ:DefensiveStyle+1","floor":22},{"not_picked":["champ:Parry","champ:Shatter","champ:Backstep"],"picked":"SKIP","floor":25},{"not_picked":["champ:CrownThrow","champ:ShieldSlam"],"picked":"champ:EnGarde+1","floor":26},{"not_picked":["champ:DefensiveStyle+1","champ:FanOfKnives+1","champ:DeathBlow"],"picked":"SKIP","floor":28},{"not_picked":["champ:Haymaker","champ:DancingMaster"],"picked":"champ:FlashCut+1","floor":29},{"not_picked":["champ:ShieldSigil+1","champ:Shatter","champ:EndlessRage"],"picked":"SKIP","floor":31},{"not_picked":["champ:CrookedStrike","champ:DefensiveStyle+1","champ:FanOfKnives+1"],"picked":"SKIP","floor":32},{"not_picked":["champ:HeartStrike","champ:CrownThrow+1","champ:Shatter+1"],"picked":"SKIP","floor":36},{"not_picked":["champ:SetATrap","champ:ShieldSigil","champ:FalseCounter+1"],"picked":"SKIP","floor":37},{"not_picked":["champ:RisingSlash+1","champ:TornadoPunch+1"],"picked":"champ:RageSigil+1","floor":39},{"not_picked":["champ:EnGarde+1","champ:PreciseThrust"],"picked":"champ:PreemptiveStrike+1","floor":42},{"not_picked":["champ:CrownThrow","champ:DancingMaster"],"picked":"champ:BringItOn+1","floor":43},{"not_picked":["champ:BladeFlurry","champ:Shatter","champ:HeartStrike+1"],"picked":"SKIP","floor":45},{"not_picked":["champ:ViciousMockery+1","champ:DefensiveStyle+1","champ:FanOfKnives+1"],"picked":"SKIP","floor":47},{"not_picked":["champ:BerserkersShout","champ:FanOfKnives+1","champ:BladeFlurry"],"picked":"SKIP","floor":48},{"not_picked":["champ:AdrenalArmor","champ:CrookedStrike"],"picked":"champ:SteelEdge","floor":49},{"not_picked":["champ:Encircle+1","champ:BerserkersShout"],"picked":"champ:RageSigil","floor":52}],"player_experience":2747186,"relics_obtained":[{"floor":7.0,"key":"Nunchaku"},{"floor":10.0,"key":"Dream Catcher"},{"floor":13.0,"key":"Boot"},{"floor":24,"key":"Pantograph"},{"floor":26,"key":"White Beast Statue"},{"floor":28,"key":"Turnip"},{"floor":41,"key":"Ancient Tea Set"},{"floor":42,"key":"champ:DefensiveTrainingManual"},{"floor":45,"key":"Bottled Lightning"},{"floor":47,"key":"Ornamental Fan"},{"floor":52,"key":"InkBottle"}],"event_choices":[{"cards_removed":["champ:Strike"],"damage_healed":0.0,"max_hp_gain":0.0,"max_hp_loss":0.0,"gold_gain":0.0,"event_name":"The Cleric","player_choice":"Card Removal","floor":6.0,"gold_loss":0.0,"damage_taken":0.0},{"cards_removed":["champ:Execute"],"damage_healed":0,"gold_gain":0,"player_choice":"Offered Basic","damage_taken":0,"max_hp_gain":0,"max_hp_loss":0,"event_name":"Bonfire Elementals","floor":20,"gold_loss":0}],"is_beta":false,"boss_relics":[{"not_picked":["Cursed Key","Black Star"],"picked":"SlaversCollar"},{"not_picked":["champ:ChampionCrownUpgraded","Busted Crown"],"picked":"SacredBark"}],"items_purged_floors":[4,14,29,53],"is_endless":false,"potions_floor_spawned":[3,5,8,11,16,26,28,29,31,32,33,36,37,39,42,45,47,48,49,52],"ascension_level":1}}