{"host":"ni5mix2lh3q94rpg","time":1611265743,"event":{"mods":["AchievementEnabler","Act Like it!","BaseMod","Better Altar","Better Note","Better Silent Start","Better Skull","Better Third Choice","Better Vampires","Card Forge","Colored Map","Colored Powertips","Custom Start","Displayed Cursed Tome","Gensokyo","GifTheSpireLib","Hermit","Highlight Path","Marisa????????","Minty Spire (QoL Compilation)","Remilia??????","Replay The Spire","Shop Mod","Spicy Shops","StSLib","The Cursed","The Servant 0.9.4","Transform Curses","everything is the same but u backflip on backflip","slay the spire mod where everything is the same but ironclad has a cowboy hat"],"gold_per_floor":[114,114,114,133,40,40,71,71,71,95,114,129,145,161,161,265,265,284,353,353,370,79,112,12,12,38,48,58,76,76,76,76,181,181,199,44,44,94,107,107,133,133,133,151,162,17,29,29,29,29],"floor_reached":51,"language":"ENG","playtime":3129,"items_purged":["hermit:TakeAim","hermit:Snipe+1","hermit:Snapshot","hermit:HoleUp"],"score":899,"play_id":"9668c8a8-35fa-4d8a-992c-0fb7f91bb841","local_time":"20210122004903","is_ascension_mode":true,"campfire_choices":[{"data":"hermit:Maintenance","floor":6.0,"key":"SMITH"},{"data":"hermit:Snipe","floor":8.0,"key":"SMITH"},{"data":"hermit:Glare","floor":15.0,"key":"SMITH"},{"floor":25,"key":"REST"},{"data":"hermit:LoneWolf","floor":30,"key":"SMITH"},{"floor":32,"key":"REST"},{"floor":40,"key":"REST"},{"data":"hermit:Quickdraw","floor":42,"key":"SMITH"},{"floor":49,"key":"DIG"}],"circlet_count":0,"master_deck":["hermit:Strike_Hermit","hermit:Strike_Hermit","hermit:Strike_Hermit","hermit:Strike_Hermit","hermit:Defend_Hermit","hermit:Defend_Hermit","hermit:Defend_Hermit","hermit:Covet","hermit:Maintenance+1","hermit:Glare+1","hermit:Quickdraw+1","hermit:Quickdraw+1","hermit:LoneWolf+1","hermit:HighNoon","hermit:Maintenance+1","hermit:Gestalt+1"],"relics":["hermit:Momento","Hammer of Thor","Seething Fire","Anvil of the Gods","Simple Rune","Boot","HornCleat","Smiling Mask","Runic Pyramid","Pet Ghost","hermit:Spyglass","Happy Flower","Vajra","MutagenicStrength","ReplayTheSpireMod:DimensionalGlitch","Replay:Baseball","Pocketwatch","Pear","Whetstone","Omamori","Divine Protection"],"acts_visited":["Exordium","TheCity","TheBeyond"],"potions_floor_usage":[28,29,33,50,50],"damage_taken":[{"damage":0.0,"enemies":"Jaw Worm","floor":1.0,"turns":3.0},{"damage":0.0,"enemies":"Small Slimes","floor":4.0,"turns":3.0},{"damage":20.0,"enemies":"3 Sentries","floor":7.0,"turns":9.0},{"damage":0.0,"enemies":"Cultist","floor":11.0,"turns":3.0},{"damage":6.0,"enemies":"Looter","floor":12.0,"turns":4.0},{"damage":0.0,"enemies":"Exordium Wildlife","floor":13.0,"turns":5.0},{"damage":8.0,"enemies":"Lots of Slimes","floor":14.0,"turns":6.0},{"damage":6.0,"enemies":"Hexaghost","floor":16.0,"turns":10.0},{"damage":14.0,"enemies":"3 Byrds","floor":18.0,"turns":7.0},{"damage":0.0,"enemies":"Shell Parasite","floor":21.0,"turns":6.0},{"damage":32.0,"enemies":"Slavers","floor":23.0,"turns":7.0},{"damage":12,"enemies":"Sentry and Sphere","floor":27,"turns":7},{"damage":0,"enemies":"Snecko","floor":28,"turns":8},{"damage":0,"enemies":"Snake Plant","floor":29,"turns":5},{"damage":9,"enemies":"Automaton","floor":33,"turns":12},{"damage":15,"enemies":"Orb Walker","floor":35,"turns":5},{"damage":0,"enemies":"Mind Bloom Boss Battle","floor":38,"turns":6},{"damage":18,"enemies":"3 Darklings","floor":39,"turns":6},{"damage":19,"enemies":"Reptomancer","floor":41,"turns":7},{"damage":10,"enemies":"Jaw Worm Horde","floor":44,"turns":5},{"damage":0,"enemies":"Spire Growth","floor":45,"turns":6},{"damage":0,"enemies":"Transient","floor":47,"turns":5},{"damage":14,"enemies":"Awakened One","floor":50,"turns":9}],"seed_played":"3193351712958102972","potions_obtained":[{"floor":1.0,"key":"Dexterity Potion"},{"floor":4.0,"key":"LiquidMemories"},{"floor":12.0,"key":"SpeedPotion"},{"floor":14.0,"key":"AttackPotion"},{"floor":21.0,"key":"SkillPotion"},{"floor":23.0,"key":"Languid Potion"},{"floor":28,"key":"PowerPotion"},{"floor":29,"key":"Block Potion"},{"floor":39,"key":"Ancient Potion"},{"floor":41,"key":"SkillPotion"},{"floor":47,"key":"PowerPotion"}],"is_trial":false,"path_per_floor":["M","?","?","M","$","R","E","R","T","T","M","M","M","M","R","B",null,"M","?","?","M","$","E","$","R","T","M","M","M","R","?","R","B",null,"M","$","?","?","M","R","E","R","T","M","M","$","M","?","R_BF","B",null],"character_chosen":"HERMIT","items_purchased":["hermit:Maintenance","Toxic Potion","hermit:Spyglass","Replay:Baseball","Omamori"],"campfire_rested":3,"item_purchase_floors":[5,22,22,36,46],"current_hp_per_floor":[68,68,68,68,68,68,48,48,48,48,48,42,42,34,34,28,63,49,49,49,49,49,17,17,39,39,27,27,27,27,27,49,40,66,51,51,51,51,33,55,46,46,46,36,36,36,36,74,74,60],"gold":29,"neow_bonus":"RANDOM_COMMON_RELIC","is_daily":false,"chose_seed":false,"campfire_upgraded":5,"win_rate":0.0,"timestamp":1611265743,"path_taken":["M","?","?","M","$","R","E","R","T","?","M","?","M","M","R","BOSS","M","?","?","M","?","E","$","R","T","M","?","M","R","?","R","BOSS","M","$","?","?","M","R","E","R","T","M","M","$","M","?","R_BF","BOSS"],"items_purchased_type":["Card","Potion","Relic","Relic","Relic"],"build_version":"2020-12-22","purchased_purges":4,"victory":true,"max_hp_per_floor":[75,75,75,75,75,75,75,75,75,75,75,75,75,75,75,75,75,75,75,75,75,75,75,75,75,75,75,75,75,75,75,75,75,75,75,75,75,75,75,75,85,85,85,85,85,85,85,74,74,74],"card_choices":[{"not_picked":["hermit:DeadMansHand","hermit:TrackingShot"],"picked":"hermit:HoleUp","floor":1.0},{"not_picked":["hermit:Headshot","hermit:Grudge"],"picked":"hermit:Snipe","floor":4.0},{"not_picked":["hermit:Combo","hermit:SprayPray","hermit:ShadowCloak"],"picked":"SKIP","floor":7.0},{"not_picked":["hermit:Desperado","hermit:HighCaliber"],"picked":"hermit:TakeAim","floor":11.0},{"not_picked":["hermit:HoleUp","hermit:Headshot"],"picked":"hermit:Glare","floor":12.0},{"not_picked":["hermit:WideOpen","hermit:Desperado","hermit:Dive"],"picked":"SKIP","floor":13.0},{"not_picked":["hermit:EyeOfTheStorm","hermit:Virtue","hermit:Ricochet"],"picked":"SKIP","floor":14.0},{"not_picked":["hermit:Malice","hermit:Brawl+1"],"picked":"hermit:Quickdraw+1","floor":18.0},{"not_picked":["hermit:Roulette+1","hermit:Scavenge"],"picked":"hermit:Quickdraw","floor":19.0},{"not_picked":["hermit:Snipe","hermit:TakeCover"],"picked":"hermit:LoneWolf","floor":19.0},{"not_picked":["hermit:Ricochet","hermit:FlashPowder","hermit:Desperado"],"picked":"SKIP","floor":21.0},{"not_picked":["hermit:FullyLoaded","hermit:HighCaliber","hermit:LoneWolf"],"picked":"SKIP","floor":23.0},{"not_picked":["hermit:HoleUp","hermit:Headshot","hermit:ItchyTrigger"],"picked":"SKIP","floor":27},{"not_picked":["hermit:Feint","hermit:GoldenBullet","hermit:Maintenance"],"picked":"SKIP","floor":28},{"not_picked":["hermit:Misfire","hermit:CursedWeapon","hermit:DeadMansHand"],"picked":"SKIP","floor":29},{"not_picked":["hermit:FatalDesire","hermit:EternalForm"],"picked":"hermit:HighNoon","floor":33},{"not_picked":["hermit:Coalescence","hermit:WideOpen+1","hermit:CalledShot"],"picked":"SKIP","floor":35},{"not_picked":["hermit:Deadeye+1","hermit:Headshot+1","hermit:Midnight"],"picked":"SKIP","floor":39},{"not_picked":["hermit:Feint","hermit:Quickdraw","hermit:LowProfile+1"],"picked":"SKIP","floor":41},{"not_picked":["hermit:Gestalt","hermit:PistolWhip"],"picked":"hermit:Maintenance+1","floor":44},{"not_picked":["hermit:HoleUp","hermit:Dive","hermit:LowProfile+1"],"picked":"SKIP","floor":45},{"not_picked":["hermit:Gambit","hermit:Desperado"],"picked":"hermit:Gestalt+1","floor":47}],"player_experience":862963,"relics_obtained":[{"floor":7.0,"key":"Boot"},{"floor":9.0,"key":"HornCleat"},{"floor":10.0,"key":"Smiling Mask"},{"floor":19.0,"key":"Pet Ghost"},{"floor":23.0,"key":"Happy Flower"},{"floor":26,"key":"Vajra"},{"floor":38,"key":"Pocketwatch"},{"floor":41,"key":"Pear"},{"floor":43,"key":"Whetstone"},{"floor":49,"key":"Divine Protection"}],"event_choices":[{"damage_healed":0.0,"max_hp_gain":0.0,"max_hp_loss":0.0,"gold_gain":0.0,"event_name":"Vampires","player_choice":"Ignored","floor":20.0,"gold_loss":0.0,"damage_taken":0.0},{"damage_healed":0,"gold_gain":0,"player_choice":"Inject Mutagens","damage_taken":0,"relics_obtained":["MutagenicStrength"],"max_hp_gain":0,"max_hp_loss":0,"event_name":"Drug Dealer","floor":31,"gold_loss":0},{"cards_removed":["hermit:GhostlyPresence"],"damage_healed":0,"gold_gain":0,"player_choice":"Removed Skill","damage_taken":0,"max_hp_gain":0,"max_hp_loss":0,"event_name":"Falling","floor":37,"gold_loss":0},{"damage_healed":0,"gold_gain":0,"player_choice":"Fight","damage_taken":0,"max_hp_gain":0,"max_hp_loss":0,"event_name":"MindBloom","floor":38,"gold_loss":0},{"damage_healed":74,"gold_gain":0,"player_choice":"Heal","damage_taken":0,"max_hp_gain":0,"max_hp_loss":11,"event_name":"The Moai Head","floor":48,"gold_loss":0}],"is_beta":false,"boss_relics":[{"not_picked":["Cursed Key","Runic Dome"],"picked":"Runic Pyramid"},{"not_picked":["Black Star","Astrolabe"],"picked":"ReplayTheSpireMod:DimensionalGlitch"}],"items_purged_floors":[22,22,24,24],"is_endless":false,"potions_floor_spawned":[1,4,12,14,21,23,28,29,39,41,47],"ascension_level":6}}