{"host":"uyrebrj0204enqpc","time":1611262088,"event":{"mods":["Act Like it!","Bard","BaseMod","Block Reminder","Challenge The Spire","Colored Map","Colored Powertips","DeckTracker","Downfall","GifTheSpireLib","HexUI Lib","Highlight Path","Hubris","Infinite Spire","Minty Spire (QoL Compilation)","Pale of the Ancients","Quick Restart","Random Character Button","Relic Sorter","Relic Stats","Shop Mod","StSLib","The Blue Laboratory","The Bug Knight","The Cursed","The Jungle","The Marked","Wandering Minibosses"],"gold_per_floor":[117,117,217,233,233,233,248,342,410,410,410,410,441,509,509,629,629,582,582,159,243,243,278,210,205,205],"floor_reached":25,"language":"ENG","playtime":816,"items_purged":["theMarked:Strike"],"score":295,"play_id":"d33a413a-28c4-4ca2-b61b-70c47b1d6b7e","local_time":"20210121154808","is_ascension_mode":true,"campfire_choices":[{"data":"theMarked:KeepCalmAndFightOn","floor":6.0,"key":"SMITH"},{"data":"theMarked:WastefulDefense","floor":12.0,"key":"SMITH"},{"floor":15.0,"key":"REST"}],"circlet_count":0,"master_deck":["theMarked:Strike","theMarked:Defend","theMarked:Defend","theMarked:Defend","theMarked:SoldierOfQuellstein","theMarked:KeepCalmAndFightOn+1","theMarked:RepellingDischarge","theMarked:WastefulDefense+1","theMarked:ShockingTouch+1","theMarked:BanishingStrike+1","theMarked:ComboAttacks","theMarked:Abjuration","theMarked:Vacuum+1","theMarked:ComboAttacks+1","theMarked:ShockingTouch+1","theMarked:WastefulDefense","theMarked:Seal"],"relics":["theMarked:ArtifactOfAir","Juzu Bracelet","Golden Idol","hubris:MobiusCoin","Pantograph","Astrolabe","CaptainsWheel","White Beast Statue"],"acts_visited":["Exordium","TheCity"],"potions_floor_usage":[],"damage_taken":[{"damage":7.0,"enemies":"Small Slimes","floor":1.0,"turns":3.0},{"damage":0.0,"enemies":"2 Louse","floor":4.0,"turns":1.0},{"damage":0.0,"enemies":"Cultist","floor":7.0,"turns":3.0},{"damage":1.0,"enemies":"3 Sentries","floor":8.0,"turns":3.0},{"damage":25.0,"enemies":"Lagavulin","floor":13.0,"turns":5.0},{"damage":7.0,"enemies":"Exordium Thugs","floor":14.0,"turns":4.0},{"damage":26.0,"enemies":"Slime Boss","floor":16.0,"turns":9.0},{"damage":17.0,"enemies":"3 Byrds","floor":18.0,"turns":5.0},{"damage":28.0,"enemies":"2 Thieves","floor":21.0,"turns":4.0},{"damage":7.0,"enemies":"Gremlin Leader","floor":23.0,"turns":4.0},{"damage":27,"enemies":"Snake Plant","floor":25,"turns":2}],"seed_played":"4399664775643328875","potions_obtained":[{"floor":7.0,"key":"AttackPotion"},{"floor":8.0,"key":"LiquidMemories"},{"floor":13.0,"key":"blueLaboratory:BottleOfVodka"},{"floor":16.0,"key":"Fire Potion"},{"floor":21.0,"key":"hexamod:SoulburnPotion"}],"is_trial":false,"path_per_floor":["M","?","?","M","?","R","M","E","T","?","?","R","E","M","R","B",null,"M","?","$","M","?","E","?","M"],"character_chosen":"THE_DEFAULT","items_purchased":["CaptainsWheel","theMarked:WastefulDefense"],"campfire_rested":1,"item_purchase_floors":[20,20],"current_hp_per_floor":[56,39,39,39,39,39,39,38,38,38,38,38,13,6,27,26,59,42,42,42,14,14,7,27,0,0],"gold":205,"neow_bonus":"RANDOM_COMMON_RELIC","is_daily":false,"chose_seed":false,"campfire_upgraded":2,"win_rate":0.0,"timestamp":1611262088,"path_taken":["M","?","?","M","?","R","M","E","T","?","?","R","E","M","R","BOSS","M","?","$","M","?","E","?","M"],"items_purchased_type":["Relic","Card"],"build_version":"2020-12-22","purchased_purges":1,"victory":false,"max_hp_per_floor":[70,70,70,70,70,70,70,70,70,70,70,70,70,70,70,70,70,70,70,70,70,70,70,70,70,70],"relic_stats":{"counters":[11,43],"Golden Idol":71,"Pantograph":25,"Astrolabe":["theMarked:Vacuum","theMarked:ComboAttacks","theMarked:ShockingTouch"],"Juzu Bracelet":3,"obtain_stats":[{"theMarked:ArtifactOfAir":0,"hubris:MobiusCoin":8,"CaptainsWheel":20,"Golden Idol":2,"Pantograph":13,"Astrolabe":17,"Juzu Bracelet":0,"White Beast Statue":23},{"theMarked:ArtifactOfAir":0,"hubris:MobiusCoin":4,"CaptainsWheel":8,"Golden Idol":1,"Pantograph":5,"Astrolabe":7,"Juzu Bracelet":0,"White Beast Statue":10},{"theMarked:ArtifactOfAir":0,"hubris:MobiusCoin":10,"CaptainsWheel":33,"Golden Idol":3,"Pantograph":15,"Astrolabe":28,"Juzu Bracelet":0,"White Beast Statue":41}]},"card_choices":[{"not_picked":["theMarked:WastefulDefense","theMarked:TwofoldDefense"],"picked":"theMarked:KeepCalmAndFightOn","floor":1.0},{"not_picked":["theMarked:BanishingStrike","theMarked:Reabsorb"],"picked":"theMarked:RepellingDischarge","floor":4.0},{"not_picked":["theMarked:ChainLightning","theMarked:PowerFlow"],"picked":"theMarked:WastefulDefense","floor":7.0},{"not_picked":["theMarked:ResourceFulStrike","theMarked:SwordAndMagic"],"picked":"theMarked:ShockingTouch","floor":8.0},{"not_picked":["theMarked:EmpowerWeapon","theMarked:EnhanceMovement"],"picked":"theMarked:BanishingStrike","floor":13.0},{"not_picked":["theMarked:HeightenedSenses","theMarked:Convert"],"picked":"theMarked:ComboAttacks","floor":14.0},{"not_picked":["theMarked:Challenge","theMarked:EternalStudent"],"picked":"theMarked:Abjuration","floor":16.0},{"not_picked":["theMarked:ElectricStrings+1","theMarked:Aftermath","theMarked:Generate+1"],"picked":"SKIP","floor":18.0},{"not_picked":["theMarked:Parkour","theMarked:Improvise"],"picked":"theMarked:Seal","floor":21.0},{"not_picked":["theMarked:Convert+1","theMarked:MagicAdept","theMarked:EmpowerWeapon"],"picked":"SKIP","floor":23.0}],"player_experience":1091567,"relics_obtained":[{"floor":8.0,"key":"hubris:MobiusCoin"},{"floor":13.0,"key":"Pantograph"},{"floor":23.0,"key":"White Beast Statue"}],"event_choices":[{"damage_healed":0.0,"max_hp_gain":0.0,"max_hp_loss":0.0,"gold_gain":0.0,"event_name":"Golden Idol","player_choice":"Take Damage","floor":2.0,"gold_loss":0.0,"damage_taken":17.0,"relics_obtained":["Golden Idol"]},{"damage_healed":0.0,"max_hp_gain":0.0,"max_hp_loss":0.0,"gold_gain":100.0,"event_name":"Golden Shrine","player_choice":"Pray","floor":3.0,"gold_loss":0.0,"damage_taken":0.0},{"cards_removed":["theMarked:Defend"],"damage_healed":0.0,"max_hp_gain":0.0,"max_hp_loss":0.0,"gold_gain":0.0,"event_name":"Purifier","player_choice":"Purged","floor":5.0,"gold_loss":0.0,"damage_taken":0.0},{"damage_healed":0.0,"max_hp_gain":0.0,"max_hp_loss":0.0,"gold_gain":0.0,"event_name":"Liars Game","player_choice":"Ignored","floor":11.0,"gold_loss":0.0,"damage_taken":0.0},{"damage_healed":0.0,"max_hp_gain":0.0,"max_hp_loss":0.0,"gold_gain":0.0,"event_name":"Upgrade Shrine","player_choice":"Upgraded","floor":19.0,"gold_loss":0.0,"damage_taken":0.0,"cards_upgraded":["theMarked:BanishingStrike"]},{"damage_healed":0.0,"max_hp_gain":0.0,"max_hp_loss":0.0,"gold_gain":0.0,"event_name":"Cursed Tome","player_choice":"Ignored","floor":22.0,"gold_loss":0.0,"damage_taken":0.0}],"is_beta":false,"boss_relics":[{"not_picked":["Philosopher\u0027s Stone","hubris:HollowSoul"],"picked":"Astrolabe"}],"items_purged_floors":[20],"is_endless":false,"potions_floor_spawned":[7,8,13,16,21],"killed_by":"Snake Plant","ascension_level":6}}