{"host":"3a1ypf1irl30q4k8","time":1611260323,"event":{"mods":["AchievementEnabler","BaseMod","Bestiary","Colored Map","Minty Spire (QoL Compilation)","Relic Stats"],"gold_per_floor":[111,111,123,137,62,62,92,152,152,164,174,142,162,337,337,337,337],"floor_reached":16,"language":"ENG","playtime":634,"items_purged":["Strike_R"],"score":122,"play_id":"1ce5fe6f-87e4-4845-917c-895ce2eeb7c0","local_time":"20210121201843","is_ascension_mode":true,"campfire_choices":[{"data":"Bash","floor":6,"key":"SMITH"},{"floor":15,"key":"REST"}],"circlet_count":0,"master_deck":["Strike_R","Strike_R","Strike_R","Strike_R","Defend_R","Defend_R","Defend_R","Bash+1","Flex","Inflame","Sword Boomerang","Battle Trance","Anger","Shrug It Off","True Grit","Iron Wave","Power Through","Doubt"],"relics":["Burning Blood","Nunchaku","White Beast Statue","Matryoshka"],"acts_visited":["Exordium"],"potions_floor_usage":[7,11,13,13,16],"damage_taken":[{"damage":1,"enemies":"Cultist","floor":1,"turns":3},{"damage":12,"enemies":"Jaw Worm","floor":3,"turns":3},{"damage":7,"enemies":"Small Slimes","floor":4,"turns":3},{"damage":35,"enemies":"Lagavulin","floor":7,"turns":4},{"damage":36,"enemies":"Lagavulin Event","floor":8,"turns":4},{"damage":0,"enemies":"3 Louse","floor":10,"turns":2},{"damage":22,"enemies":"Exordium Wildlife","floor":11,"turns":3},{"damage":0,"enemies":"Gremlin Gang","floor":13,"turns":5},{"damage":46,"enemies":"The Guardian","floor":16,"turns":8}],"seed_played":"4295526574537890758","potions_obtained":[{"floor":3,"key":"SteroidPotion"},{"floor":7,"key":"SneckoOil"},{"floor":8,"key":"PowerPotion"},{"floor":10,"key":"BlessingOfTheForge"},{"floor":11,"key":"PowerPotion"},{"floor":13,"key":"Explosive Potion"}],"is_trial":false,"path_per_floor":["M","?","M","M","$","R","E","?","T","M","M","?","M","?","R","B"],"character_chosen":"IRONCLAD","items_purchased":[],"campfire_rested":1,"item_purchase_floors":[],"current_hp_per_floor":[80,85,79,78,78,78,49,19,19,25,9,9,15,15,40,0,0],"gold":337,"neow_bonus":"TRANSFORM_CARD","is_daily":false,"chose_seed":false,"campfire_upgraded":1,"win_rate":0.0,"timestamp":1611260323,"path_taken":["M","?","M","M","$","R","E","?","T","M","M","?","M","?","R","BOSS"],"items_purchased_type":[],"build_version":"2020-12-22","purchased_purges":1,"victory":false,"max_hp_per_floor":[80,85,85,85,85,85,85,85,85,85,85,85,85,85,85,85,85],"relic_stats":{"Nunchaku":[4],"counters":[9,35],"obtain_stats":[{"Nunchaku":7,"Matryoshka":9,"Burning Blood":0,"White Beast Statue":8},{"Nunchaku":4,"Matryoshka":5,"Burning Blood":0,"White Beast Statue":5},{"Nunchaku":13,"Matryoshka":17,"Burning Blood":0,"White Beast Statue":17}],"Burning Blood":43},"card_choices":[{"not_picked":["Headbutt","Sword Boomerang"],"picked":"Inflame","floor":1},{"not_picked":["Thunderclap","Havoc"],"picked":"Sword Boomerang","floor":3},{"not_picked":["Rupture","Reckless Charge"],"picked":"Battle Trance","floor":4},{"not_picked":["Reckless Charge","Dropkick"],"picked":"Anger","floor":7},{"not_picked":["Twin Strike","Ghostly Armor"],"picked":"Shrug It Off","floor":8},{"not_picked":["Reckless Charge","Havoc"],"picked":"True Grit","floor":10},{"not_picked":["Rupture","Bloodletting"],"picked":"Iron Wave","floor":11},{"not_picked":["Whirlwind","Armaments"],"picked":"Power Through","floor":13}],"player_experience":1155864,"relics_obtained":[{"floor":7,"key":"Nunchaku"},{"floor":8,"key":"White Beast Statue"},{"floor":9,"key":"Matryoshka"}],"event_choices":[{"damage_healed":0,"gold_gain":0,"player_choice":"Donut","damage_taken":0,"max_hp_gain":5,"max_hp_loss":0,"event_name":"Big Fish","floor":2,"gold_loss":0},{"damage_healed":0,"gold_gain":0,"player_choice":"Searched \u00271\u0027 times","damage_taken":0,"max_hp_gain":0,"max_hp_loss":0,"event_name":"Dead Adventurer","floor":8,"gold_loss":0},{"damage_healed":0,"gold_gain":0,"player_choice":"Left Gold","damage_taken":0,"max_hp_gain":0,"max_hp_loss":0,"event_name":"World of Goop","floor":12,"gold_loss":32},{"damage_healed":0,"gold_gain":175,"player_choice":"AGREE","damage_taken":0,"max_hp_gain":0,"max_hp_loss":0,"event_name":"Liars Game","floor":14,"gold_loss":0,"cards_obtained":["Doubt"]}],"is_beta":false,"boss_relics":[],"items_purged_floors":[5],"is_endless":false,"potions_floor_spawned":[3,7,8,10,11,13],"killed_by":"The Guardian","ascension_level":4}}