{"host":"vpaavrwbmey593fx","time":1611250270,"event":{"mods":["AchievementEnabler","BaseMod","Bestiary","Colored Map","Colored Powertips","DeckTracker","Minty Spire (QoL Compilation)","Relic Sorter"],"gold_per_floor":[13,27,27,47,60,60,87,87,110,139,139,139,152,169,169,273,273,290,305,153,78,94,94,106,106,106,21,33,59,59,77,77,77,77],"floor_reached":33,"language":"ENG","playtime":3105,"items_purged":["Strike_R"],"score":349,"play_id":"e380e982-b792-4e87-8d9b-f652e1c7085f","local_time":"20210121093110","is_ascension_mode":true,"campfire_choices":[{"data":"Iron Wave","floor":6.0,"key":"SMITH"},{"data":"Heavy Blade","floor":8.0,"key":"SMITH"},{"data":"True Grit","floor":12.0,"key":"SMITH"},{"data":"Entrench","floor":15.0,"key":"SMITH"},{"data":"Inflame","floor":23,"key":"SMITH"},{"data":"Flame Barrier","floor":25,"key":"SMITH"},{"data":"Shrug It Off","floor":30,"key":"SMITH"},{"data":"Spot Weakness","floor":32,"key":"SMITH"}],"circlet_count":0,"master_deck":["Strike_R","Strike_R","Strike_R","Defend_R","Defend_R","Defend_R","Defend_R","Bash+1","Violence","True Grit+1","Pummel","Heavy Blade+1","Iron Wave+1","Seeing Red","Battle Trance","Entrench+1","Inflame+1","Feed","Shrug It Off+1","Body Slam+1","Flame Barrier+1","Bloodletting+1","Spot Weakness+1","Second Wind"],"relics":["Burning Blood","Centennial Puzzle","Omamori","Red Skull","Calling Bell","Pantograph","TungstenRod","Akabeko","Toy Ornithopter","The Courier"],"acts_visited":["Exordium","TheCity"],"potions_floor_usage":[33,33],"damage_taken":[{"damage":10.0,"enemies":"Small Slimes","floor":1.0,"turns":4.0},{"damage":14.0,"enemies":"Jaw Worm","floor":2.0,"turns":4.0},{"damage":7.0,"enemies":"2 Louse","floor":4.0,"turns":2.0},{"damage":12.0,"enemies":"Looter","floor":5.0,"turns":4.0},{"damage":12.0,"enemies":"Gremlin Nob","floor":7.0,"turns":5.0},{"damage":17.0,"enemies":"Lagavulin","floor":10.0,"turns":4.0},{"damage":9.0,"enemies":"Red Slaver","floor":13.0,"turns":4.0},{"damage":15.0,"enemies":"Gremlin Gang","floor":14.0,"turns":4.0},{"damage":10.0,"enemies":"Hexaghost","floor":16.0,"turns":9.0},{"damage":14,"enemies":"2 Thieves","floor":18,"turns":4},{"damage":26,"enemies":"Shell Parasite","floor":19,"turns":8},{"damage":4,"enemies":"Snecko","floor":22,"turns":5},{"damage":9,"enemies":"Chosen and Byrds","floor":24,"turns":4},{"damage":6,"enemies":"3 Cultists","floor":28,"turns":5},{"damage":9,"enemies":"Book of Stabbing","floor":29,"turns":3},{"damage":2,"enemies":"Snake Plant","floor":31,"turns":4},{"damage":104,"enemies":"Automaton","floor":33,"turns":8}],"seed_played":"-6713886317504779699","potions_obtained":[{"floor":1.0,"key":"LiquidMemories"},{"floor":2.0,"key":"BlessingOfTheForge"},{"floor":4.0,"key":"SkillPotion"},{"floor":16.0,"key":"Swift Potion"},{"floor":18,"key":"BloodPotion"}],"is_trial":false,"path_per_floor":["M","M","?","M","M","R","E","R","T","E","?","R","M","M","R","B",null,"M","M","$","?","M","R","M","R","T","?","M","E","R","M","R","B"],"character_chosen":"IRONCLAD","items_purchased":["Flame Barrier"],"campfire_rested":0,"item_purchase_floors":[20],"current_hp_per_floor":[76,68,68,67,61,61,55,55,55,44,44,44,41,32,32,28,67,62,42,42,42,44,44,44,44,44,44,47,44,44,51,51,0,0],"gold":77,"neow_bonus":"RANDOM_COLORLESS_2","is_daily":false,"chose_seed":false,"campfire_upgraded":8,"win_rate":0.0,"timestamp":1611250270,"path_taken":["M","M","?","M","M","R","E","R","T","E","?","R","M","M","R","BOSS","M","M","$","?","M","R","M","R","T","?","M","E","R","M","R","BOSS"],"items_purchased_type":["Card"],"build_version":"2020-12-22","purchased_purges":1,"victory":false,"max_hp_per_floor":[80,80,80,80,80,80,80,80,80,80,80,80,80,80,80,80,80,83,83,83,83,83,83,86,86,86,86,89,89,89,92,92,92,92],"card_choices":[{"not_picked":["The Bomb","Transmutation"],"picked":"Violence","floor":0.0},{"not_picked":["Twin Strike","Flex"],"picked":"True Grit","floor":1.0},{"not_picked":["Headbutt","Thunderclap"],"picked":"Pummel","floor":2.0},{"not_picked":["Sentinel","Rupture"],"picked":"Heavy Blade","floor":4.0},{"not_picked":["Thunderclap","Pummel"],"picked":"Iron Wave","floor":5.0},{"not_picked":["Twin Strike","Sentinel"],"picked":"Seeing Red","floor":7.0},{"not_picked":["Clash","Infernal Blade"],"picked":"Battle Trance","floor":10.0},{"not_picked":["Infernal Blade","Cleave"],"picked":"Entrench","floor":13.0},{"not_picked":["Dark Embrace","Warcry"],"picked":"Inflame","floor":14.0},{"not_picked":["Demon Form","Brutality"],"picked":"Feed","floor":16.0},{"not_picked":["Pommel Strike","True Grit"],"picked":"Shrug It Off","floor":18},{"not_picked":["Armaments","Iron Wave"],"picked":"Body Slam+1","floor":19},{"not_picked":["Iron Wave","Reckless Charge"],"picked":"Bloodletting+1","floor":22},{"not_picked":["Perfected Strike","Dark Embrace","Carnage"],"picked":"SKIP","floor":24},{"not_picked":["Inflame","Fire Breathing"],"picked":"Spot Weakness","floor":28},{"not_picked":["Body Slam+1","Offering","Thunderclap"],"picked":"SKIP","floor":29},{"not_picked":["Sword Boomerang+1","Sever Soul"],"picked":"Second Wind","floor":31}],"player_experience":230530,"relics_obtained":[{"floor":7.0,"key":"Red Skull"},{"floor":9.0,"key":"Centennial Puzzle"},{"floor":10.0,"key":"Omamori"},{"floor":17.0,"key":"Pantograph"},{"floor":17.0,"key":"TungstenRod"},{"floor":17.0,"key":"Akabeko"},{"floor":29,"key":"The Courier"}],"event_choices":[{"damage_healed":0.0,"max_hp_gain":0.0,"max_hp_loss":0.0,"gold_gain":0.0,"event_name":"Living Wall","player_choice":"Grow","floor":3.0,"gold_loss":0.0,"damage_taken":0.0,"cards_upgraded":["Bash"]},{"damage_healed":0.0,"max_hp_gain":0.0,"max_hp_loss":0.0,"gold_gain":0.0,"event_name":"Liars Game","player_choice":"Ignored","floor":11.0,"gold_loss":0.0,"damage_taken":0.0},{"cards_removed":["Strike_R"],"damage_healed":0,"gold_gain":0,"player_choice":"Gave Gold","damage_taken":0,"max_hp_gain":0,"max_hp_loss":0,"event_name":"Beggar","floor":21,"gold_loss":75},{"damage_healed":0,"gold_gain":0,"player_choice":"Obtained Relic","damage_taken":0,"relics_obtained":["Toy Ornithopter"],"max_hp_gain":0,"max_hp_loss":0,"event_name":"Addict","floor":27,"gold_loss":85}],"is_beta":false,"boss_relics":[{"not_picked":["SacredBark","Sozu"],"picked":"Calling Bell"}],"items_purged_floors":[20],"is_endless":false,"potions_floor_spawned":[1,2,4,16,18,22],"killed_by":"Automaton","ascension_level":5}}