{"host":"g5ztulhog0otympt","time":1611247642,"event":{"mods":["AchievementEnabler","BaseMod","Bestiary","Downfall","Hermit","Minty Spire (QoL Compilation)","StSLib","The Cursed"],"gold_per_floor":[114,124,137,151,6,38,38,68,68,68,68,97,115,115,115,210,210,197,197,197,197,216,216,228,228,228],"floor_reached":25,"language":"ENG","playtime":529,"items_purged":[],"score":246,"play_id":"1feaca13-c0b1-4d3f-88a1-1c77fd2fc620","local_time":"20210121184722","is_ascension_mode":false,"campfire_choices":[{"floor":7,"key":"REST"},{"floor":15,"key":"REST"},{"floor":23,"key":"REST"}],"circlet_count":0,"master_deck":["Strike_B","Strike_B","Strike_B","Strike_B","Defend_B","Defend_B","Defend_B","Defend_B","Zap","Dualcast","Sweeping Beam","Beam Cell","Gash","Steam","Leap","Consume+1","BootSequence+1","Gash","Capacitor"],"relics":["Cracked Core","Sling","Thread and Needle","PreservedInsect","Toxic Egg 2","Calipers","Inserter","Enchiridion"],"acts_visited":["Exordium","TheCity"],"potions_floor_usage":[8,16,16,16,22],"damage_taken":[{"damage":7,"enemies":"Small Slimes","floor":1,"turns":3},{"damage":1,"enemies":"Cultist","floor":2,"turns":3},{"damage":13,"enemies":"Jaw Worm","floor":3,"turns":3},{"damage":5,"enemies":"Exordium Thugs","floor":4,"turns":3},{"damage":1,"enemies":"Gremlin Nob","floor":6,"turns":3},{"damage":5,"enemies":"3 Sentries","floor":8,"turns":4},{"damage":0,"enemies":"Gremlin Nob","floor":12,"turns":3},{"damage":8,"enemies":"Blue Slaver","floor":13,"turns":4},{"damage":22,"enemies":"The Guardian","floor":16,"turns":8},{"damage":8,"enemies":"2 Thieves","floor":18,"turns":4},{"damage":13,"enemies":"Spheric Guardian","floor":22,"turns":5},{"damage":48,"enemies":"Centurion and Healer","floor":24,"turns":13},{"damage":0,"enemies":"Shelled Parasite and Fungi","floor":25,"turns":1}],"seed_played":"4163921467481784172","potions_obtained":[{"floor":6,"key":"SteroidPotion"},{"floor":8,"key":"FearPotion"},{"floor":11,"key":"BlessingOfTheForge"},{"floor":11,"key":"Slimebound:ThreeZeroPotion"},{"floor":13,"key":"Fire Potion"},{"floor":18,"key":"ColorlessPotion"}],"is_trial":false,"path_per_floor":["M","M","M","M","$","E","R","E","T","?","?","E","M","$","R","B",null,"M","?","$","?","M","R","M","M"],"character_chosen":"DEFECT","items_purchased":["Sling"],"campfire_rested":3,"item_purchase_floors":[5],"current_hp_per_floor":[75,74,61,56,56,55,79,74,74,74,74,74,66,66,82,60,82,74,58,58,58,45,69,21,21,21],"gold":228,"neow_bonus":"TEN_PERCENT_HP_BONUS","is_daily":false,"chose_seed":false,"campfire_upgraded":0,"win_rate":0.0,"timestamp":1611247642,"path_taken":["M","M","M","M","$","E","R","E","T","?","?","E","?","$","R","BOSS","M","?","$","?","M","R","M","M"],"items_purchased_type":["Relic"],"build_version":"2020-12-22","purchased_purges":0,"victory":false,"max_hp_per_floor":[82,82,82,82,82,82,82,82,82,82,82,82,82,82,82,82,82,82,82,82,82,82,82,82,82,82],"card_choices":[{"not_picked":["Go for the Eyes","Turbo"],"picked":"Sweeping Beam","floor":1},{"not_picked":["Coolheaded","Genetic Algorithm"],"picked":"Beam Cell","floor":2},{"not_picked":["FTL","BootSequence"],"picked":"Gash","floor":3},{"not_picked":["Cold Snap","Glacier"],"picked":"Steam","floor":4},{"not_picked":["Buffer","Double Energy","Chill"],"picked":"SKIP","floor":6},{"not_picked":["Ball Lightning","Aggregate"],"picked":"Leap","floor":8},{"not_picked":["Glacier+1","Coolheaded+1"],"picked":"Consume+1","floor":12},{"not_picked":["Compile Driver","Static Discharge","Heatsinks"],"picked":"SKIP","floor":13},{"not_picked":["Coolheaded+1","Cold Snap"],"picked":"BootSequence+1","floor":18},{"not_picked":["Hello World","Coolheaded+1"],"picked":"Gash","floor":22},{"not_picked":["Streamline","Consume+1"],"picked":"Capacitor","floor":24}],"player_experience":117996,"relics_obtained":[{"floor":6,"key":"Thread and Needle"},{"floor":8,"key":"PreservedInsect"},{"floor":9,"key":"Toxic Egg 2"},{"floor":12,"key":"Calipers"},{"floor":19,"key":"Enchiridion"}],"event_choices":[{"damage_healed":0,"gold_gain":0,"player_choice":"Ignored","damage_taken":0,"max_hp_gain":0,"max_hp_loss":0,"event_name":"Golden Idol","floor":10,"gold_loss":0},{"damage_healed":0,"gold_gain":0,"player_choice":"Got Potions","damage_taken":0,"max_hp_gain":0,"max_hp_loss":0,"event_name":"Lab","floor":11,"gold_loss":0},{"damage_healed":0,"gold_gain":0,"player_choice":"Obtained Book","damage_taken":16,"max_hp_gain":0,"max_hp_loss":0,"event_name":"Cursed Tome","floor":19,"gold_loss":0},{"damage_healed":0,"gold_gain":0,"player_choice":"Ignored","damage_taken":0,"max_hp_gain":0,"max_hp_loss":0,"event_name":"Ghosts","floor":21,"gold_loss":0}],"is_beta":false,"boss_relics":[{"not_picked":["Runic Dome","Astrolabe"],"picked":"Inserter"}],"items_purged_floors":[],"is_endless":false,"potions_floor_spawned":[6,8,12,13,18],"killed_by":"Shelled Parasite and Fungi","ascension_level":0}}