{"host":"5gfra4hjb6stk8c2","time":1611257212,"event":{"mods":["BaseMod","Minty Spire (QoL Compilation)","Quick Restart","SuperFastMode"],"gold_per_floor":[112,124,124,224,237,267,281,53,53,53,87,87,37,57,57,57,57],"floor_reached":16,"language":"ENG","playtime":221,"items_purged":["Defend_P"],"score":176,"play_id":"8e9051b6-a7d2-4a8b-aa7d-549fc4abd017","local_time":"20210121162652","is_ascension_mode":true,"campfire_choices":[{"data":"Halt","floor":10,"key":"SMITH"},{"data":"Halt","floor":12,"key":"SMITH"},{"data":"Vigilance","floor":15,"key":"SMITH"}],"circlet_count":0,"master_deck":["Strike_P","Strike_P","Strike_P+1","Strike_P","Defend_P","Eruption+1","Vigilance+1","Halt+1","Halt+1"],"relics":["PureWater","NeowsBlessing","Sundial","Whetstone","HornCleat","Ancient Tea Set"],"acts_visited":["Exordium"],"potions_floor_usage":[6,6,11],"damage_taken":[{"damage":0,"enemies":"Jaw Worm","floor":1,"turns":1},{"damage":0,"enemies":"2 Louse","floor":2,"turns":1},{"damage":0,"enemies":"Cultist","floor":5,"turns":1},{"damage":12,"enemies":"Gremlin Nob","floor":6,"turns":4},{"damage":0,"enemies":"2 Fungi Beasts","floor":7,"turns":4},{"damage":0,"enemies":"Lagavulin","floor":11,"turns":3},{"damage":1,"enemies":"Blue Slaver","floor":14,"turns":2},{"damage":48,"enemies":"Hexaghost","floor":16,"turns":9}],"seed_played":"1647301809081812470","potions_obtained":[{"floor":1,"key":"Block Potion"},{"floor":5,"key":"Energy Potion"},{"floor":7,"key":"Strength Potion"}],"is_trial":false,"path_per_floor":["M","M","?","?","M","E","M","$","T","R","E","R","?","M","R","B"],"character_chosen":"WATCHER","items_purchased":["Whetstone"],"campfire_rested":0,"item_purchase_floors":[8],"current_hp_per_floor":[65,65,58,58,58,46,46,46,46,46,46,46,46,45,45,0,0],"gold":57,"neow_bonus":"THREE_ENEMY_KILL","is_daily":false,"chose_seed":false,"campfire_upgraded":3,"win_rate":0.0,"timestamp":1611257212,"path_taken":["M","M","?","?","?","E","M","$","T","R","E","R","?","M","R","BOSS"],"items_purchased_type":["Relic"],"build_version":"2020-12-22","purchased_purges":1,"victory":false,"max_hp_per_floor":[72,72,72,72,72,72,72,72,72,72,72,72,72,72,72,72,72],"card_choices":[{"not_picked":["Study","FollowUp","Swivel"],"picked":"SKIP","floor":1},{"not_picked":["BowlingBash","BattleHymn"],"picked":"Halt","floor":2},{"not_picked":["FollowUp","Perseverance","EmptyBody"],"picked":"SKIP","floor":5},{"not_picked":["SignatureMove","CrushJoints"],"picked":"Halt","floor":6},{"not_picked":["SandsOfTime","CutThroughFate","Sanctity"],"picked":"SKIP","floor":7},{"not_picked":["FlyingSleeves","EmptyFist","JustLucky"],"picked":"SKIP","floor":11},{"not_picked":["Meditate","Prostrate","SashWhip"],"picked":"SKIP","floor":14}],"player_experience":178598,"relics_obtained":[{"floor":6,"key":"Sundial"},{"floor":9,"key":"HornCleat"},{"floor":11,"key":"Ancient Tea Set"}],"event_choices":[{"cards_removed":["Defend_P"],"damage_healed":0,"gold_gain":0,"player_choice":"Card Removal","damage_taken":7,"max_hp_gain":0,"max_hp_loss":0,"event_name":"Golden Wing","floor":3,"gold_loss":0},{"damage_healed":0,"gold_gain":100,"player_choice":"Pray","damage_taken":0,"max_hp_gain":0,"max_hp_loss":0,"event_name":"Golden Shrine","floor":4,"gold_loss":0},{"cards_removed":["Defend_P"],"damage_healed":0,"gold_gain":0,"player_choice":"Card Removal","damage_taken":0,"max_hp_gain":0,"max_hp_loss":0,"event_name":"The Cleric","floor":13,"gold_loss":50}],"is_beta":false,"boss_relics":[],"items_purged_floors":[8],"is_endless":false,"potions_floor_spawned":[1,5,7],"killed_by":"Hexaghost","ascension_level":6}}