{"host":"uv5ws9rdk87e8i5k","time":1611257881,"event":{"mods":["AchievementEnabler","BaseMod","Colored Map","Minty Spire (QoL Compilation)","StSLib","SuperFastMode"],"gold_per_floor":[114,133,146,221,232,232,232,260,312,341,364,389,399,411,411,508,508,478,478,478,478],"floor_reached":20,"language":"ENG","playtime":567,"items_purged":[],"score":370,"play_id":"7f904b05-666e-4fbd-9a5d-a0c5e8922eb8","local_time":"20210121133801","is_ascension_mode":true,"campfire_choices":[{"data":"Glass Knife","floor":6.0,"key":"SMITH"},{"data":"Tools of the Trade","floor":15.0,"key":"SMITH"}],"circlet_count":0,"master_deck":["Strike_G","Strike_G","Strike_G","Strike_G","Strike_G","Defend_G","Defend_G","Defend_G","Defend_G","Defend_G","Survivor","Neutralize","Dagger Throw","Backflip","Glass Knife+1","PiercingWail","Prepared+1","Tools of the Trade+1","All Out Attack","Glass Knife","Acrobatics+1","Acrobatics+1"],"relics":["Ring of the Snake","Tingsha","Toxic Egg 2","Nunchaku","MealTicket","Odd Mushroom","Pear","Ectoplasm"],"acts_visited":["Exordium","TheCity"],"potions_floor_usage":[18],"damage_taken":[{"damage":1.0,"enemies":"Cultist","floor":1.0,"turns":4.0},{"damage":2.0,"enemies":"Jaw Worm","floor":2.0,"turns":4.0},{"damage":1.0,"enemies":"Small Slimes","floor":3.0,"turns":3.0},{"damage":0.0,"enemies":"Blue Slaver","floor":5.0,"turns":3.0},{"damage":11.0,"enemies":"Gremlin Nob","floor":8.0,"turns":4.0},{"damage":9.0,"enemies":"3 Sentries","floor":10.0,"turns":4.0},{"damage":3.0,"enemies":"The Mushroom Lair","floor":11.0,"turns":4.0},{"damage":5.0,"enemies":"Lagavulin","floor":12.0,"turns":4.0},{"damage":0.0,"enemies":"2 Fungi Beasts","floor":13.0,"turns":2.0},{"damage":0.0,"enemies":"Large Slime","floor":14.0,"turns":3.0},{"damage":35.0,"enemies":"The Guardian","floor":16.0,"turns":11.0},{"damage":1,"enemies":"2 Thieves","floor":18,"turns":3},{"damage":0,"enemies":"Spheric Guardian","floor":19,"turns":2},{"damage":0,"enemies":"Shelled Parasite and Fungi","floor":20,"turns":2}],"seed_played":"509528291081547639","potions_obtained":[{"floor":1.0,"key":"PowerPotion"},{"floor":3.0,"key":"DuplicationPotion"},{"floor":10.0,"key":"DistilledChaos"},{"floor":11.0,"key":"FearPotion"},{"floor":13.0,"key":"DuplicationPotion"},{"floor":16.0,"key":"SpeedPotion"}],"is_trial":false,"path_per_floor":["M","M","M","?","M","R","?","E","T","E","?","E","M","M","R","B",null,"M","M","M"],"character_chosen":"THE_SILENT","items_purchased":[],"campfire_rested":0,"item_purchase_floors":[],"current_hp_per_floor":[48,46,45,34,34,34,57,46,46,37,34,39,39,39,39,4,61,60,60,60,60],"gold":478,"neow_bonus":"ONE_RARE_RELIC","is_daily":false,"chose_seed":false,"campfire_upgraded":2,"win_rate":0.0,"timestamp":1611257881,"path_taken":["M","M","?","?","M","R","?","E","T","E","?","E","M","M","R","BOSS","M","M","M"],"items_purchased_type":[],"build_version":"2020-12-22","purchased_purges":0,"victory":false,"max_hp_per_floor":[70,70,70,70,70,70,70,70,70,70,70,80,80,80,80,80,80,80,80,80,80],"card_choices":[{"not_picked":["All Out Attack","Tactician"],"picked":"Dagger Throw","floor":1.0},{"not_picked":["Dodge and Roll","Sucker Punch"],"picked":"Backflip","floor":2.0},{"not_picked":["Catalyst","Bane"],"picked":"Glass Knife","floor":3.0},{"not_picked":["Deflect","Masterful Stab"],"picked":"PiercingWail","floor":5.0},{"not_picked":["PiercingWail+1","Die Die Die"],"picked":"Prepared+1","floor":8.0},{"not_picked":["Flying Knee","Deflect+1"],"picked":"Tools of the Trade","floor":10.0},{"not_picked":["Slice","Well Laid Plans"],"picked":"All Out Attack","floor":12.0},{"not_picked":["Slice","Dodge and Roll+1","Terror+1"],"picked":"SKIP","floor":13.0},{"not_picked":["Underhanded Strike","Well Laid Plans","Outmaneuver+1"],"picked":"SKIP","floor":14.0},{"not_picked":["After Image","Die Die Die"],"picked":"Glass Knife","floor":16.0},{"not_picked":["Blur+1","Dash"],"picked":"Acrobatics+1","floor":18},{"not_picked":["Setup+1","Cloak And Dagger+1"],"picked":"Acrobatics+1","floor":19}],"player_experience":135031,"relics_obtained":[{"floor":8.0,"key":"Toxic Egg 2"},{"floor":9.0,"key":"Nunchaku"},{"floor":10.0,"key":"MealTicket"},{"floor":11.0,"key":"Odd Mushroom"},{"floor":12.0,"key":"Pear"}],"event_choices":[{"damage_healed":0.0,"max_hp_gain":0.0,"max_hp_loss":0.0,"gold_gain":75.0,"event_name":"World of Goop","player_choice":"Gather Gold","floor":4.0,"gold_loss":0.0,"damage_taken":11.0},{"damage_healed":23.0,"max_hp_gain":0.0,"max_hp_loss":0.0,"gold_gain":0.0,"event_name":"Big Fish","player_choice":"Banana","floor":7.0,"gold_loss":0.0,"damage_taken":0.0},{"damage_healed":0.0,"max_hp_gain":0.0,"max_hp_loss":0.0,"gold_gain":0.0,"event_name":"Mushrooms","player_choice":"Fought Mushrooms","floor":11.0,"gold_loss":0.0,"damage_taken":0.0}],"is_beta":false,"boss_relics":[{"not_picked":["Runic Dome","Philosopher\u0027s Stone"],"picked":"Ectoplasm"}],"items_purged_floors":[],"is_endless":false,"potions_floor_spawned":[1,3,10,11,13,16],"killed_by":"Shelled Parasite and Fungi","ascension_level":5}}