{"host":"kh6fvhxn285ncg0o","time":1611202469,"event":{"mods":["Act Like it!","BaseMod","Colored Map","Friendly Minions","Keyboard Shortcuts","Minty Spire (QoL Compilation)","Quick Restart","Relic Stats","StSLib","SuperFastMode"],"gold_per_floor":[14,33,43,43,43,76,92,113,182,182,107,157,181,216,216,312,312,336,336,349,349,364,398,419,460,540,560,560,560,598,612,612,708,708,723,736,736,736,226,269,269,313,358,402,427,451,269,285,285,285,285,285,285,18,54,54],"floor_reached":57,"language":"KOR","playtime":3341,"items_purged":["Strike_R","Strike_R","Strike_R"],"score":3678,"play_id":"b264dbfd-702f-4c30-9387-18730527a904","local_time":"20210121131429","is_ascension_mode":true,"campfire_choices":[{"floor":10,"key":"REST"},{"data":"1","floor":15,"key":"LIFT"},{"data":"2","floor":32,"key":"LIFT"},{"data":"3","floor":41,"key":"LIFT"},{"floor":49,"key":"RECALL"},{"floor":53,"key":"REST"}],"circlet_count":0,"master_deck":["AscendersBane","Strike_R+1","Strike_R+1","Defend_R","Defend_R","Defend_R","Defend_R","Bash","Ghostly Armor","Disarm","Ghostly Armor","Offering","Corruption","Body Slam","Burning Pact+1","Impervious+1","Corruption","Shrug It Off+1","True Grit+1","Shrug It Off+1","Shrug It Off+1","Shrug It Off+1","Shrug It Off+1","Armaments+1","Shrug It Off+1"],"relics":["Burning Blood","Dead Branch","Golden Idol","Art of War","Ornamental Fan","Girya","Snecko Eye","Toxic Egg 2","Bag of Preparation","MealTicket","The Courier","Dream Catcher","Strawberry","Fusion Hammer","Medical Kit","Lantern","Oddly Smooth Stone","Red Skull","Toy Ornithopter","Whetstone","Bottled Tornado","Frozen Eye","Pen Nib","Pantograph"],"acts_visited":["Exordium","TheCity","TheBeyond","TheEnding"],"potions_floor_usage":[25,56,56],"damage_taken":[{"damage":2,"enemies":"Cultist","floor":1,"turns":4},{"damage":12,"enemies":"Jaw Worm","floor":2,"turns":3},{"damage":1,"enemies":"2 Louse","floor":3,"turns":2},{"damage":20,"enemies":"3 Sentries","floor":6,"turns":6},{"damage":21,"enemies":"Exordium Thugs","floor":7,"turns":6},{"damage":19,"enemies":"Exordium Wildlife","floor":8,"turns":6},{"damage":11,"enemies":"Red Slaver","floor":13,"turns":4},{"damage":1,"enemies":"Lagavulin","floor":14,"turns":5},{"damage":6,"enemies":"Slime Boss","floor":16,"turns":6},{"damage":0,"enemies":"3 Byrds","floor":18,"turns":2},{"damage":0,"enemies":"Chosen","floor":20,"turns":4},{"damage":17,"enemies":"Centurion and Healer","floor":22,"turns":4},{"damage":9,"enemies":"Gremlin Leader","floor":23,"turns":5},{"damage":3,"enemies":"Snecko","floor":24,"turns":2},{"damage":6,"enemies":"Slavers","floor":25,"turns":4},{"damage":6,"enemies":"Chosen and Byrds","floor":27,"turns":2},{"damage":6,"enemies":"Book of Stabbing","floor":30,"turns":3},{"damage":7,"enemies":"Shelled Parasite and Fungi","floor":31,"turns":3},{"damage":6,"enemies":"Collector","floor":33,"turns":2},{"damage":0,"enemies":"3 Darklings","floor":35,"turns":4},{"damage":6,"enemies":"Orb Walker","floor":36,"turns":1},{"damage":0,"enemies":"Giant Head","floor":40,"turns":2},{"damage":6,"enemies":"Reptomancer","floor":42,"turns":3},{"damage":0,"enemies":"Giant Head","floor":44,"turns":1},{"damage":2,"enemies":"Maw","floor":45,"turns":2},{"damage":3,"enemies":"Jaw Worm Horde","floor":46,"turns":2},{"damage":0,"enemies":"Sphere and 2 Shapes","floor":48,"turns":3},{"damage":14,"enemies":"Awakened One","floor":50,"turns":9},{"damage":0,"enemies":"Donu and Deca","floor":51,"turns":5},{"damage":0,"enemies":"Shield and Spear","floor":55,"turns":1},{"damage":0,"enemies":"The Heart","floor":56,"turns":5}],"seed_played":"5970224553016168335","potions_obtained":[{"floor":2,"key":"PowerPotion"},{"floor":3,"key":"SmokeBomb"},{"floor":13,"key":"SkillPotion"},{"floor":27,"key":"DuplicationPotion"}],"is_trial":false,"path_per_floor":["M","M","M","?","?","E","M","M","T","R","$","?","M","E","R","B",null,"M","T","M","?","M","E","M","E","T","M","T","?","E","M","R","B",null,"M","M","?","?","$","E","R","E","T","E","M","M","$","M","R","B","B",null,"R","$","E","B",null],"character_chosen":"IRONCLAD","items_purchased":["Medical Kit","Lantern","Oddly Smooth Stone","Shrug It Off+1","Shrug It Off+1","Shrug It Off+1","Frozen Eye","Pen Nib"],"campfire_rested":2,"item_purchase_floors":[39,39,39,39,47,47,54,54],"current_hp_per_floor":[72,66,71,45,70,56,41,28,28,50,50,50,45,50,50,50,69,75,75,75,75,64,61,64,64,64,64,64,64,71,70,70,70,79,82,82,82,82,82,82,82,82,82,82,82,82,82,82,82,74,80,82,82,82,82,82],"gold":54,"neow_bonus":"ONE_RARE_RELIC","is_daily":false,"chose_seed":false,"campfire_upgraded":0,"win_rate":0.0,"timestamp":1611202469,"path_taken":["M","?","M","?","?","E","M","?","T","R","$","?","M","E","R","BOSS","M","?","M","?","?","E","?","E","T","M","?","?","E","M","R","BOSS","M","?","?","?","?","E","R","E","T","E","M","?","$","M","R","BOSS","BOSS","R","$","E","BOSS"],"items_purchased_type":["Relic","Relic","Relic","Card","Card","Card","Relic","Relic"],"build_version":"2020-12-22","purchased_purges":3,"victory":true,"max_hp_per_floor":[75,75,75,75,75,75,75,75,75,75,75,75,75,75,75,75,75,75,75,75,75,75,75,75,75,75,75,75,75,82,82,82,82,82,82,82,82,82,82,82,82,82,82,82,82,82,82,82,82,82,82,82,82,82,82,82],"relic_stats":{"counters":[31,111],"Golden Idol":217,"Dead Branch":[596],"Pen Nib":[1],"Bag of Preparation":[36],"Whetstone":["Strike_R","Strike_R"],"Medical Kit":[14],"Burning Blood":140,"Dream Catcher":1,"Ornamental Fan":[188],"Pantograph":0,"Snecko Eye":[159,147,154,165],"MealTicket":0,"Art of War":[11],"obtain_stats":[{"Girya":14,"Lantern":39,"Golden Idol":4,"Dead Branch":0,"Oddly Smooth Stone":39,"The Courier":28,"Pen Nib":54,"Bag of Preparation":23,"Whetstone":43,"Bottled Tornado":44,"Medical Kit":39,"Burning Blood":0,"Frozen Eye":54,"Dream Catcher":29,"Ornamental Fan":9,"Strawberry":30,"Pantograph":55,"Snecko Eye":17,"MealTicket":25,"Fusion Hammer":34,"Art of War":6,"Toxic Egg 2":19,"Red Skull":40,"Toy Ornithopter":42},{"Girya":8,"Lantern":21,"Golden Idol":3,"Dead Branch":0,"Oddly Smooth Stone":21,"The Courier":16,"Pen Nib":29,"Bag of Preparation":13,"Whetstone":23,"Bottled Tornado":24,"Medical Kit":21,"Burning Blood":0,"Frozen Eye":29,"Dream Catcher":16,"Ornamental Fan":6,"Strawberry":17,"Pantograph":30,"Snecko Eye":9,"MealTicket":15,"Fusion Hammer":19,"Art of War":4,"Toxic Egg 2":10,"Red Skull":22,"Toy Ornithopter":23},{"Girya":36,"Lantern":78,"Golden Idol":9,"Dead Branch":0,"Oddly Smooth Stone":78,"The Courier":65,"Pen Nib":105,"Bag of Preparation":57,"Whetstone":83,"Bottled Tornado":84,"Medical Kit":78,"Burning Blood":0,"Frozen Eye":105,"Dream Catcher":65,"Ornamental Fan":27,"Strawberry":68,"Pantograph":106,"Snecko Eye":42,"MealTicket":63,"Fusion Hammer":73,"Art of War":15,"Toxic Egg 2":44,"Red Skull":80,"Toy Ornithopter":83}],"Toy Ornithopter":0},"card_choices":[{"not_picked":["Sword Boomerang","Disarm"],"picked":"Sever Soul","floor":1},{"not_picked":["Spot Weakness","Clothesline"],"picked":"Ghostly Armor","floor":2},{"not_picked":["Whirlwind","Clothesline"],"picked":"Disarm","floor":3},{"not_picked":["Ghostly Armor","Rupture","Pommel Strike"],"picked":"SKIP","floor":6},{"not_picked":["Rupture","Pommel Strike"],"picked":"Ghostly Armor","floor":6},{"not_picked":["Thunderclap","Anger","Sword Boomerang"],"picked":"SKIP","floor":7},{"not_picked":["Twin Strike","Dark Embrace"],"picked":"Rage","floor":8},{"not_picked":["Warcry","Cleave","Headbutt"],"picked":"SKIP","floor":13},{"not_picked":["Perfected Strike","Clothesline"],"picked":"Offering","floor":14},{"not_picked":["Impervious","Barricade"],"picked":"Corruption","floor":16},{"not_picked":["Bloodletting","Cleave","Headbutt"],"picked":"SKIP","floor":18},{"not_picked":["Dual Wield+1","Rampage"],"picked":"Body Slam","floor":20},{"not_picked":["Bloodletting+1","Cleave","Blood for Blood"],"picked":"SKIP","floor":22},{"not_picked":["Cleave","Pommel Strike"],"picked":"Burning Pact+1","floor":23},{"not_picked":["Intimidate+1","Whirlwind","Bloodletting+1"],"picked":"SKIP","floor":24},{"not_picked":["Intimidate+1","Body Slam","Heavy Blade"],"picked":"SKIP","floor":25},{"not_picked":["Clash","Headbutt","Heavy Blade+1"],"picked":"SKIP","floor":27},{"not_picked":["Body Slam","Entrench+1"],"picked":"Impervious+1","floor":30},{"not_picked":["Body Slam","Sword Boomerang","Heavy Blade"],"picked":"SKIP","floor":31},{"not_picked":["Double Tap+1","Limit Break+1"],"picked":"Corruption","floor":33},{"not_picked":["Pommel Strike","Flex+1","Battle Trance+1"],"picked":"SKIP","floor":35},{"not_picked":["Combust","Wild Strike","Cleave"],"picked":"SKIP","floor":36},{"not_picked":["Thunderclap","Fire Breathing"],"picked":"True Grit+1","floor":40},{"not_picked":["Clash+1","Dropkick"],"picked":"Shrug It Off+1","floor":42},{"not_picked":["Clothesline+1","Uppercut","Heavy Blade"],"picked":"SKIP","floor":44},{"not_picked":["Clothesline+1","Uppercut","Heavy Blade"],"picked":"SKIP","floor":44},{"not_picked":["Inflame","Twin Strike+1","Clash"],"picked":"SKIP","floor":45},{"not_picked":["Flex+1","Bloodletting+1"],"picked":"Shrug It Off+1","floor":46},{"not_picked":["Evolve","Wild Strike"],"picked":"Armaments+1","floor":48},{"not_picked":["Headbutt","Thunderclap"],"picked":"Shrug It Off+1","floor":55}],"player_experience":3484198,"relics_obtained":[{"floor":6,"key":"Art of War"},{"floor":9,"key":"Ornamental Fan"},{"floor":14,"key":"Girya"},{"floor":19,"key":"Toxic Egg 2"},{"floor":23,"key":"Bag of Preparation"},{"floor":25,"key":"MealTicket"},{"floor":28,"key":"The Courier"},{"floor":30,"key":"Strawberry"},{"floor":40,"key":"Red Skull"},{"floor":42,"key":"Toy Ornithopter"},{"floor":43,"key":"Whetstone"},{"floor":44,"key":"Bottled Tornado"},{"floor":55,"key":"Pantograph"}],"event_choices":[{"damage_healed":0,"gold_gain":0,"player_choice":"Take Damage","damage_taken":26,"relics_obtained":["Golden Idol"],"max_hp_gain":0,"max_hp_loss":0,"event_name":"Golden Idol","floor":4,"gold_loss":0},{"damage_healed":25,"gold_gain":0,"player_choice":"Banana","damage_taken":0,"max_hp_gain":0,"max_hp_loss":0,"event_name":"Big Fish","floor":5,"gold_loss":0},{"damage_healed":0,"gold_gain":50,"player_choice":"Pray","damage_taken":0,"max_hp_gain":0,"max_hp_loss":0,"event_name":"Golden Shrine","floor":12,"gold_loss":0},{"damage_healed":0,"gold_gain":0,"player_choice":"Ignored","damage_taken":0,"max_hp_gain":0,"max_hp_loss":0,"event_name":"Ghosts","floor":21,"gold_loss":0},{"cards_removed":["Sever Soul"],"damage_healed":0,"gold_gain":0,"player_choice":"Gave Card","damage_taken":0,"relics_obtained":["Dream Catcher"],"max_hp_gain":0,"max_hp_loss":0,"event_name":"WeMeetAgain","floor":29,"gold_loss":0},{"cards_removed":["Rage"],"damage_healed":0,"gold_gain":0,"player_choice":"Removed Skill","damage_taken":0,"max_hp_gain":0,"max_hp_loss":0,"event_name":"Falling","floor":37,"gold_loss":0},{"damage_healed":0,"gold_gain":0,"player_choice":"Ignored","damage_taken":0,"max_hp_gain":0,"max_hp_loss":0,"event_name":"Tomb of Lord Red Mask","floor":38,"gold_loss":0}],"is_beta":false,"boss_relics":[{"not_picked":["Tiny House","Astrolabe"],"picked":"Snecko Eye"},{"not_picked":["Mark of Pain","Coffee Dripper"],"picked":"Fusion Hammer"}],"items_purged_floors":[11,39,47],"is_endless":false,"potions_floor_spawned":[2,3,13,14,16,22,24,27,30,35,40,44,48,55],"ascension_level":20}}