{"host":"tqrb8wakxbnpyjmr","time":1611245898,"event":{"mods":["BaseMod","Bestiary","Better Altar","Better Note","Better Skull","Better Third Choice","BetterRewards","Fox Events","Good Game Mod","GungeonMod","Minty Spire (QoL Compilation)","Shop Mod","StSLib","The Blue Laboratory"],"gold_per_floor":[113,125,200,210,210,237,249,249,324,324,337,37,37,212,212,311,311,322,335,335,351,351,351,598,598,598],"floor_reached":25,"language":"ENG","playtime":1891,"items_purged":[],"score":200,"play_id":"9dd8b271-38ed-47a4-a0a6-88cf6060bf25","local_time":"20210121231818","is_ascension_mode":false,"campfire_choices":[{"data":"DemoMod:DoubleVision","floor":8,"key":"SMITH"},{"data":"DemoMod:HungryBullets","floor":10,"key":"SMITH"},{"data":"DemoMod:AbyssalTentacle","floor":13,"key":"SMITH"},{"data":"DemoMod:CombinedRifle","floor":15,"key":"SMITH"},{"data":"DemoMod:BlankBullets","floor":23,"key":"SMITH"}],"circlet_count":0,"master_deck":["DemoMod:Strike_Huntress","DemoMod:Strike_Huntress","DemoMod:Strike_Huntress","DemoMod:Defend_Huntress","DemoMod:Defend_Huntress","DemoMod:Defend_Huntress","DemoMod:Defend_Huntress","DemoMod:Roll","DemoMod:ManualReload","DemoMod:RustySidearm","DemoMod:CrossBow","Dash","DemoMod:GunShield","DemoMod:AbyssalTentacle+1","DemoMod:DoubleVision+1","DemoMod:CombinedRifle+1","DemoMod:HungryBullets+1","DemoMod:MachoBrace","Doubt","DemoMod:BlankBullets+1","DemoMod:StickyCrossBow","DemoMod:MegaHand+1","DemoMod:ChanceBullets"],"relics":["DemoMod:Dog","REME:ComplimentaryCards","NeowsBlessing","WarpedTongs","Eternal Feather","Bottled Lightning","DemoMod:NanoMachines","Velvet Choker","Spirit Poop"],"acts_visited":["Exordium","TheCity"],"potions_floor_usage":[],"damage_taken":[{"damage":0,"enemies":"2 Louse","floor":1,"turns":1},{"damage":0,"enemies":"Cultist","floor":2,"turns":1},{"damage":0,"enemies":"Small Slimes","floor":4,"turns":1},{"damage":22,"enemies":"Gremlin Nob","floor":6,"turns":5},{"damage":1,"enemies":"3 Louse","floor":7,"turns":4},{"damage":1,"enemies":"Exordium Wildlife","floor":11,"turns":4},{"damage":39,"enemies":"Slime Boss","floor":16,"turns":13},{"damage":12,"enemies":"3 Byrds","floor":18,"turns":8},{"damage":6,"enemies":"Shell Parasite","floor":19,"turns":3},{"damage":11,"enemies":"Snecko","floor":21,"turns":6},{"damage":12,"enemies":"Gremlin Leader","floor":25,"turns":2}],"seed_played":"6908730906994638814","potions_obtained":[{"floor":1,"key":"Strength Potion"},{"floor":7,"key":"BlessingOfTheForge"},{"floor":7,"key":"Swift Potion"},{"floor":11,"key":"blueLaboratory:StoneskinPotion"},{"floor":18,"key":"DemoMod:LeadSkinPotion"},{"floor":21,"key":"Fire Potion"}],"is_trial":false,"path_per_floor":["M","M","?","M","?","E","M","R","T","R","M","$","R","?","R","B",null,"M","M","?","M","?","R","?","E"],"character_chosen":"HUNTRESS","items_purchased":["DemoMod:NanoMachines"],"campfire_rested":0,"item_purchase_floors":[12],"current_hp_per_floor":[70,70,59,59,59,37,36,45,45,54,53,53,62,62,70,31,70,58,52,52,41,41,53,53,41,41],"gold":598,"neow_bonus":"THREE_ENEMY_KILL","is_daily":false,"chose_seed":false,"campfire_upgraded":5,"win_rate":0.0,"timestamp":1611245898,"path_taken":["M","M","?","M","?","E","?","R","T","R","M","?","R","?","R","BOSS","M","M","?","M","?","R","?","E"],"items_purchased_type":["Relic"],"build_version":"2020-12-22","purchased_purges":0,"victory":false,"max_hp_per_floor":[70,70,70,70,70,70,70,70,70,70,70,70,70,70,70,70,70,70,70,70,70,70,70,70,70,70],"card_choices":[{"not_picked":["DemoMod:PotionOfGunFriendShip","DemoMod:ConditionalReflex"],"picked":"DemoMod:GunShield","floor":1},{"not_picked":["DemoMod:FastSwitch","DemoMod:PracticeMakesPerfect"],"picked":"DemoMod:AbyssalTentacle","floor":2},{"not_picked":["DemoMod:AC15","DemoMod:ShadowBullets"],"picked":"DemoMod:DoubleVision","floor":4},{"not_picked":["DemoMod:MegaHand","DemoMod:PotionOfGunFriendShip"],"picked":"DemoMod:CombinedRifle","floor":6},{"not_picked":["DemoMod:FeignSurrender","DemoMod:LifeOrb"],"picked":"DemoMod:HungryBullets","floor":7},{"not_picked":["DemoMod:DirectionalPad","DemoMod:TeaPot"],"picked":"DemoMod:MachoBrace","floor":11},{"not_picked":["DemoMod:Elimentaler","DemoMod:BulletBore"],"picked":"DemoMod:BlankBullets","floor":16},{"not_picked":["DemoMod:SAA","DemoMod:BoxingGlove"],"picked":"DemoMod:StickyCrossBow","floor":18},{"not_picked":["DemoMod:CursedBullets","DemoMod:StickyCrossBow"],"picked":"DemoMod:MegaHand+1","floor":19},{"not_picked":["DemoMod:TeaPot","DemoMod:PracticeMakesPerfect"],"picked":"DemoMod:ChanceBullets","floor":21}],"player_experience":248398,"relics_obtained":[{"floor":6,"key":"Eternal Feather"},{"floor":9,"key":"Bottled Lightning"}],"event_choices":[{"damage_healed":0,"gold_gain":75,"player_choice":"Gold","damage_taken":11,"max_hp_gain":0,"max_hp_loss":0,"event_name":"betterThird:BetterGoop","floor":3,"gold_loss":0},{"damage_healed":0,"gold_gain":0,"player_choice":"Rummage","damage_taken":0,"relics_obtained":["WarpedTongs"],"max_hp_gain":0,"max_hp_loss":0,"event_name":"Accursed Blacksmith","floor":5,"gold_loss":0,"cards_obtained":["Pain"]},{"damage_healed":0,"gold_gain":175,"player_choice":"AGREE","damage_taken":37,"max_hp_gain":0,"max_hp_loss":0,"event_name":"betterThird:BetterSerpent","floor":14,"gold_loss":0},{"cards_removed":["Pain"],"damage_healed":0,"gold_gain":0,"player_choice":"Offered Curse","damage_taken":0,"relics_obtained":["Spirit Poop"],"max_hp_gain":0,"max_hp_loss":0,"event_name":"Bonfire Elementals","floor":20,"gold_loss":0},{"cards_removed":["DemoMod:BlankBullets"],"damage_healed":0,"gold_gain":0,"player_choice":"Give","damage_taken":0,"max_hp_gain":0,"max_hp_loss":0,"event_name":"betterNote:BetterNote","floor":22,"gold_loss":0,"cards_obtained":["None"]}],"is_beta":false,"boss_relics":[{"not_picked":["Snecko Eye","Fusion Hammer"],"picked":"Velvet Choker"}],"items_purged_floors":[],"is_endless":false,"potions_floor_spawned":[1,7,7,11,18,21],"killed_by":"Gremlin Leader","ascension_level":0}}