{"host":"t6r1isv2bex5ovch","time":1611250839,"event":{"mods":["AchievementEnabler","Act Like it!","Aspiration","BaseMod","Better Altar","Better Match","Better Note","Better Sensory Stone","Better Skull","Better Third Choice","Better Vampires","Colored Powertips","Displayed Cursed Tome","Evolution","Fox Events","Hubris","Minty Spire (QoL Compilation)","StS++","StSLib","The Jungle"],"gold_per_floor":[112,126,126,11,30,59,59,98,123,167,167,167,181,199,199,199,199],"floor_reached":16,"language":"ENG","playtime":1391,"items_purged":["Defend_G"],"score":140,"play_id":"2bd39342-4533-4642-9bfa-fb40ccf23bd7","local_time":"20210122034039","is_ascension_mode":true,"campfire_choices":[{"floor":15,"key":"RECALL"}],"circlet_count":0,"master_deck":["Dagger Throw","Dagger Throw","Strike_G","Strike_G","Strike_G","Defend_G","Defend_G","Defend_G","Defend_G","Survivor","Neutralize","Infinite Blades","Accuracy","Malaise","Underhanded Strike","Adrenaline","Infinite Blades"],"relics":["Ring of the Snake","EVO:Axolotl","Anchor","Golden Idol","StSpp:WoodenPendulum","Orichalcum","hubris:AstralHammer"],"acts_visited":["Exordium"],"potions_floor_usage":[6,6,10,11,14],"damage_taken":[{"damage":3,"enemies":"Small Slimes","floor":1,"turns":4},{"damage":0,"enemies":"2 Louse","floor":2,"turns":2},{"damage":4,"enemies":"Jaw Worm","floor":5,"turns":3},{"damage":19,"enemies":"3 Sentries","floor":6,"turns":8},{"damage":8,"enemies":"Lagavulin","floor":8,"turns":6},{"damage":23,"enemies":"3 Sentries","floor":10,"turns":9},{"damage":0,"enemies":"3 Louse","floor":11,"turns":2},{"damage":0,"enemies":"2 Fungi Beasts","floor":13,"turns":2},{"damage":0,"enemies":"Blue Slaver","floor":14,"turns":5},{"damage":2,"enemies":"Hexaghost","floor":16,"turns":11}],"seed_played":"-5591537671787957907","potions_obtained":[{"floor":2,"key":"LiquidBronze"},{"floor":5,"key":"AttackPotion"},{"floor":8,"key":"FearPotion"},{"floor":10,"key":"SmokeBomb"},{"floor":13,"key":"Dexterity Potion"}],"is_trial":false,"path_per_floor":["M","M","?","$","M","E","?","E","T","E","M","?","M","M","R","B"],"character_chosen":"THE_SILENT","items_purchased":["Accuracy"],"campfire_rested":0,"item_purchase_floors":[4],"current_hp_per_floor":[74,74,74,74,70,51,32,24,24,1,1,1,1,1,1,0,0],"gold":199,"neow_bonus":"TEN_PERCENT_HP_BONUS","is_daily":false,"chose_seed":false,"campfire_upgraded":0,"win_rate":0.0,"timestamp":1611250839,"path_taken":["M","M","?","$","M","E","?","E","T","E","M","?","?","M","R","BOSS"],"items_purchased_type":["Card"],"build_version":"2020-12-22","purchased_purges":1,"victory":false,"max_hp_per_floor":[77,77,77,77,77,77,77,77,77,77,77,77,77,77,77,77,77],"card_choices":[{"not_picked":["Quick Slash","StSpp:PoisonousPunch"],"picked":"Infinite Blades","floor":1},{"not_picked":["StSpp:SpareBlade","Concentrate","Quick Slash"],"picked":"SKIP","floor":2},{"not_picked":["Deadly Poison","Caltrops","Backflip"],"picked":"SKIP","floor":5},{"not_picked":["Underhanded Strike","Tactician"],"picked":"Malaise","floor":6},{"not_picked":["Bane","Slice","Catalyst"],"picked":"SKIP","floor":8},{"not_picked":["Noxious Fumes","Storm of Steel","Expertise","Poisoned Stab"],"picked":"Underhanded Strike","floor":10},{"not_picked":["PiercingWail","Finisher","Reflex","Prepared"],"picked":"Adrenaline","floor":13},{"not_picked":["Underhanded Strike","Riddle With Holes","Choke","Distraction"],"picked":"Infinite Blades","floor":14}],"player_experience":356047,"relics_obtained":[{"floor":6,"key":"Anchor"},{"floor":8,"key":"StSpp:WoodenPendulum"},{"floor":9,"key":"Orichalcum"},{"floor":10,"key":"hubris:AstralHammer"}],"event_choices":[{"damage_healed":0,"gold_gain":0,"player_choice":"Ignored","damage_taken":126,"max_hp_gain":0,"max_hp_loss":0,"event_name":"betterThird:BetterSerpent","floor":3,"gold_loss":0},{"damage_healed":0,"gold_gain":0,"player_choice":"Take Damage","damage_taken":19,"relics_obtained":["Golden Idol"],"max_hp_gain":0,"max_hp_loss":0,"event_name":"Golden Idol","floor":7,"gold_loss":0},{"damage_healed":0,"gold_gain":0,"player_choice":"Searched \u00270\u0027 times","damage_taken":0,"max_hp_gain":0,"max_hp_loss":0,"event_name":"Dead Adventurer","floor":12,"gold_loss":0}],"is_beta":false,"boss_relics":[],"items_purged_floors":[4],"is_endless":false,"potions_floor_spawned":[2,5,8,10,13],"killed_by":"Hexaghost","ascension_level":3}}