{"host":"axuns55dzq466eei","time":1611239074,"event":{"mods":["BaseMod","Colored Map","Keyboard Shortcuts","Minty Spire (QoL Compilation)","StSLib","SuperFastMode"],"gold_per_floor":[117,267,278,278,203,229,253,61,85,85,85,97,97,108,108,108,108],"floor_reached":16,"language":"KOR","playtime":200,"items_purged":["Strike_G"],"score":250,"play_id":"1a4a6a6c-cc56-46ab-8a30-fcb8e9b35b97","local_time":"20210121232434","is_ascension_mode":true,"campfire_choices":[{"data":"Catalyst","floor":13,"key":"SMITH"},{"data":"Noxious Fumes","floor":15,"key":"SMITH"}],"circlet_count":0,"master_deck":["AscendersBane","Strike_G+1","Strike_G","Strike_G","Strike_G","Defend_G+1","Defend_G","Defend_G","Defend_G","Defend_G","Survivor","Neutralize+1","Bouncing Flask+1","Dagger Throw","Catalyst+1","Noxious Fumes+1","Acrobatics"],"relics":["Ring of the Snake","NeowsBlessing","MawBank","Whetstone"],"acts_visited":["Exordium"],"potions_floor_usage":[12],"damage_taken":[{"damage":0,"enemies":"Small Slimes","floor":1,"turns":1},{"damage":0,"enemies":"2 Louse","floor":3,"turns":1},{"damage":0,"enemies":"3 Sentries","floor":6,"turns":2},{"damage":1,"enemies":"Jaw Worm","floor":7,"turns":3},{"damage":16,"enemies":"Lots of Slimes","floor":12,"turns":5},{"damage":3,"enemies":"Exordium Wildlife","floor":14,"turns":4},{"damage":19,"enemies":"The Guardian","floor":16,"turns":2}],"seed_played":"152869190194581428","potions_obtained":[{"floor":3,"key":"Block Potion"},{"floor":12,"key":"CultistPotion"},{"floor":14,"key":"Ancient Potion"}],"is_trial":false,"path_per_floor":["M","?","M","?","?","E","M","$","T","$","T","M","R","M","R","B"],"character_chosen":"THE_SILENT","items_purchased":["Noxious Fumes","Acrobatics"],"campfire_rested":0,"item_purchase_floors":[8,8],"current_hp_per_floor":[59,59,59,39,39,39,38,38,38,38,38,22,22,19,19,0,0],"gold":108,"neow_bonus":"THREE_ENEMY_KILL","is_daily":false,"chose_seed":false,"campfire_upgraded":2,"win_rate":0.0,"timestamp":1611239074,"path_taken":["M","?","M","?","?","E","M","$","T","$","?","M","R","M","R","BOSS"],"items_purchased_type":["Card","Card"],"build_version":"2020-12-22","purchased_purges":1,"victory":false,"max_hp_per_floor":[66,66,66,66,66,66,66,66,66,66,66,66,66,66,66,66,66],"card_choices":[{"not_picked":["Outmaneuver","Tactician"],"picked":"Bouncing Flask","floor":1},{"not_picked":["Calculated Gamble","Bane"],"picked":"Dagger Throw","floor":3},{"not_picked":["Cloak And Dagger","PiercingWail"],"picked":"Catalyst","floor":6},{"not_picked":["Deflect","A Thousand Cuts","Backstab"],"picked":"SKIP","floor":7},{"not_picked":["Dagger Spray","Underhanded Strike","Blade Dance"],"picked":"SKIP","floor":12},{"not_picked":["Sucker Punch","Deflect","Dagger Spray"],"picked":"SKIP","floor":14}],"player_experience":1095044,"relics_obtained":[{"floor":6,"key":"MawBank"},{"floor":9,"key":"Whetstone"}],"event_choices":[{"damage_healed":0,"gold_gain":150,"player_choice":"AGREE","damage_taken":0,"max_hp_gain":0,"max_hp_loss":0,"event_name":"Liars Game","floor":2,"gold_loss":0,"cards_obtained":["Doubt"]},{"damage_healed":0,"gold_gain":0,"player_choice":"Entered Light","damage_taken":20,"max_hp_gain":0,"max_hp_loss":0,"event_name":"Shining Light","floor":4,"gold_loss":0,"cards_upgraded":["Defend_G","Bouncing Flask"]},{"cards_removed":["Doubt"],"damage_healed":0,"gold_gain":0,"player_choice":"Card Removal","damage_taken":0,"max_hp_gain":0,"max_hp_loss":0,"event_name":"The Cleric","floor":5,"gold_loss":75}],"is_beta":false,"boss_relics":[],"items_purged_floors":[8],"is_endless":false,"potions_floor_spawned":[3,12,14],"killed_by":"The Guardian","ascension_level":20}}