{"host":"g5ztulhog0otympt","time":1611244089,"event":{"mods":["AchievementEnabler","BaseMod","Bestiary","Downfall","Hermit","Minty Spire (QoL Compilation)","StSLib","The Cursed"],"gold_per_floor":[109,109,74,93,111,111,154,154,200,275,275,275,68,82,82,207,207,230,114,114,137,137,137],"floor_reached":22,"language":"ENG","playtime":391,"items_purged":[],"score":182,"play_id":"ea11836e-050e-4416-9b5f-0cff17702139","local_time":"20210121174809","is_ascension_mode":false,"campfire_choices":[{"data":"Self Repair","floor":6,"key":"SMITH"},{"floor":8,"key":"REST"},{"data":"Ball Lightning","floor":15,"key":"SMITH"}],"circlet_count":0,"master_deck":["Strike_B","Strike_B","Strike_B","Strike_B","Defend_B","Defend_B","Defend_B","Defend_B","Zap","Dualcast","Ball Lightning+1","Self Repair+1","Cold Snap","Gash","Reinforced Body","Echo Form","Sweeping Beam","Steam"],"relics":["Cracked Core","Golden Idol","Regal Pillow","Ancient Tea Set","Vajra","Inserter","Frozen Egg 2"],"acts_visited":["Exordium","TheCity"],"potions_floor_usage":[7,16,16],"damage_taken":[{"damage":1,"enemies":"Jaw Worm","floor":1,"turns":3},{"damage":5,"enemies":"2 Louse","floor":4,"turns":2},{"damage":3,"enemies":"Small Slimes","floor":5,"turns":2},{"damage":28,"enemies":"Gremlin Nob","floor":7,"turns":3},{"damage":0,"enemies":"2 Fungi Beasts","floor":14,"turns":2},{"damage":58,"enemies":"The Guardian","floor":16,"turns":10},{"damage":8,"enemies":"Chosen","floor":18,"turns":6},{"damage":34,"enemies":"Shell Parasite","floor":21,"turns":7},{"damage":66,"enemies":"3 Cultists","floor":22,"turns":5}],"seed_played":"5097066189078521802","potions_obtained":[{"floor":4,"key":"champ:CounterPotion"},{"floor":7,"key":"bronze:BurnAndBuffPotion"},{"floor":14,"key":"FearPotion"},{"floor":16,"key":"Guardian:BlockOnCardUsePotion"}],"is_trial":false,"path_per_floor":["M","?","?","M","M","R","E","R","T","?","?","?","$","M","R","B",null,"M","?","$","M","M"],"character_chosen":"DEFECT","items_purchased":["Vajra","Gash"],"campfire_rested":1,"item_purchase_floors":[13,13],"current_hp_per_floor":[81,61,81,76,73,73,55,82,82,71,71,71,71,71,71,23,82,82,82,82,58,0,0],"gold":137,"neow_bonus":"TEN_PERCENT_HP_BONUS","is_daily":false,"chose_seed":false,"campfire_upgraded":2,"win_rate":0.0,"timestamp":1611244089,"path_taken":["M","?","?","M","M","R","E","R","T","?","?","?","$","M","R","BOSS","M","?","$","M","M"],"items_purchased_type":["Relic","Card"],"build_version":"2020-12-22","purchased_purges":0,"victory":false,"max_hp_per_floor":[82,82,82,82,82,82,82,82,82,82,82,82,82,82,82,82,82,82,82,82,82,82,82],"card_choices":[{"not_picked":["Streamline","Go for the Eyes"],"picked":"Ball Lightning","floor":1},{"not_picked":["Redo","Beam Cell","Undo"],"picked":"SKIP","floor":4},{"not_picked":["White Noise","Redo"],"picked":"Self Repair","floor":5},{"not_picked":["Force Field","Streamline"],"picked":"Cold Snap","floor":7},{"not_picked":["Beam Cell","Fusion"],"picked":"Reinforced Body","floor":14},{"not_picked":["Machine Learning","Creative AI"],"picked":"Echo Form","floor":16},{"not_picked":["Tempest","Coolheaded"],"picked":"Sweeping Beam","floor":18},{"not_picked":["Conserve Battery","Hologram"],"picked":"Steam","floor":21}],"player_experience":117396,"relics_obtained":[{"floor":7,"key":"Regal Pillow"},{"floor":9,"key":"Ancient Tea Set"}],"event_choices":[{"damage_healed":0,"gold_gain":0,"player_choice":"Take Damage","damage_taken":20,"relics_obtained":["Golden Idol"],"max_hp_gain":0,"max_hp_loss":0,"event_name":"Golden Idol","floor":2,"gold_loss":0},{"damage_healed":20,"gold_gain":0,"player_choice":"Healed","damage_taken":0,"max_hp_gain":0,"max_hp_loss":0,"event_name":"The Cleric","floor":3,"gold_loss":35},{"damage_healed":0,"gold_gain":75,"player_choice":"Gather Gold","damage_taken":11,"max_hp_gain":0,"max_hp_loss":0,"event_name":"World of Goop","floor":10,"gold_loss":0},{"damage_healed":0,"gold_gain":0,"player_choice":"Ignored","damage_taken":0,"max_hp_gain":0,"max_hp_loss":0,"event_name":"Golden Wing","floor":11,"gold_loss":0},{"damage_healed":0,"gold_gain":0,"player_choice":"Ignored","damage_taken":0,"max_hp_gain":0,"max_hp_loss":0,"event_name":"Liars Game","floor":12,"gold_loss":0},{"damage_healed":0,"gold_gain":0,"player_choice":"Paid Gold","damage_taken":0,"relics_obtained":["Frozen Egg 2"],"max_hp_gain":0,"max_hp_loss":0,"event_name":"WeMeetAgain","floor":19,"gold_loss":116}],"is_beta":false,"boss_relics":[{"not_picked":["bronze:MakeshiftBattery","Runic Pyramid"],"picked":"Inserter"}],"items_purged_floors":[],"is_endless":false,"potions_floor_spawned":[4,7,14,16],"killed_by":"3 Cultists","ascension_level":0}}