{"host":"f0gpob8hq9vgebej","time":1611237449,"event":{"mods":["AchievementEnabler","BaseMod","Minty Spire (QoL Compilation)","Quick Restart","SuperFastMode"],"gold_per_floor":[115,127,138,148,161,188,188,205,205,205,205,217,217,142,142,266,266,280,180,198,221,2,2,48,61,61,82,82,82,7,26,26,147,147,167,167,167,192,208,251,251,615,615,615,615,120,144,180,180,180],"floor_reached":51,"language":"KOR","playtime":1971,"items_purged":["Strike_G","Strike_G","Strike_G","Strike_G","Strike_G"],"score":1011,"play_id":"592ac43c-a194-4aa9-8edf-85aeb6909290","local_time":"20210121225729","is_ascension_mode":true,"campfire_choices":[{"data":"Calculated Gamble","floor":7,"key":"SMITH"},{"data":"Blade Dance","floor":11,"key":"SMITH"},{"data":"Finisher","floor":15,"key":"SMITH"},{"data":"Backflip","floor":23,"key":"SMITH"},{"data":"Reflex","floor":28,"key":"SMITH"},{"floor":32,"key":"REST"},{"data":"Phantasmal Killer","floor":41,"key":"SMITH"},{"data":"Blade Dance","floor":45,"key":"SMITH"},{"data":"Secret Technique","floor":49,"key":"SMITH"}],"circlet_count":0,"master_deck":["Defend_G","Defend_G","Defend_G","Defend_G","Defend_G","Survivor","Adrenaline","Backflip+1","Calculated Gamble+1","Blade Dance+1","Finisher+1","Prepared+1","Cloak And Dagger","Blade Dance+1","Accuracy+1","Blade Dance+1","Reflex+1","Accuracy+1","Phantasmal Killer+1","Acrobatics+1","Well Laid Plans+1","PiercingWail+1","Secret Technique+1","Footwork+1","Escape Plan"],"relics":["Ring of the Serpent","Tiny Chest","Mango","Golden Idol","Membership Card","Akabeko","Singing Bowl","Sozu","Eternal Feather","Lizard Tail","Old Coin","Potion Belt","InkBottle","Orrery","Meat on the Bone","Gremlin Horn"],"acts_visited":["Exordium","TheCity","TheBeyond"],"potions_floor_usage":[5,6,16,33,40],"damage_taken":[{"damage":2.0,"enemies":"Jaw Worm","floor":1.0,"turns":4.0},{"damage":1.0,"enemies":"Cultist","floor":2.0,"turns":5.0},{"damage":2.0,"enemies":"2 Louse","floor":3.0,"turns":3.0},{"damage":12,"enemies":"Large Slime","floor":4,"turns":8},{"damage":0,"enemies":"Gremlin Gang","floor":5,"turns":4},{"damage":8,"enemies":"Gremlin Nob","floor":6,"turns":3},{"damage":0,"enemies":"3 Louse","floor":8,"turns":2},{"damage":4,"enemies":"Exordium Wildlife","floor":12,"turns":2},{"damage":19,"enemies":"The Guardian","floor":16,"turns":17},{"damage":6,"enemies":"2 Thieves","floor":18,"turns":3},{"damage":0,"enemies":"Spheric Guardian","floor":20,"turns":2},{"damage":0,"enemies":"Snecko","floor":21,"turns":2},{"damage":20,"enemies":"Snake Plant","floor":25,"turns":3},{"damage":11,"enemies":"Centurion and Healer","floor":27,"turns":3},{"damage":6,"enemies":"Chosen and Byrds","floor":31,"turns":3},{"damage":21,"enemies":"Automaton","floor":33,"turns":6},{"damage":0,"enemies":"3 Darklings","floor":35,"turns":2},{"damage":0,"enemies":"3 Shapes","floor":38,"turns":2},{"damage":0,"enemies":"3 Darklings","floor":39,"turns":2},{"damage":0,"enemies":"Reptomancer","floor":40,"turns":3},{"damage":8,"enemies":"2 Orb Walkers","floor":42,"turns":2},{"damage":5,"enemies":"Spire Growth","floor":47,"turns":2},{"damage":2,"enemies":"Giant Head","floor":48,"turns":3},{"damage":34,"enemies":"Awakened One","floor":50,"turns":5}],"seed_played":"2472011245358483167","potions_obtained":[{"floor":4,"key":"BlessingOfTheForge"},{"floor":5,"key":"CunningPotion"},{"floor":12,"key":"PowerPotion"},{"floor":20,"key":"CunningPotion"},{"floor":25,"key":"Regen Potion"}],"is_trial":false,"path_per_floor":["M","M","M","M","M","E","R","M","T","?","R","M","?","$","R","B",null,"M","$","M","M","$","R","T","M","T","M","R","?","$","M","R","B",null,"M","?","T","M","M","E","R","?","T","?","R","$","M","E","R","B",null],"character_chosen":"THE_SILENT","items_purchased":["Membership Card","InkBottle","Orrery","Secret Technique","Meat on the Bone"],"campfire_rested":1,"item_purchase_floors":[22,46,46,46,46],"current_hp_per_floor":[68,67,65,53,53,45,45,45,59,59,59,55,34,34,34,15,67,61,61,61,61,61,61,61,41,41,32,32,32,32,28,54,48,78,80,80,80,80,82,84,94,86,86,86,94,102,97,95,102,68],"gold":180,"neow_bonus":"ONE_RANDOM_RARE_CARD","is_daily":false,"chose_seed":false,"campfire_upgraded":8,"win_rate":0.0,"timestamp":1611237449,"path_taken":["M","M","M","M","M","E","R","M","T","?","R","?","?","$","R","BOSS","M","$","M","M","$","R","?","M","T","M","R","?","$","?","R","BOSS","M","?","?","M","M","E","R","?","T","?","R","$","?","E","R","BOSS"],"items_purchased_type":["Relic","Relic","Relic","Card","Relic"],"build_version":"2020-12-22","purchased_purges":5,"victory":true,"max_hp_per_floor":[70,70,70,70,70,70,70,70,84,84,84,84,84,84,84,84,84,84,84,84,84,84,84,84,84,84,86,86,86,86,88,88,88,88,90,90,90,90,92,94,94,94,94,94,94,102,102,102,102,102],"card_choices":[{"not_picked":["Dodge and Roll","Outmaneuver"],"picked":"Backflip","floor":1.0},{"not_picked":["Quick Slash","Sucker Punch"],"picked":"Calculated Gamble","floor":2.0},{"not_picked":["Sucker Punch","Venomology"],"picked":"Blade Dance","floor":3.0},{"not_picked":["Flying Knee","Distraction"],"picked":"Finisher","floor":4},{"not_picked":["Flying Knee","Grand Finale"],"picked":"Prepared","floor":5},{"not_picked":["Tools of the Trade","Deflect","Dagger Throw"],"picked":"SKIP","floor":6},{"not_picked":["Noxious Fumes","Sucker Punch"],"picked":"Cloak And Dagger","floor":8},{"not_picked":["Prepared","Choke"],"picked":"Blade Dance","floor":12},{"not_picked":["Masterful Stab","Slice"],"picked":"Accuracy+1","floor":18},{"not_picked":["Endless Agony+1","Underhanded Strike"],"picked":"Blade Dance+1","floor":20},{"not_picked":["Dagger Throw","Dodge and Roll","Flying Knee"],"picked":"SKIP","floor":21},{"not_picked":["Acrobatics","Blade Dance"],"picked":"Reflex","floor":25},{"not_picked":["Endless Agony","Bane","Cloak And Dagger"],"picked":"Singing Bowl","floor":27},{"not_picked":["Slice","Underhanded Strike","Masterful Stab"],"picked":"Singing Bowl","floor":31},{"not_picked":["Grand Finale","Envenom"],"picked":"Phantasmal Killer","floor":33},{"not_picked":["Eviscerate+1","Backstab","Dagger Spray"],"picked":"Singing Bowl","floor":35},{"not_picked":["Backflip+1","Cloak And Dagger"],"picked":"Acrobatics+1","floor":38},{"not_picked":["Slice","Sucker Punch+1","Backflip+1"],"picked":"Singing Bowl","floor":39},{"not_picked":["Quick Slash","Noxious Fumes+1","Slice+1"],"picked":"Singing Bowl","floor":40},{"not_picked":["Endless Agony","Flying Knee"],"picked":"Well Laid Plans+1","floor":42},{"not_picked":["Bane","Deflect","Outmaneuver+1"],"picked":"Singing Bowl","floor":46},{"not_picked":["Predator+1","Backstab"],"picked":"PiercingWail+1","floor":46},{"not_picked":["Endless Agony","Riddle With Holes+1","Storm of Steel"],"picked":"Singing Bowl","floor":46},{"not_picked":["Masterful Stab","Underhanded Strike","Backflip"],"picked":"Singing Bowl","floor":46},{"not_picked":["Flechettes","Finisher","Flying Knee"],"picked":"Singing Bowl","floor":46},{"not_picked":["Slice","Well Laid Plans"],"picked":"Footwork+1","floor":47},{"not_picked":["Terror","Accuracy"],"picked":"Escape Plan","floor":48}],"player_experience":196807,"relics_obtained":[{"floor":6,"key":"Tiny Chest"},{"floor":9,"key":"Mango"},{"floor":24,"key":"Akabeko"},{"floor":26,"key":"Singing Bowl"},{"floor":37,"key":"Eternal Feather"},{"floor":40,"key":"Lizard Tail"},{"floor":42,"key":"Old Coin"},{"floor":43,"key":"Potion Belt"},{"floor":48,"key":"Gremlin Horn"}],"event_choices":[{"damage_healed":0,"gold_gain":0,"player_choice":"Upgraded","damage_taken":0,"max_hp_gain":0,"max_hp_loss":0,"event_name":"Upgrade Shrine","floor":10,"gold_loss":0,"cards_upgraded":["Prepared"]},{"damage_healed":0,"gold_gain":0,"player_choice":"Take Damage","damage_taken":21,"relics_obtained":["Golden Idol"],"max_hp_gain":0,"max_hp_loss":0,"event_name":"Golden Idol","floor":13,"gold_loss":0},{"damage_healed":0,"gold_gain":0,"player_choice":"Copied","damage_taken":0,"max_hp_gain":0,"max_hp_loss":0,"event_name":"Duplicator","floor":29,"gold_loss":0,"cards_obtained":["Accuracy"]},{"damage_healed":0,"gold_gain":0,"player_choice":"Ignored","damage_taken":0,"max_hp_gain":0,"max_hp_loss":0,"event_name":"Tomb of Lord Red Mask","floor":36,"gold_loss":0},{"damage_healed":0,"gold_gain":0,"player_choice":"Fight","damage_taken":0,"max_hp_gain":0,"max_hp_loss":0,"event_name":"Mysterious Sphere","floor":42,"gold_loss":0},{"cards_removed":["Neutralize"],"damage_healed":0,"gold_gain":0,"player_choice":"Removed Attack","damage_taken":0,"max_hp_gain":0,"max_hp_loss":0,"event_name":"Falling","floor":44,"gold_loss":0}],"is_beta":false,"boss_relics":[{"not_picked":["Ectoplasm","Cursed Key"],"picked":"Ring of the Serpent"},{"not_picked":["SacredBark","WristBlade"],"picked":"Sozu"}],"items_purged_floors":[14,19,22,30,46],"is_endless":false,"potions_floor_spawned":[4,5,12,20,25,35,38,40,42],"ascension_level":5}}