{"host":"ggy1mjjy92c62u6a","time":1611228815,"event":{"mods":["10 clothes from DAL","ATMod(阿瑾Mod)","Act Like it!","BaseMod","Colored Powertips","GifTheSpireLib","GungeonMod","GungeonMod Extend","Minty Spire (QoL Compilation)","Quick Restart","Relic Stats","RumiaBox-露米娅的神秘盒子","Shop Mod","Spicy Shops","StSLib","【功能Mod】混沌之环修复补丁","【遗物Mod】死灵法师NEW","【遗物卡牌】REMEMod"],"gold_per_floor":[111,151,151,151,161,161,4,14,14,14,40,60,60,60],"floor_reached":13,"language":"ZHS","playtime":411,"items_purged":[],"score":125,"play_id":"1bb09473-fb36-4153-8067-d308a9ac1586","local_time":"20210121193335","is_ascension_mode":false,"campfire_choices":[{"data":"DemoMod:HuntsMan","floor":6,"key":"SMITH"}],"circlet_count":0,"master_deck":["DemoMod:Strike_Huntress","DemoMod:Strike_Huntress","DemoMod:Strike_Huntress","DemoMod:Defend_Huntress+1","DemoMod:Defend_Huntress","DemoMod:Defend_Huntress","DemoMod:Defend_Huntress","DemoMod:Roll","DemoMod:ManualReload+1","DemoMod:RustySidearm","DemoMod:CrossBow","AT_FamilyPortrait","DemoMod:HungryBullets","DemoMod:CursedBullets","DemoMod:HuntsMan+1","DemoMod:HuntsMan+1","DemoMod:CursedBullets+1","DemoMod:Camera","DemoMod:DoubleSwitch"],"relics":["DemoMod:Dog","REME_ComplimentaryCards","AT_ATBox","NeowsBlessing","Baka","Membership Card","Bronze Scales","Ancient Tea Set"],"acts_visited":["Exordium"],"potions_floor_usage":[2],"damage_taken":[{"damage":0,"enemies":"Small Slimes","floor":1,"turns":1},{"damage":2,"enemies":"2 Louse","floor":2,"turns":2},{"damage":0,"enemies":"Cultist","floor":5,"turns":1},{"damage":12,"enemies":"Red Slaver","floor":8,"turns":4},{"damage":17,"enemies":"Exordium Thugs","floor":12,"turns":4},{"damage":20,"enemies":"3 Sentries","floor":13,"turns":2}],"seed_played":"-1554958525231591432","potions_obtained":[{"floor":1,"key":"REME_GoldPotion"},{"floor":2,"key":"GamblersBrew"},{"floor":4,"key":"Ancient Potion"},{"floor":4,"key":"SpeedPotion"}],"is_trial":false,"path_per_floor":["M","M","?","?","M","R","$","M","T","$","T","M","E"],"character_chosen":"HUNTRESS","items_purchased":["Membership Card"],"campfire_rested":0,"item_purchase_floors":[7],"current_hp_per_floor":[70,68,48,48,48,48,48,36,36,36,36,19,0,0],"gold":60,"neow_bonus":"THREE_ENEMY_KILL","is_daily":false,"chose_seed":false,"campfire_upgraded":1,"win_rate":0.0,"timestamp":1611228815,"path_taken":["M","M","?","?","?","R","?","M","T","$","?","M","E"],"items_purchased_type":["Relic"],"build_version":"2020-12-22","purchased_purges":0,"victory":false,"max_hp_per_floor":[70,100,100,100,100,100,100,100,100,100,100,100,100,100],"relic_stats":{"counters":[6,14],"Bronze Scales":[13],"obtain_stats":[{"AT_ATBox":0,"DemoMod:Dog":0,"NeowsBlessing":0,"Bronze Scales":9,"DemoMod:GlassGuonStoneRelic":1,"Baka":1,"Membership Card":7,"Ancient Tea Set":11,"REME_ComplimentaryCards":0},{"AT_ATBox":0,"DemoMod:Dog":0,"NeowsBlessing":0,"Bronze Scales":4,"DemoMod:GlassGuonStoneRelic":1,"Baka":1,"Membership Card":3,"Ancient Tea Set":4,"REME_ComplimentaryCards":0},{"AT_ATBox":0,"DemoMod:Dog":0,"NeowsBlessing":0,"Bronze Scales":8,"DemoMod:GlassGuonStoneRelic":1,"Baka":1,"Membership Card":4,"Ancient Tea Set":8,"REME_ComplimentaryCards":0}]},"card_choices":[{"not_picked":["DemoMod:DoubleSwitch","DemoMod:ConditionalReflex"],"picked":"DemoMod:HungryBullets","floor":1},{"not_picked":["DemoMod:GunShield","DemoMod:GunstockTap"],"picked":"DemoMod:CursedBullets","floor":2},{"not_picked":["DemoMod:TableSutra","DemoMod:GunstockTap"],"picked":"DemoMod:HuntsMan","floor":5},{"not_picked":["DemoMod:FastSwitch","DemoMod:Purify"],"picked":"DemoMod:Camera","floor":8},{"not_picked":["DemoMod:FastSwitch","DemoMod:CombinedRifle"],"picked":"DemoMod:DoubleSwitch","floor":12}],"player_experience":65255,"relics_obtained":[{"floor":1,"key":"Baka"},{"floor":9,"key":"Bronze Scales"},{"floor":11,"key":"Ancient Tea Set"}],"event_choices":[{"damage_healed":0,"gold_gain":0,"player_choice":"Entered Light","damage_taken":20,"max_hp_gain":0,"max_hp_loss":0,"event_name":"Shining Light","floor":3,"gold_loss":0,"cards_upgraded":["DemoMod:Defend_Huntress","DemoMod:ManualReload"]},{"damage_healed":0,"gold_gain":0,"player_choice":"Got Potions","damage_taken":0,"max_hp_gain":0,"max_hp_loss":0,"event_name":"Lab","floor":4,"gold_loss":0}],"is_beta":false,"boss_relics":[],"items_purged_floors":[],"is_endless":false,"potions_floor_spawned":[1,2,5],"killed_by":"3 Sentries","ascension_level":0}}