{"host":"y24pqu7jih1n8m3t","time":1611209893,"event":{"mods":["AchievementEnabler","BaseMod","Bestiary","Block Reminder","Colored Map","Colored Powertips","DeckTracker","Highlight Path","Minty Spire (QoL Compilation)","Permanent Neow","Quick Restart","Rare Cards Sparkle","Relic Stats"],"gold_per_floor":[115,115,134,19,31,62,72,102,125,125,125,150,163,175,175,175,175],"floor_reached":16,"language":"ENG","playtime":1294,"items_purged":["Defend_G"],"score":162,"play_id":"74c41f34-a26e-44f5-a27a-50fbb54a7fc3","local_time":"20210121011813","is_ascension_mode":true,"campfire_choices":[{"data":"After Image","floor":10,"key":"SMITH"},{"floor":15,"key":"REST"}],"circlet_count":0,"master_deck":["Strike_G","Strike_G","Strike_G","Strike_G","Strike_G","Defend_G","Defend_G+1","Defend_G+1","Survivor","Neutralize","CurseOfTheBell","All Out Attack","Bouncing Flask","Footwork","After Image+1","Catalyst","Bouncing Flask","Doppelganger","Dash","Backflip","Dagger Spray"],"relics":["Calling Bell","War Paint","Kunai","Gambling Chip","Lantern","Bag of Marbles","Boot"],"acts_visited":["Exordium"],"potions_floor_usage":[],"damage_taken":[{"damage":3,"enemies":"2 Louse","floor":1,"turns":4},{"damage":0,"enemies":"Small Slimes","floor":3,"turns":3},{"damage":0,"enemies":"Cultist","floor":5,"turns":3},{"damage":28,"enemies":"3 Sentries","floor":6,"turns":10},{"damage":10,"enemies":"Exordium Wildlife","floor":7,"turns":5},{"damage":0,"enemies":"Lagavulin","floor":8,"turns":5},{"damage":14,"enemies":"3 Sentries","floor":12,"turns":8},{"damage":0,"enemies":"2 Fungi Beasts","floor":13,"turns":3},{"damage":0,"enemies":"Large Slime","floor":14,"turns":7},{"damage":66,"enemies":"Slime Boss","floor":16,"turns":9}],"seed_played":"-5256631682962818709","potions_obtained":[{"floor":1,"key":"DuplicationPotion"},{"floor":6,"key":"FairyPotion"},{"floor":12,"key":"Swift Potion"}],"is_trial":false,"path_per_floor":["M","?","M","$","M","E","M","E","T","R","?","E","M","M","R","B"],"character_chosen":"THE_SILENT","items_purchased":["Footwork"],"campfire_rested":1,"item_purchase_floors":[4],"current_hp_per_floor":[67,67,67,67,67,39,29,29,29,29,29,15,15,15,36,0,0],"gold":175,"neow_bonus":"BOSS_RELIC","is_daily":false,"chose_seed":false,"campfire_upgraded":1,"win_rate":0.0,"timestamp":1611209893,"path_taken":["M","?","M","$","M","E","M","E","T","R","?","E","?","M","R","BOSS"],"items_purchased_type":["Card"],"build_version":"2020-12-22","purchased_purges":1,"victory":false,"max_hp_per_floor":[70,70,70,70,70,70,70,70,70,70,70,70,70,70,70,70,70],"relic_stats":{"counters":[10,57],"Gambling Chip":[21],"Kunai":[9],"War Paint":["Defend_G","Defend_G"],"Boot":[24],"obtain_stats":[{"Calling Bell":0,"Lantern":6,"Gambling Chip":0,"Bag of Marbles":8,"Kunai":0,"War Paint":0,"Boot":12,"Ring of the Snake":0},{"Calling Bell":0,"Lantern":4,"Gambling Chip":0,"Bag of Marbles":6,"Kunai":0,"War Paint":0,"Boot":7,"Ring of the Snake":0},{"Calling Bell":0,"Lantern":20,"Gambling Chip":0,"Bag of Marbles":30,"Kunai":0,"War Paint":0,"Boot":38,"Ring of the Snake":0}]},"card_choices":[{"not_picked":["Cloak And Dagger","Deflect"],"picked":"All Out Attack","floor":1},{"not_picked":["Dagger Spray","Reflex"],"picked":"Bouncing Flask","floor":3},{"not_picked":["Deadly Poison","Blade Dance"],"picked":"After Image","floor":5},{"not_picked":["Prepared","Quick Slash"],"picked":"Catalyst","floor":6},{"not_picked":["Accuracy","PiercingWail","Escape Plan"],"picked":"SKIP","floor":7},{"not_picked":["Quick Slash","Outmaneuver"],"picked":"Bouncing Flask","floor":8},{"not_picked":["Footwork","Cloak And Dagger"],"picked":"Dash","floor":12},{"not_picked":["Poisoned Stab","Cloak And Dagger"],"picked":"Backflip","floor":13},{"not_picked":["Escape Plan","Underhanded Strike"],"picked":"Dagger Spray","floor":14}],"player_experience":107434,"relics_obtained":[{"floor":0,"key":"War Paint"},{"floor":0,"key":"Kunai"},{"floor":0,"key":"Gambling Chip"},{"floor":6,"key":"Lantern"},{"floor":8,"key":"Bag of Marbles"},{"floor":12,"key":"Boot"}],"event_choices":[{"cards_removed":["Defend_G"],"damage_healed":0,"gold_gain":0,"player_choice":"Forget","damage_taken":0,"max_hp_gain":0,"max_hp_loss":0,"event_name":"Living Wall","floor":2,"gold_loss":0},{"damage_healed":0,"gold_gain":0,"player_choice":"1 cards matched","damage_taken":0,"max_hp_gain":0,"max_hp_loss":0,"event_name":"Match and Keep!","floor":11,"gold_loss":0,"cards_obtained":["Doppelganger"]}],"is_beta":false,"boss_relics":[],"items_purged_floors":[4],"is_endless":false,"potions_floor_spawned":[1,6,12,13,14],"killed_by":"Slime Boss","ascension_level":2}}