{"host":"nnxvcju6x1qybncj","time":1611250666,"event":{"mods":["BaseMod","Block Reminder","Curses Come First","Custom Start","Dark Map","Displayed Cursed Tome","Downfall","Evolution","Jorbs\u0027s Wanderer Trilogy","Minty Spire (QoL Compilation)","Quick Restart","Relic Stats","StSLib"],"gold_per_floor":[109,184,184,199,223,223,242,242,289,339,358,8,43,43,43,134,134,159,172,172,55,55,55,86,86,140,140,55,126,126,126,126,224,224,237,260,16,16,36,36,77,77,77],"floor_reached":42,"language":"ENG","playtime":1365,"items_purged":["Strike_R"],"score":814,"play_id":"2bacf26b-92d8-4752-a17f-4c61da647cf6","local_time":"20210121183746","is_ascension_mode":true,"campfire_choices":[{"data":"Armaments","floor":6.0,"key":"SMITH"},{"data":"Shockwave","floor":8.0,"key":"SMITH"},{"data":"Infernal Blade","floor":15.0,"key":"SMITH"},{"floor":23.0,"key":"REST"},{"floor":25.0,"key":"REST"},{"data":"Shrug It Off","floor":27.0,"key":"SMITH"},{"data":"Demon Form","floor":30.0,"key":"SMITH"},{"data":"Bash","floor":32.0,"key":"SMITH"},{"floor":40,"key":"REST"}],"circlet_count":0,"master_deck":["AscendersBane","Wild Strike","Cleave","Wild Strike","Strike_R","Defend_R","Defend_R","Defend_R","Defend_R","Bash+1","Armaments+1","Shockwave+1","Spot Weakness","Immolate","Pommel Strike","Fire Breathing","Fire Breathing","Infernal Blade+1","Demon Form+1","Evolve","Shrug It Off+1","Whirlwind","Shrug It Off","Disarm+1","Shrug It Off","Burning Pact+1"],"relics":["Burning Blood","EVO:Axolotl","Golden Idol","Centennial Puzzle","Meat on the Bone","Regal Pillow","Sozu","Ornamental Fan","Smiling Mask","Self Forming Clay","MutagenicStrength","Mark of Pain","Membership Card","Anchor","Frozen Egg 2"],"acts_visited":["Exordium","TheCity","TheBeyond"],"potions_floor_usage":[33],"damage_taken":[{"damage":5.0,"enemies":"Small Slimes","floor":1.0,"turns":5.0},{"damage":3.0,"enemies":"2 Louse","floor":4.0,"turns":2.0},{"damage":7.0,"enemies":"Cultist","floor":5.0,"turns":4.0},{"damage":14.0,"enemies":"Red Slaver","floor":7.0,"turns":4.0},{"damage":11.0,"enemies":"Exordium Thugs","floor":11.0,"turns":2.0},{"damage":27.0,"enemies":"Gremlin Nob","floor":13.0,"turns":4.0},{"damage":17.0,"enemies":"Hexaghost","floor":16.0,"turns":7.0},{"damage":20.0,"enemies":"3 Byrds","floor":18.0,"turns":4.0},{"damage":42.0,"enemies":"Shell Parasite","floor":19.0,"turns":5.0},{"damage":18.0,"enemies":"Gremlin Leader","floor":24.0,"turns":4.0},{"damage":88,"enemies":"Automaton","floor":33,"turns":10},{"damage":5,"enemies":"Orb Walker","floor":35,"turns":4},{"damage":23,"enemies":"3 Darklings","floor":36,"turns":5},{"damage":33,"enemies":"Jaw Worm Horde","floor":39,"turns":5},{"damage":41,"enemies":"Reptomancer","floor":41,"turns":5},{"damage":39,"enemies":"Spire Growth","floor":42,"turns":4}],"seed_played":"-4173976485901693427","potions_obtained":[{"floor":5.0,"key":"FairyPotion"},{"floor":7.0,"key":"Swift Potion"}],"is_trial":false,"path_per_floor":["M","?","?","M","M","R","M","R","T","?","M","$","E","$","R","B",null,"M","M","?","$","$","R","E","R","T","R","$","T","R","?","R","B",null,"M","M","$","?","M","R","E","M"],"character_chosen":"IRONCLAD","items_purchased":["Meat on the Bone","Fire Breathing","Evolve","Whirlwind","Membership Card","Anchor"],"campfire_rested":3,"item_purchase_floors":[12,12,21,28,37,37],"current_hp_per_floor":[69,58,58,61,60,60,52,52,52,46,41,41,32,32,32,33,59,45,21,21,21,21,56,44,68,68,68,68,68,68,68,68,22,57,58,41,41,41,26,61,38,0,0],"gold":77,"neow_bonus":"THREE_CARDS","is_daily":false,"chose_seed":false,"campfire_upgraded":6,"win_rate":0.0,"timestamp":1611250666,"path_taken":["M","?","?","M","M","R","M","R","T","?","?","$","E","?","R","BOSS","M","M","?","?","$","R","E","R","T","R","$","?","R","?","R","BOSS","M","M","$","?","M","R","E","?"],"items_purchased_type":["Relic","Card","Card","Card","Relic","Relic"],"build_version":"2020-12-22","purchased_purges":1,"victory":false,"max_hp_per_floor":[75,75,68,68,68,68,68,68,68,68,68,68,68,68,68,68,68,68,68,68,68,68,68,68,68,68,68,68,68,68,68,68,68,68,68,68,68,68,68,68,68,68,68],"relic_stats":{"Sozu":3,"Centennial Puzzle":[36],"Regal Pillow":34,"counters":[16,74],"Golden Idol":95,"Ornamental Fan":[16],"Self Forming Clay":[69],"Smiling Mask":0,"obtain_stats":[{"Regal Pillow":13,"Golden Idol":3,"Self Forming Clay":29,"EVO:Axolotl":0,"Frozen Egg 2":41,"Smiling Mask":26,"Burning Blood":0,"Sozu":17,"Centennial Puzzle":9,"Anchor":37,"Ornamental Fan":24,"MutagenicStrength":31,"Mark of Pain":34,"Membership Card":37,"Meat on the Bone":12},{"Regal Pillow":6,"Golden Idol":1,"Self Forming Clay":10,"EVO:Axolotl":0,"Frozen Egg 2":15,"Smiling Mask":10,"Burning Blood":0,"Sozu":7,"Centennial Puzzle":4,"Anchor":13,"Ornamental Fan":10,"MutagenicStrength":10,"Mark of Pain":11,"Membership Card":13,"Meat on the Bone":5},{"Regal Pillow":21,"Golden Idol":5,"Self Forming Clay":41,"EVO:Axolotl":0,"Frozen Egg 2":70,"Smiling Mask":41,"Burning Blood":0,"Sozu":28,"Centennial Puzzle":15,"Anchor":60,"Ornamental Fan":41,"MutagenicStrength":41,"Mark of Pain":51,"Membership Card":60,"Meat on the Bone":17}],"Burning Blood":90,"Meat on the Bone":72},"card_choices":[{"not_picked":["Disarm","Pommel Strike"],"picked":"Armaments","floor":0.0},{"not_picked":["Headbutt","Sword Boomerang"],"picked":"Shockwave","floor":1.0},{"not_picked":["Pommel Strike","Iron Wave"],"picked":"Spot Weakness","floor":4.0},{"not_picked":["Pommel Strike","Body Slam"],"picked":"Immolate","floor":5.0},{"not_picked":["Rupture","Cleave"],"picked":"Pommel Strike","floor":7.0},{"not_picked":["Wild Strike","Clash"],"picked":"Fire Breathing","floor":11.0},{"not_picked":["Clash","Thunderclap"],"picked":"Infernal Blade","floor":13.0},{"not_picked":["Double Tap","Feed"],"picked":"Demon Form","floor":16.0},{"not_picked":["Searing Blow","Pommel Strike","Clash"],"picked":"SKIP","floor":18.0},{"not_picked":["Cleave","Sever Soul","Headbutt"],"picked":"SKIP","floor":19.0},{"not_picked":["Exhume","Rampage"],"picked":"Shrug It Off","floor":24.0},{"not_picked":["Perfected Strike","Fire Breathing"],"picked":"Shrug It Off","floor":35},{"not_picked":["Sword Boomerang","Battle Trance+1"],"picked":"Disarm+1","floor":36},{"not_picked":["Havoc+1","Body Slam"],"picked":"Shrug It Off","floor":39},{"not_picked":["Flex","Dropkick"],"picked":"Burning Pact+1","floor":41}],"player_experience":702787,"relics_obtained":[{"floor":9.0,"key":"Centennial Puzzle"},{"floor":13.0,"key":"Regal Pillow"},{"floor":24.0,"key":"Ornamental Fan"},{"floor":26.0,"key":"Smiling Mask"},{"floor":29.0,"key":"Self Forming Clay"},{"floor":41,"key":"Frozen Egg 2"}],"event_choices":[{"damage_healed":0.0,"max_hp_gain":0.0,"max_hp_loss":0.0,"gold_gain":75.0,"event_name":"World of Goop","player_choice":"Gather Gold","floor":2.0,"gold_loss":0.0,"damage_taken":11.0},{"damage_healed":0.0,"max_hp_gain":0.0,"max_hp_loss":7.0,"gold_gain":0.0,"event_name":"Golden Idol","player_choice":"Lose Max HP","floor":3.0,"gold_loss":0.0,"damage_taken":0.0,"relics_obtained":["Golden Idol"]},{"damage_healed":0.0,"max_hp_gain":0.0,"max_hp_loss":0.0,"gold_gain":50.0,"event_name":"FaceTrader","player_choice":"Touch","floor":10.0,"gold_loss":0.0,"damage_taken":6.0},{"damage_healed":0.0,"max_hp_gain":0.0,"max_hp_loss":0.0,"gold_gain":0.0,"event_name":"WeMeetAgain","player_choice":"Ignored","floor":20.0,"gold_loss":0.0,"damage_taken":0.0},{"damage_healed":0.0,"max_hp_gain":0.0,"max_hp_loss":0.0,"gold_gain":0.0,"event_name":"Drug Dealer","player_choice":"Inject Mutagens","floor":31.0,"gold_loss":0.0,"damage_taken":0.0,"relics_obtained":["MutagenicStrength"]},{"damage_healed":0,"gold_gain":0,"player_choice":"0 cards matched","damage_taken":0,"max_hp_gain":0,"max_hp_loss":0,"event_name":"Match and Keep!","floor":38,"gold_loss":0,"cards_obtained":[]}],"is_beta":false,"boss_relics":[{"not_picked":["Pandora\u0027s Box","Black Star"],"picked":"Sozu"},{"not_picked":["SacredBark","Fusion Hammer"],"picked":"Mark of Pain"}],"items_purged_floors":[21],"is_endless":false,"potions_floor_spawned":[5,7,16,18,33,39],"killed_by":"Spire Growth","ascension_level":17}}