{"host":"w8xisjf5mgmfjvmt","time":1611224555,"event":{"mods":["BaseMod","BetterRewards","Challenge The Spire","Conspire","Dota2Spire","Energized Spire","Filter the Spire","Minty Spire (QoL Compilation)","Quarter Circle Forward PUNCH!","Quick Restart","Relic Stats","Replay The Spire","Shop Mod","Spicy Shops","StSLib","Starting Relic: Pandora\u0027s Box","¡¾ÒÅÎï¿¨ÅÆ¡¿REMEMod","óô»ðÖ¸ÄÏ"],"gold_per_floor":[118,134,150,64,8,8,33,49,74,100,110,127,158,169,169,169,169],"floor_reached":16,"language":"ZHS","playtime":583,"items_purged":[],"score":298,"play_id":"bf9043c9-9258-4c3f-8b84-639bfdb15d7a","local_time":"20210121182235","is_ascension_mode":true,"campfire_choices":[{"data":"Choke","floor":6.0,"key":"SMITH"},{"floor":15,"key":"REST"}],"circlet_count":0,"master_deck":["AscendersBane","Survivor","Neutralize","Choke+1","Prepared","Deadly Poison","Hidden Blade","Quick Slash","Riddle With Holes","Acrobatics+1","Blade Dance","Bouncing Flask+1","Dodge and Roll","Predator","Deflect","Backflip","Skewer","All Out Attack","Backflip","Draining Mist","Distraction","Replay:Poison Smokescreen+1"],"relics":["REME_ComplimentaryCards","Black Star","Replay:Baseball","PreservedInsect","qcfpunch:Fighting_Gloves","Dota2Spire:ShadowBlade","qcfpunch:Necklace_of_Skulls","Dota2Spire:PowerTreads","InkBottle"],"acts_visited":["Exordium"],"potions_floor_usage":[10,10,11,13,16],"damage_taken":[{"damage":4.0,"enemies":"Cultist","floor":1.0,"turns":3.0},{"damage":0.0,"enemies":"2 Louse","floor":2.0,"turns":2.0},{"damage":10.0,"enemies":"Jaw Worm","floor":3.0,"turns":4.0},{"damage":18.0,"enemies":"Lagavulin","floor":7.0,"turns":5.0},{"damage":7,"enemies":"3 Louse","floor":8,"turns":3},{"damage":0,"enemies":"Gremlin Nob","floor":10,"turns":2},{"damage":1,"enemies":"Gremlin Gang","floor":11,"turns":3},{"damage":0,"enemies":"Lots of Slimes","floor":12,"turns":1},{"damage":14,"enemies":"Lagavulin","floor":13,"turns":5},{"damage":4,"enemies":"Looter","floor":14,"turns":3},{"damage":11,"enemies":"Fading Forest","floor":16,"turns":7}],"seed_played":"-4756484914392756827","potions_obtained":[{"floor":1.0,"key":"Adrenaline Potion"},{"floor":8,"key":"Explosive Potion"},{"floor":10,"key":"ColorlessPotion"},{"floor":11,"key":"SpeedPotion"},{"floor":14,"key":"SteroidPotion"}],"is_trial":false,"path_per_floor":["M","M","M","?","$","R","E","M","T","E","M","M","E","M","R","B"],"character_chosen":"THE_SILENT","items_purchased":["ColorlessPotion"],"campfire_rested":1,"item_purchase_floors":[5],"current_hp_per_floor":[55,55,45,45,45,45,27,20,20,20,19,19,5,1,20,17,17],"gold":169,"neow_bonus":"BOSS_RELIC","is_daily":false,"chose_seed":false,"campfire_upgraded":1,"win_rate":0.0,"timestamp":1611224555,"path_taken":["M","M","?","?","$","R","E","M","T","E","?","M","E","M","R","BOSS"],"items_purchased_type":["Potion"],"build_version":"2020-12-22","purchased_purges":0,"victory":false,"max_hp_per_floor":[66,66,66,66,66,66,66,66,66,66,66,66,66,66,66,66,66],"relic_stats":{"counters":[11,38],"PreservedInsect":50,"Black Star":3,"obtain_stats":[{"Replay:Baseball":4,"Dota2Spire:PowerTreads":13,"qcfpunch:Fighting_Gloves":7,"Pandora\u0027s Box":0,"qcfpunch:Necklace_of_Skulls":10,"PreservedInsect":7,"Dota2Spire:ShadowBlade":10,"Black Star":0,"InkBottle":13,"REME_ComplimentaryCards":0},{"Replay:Baseball":3,"Dota2Spire:PowerTreads":9,"qcfpunch:Fighting_Gloves":4,"Pandora\u0027s Box":0,"qcfpunch:Necklace_of_Skulls":6,"PreservedInsect":4,"Dota2Spire:ShadowBlade":6,"Black Star":0,"InkBottle":9,"REME_ComplimentaryCards":0},{"Replay:Baseball":9,"Dota2Spire:PowerTreads":28,"qcfpunch:Fighting_Gloves":14,"Pandora\u0027s Box":0,"qcfpunch:Necklace_of_Skulls":19,"PreservedInsect":14,"Dota2Spire:ShadowBlade":19,"Black Star":0,"InkBottle":28,"REME_ComplimentaryCards":0}],"InkBottle":[3]},"card_choices":[{"not_picked":["Predator","Hidden Blade","Slice"],"picked":"SKIP","floor":1.0},{"not_picked":["Outmaneuver","Quick Slash"],"picked":"Deflect","floor":2.0},{"not_picked":["Dagger Throw","Bane"],"picked":"Backflip","floor":3.0},{"not_picked":["Deflect","Backflip","Bane"],"picked":"SKIP","floor":7.0},{"not_picked":["Riddle With Holes","Sucker Punch"],"picked":"Skewer","floor":8},{"not_picked":["Grand Finale","Fluid Movement"],"picked":"All Out Attack","floor":10},{"not_picked":["Quick Slash","Flying Knee"],"picked":"Backflip","floor":11},{"not_picked":["Underhanded Strike","Quick Slash"],"picked":"Draining Mist","floor":12},{"not_picked":["ReplayTheSpireMod:The Works","Bouncing Flask"],"picked":"Distraction","floor":13},{"not_picked":["All Out Attack","Flechettes"],"picked":"Replay:Poison Smokescreen","floor":14}],"player_experience":1193846,"relics_obtained":[{"floor":7.0,"key":"PreservedInsect"},{"floor":7.0,"key":"qcfpunch:Fighting_Gloves"},{"floor":10,"key":"Dota2Spire:ShadowBlade"},{"floor":10,"key":"qcfpunch:Necklace_of_Skulls"},{"floor":13,"key":"Dota2Spire:PowerTreads"},{"floor":13,"key":"InkBottle"}],"event_choices":[{"damage_healed":0.0,"max_hp_gain":0.0,"max_hp_loss":0.0,"gold_gain":0.0,"event_name":"WeMeetAgain","player_choice":"Paid Gold","floor":4.0,"gold_loss":86.0,"damage_taken":0.0,"relics_obtained":["Replay:Baseball"]}],"is_beta":false,"boss_relics":[],"items_purged_floors":[],"is_endless":false,"potions_floor_spawned":[1,8,10,11,14],"killed_by":"Fading Forest","ascension_level":20}}