{"host":"Planeswalker","time":1611222251,"event":{"mods":["Act Like it!","Astrologer","BaseMod","Downfall","Friendly Minions","GifTheSpireLib","Halation","Hermit","Hubris","Jorbs\u0027s Wanderer Trilogy","Minty Spire (QoL Compilation)","Replay The Spire","SOS???????","Shop Mod","Somnambulant","StSLib","The Bladedancer","The Cursed","The Elementalist","The Hierophant","The Jungle","The Mystic","The Necromancer"],"gold_per_floor":[119,7,7,32,81,129,129,175,200,200,200,262,286,328,328,428,428,491,235,290,276,276],"floor_reached":21,"language":"ENG","playtime":1372,"items_purged":[],"score":198,"play_id":"acefdb24-119d-4b96-9d06-9198c357d8b3","local_time":"20210121024411","is_ascension_mode":false,"campfire_choices":[{"data":"hierophant:Kindle","floor":7,"key":"SMITH"},{"floor":15,"key":"REST"}],"circlet_count":0,"master_deck":["hierophant:Strike_Hierophant","hierophant:Punish","hierophant:Defend_Hierophant","hierophant:Defend_Hierophant","hierophant:Defend_Hierophant","hierophant:Defend_Hierophant","hierophant:ChurchCoffers","hierophant:MorningPrayer","hierophant:OrnateJavelin","hierophant:ConvertCurrency","hierophant:Doubloon","hierophant:RustyCrate","hierophant:Doubloon","hierophant:Doubloon","hierophant:DisplayOfPower","hierophant:Kindle+1","hierophant:AuricForm","hierophant:HolyVerse+1","hierophant:Doubloon","hierophant:Remorse","hierophant:MintersHammer","hierophant:Purify+1","expansioncontent:AwakenDeath","ReplayTheSpireMod:Brewmster","hierophant:Doubloon","hierophant:ConvertCurrency+1"],"relics":["hierophant:PropheticMaskRelic","hubris:Icosahedron","Replay:Bandana","Gremlin Food","halation:MonkeysPaw"],"acts_visited":["Exordium","TheCity"],"potions_floor_usage":[8,18,18,18,18,20,20,20,21],"damage_taken":[{"damage":0,"enemies":"Small Slimes","floor":1,"turns":2},{"damage":0,"enemies":"Jaw Worm","floor":4,"turns":4},{"damage":1,"enemies":"2 Louse","floor":5,"turns":4},{"damage":30,"enemies":"Gremlin Gang","floor":6,"turns":7},{"damage":4,"enemies":"Large Slime","floor":8,"turns":4},{"damage":11,"enemies":"Blue Slaver","floor":12,"turns":4},{"damage":5,"enemies":"Looter","floor":14,"turns":3},{"damage":32,"enemies":"Fading Forest","floor":16,"turns":11},{"damage":19,"enemies":"Chosen","floor":18,"turns":6},{"damage":49,"enemies":"Spheric Guardian","floor":20,"turns":6},{"damage":32,"enemies":"Cultist and Chosen","floor":21,"turns":5}],"seed_played":"5095618366883940902","potions_obtained":[{"floor":1,"key":"EntropicBrew"},{"floor":4,"key":"Adrenaline Potion"},{"floor":8,"key":"SteroidPotion"},{"floor":12,"key":"Strength Potion"},{"floor":18,"key":"sneckomod:MuddlingPotion"}],"is_trial":false,"path_per_floor":["M","$","?","M","M","M","R","M","T","?","?","M","T","M","R","B",null,"M","$","M","M"],"character_chosen":"HIEROPHANT","items_purchased":["hierophant:OrnateJavelin","hierophant:ConvertCurrency","expansioncontent:AwakenDeath","ReplayTheSpireMod:Brewmster"],"campfire_rested":1,"item_purchase_floors":[2,2,19,19],"current_hp_per_floor":[68,68,68,68,67,37,37,33,33,33,33,22,22,17,37,15,68,56,56,7,0,0],"gold":276,"neow_bonus":"REMOVE_TWO","is_daily":false,"chose_seed":false,"campfire_upgraded":1,"win_rate":0.0,"timestamp":1611222251,"path_taken":["M","$","?","M","M","M","R","M","T","?","?","M","?","M","R","BOSS","M","$","?","M"],"items_purchased_type":["Card","Card","Card","Card"],"build_version":"2020-11-17","purchased_purges":0,"victory":false,"max_hp_per_floor":[68,68,68,68,68,68,68,68,68,68,68,68,68,68,68,68,68,68,68,68,68,68],"card_choices":[{"not_picked":["hierophant:RecallFunds","hierophant:HammerAndAnvil"],"picked":"hierophant:MorningPrayer","floor":1},{"not_picked":["hierophant:Purify","hierophant:Smite"],"picked":"hierophant:RustyCrate","floor":4},{"not_picked":["hierophant:ThreeLashes","hierophant:RecallFunds"],"picked":"hierophant:DisplayOfPower","floor":5},{"not_picked":["hierophant:Doubloon","hierophant:Sermon"],"picked":"hierophant:Kindle","floor":6},{"not_picked":["hierophant:HammerAndAnvil","hierophant:Encroach"],"picked":"hierophant:AuricForm","floor":8},{"not_picked":["hierophant:SealAway","hierophant:RecallFunds"],"picked":"hierophant:HolyVerse","floor":12},{"not_picked":["hierophant:MorningPrayer","hierophant:Encroach"],"picked":"hierophant:Remorse","floor":14},{"not_picked":["hierophant:Kindle","hierophant:DivineIntervention"],"picked":"hierophant:MintersHammer","floor":16},{"not_picked":["hierophant:Chorus","hierophant:Shelter"],"picked":"hierophant:Purify+1","floor":18},{"not_picked":["hierophant:Embezzle","hierophant:Empathy"],"picked":"hierophant:ConvertCurrency+1","floor":20}],"player_experience":34312,"relics_obtained":[{"floor":9,"key":"Replay:Bandana"},{"floor":13,"key":"Gremlin Food"}],"event_choices":[],"is_beta":true,"boss_relics":[{"not_picked":["Honey Jar","Ring of Chaos"],"picked":"halation:MonkeysPaw"}],"items_purged_floors":[],"is_endless":false,"potions_floor_spawned":[1,4,8,12,14,18],"killed_by":"Cultist and Chosen","ascension_level":0}}