{"host":"o6k2gaocsza4qys9","time":1611235496,"event":{"mods":["BaseMod","Minty Spire (QoL Compilation)","Permanent Neow","Relic Stats"],"gold_per_floor":[113,129,139,154,154,154,189,189,189,218,233,70,87,122,134,217,229,214,70,120,140,140,140,140,140],"floor_reached":24,"language":"ENG","playtime":1038,"items_purged":["Strike_R"],"score":432,"play_id":"3221a686-682d-4cb6-ab32-857d30dd7335","local_time":"20210121212456","is_ascension_mode":true,"campfire_choices":[{"data":"Bash","floor":6,"key":"SMITH"},{"data":"Rampage","floor":8,"key":"SMITH"},{"floor":15,"key":"REST"},{"data":"Rupture","floor":23,"key":"SMITH"}],"circlet_count":0,"master_deck":["AscendersBane","Strike_R","Strike_R","Strike_R","Defend_R","Defend_R","Defend_R","Defend_R","Bash+1","Rampage+1","Headbutt","Combust","Iron Wave","Power Through","Ghostly Armor","Rupture+1","Reaper","Fiend Fire","Headbutt+1","Shrug It Off"],"relics":["Burning Blood","Ice Cream","Omamori","Paper Frog","Matryoshka","Bag of Preparation","MawBank","Mark of Pain"],"acts_visited":["Exordium","TheCity"],"potions_floor_usage":[7,10,14,16,24],"damage_taken":[{"damage":7,"enemies":"Cultist","floor":1,"turns":4},{"damage":2,"enemies":"Small Slimes","floor":2,"turns":3},{"damage":7,"enemies":"Jaw Worm","floor":3,"turns":3},{"damage":12,"enemies":"Blue Slaver","floor":4,"turns":4},{"damage":9,"enemies":"Lagavulin","floor":7,"turns":5},{"damage":14,"enemies":"3 Sentries","floor":10,"turns":5},{"damage":9,"enemies":"Looter","floor":11,"turns":3},{"damage":10,"enemies":"Large Slime","floor":13,"turns":7},{"damage":19,"enemies":"Lagavulin","floor":14,"turns":6},{"damage":36,"enemies":"The Guardian","floor":16,"turns":9},{"damage":21,"enemies":"2 Thieves","floor":18,"turns":4},{"damage":28,"enemies":"Shell Parasite","floor":21,"turns":4},{"damage":60,"enemies":"Gremlin Leader","floor":24,"turns":6}],"seed_played":"1819467253259116186","potions_obtained":[{"floor":1,"key":"EntropicBrew"},{"floor":2,"key":"LiquidMemories"},{"floor":10,"key":"FearPotion"},{"floor":16,"key":"FearPotion"},{"floor":21,"key":"CultistPotion"}],"is_trial":false,"path_per_floor":["M","M","M","M","?","R","E","R","T","E","M","$","M","E","R","B",null,"M","$","?","M","?","R","E"],"character_chosen":"IRONCLAD","items_purchased":["Bag of Preparation","LiquidBronze"],"campfire_rested":1,"item_purchase_floors":[12,19],"current_hp_per_floor":[49,53,52,46,46,46,43,43,43,35,32,32,28,15,37,17,61,46,46,46,31,46,46,0,0],"gold":140,"neow_bonus":"ONE_RARE_RELIC","is_daily":false,"chose_seed":false,"campfire_upgraded":3,"win_rate":0.0,"timestamp":1611235496,"path_taken":["M","M","M","M","?","R","E","R","T","E","?","?","M","E","R","BOSS","M","$","?","M","?","R","E"],"items_purchased_type":["Relic","Potion"],"build_version":"2020-12-22","purchased_purges":1,"victory":false,"max_hp_per_floor":[75,75,75,75,75,75,75,75,75,75,75,75,75,75,75,75,75,75,75,75,75,75,75,75,75],"relic_stats":{"counters":[13,63],"Bag of Preparation":[12],"MawBank":60,"obtain_stats":[{"Ice Cream":0,"Matryoshka":10,"Mark of Pain":17,"Omamori":7,"Bag of Preparation":12,"MawBank":14,"Burning Blood":0,"Paper Frog":9},{"Ice Cream":0,"Matryoshka":6,"Mark of Pain":10,"Omamori":5,"Bag of Preparation":7,"MawBank":9,"Burning Blood":0,"Paper Frog":5},{"Ice Cream":0,"Matryoshka":24,"Mark of Pain":49,"Omamori":19,"Bag of Preparation":27,"MawBank":40,"Burning Blood":0,"Paper Frog":19}],"Burning Blood":72},"card_choices":[{"not_picked":["Entrench","Rage"],"picked":"Rampage","floor":1},{"not_picked":["Spot Weakness","Rage"],"picked":"Headbutt","floor":2},{"not_picked":["Pommel Strike","Evolve"],"picked":"Combust","floor":3},{"not_picked":["Cleave","Thunderclap"],"picked":"Iron Wave","floor":4},{"not_picked":["Combust","Wild Strike"],"picked":"Power Through","floor":7},{"not_picked":["Armaments","Sword Boomerang"],"picked":"Ghostly Armor","floor":10},{"not_picked":["Searing Blow","Thunderclap","Demon Form"],"picked":"SKIP","floor":11},{"not_picked":["Intimidate","Flex"],"picked":"Rupture","floor":13},{"not_picked":["Whirlwind","Havoc"],"picked":"Reaper","floor":14},{"not_picked":["Barricade","Brutality"],"picked":"Fiend Fire","floor":16},{"not_picked":["Wild Strike","Sword Boomerang"],"picked":"Headbutt+1","floor":18},{"not_picked":["Seeing Red","Headbutt"],"picked":"Shrug It Off","floor":21}],"player_experience":457861,"relics_obtained":[{"floor":7,"key":"Omamori"},{"floor":9,"key":"Paper Frog"},{"floor":10,"key":"Matryoshka"},{"floor":14,"key":"MawBank"}],"event_choices":[{"cards_removed":["Strike_R"],"damage_healed":0,"gold_gain":0,"player_choice":"Offered Basic","damage_taken":0,"max_hp_gain":0,"max_hp_loss":0,"event_name":"Bonfire Elementals","floor":5,"gold_loss":0},{"damage_healed":0,"gold_gain":50,"player_choice":"Stole From Cult","damage_taken":0,"max_hp_gain":0,"max_hp_loss":0,"event_name":"Nest","floor":20,"gold_loss":0},{"damage_healed":15,"gold_gain":0,"player_choice":"Heal","damage_taken":0,"max_hp_gain":0,"max_hp_loss":0,"event_name":"The Library","floor":22,"gold_loss":0}],"is_beta":false,"boss_relics":[{"not_picked":["Runic Cube","SlaversCollar"],"picked":"Mark of Pain"}],"items_purged_floors":[19],"is_endless":false,"potions_floor_spawned":[1,2,4,10,13,16,21],"killed_by":"Gremlin Leader","ascension_level":20}}