{"host":"4qkvkh7pd9qr2mca","time":1611262507,"event":{"mods":["AchievementEnabler","Act Like it!","BaseMod","Colored Map","Colored Powertips","Highlight Path","Minty Spire (QoL Compilation)","Pale of the Ancients","Permanent Neow","Quick Restart","Relic Stats","StSLib","SuperFastMode"],"gold_per_floor":[10,29,39,4,4,4,35,35,60,70,70,80,115,115,115,194,194,211,230,240,255,272,301,314,314,314,65,92,106,138,149,149,226,226,236,256,312,312,312,349,349,375,375,403,403,26,26,60,60,60,60],"floor_reached":52,"language":"ENG","playtime":2896,"items_purged":["Strike_G"],"score":2364,"play_id":"bb20d703-e3b5-497a-804f-acde61b7d7a0","local_time":"20210121215507","is_ascension_mode":true,"campfire_choices":[{"data":"Noxious Fumes","floor":6.0,"key":"SMITH"},{"data":"Accuracy","floor":8.0,"key":"SMITH"},{"data":"Neutralize","floor":11.0,"key":"SMITH"},{"floor":15.0,"key":"REST"},{"floor":25.0,"key":"REST"},{"data":"Calculated Gamble","floor":32.0,"key":"SMITH"},{"data":"After Image","floor":41,"key":"SMITH"},{"data":"Finisher","floor":45,"key":"SMITH"},{"data":"Apotheosis","floor":47,"key":"SMITH"},{"data":"Accuracy","floor":49,"key":"SMITH"}],"circlet_count":0,"master_deck":["AscendersBane","Strike_G","Strike_G","Defend_G","Defend_G","Defend_G","Survivor","Neutralize+1","Bouncing Flask","Escape Plan","Dagger Throw","Noxious Fumes+1","Blade Dance","Accuracy+1","Blade Dance","Dodge and Roll","Burst+1","PiercingWail","Adrenaline","Footwork+1","Dodge and Roll+1","Tactician+1","Backflip+1","Acrobatics","Adrenaline","Finisher+1","Escape Plan","Calculated Gamble+1","After Image+1","CurseOfTheBell","Acrobatics","Terror","Deflect","Calculated Gamble+1","Apotheosis+1","After Image+1","Accuracy+1","Cloak And Dagger+1"],"relics":["Ring of the Snake","Pen Nib","Nunchaku","Dream Catcher","Sozu","MealTicket","Meat on the Bone","Boot","Mercury Hourglass","Calling Bell","CeramicFish","Ninja Scroll","Calipers","Gambling Chip","Bottled Flame","Happy Flower","StrikeDummy","DollysMirror","Ice Cream"],"acts_visited":["Exordium","TheCity","TheBeyond"],"potions_floor_usage":[],"damage_taken":[{"damage":0.0,"enemies":"2 Louse","floor":1.0,"turns":3.0},{"damage":0.0,"enemies":"Jaw Worm","floor":2.0,"turns":4.0},{"damage":1.0,"enemies":"Small Slimes","floor":3.0,"turns":3.0},{"damage":10.0,"enemies":"Gremlin Nob","floor":7.0,"turns":3.0},{"damage":7.0,"enemies":"Gremlin Gang","floor":10.0,"turns":4.0},{"damage":8.0,"enemies":"Large Slime","floor":12.0,"turns":2.0},{"damage":7.0,"enemies":"3 Sentries","floor":13.0,"turns":4.0},{"damage":10.0,"enemies":"Hexaghost","floor":16.0,"turns":7.0},{"damage":0.0,"enemies":"Spheric Guardian","floor":18.0,"turns":3.0},{"damage":7.0,"enemies":"Chosen","floor":19.0,"turns":4.0},{"damage":12.0,"enemies":"Centurion and Healer","floor":20.0,"turns":4.0},{"damage":3.0,"enemies":"Snake Plant","floor":21.0,"turns":4.0},{"damage":2.0,"enemies":"Sentry and Sphere","floor":22.0,"turns":5.0},{"damage":12.0,"enemies":"Book of Stabbing","floor":23.0,"turns":6.0},{"damage":2.0,"enemies":"Centurion and Healer","floor":24.0,"turns":5.0},{"damage":0.0,"enemies":"Gremlin Leader","floor":28.0,"turns":6.0},{"damage":0.0,"enemies":"3 Cultists","floor":29.0,"turns":4.0},{"damage":0.0,"enemies":"Slavers","floor":30.0,"turns":5.0},{"damage":9.0,"enemies":"Sentry and Sphere","floor":31.0,"turns":4.0},{"damage":0.0,"enemies":"Collector","floor":33.0,"turns":7.0},{"damage":2,"enemies":"3 Darklings","floor":35,"turns":6},{"damage":4,"enemies":"Orb Walker","floor":36,"turns":4},{"damage":7,"enemies":"2 Orb Walkers","floor":37,"turns":5},{"damage":0,"enemies":"Giant Head","floor":40,"turns":3},{"damage":0,"enemies":"Nemesis","floor":42,"turns":4},{"damage":0,"enemies":"Writhing Mass","floor":44,"turns":4},{"damage":0,"enemies":"Mind Bloom Boss Battle","floor":48,"turns":1},{"damage":0,"enemies":"Donu and Deca","floor":50,"turns":7},{"damage":28,"enemies":"Awakened One","floor":51,"turns":10}],"seed_played":"2520880402466570221","potions_obtained":[{"floor":2.0,"key":"EssenceOfSteel"},{"floor":3.0,"key":"Fire Potion"},{"floor":7.0,"key":"DuplicationPotion"},{"floor":16.0,"key":"Block Potion"}],"is_trial":false,"path_per_floor":["M","M","M","?","?","R","E","R","T","M","R","M","E","?","R","B",null,"M","M","M","M","M","E","M","R","T","$","E","M","E","M","R","B",null,"M","M","?","?","?","E","R","E","T","M","R","$","R","?","R","B","B",null],"character_chosen":"THE_SILENT","items_purchased":["Adrenaline","Apotheosis","DollysMirror","Accuracy"],"campfire_rested":2,"item_purchase_floors":[27,46,46,46],"current_hp_per_floor":[59,59,58,66,59,59,49,49,49,42,42,34,27,27,46,36,59,59,52,40,37,35,23,21,40,40,55,55,55,55,46,46,46,61,59,55,48,48,48,48,48,48,48,48,48,63,63,63,63,63,35],"gold":60,"neow_bonus":"TRANSFORM_TWO_CARDS","is_daily":false,"chose_seed":false,"campfire_upgraded":8,"win_rate":0.0,"timestamp":1611262507,"path_taken":["M","M","M","?","?","R","E","R","T","M","R","M","E","?","R","BOSS","M","M","M","M","?","E","M","R","T","$","E","M","E","M","R","BOSS","M","M","?","?","?","E","R","E","T","M","R","$","R","?","R","BOSS","BOSS"],"items_purchased_type":["Card","Card","Relic","Card"],"build_version":"2020-12-22","purchased_purges":1,"victory":true,"max_hp_per_floor":[66,66,66,66,66,66,66,66,66,66,66,66,66,66,66,66,66,66,66,66,66,66,66,66,66,66,66,66,66,66,66,66,66,66,66,66,66,66,66,66,66,66,66,66,66,66,66,66,66,66,66],"relic_stats":{"Happy Flower":[7],"counters":[29,129],"CeramicFish":72,"Pen Nib":[42],"Boot":[91],"Mercury Hourglass":[175],"Sozu":10,"Nunchaku":[42],"Dream Catcher":2,"Gambling Chip":[28],"MealTicket":30,"obtain_stats":[{"Ice Cream":48,"Calipers":34,"Happy Flower":42,"CeramicFish":34,"Pen Nib":7,"Boot":28,"Mercury Hourglass":30,"Sozu":17,"Calling Bell":34,"Nunchaku":9,"Dream Catcher":13,"Bottled Flame":40,"Ninja Scroll":34,"DollysMirror":46,"Gambling Chip":37,"MealTicket":23,"StrikeDummy":43,"Ring of the Snake":0,"Meat on the Bone":26},{"Ice Cream":27,"Calipers":20,"Happy Flower":25,"CeramicFish":20,"Pen Nib":4,"Boot":16,"Mercury Hourglass":18,"Sozu":8,"Calling Bell":20,"Nunchaku":4,"Dream Catcher":7,"Bottled Flame":24,"Ninja Scroll":20,"DollysMirror":26,"Gambling Chip":23,"MealTicket":14,"StrikeDummy":25,"Ring of the Snake":0,"Meat on the Bone":15},{"Ice Cream":112,"Calipers":87,"Happy Flower":107,"CeramicFish":87,"Pen Nib":13,"Boot":67,"Mercury Hourglass":76,"Sozu":30,"Calling Bell":87,"Nunchaku":13,"Dream Catcher":23,"Bottled Flame":103,"Ninja Scroll":87,"DollysMirror":111,"Gambling Chip":100,"MealTicket":56,"StrikeDummy":107,"Ring of the Snake":0,"Meat on the Bone":61}],"Ring of the Snake":[58],"Meat on the Bone":0},"card_choices":[{"not_picked":["Cloak And Dagger","PiercingWail"],"picked":"Dagger Throw","floor":1.0},{"not_picked":["Quick Slash","Dash"],"picked":"Noxious Fumes","floor":2.0},{"not_picked":["Sucker Punch","Underhanded Strike"],"picked":"Blade Dance","floor":3.0},{"not_picked":["Dagger Throw","Poisoned Stab"],"picked":"Accuracy","floor":7.0},{"not_picked":["Dodge and Roll","Backflip"],"picked":"Blade Dance","floor":10.0},{"not_picked":["Sucker Punch","Dash"],"picked":"Dodge and Roll","floor":12.0},{"not_picked":["Endless Agony","Dagger Spray"],"picked":"Burst","floor":13.0},{"not_picked":["Slice","Riddle With Holes"],"picked":"PiercingWail","floor":15.0},{"not_picked":["Phantasmal Killer","Wraith Form v2"],"picked":"Adrenaline","floor":16.0},{"not_picked":["Masterful Stab","Bane","Quick Slash"],"picked":"SKIP","floor":18.0},{"not_picked":["Eviscerate","Outmaneuver"],"picked":"Footwork+1","floor":19.0},{"not_picked":["Endless Agony+1","Bane"],"picked":"Dodge and Roll+1","floor":20.0},{"not_picked":["Prepared","Underhanded Strike"],"picked":"Tactician+1","floor":21.0},{"not_picked":["Dagger Throw","Dagger Spray","Crippling Poison"],"picked":"SKIP","floor":22.0},{"not_picked":["Flechettes","Underhanded Strike"],"picked":"Backflip+1","floor":23.0},{"not_picked":["Poisoned Stab","Slice","Choke"],"picked":"SKIP","floor":24.0},{"not_picked":["Prepared","Deadly Poison"],"picked":"Acrobatics","floor":25.0},{"not_picked":["Backflip","Cloak And Dagger"],"picked":"Finisher","floor":28.0},{"not_picked":["Endless Agony","Glass Knife"],"picked":"Escape Plan","floor":29.0},{"not_picked":["Deflect","Flying Knee","Sucker Punch"],"picked":"SKIP","floor":30.0},{"not_picked":["Slice","PiercingWail"],"picked":"Calculated Gamble","floor":31.0},{"not_picked":["Glass Knife","Night Terror"],"picked":"After Image","floor":33.0},{"not_picked":["All Out Attack+1","Dagger Spray","Quick Slash"],"picked":"SKIP","floor":35},{"not_picked":["Bane+1","Bullet Time"],"picked":"Acrobatics","floor":36},{"not_picked":["Skewer+1","Catalyst+1"],"picked":"Terror","floor":37},{"not_picked":["Setup","Masterful Stab"],"picked":"Deflect","floor":40},{"not_picked":["Dash","Slice","PiercingWail"],"picked":"SKIP","floor":42},{"not_picked":["Poisoned Stab","Prepared"],"picked":"Calculated Gamble+1","floor":44},{"not_picked":["Deflect+1","Sucker Punch"],"picked":"Cloak And Dagger+1","floor":48}],"player_experience":576615,"relics_obtained":[{"floor":7.0,"key":"Pen Nib"},{"floor":9.0,"key":"Nunchaku"},{"floor":13.0,"key":"Dream Catcher"},{"floor":23.0,"key":"MealTicket"},{"floor":26.0,"key":"Meat on the Bone"},{"floor":28.0,"key":"Boot"},{"floor":30.0,"key":"Mercury Hourglass"},{"floor":34,"key":"CeramicFish"},{"floor":34,"key":"Ninja Scroll"},{"floor":34,"key":"Calipers"},{"floor":37,"key":"Gambling Chip"},{"floor":40,"key":"Bottled Flame"},{"floor":42,"key":"Happy Flower"},{"floor":43,"key":"StrikeDummy"},{"floor":48,"key":"Ice Cream"}],"event_choices":[{"damage_healed":16.0,"max_hp_gain":0.0,"max_hp_loss":0.0,"gold_gain":0.0,"event_name":"The Cleric","player_choice":"Healed","floor":4.0,"gold_loss":35.0,"damage_taken":0.0},{"cards_removed":["Strike_G"],"damage_healed":0.0,"max_hp_gain":0.0,"max_hp_loss":0.0,"gold_gain":0.0,"event_name":"Golden Wing","player_choice":"Card Removal","floor":5.0,"gold_loss":0.0,"damage_taken":7.0},{"damage_healed":0.0,"max_hp_gain":0.0,"max_hp_loss":0.0,"gold_gain":0.0,"event_name":"Upgrade Shrine","player_choice":"Upgraded","floor":14.0,"gold_loss":0.0,"damage_taken":0.0,"cards_upgraded":["Burst"]},{"damage_healed":0,"gold_gain":0,"player_choice":"Fight","damage_taken":0,"max_hp_gain":0,"max_hp_loss":0,"event_name":"Mysterious Sphere","floor":37,"gold_loss":0},{"damage_healed":0,"gold_gain":0,"player_choice":"Ignored","damage_taken":0,"max_hp_gain":0,"max_hp_loss":0,"event_name":"Tomb of Lord Red Mask","floor":38,"gold_loss":0},{"cards_removed":["Defend_G"],"damage_healed":0,"gold_gain":0,"player_choice":"Removed Skill","damage_taken":0,"max_hp_gain":0,"max_hp_loss":0,"event_name":"Falling","floor":39,"gold_loss":0},{"damage_healed":0,"gold_gain":0,"player_choice":"Fight","damage_taken":0,"max_hp_gain":0,"max_hp_loss":0,"event_name":"MindBloom","floor":48,"gold_loss":0}],"is_beta":false,"boss_relics":[{"not_picked":["Snecko Eye","Empty Cage"],"picked":"Sozu"},{"not_picked":["Velvet Choker","Philosopher\u0027s Stone"],"picked":"Calling Bell"}],"items_purged_floors":[27],"is_endless":false,"potions_floor_spawned":[2,3,7,16,18,22,23,24,29,30,35,36,42,48],"ascension_level":20}}