{"host":"5fpb1gzflhq9886n","time":1611199076,"event":{"mods":["AchievementEnabler","BaseMod","Colored Map","Colored Powertips","Minty Spire (QoL Compilation)","Permanent Neow"],"gold_per_floor":[119,294,179,139,158,185,185,216,239,239,22,97,74,107,107,202,202,212,212,82,102,120,120,149,165,190,190,222,238,238,2,2,100,100,110,110,0,0,12,29,29,56,80,107,107,117,117,3,3,3,3],"floor_reached":50,"language":"ENG","playtime":3738,"items_purged":["Doubt"],"score":812,"play_id":"03c92f11-c950-4063-9ef4-ca644527ebe3","local_time":"20210120221756","is_ascension_mode":true,"campfire_choices":[{"data":"Tantrum","floor":7.0,"key":"SMITH"},{"data":"Brilliance","floor":10.0,"key":"SMITH"},{"floor":15.0,"key":"REST"},{"floor":23.0,"key":"REST"},{"floor":27.0,"key":"REST"},{"floor":32.0,"key":"REST"},{"floor":41.0,"key":"RECALL"},{"floor":45.0,"key":"REST"},{"floor":47.0,"key":"DIG"},{"floor":49.0,"key":"DIG"}],"circlet_count":0,"master_deck":["Eruption","Vigilance","Nirvana","FlurryOfBlows","Halt","LikeWater","Wireheading","Brilliance+1","FlurryOfBlows","EmptyFist","Conclude","Tantrum+1","WheelKick","ClearTheMind+1","Consecrate","LessonLearned","Adaptation","ThirdEye","BowlingBash+1","Omniscience","Weave+1","Omniscience","ReachHeaven","CutThroughFate","EmptyBody+1","SandsOfTime","CrushJoints+1","Vault","JustLucky","Madness","Madness","Mayhem","TalkToTheHand","Meditate+1"],"relics":["Pandora\u0027s Box","Smiling Mask","Orichalcum","Ancient Tea Set","Bag of Preparation","SlaversCollar","The Courier","PreservedInsect","GoldenEye","Nilry\u0027s Codex","Lizard Tail","Fusion Hammer","Red Mask","Shovel","Strawberry","Centennial Puzzle","Pen Nib","Nunchaku"],"acts_visited":["Exordium","TheCity","TheBeyond"],"potions_floor_usage":[50,50],"damage_taken":[{"damage":5.0,"enemies":"Small Slimes","floor":1.0,"turns":2.0},{"damage":0.0,"enemies":"Cultist","floor":5.0,"turns":2.0},{"damage":12.0,"enemies":"3 Sentries","floor":6.0,"turns":4.0},{"damage":0.0,"enemies":"Gremlin Nob","floor":8.0,"turns":2.0},{"damage":14.0,"enemies":"Lagavulin","floor":14.0,"turns":4.0},{"damage":0.0,"enemies":"Slime Boss","floor":16.0,"turns":3.0},{"damage":16.0,"enemies":"2 Thieves","floor":18.0,"turns":2.0},{"damage":2.0,"enemies":"Chosen","floor":21.0,"turns":4.0},{"damage":20.0,"enemies":"Centurion and Healer","floor":22.0,"turns":3.0},{"damage":15.0,"enemies":"Gremlin Leader","floor":24.0,"turns":5.0},{"damage":19.0,"enemies":"Shelled Parasite and Fungi","floor":25.0,"turns":3.0},{"damage":0.0,"enemies":"Book of Stabbing","floor":28.0,"turns":1.0},{"damage":5.0,"enemies":"Cultist and Chosen","floor":29.0,"turns":3.0},{"damage":25.0,"enemies":"Collector","floor":33.0,"turns":3.0},{"damage":0.0,"enemies":"3 Darklings","floor":35.0,"turns":3.0},{"damage":10.0,"enemies":"Orb Walker","floor":39.0,"turns":3.0},{"damage":8.0,"enemies":"4 Shapes","floor":40.0,"turns":1.0},{"damage":0.0,"enemies":"Reptomancer","floor":42.0,"turns":1.0},{"damage":5.0,"enemies":"Giant Head","floor":44.0,"turns":3.0},{"damage":7.0,"enemies":"Spire Growth","floor":46.0,"turns":3.0},{"damage":135,"enemies":"Time Eater","floor":50,"turns":9}],"seed_played":"3869350564926833576","potions_obtained":[{"floor":4.0,"key":"EntropicBrew"},{"floor":4.0,"key":"Strength Potion"},{"floor":4.0,"key":"ColorlessPotion"},{"floor":5.0,"key":"Energy Potion"},{"floor":6.0,"key":"GamblersBrew"},{"floor":8.0,"key":"SkillPotion"},{"floor":25.0,"key":"Regen Potion"},{"floor":28.0,"key":"DistilledChaos"},{"floor":33.0,"key":"Block Potion"},{"floor":35.0,"key":"SteroidPotion"},{"floor":39.0,"key":"Block Potion"},{"floor":46.0,"key":"Fire Potion"}],"is_trial":false,"path_per_floor":["M","?","$","?","M","E","R","E","T","R","$","?","$","E","R","B",null,"M","?","$","M","M","R","E","M","T","R","E","M","?","$","R","B",null,"M","?","?","?","M","M","R","E","T","E","R","M","R","$","R","B"],"character_chosen":"WATCHER","items_purchased":["Tantrum","LessonLearned","Adaptation","ThirdEye","FairyPotion","ReachHeaven","Lizard Tail","Pen Nib"],"campfire_rested":5,"item_purchase_floors":[3,11,11,13,20,20,31,48],"current_hp_per_floor":[67,67,67,67,67,55,55,55,55,55,55,44,44,30,51,51,72,56,56,56,54,34,55,40,21,21,42,42,37,21,21,42,26,72,72,63,63,63,53,45,45,45,45,47,70,63,63,63,63,0,0],"gold":3,"neow_bonus":"BOSS_RELIC","is_daily":false,"chose_seed":false,"campfire_upgraded":2,"win_rate":0.0,"timestamp":1611199076,"path_taken":["M","?","$","?","?","E","R","E","T","R","$","?","$","E","R","BOSS","M","?","$","M","?","R","E","M","T","R","E","?","?","$","R","BOSS","M","?","?","?","M","M","R","E","T","E","R","M","R","?","R","BOSS"],"items_purchased_type":["Card","Card","Card","Card","Potion","Card","Relic","Relic"],"build_version":"2020-12-22","purchased_purges":1,"victory":false,"max_hp_per_floor":[72,72,72,72,72,72,72,72,72,72,72,72,72,72,72,72,72,72,72,72,72,72,72,72,72,72,72,72,72,72,72,72,72,72,72,72,72,72,72,72,72,72,72,79,79,79,79,79,79,79,79],"card_choices":[{"not_picked":["SashWhip","Consecrate"],"picked":"Conclude","floor":1.0},{"not_picked":["SignatureMove","CutThroughFate"],"picked":"WheelKick","floor":5.0},{"not_picked":["EmptyBody","FlyingSleeves"],"picked":"ClearTheMind","floor":6.0},{"not_picked":["Evaluate","BattleHymn"],"picked":"Consecrate","floor":8.0},{"not_picked":["CutThroughFate","ConjureBlade"],"picked":"BowlingBash","floor":14.0},{"not_picked":["Blasphemy","Scrawl"],"picked":"Omniscience","floor":16.0},{"not_picked":["Prostrate","FollowUp"],"picked":"Weave","floor":18.0},{"not_picked":["Prostrate+1","ThirdEye","CrushJoints"],"picked":"SKIP","floor":21.0},{"not_picked":["Vengeance","Collect"],"picked":"CutThroughFate","floor":22.0},{"not_picked":["Ragnarok","ClearTheMind+1"],"picked":"EmptyBody+1","floor":24.0},{"not_picked":["Prostrate","BowlingBash"],"picked":"SandsOfTime","floor":25.0},{"not_picked":["WreathOfFlame","ClearTheMind"],"picked":"CrushJoints+1","floor":28.0},{"not_picked":["EmptyBody","ForeignInfluence+1","ConjureBlade"],"picked":"SKIP","floor":29.0},{"not_picked":["Blasphemy","Brilliance"],"picked":"Vault","floor":33.0},{"not_picked":["InnerPeace","CutThroughFate+1"],"picked":"JustLucky","floor":35.0},{"not_picked":["Dark Shackles","Impatience"],"picked":"Mayhem","floor":38.0},{"not_picked":["JustLucky+1","Evaluate"],"picked":"TalkToTheHand","floor":39.0},{"not_picked":["CrushJoints+1","WreathOfFlame"],"picked":"Meditate+1","floor":40.0},{"not_picked":["Study","Crescendo","WreathOfFlame+1"],"picked":"SKIP","floor":42.0},{"not_picked":["Fasting2","FollowUp+1","Prostrate+1"],"picked":"SKIP","floor":44.0},{"not_picked":["ThirdEye","Consecrate","CrushJoints+1"],"picked":"SKIP","floor":46.0}],"player_experience":730961,"relics_obtained":[{"floor":6.0,"key":"Smiling Mask"},{"floor":8.0,"key":"Orichalcum"},{"floor":9.0,"key":"Ancient Tea Set"},{"floor":14.0,"key":"Bag of Preparation"},{"floor":24.0,"key":"The Courier"},{"floor":26.0,"key":"PreservedInsect"},{"floor":28.0,"key":"GoldenEye"},{"floor":30.0,"key":"Nilry\u0027s Codex"},{"floor":42.0,"key":"Shovel"},{"floor":44.0,"key":"Strawberry"},{"floor":47.0,"key":"Centennial Puzzle"},{"floor":49.0,"key":"Nunchaku"}],"event_choices":[{"damage_healed":0.0,"max_hp_gain":0.0,"max_hp_loss":0.0,"gold_gain":175.0,"event_name":"Liars Game","player_choice":"AGREE","floor":2.0,"gold_loss":0.0,"damage_taken":0.0,"cards_obtained":["Doubt"]},{"damage_healed":0.0,"max_hp_gain":0.0,"max_hp_loss":0.0,"gold_gain":0.0,"event_name":"The Woman in Blue","player_choice":"Bought 3 Potions","floor":4.0,"gold_loss":0.0,"damage_taken":0.0},{"damage_healed":0.0,"max_hp_gain":0.0,"max_hp_loss":0.0,"gold_gain":75.0,"event_name":"World of Goop","player_choice":"Gather Gold","floor":12.0,"gold_loss":0.0,"damage_taken":11.0},{"damage_healed":0.0,"max_hp_gain":0.0,"max_hp_loss":0.0,"gold_gain":0.0,"event_name":"Duplicator","player_choice":"Copied","floor":19.0,"gold_loss":0.0,"damage_taken":0.0,"cards_obtained":["Omniscience"]},{"damage_healed":0.0,"max_hp_gain":0.0,"max_hp_loss":0.0,"gold_gain":0.0,"event_name":"Cursed Tome","player_choice":"Obtained Book","floor":30.0,"gold_loss":0.0,"damage_taken":16.0},{"damage_healed":0.0,"max_hp_gain":0.0,"max_hp_loss":0.0,"gold_gain":0.0,"event_name":"Winding Halls","player_choice":"Embrace Madness","floor":36.0,"gold_loss":0.0,"damage_taken":9.0,"cards_obtained":["Madness","Madness"]},{"damage_healed":0.0,"max_hp_gain":0.0,"max_hp_loss":0.0,"gold_gain":0.0,"event_name":"Tomb of Lord Red Mask","player_choice":"Paid","floor":37.0,"gold_loss":110.0,"damage_taken":0.0,"relics_obtained":["Red Mask"]},{"damage_healed":0.0,"max_hp_gain":0.0,"max_hp_loss":0.0,"gold_gain":0.0,"event_name":"SensoryStone","player_choice":"Memory 1","floor":38.0,"gold_loss":0.0,"damage_taken":0.0}],"is_beta":false,"boss_relics":[{"not_picked":["Busted Crown","Runic Dome"],"picked":"SlaversCollar"},{"not_picked":["VioletLotus","Coffee Dripper"],"picked":"Fusion Hammer"}],"items_purged_floors":[3],"is_endless":false,"potions_floor_spawned":[5,6,8,21,25,28,33,35,39,46],"killed_by":"Time Eater","ascension_level":4}}