{"host":"ftwnpa9ceeptmrn1","time":1611193429,"event":{"mods":["Aspiration","BaseMod","Colored Map","Colored Powertips","Conspire","Downfall","Hubris","Infinite Spire","Minty Spire (QoL Compilation)","Relic Stats","StSLib","Waifu the Spire","vexMod"],"gold_per_floor":[359,16,26,26,201,201,201],"floor_reached":6,"language":"ENG","playtime":413,"items_purged":[],"score":37,"play_id":"f26b1cfa-2424-4358-951e-65c3c08f5096","local_time":"20210120194349","is_ascension_mode":true,"campfire_choices":[],"circlet_count":0,"master_deck":["Strike_B","Strike_B","Strike_B","Strike_B","Defend_B","Defend_B","Defend_B","Defend_B","Zap","Dualcast","Redo","Hologram","conspire:Rain","Doubt"],"relics":["Cracked Core","aspiration:EnhancedActuators","OrangePellets"],"acts_visited":["Exordium"],"potions_floor_usage":[],"damage_taken":[{"damage":7,"enemies":"Small Slimes","floor":1,"turns":4},{"damage":0,"enemies":"2 Louse","floor":3,"turns":3},{"damage":37,"enemies":"Gremlin Nob","floor":6,"turns":5}],"seed_played":"-8307644172713009037","potions_obtained":[{"floor":3,"key":"Explosive Potion"}],"is_trial":false,"path_per_floor":["M","$","M","?","?","E"],"character_chosen":"DEFECT","items_purchased":["aspiration:EnhancedActuators","OrangePellets","Hologram"],"campfire_rested":0,"item_purchase_floors":[2,2,2],"current_hp_per_floor":[61,61,61,61,61,24,24],"gold":201,"neow_bonus":"TWO_FIFTY_GOLD","is_daily":false,"chose_seed":false,"campfire_upgraded":0,"win_rate":0.0,"timestamp":1611193429,"path_taken":["M","$","M","?","?","E"],"items_purchased_type":["Relic","Relic","Card"],"build_version":"2020-12-22","purchased_purges":0,"victory":false,"max_hp_per_floor":[68,68,68,68,68,68,68],"relic_stats":{"OrangePellets":[0],"counters":[3,12],"obtain_stats":[{"OrangePellets":2,"aspiration:EnhancedActuators":2,"Cracked Core":0},{"OrangePellets":1,"aspiration:EnhancedActuators":1,"Cracked Core":0},{"OrangePellets":4,"aspiration:EnhancedActuators":4,"Cracked Core":0}]},"card_choices":[{"not_picked":["Barrage","Hello World"],"picked":"Redo","floor":1},{"not_picked":["Ball Lightning","Turbo"],"picked":"conspire:Rain","floor":3}],"player_experience":262497,"relics_obtained":[],"event_choices":[{"damage_healed":0,"gold_gain":0,"player_choice":"Leave","damage_taken":0,"max_hp_gain":0,"max_hp_loss":0,"event_name":"conspire:Investor","floor":4,"gold_loss":0},{"damage_healed":0,"gold_gain":175,"player_choice":"AGREE","damage_taken":0,"max_hp_gain":0,"max_hp_loss":0,"event_name":"Liars Game","floor":5,"gold_loss":0,"cards_obtained":["Doubt"]}],"is_beta":false,"boss_relics":[],"items_purged_floors":[],"is_endless":false,"potions_floor_spawned":[3],"killed_by":"Gremlin Nob","ascension_level":2}}