{"host":"sc0o2qwpf9j16a4i","time":1611264324,"event":{"mods":["AchievementEnabler","BaseMod","BetterRewards","Block Reminder","Colored Map","Colored Powertips","Custom Start","Highlight Path","Minty Spire (QoL Compilation)","Relic Stats"],"gold_per_floor":[116,135,154,174,194,194,222,222,249,274,284,309,319,330,330,402,402,419,419,27,45,55,55,89,89,89,89,89,122,137,167,167,240,240,254,300,300,300,315,347,347,347,347,367,367,381,413,439,451,463,475,475],"floor_reached":51,"language":"ENG","playtime":2406,"items_purged":[],"score":2253,"play_id":"76c76b0e-e59e-42ca-91db-36d8efac87b3","local_time":"20210121232524","is_ascension_mode":true,"campfire_choices":[{"data":"Skewer","floor":6.0,"key":"SMITH"},{"data":"Backstab","floor":8.0,"key":"SMITH"},{"data":"Dagger Spray","floor":15.0,"key":"SMITH"},{"data":"Infinite Blades","floor":23.0,"key":"SMITH"},{"data":"Infinite Blades","floor":25.0,"key":"SMITH"},{"data":"Glass Knife","floor":27.0,"key":"SMITH"},{"data":"Wraith Form v2","floor":32.0,"key":"SMITH"},{"floor":41.0,"key":"REST"},{"floor":45,"key":"RECALL"},{"floor":49,"key":"REST"}],"circlet_count":0,"master_deck":["AscendersBane","Defend_G","Defend_G","Defend_G","Defend_G","Defend_G","Survivor","Neutralize+1","Infinite Blades+1","Dagger Spray+1","Backstab+1","Skewer+1","Deflect+1","PiercingWail+1","Blur+1","Leg Sweep+1","Glass Knife+1","Quick Slash+1","Backflip+1","Malaise+1","Finisher+1","Choke+1","Finisher+1","Footwork+1","Corpse Explosion+1","Storm of Steel+1","Infinite Blades+1","PiercingWail+1","Crippling Poison+1","Prepared+1","Ghostly+1","Ghostly+1","Ghostly+1","Wraith Form v2+1","Dodge and Roll+1","Acrobatics+1","Malaise+1","Dodge and Roll+1","Venomology+1","Escape Plan+1","Acrobatics+1"],"relics":["Ring of the Snake","Lee\u0027s Waffle","PreservedInsect","MealTicket","The Specimen","Toxic Egg 2","Du-Vu Doll","Bronze Scales","Potion Belt","Centennial Puzzle","Astrolabe","Omamori","Peace Pipe","Strawberry","Smiling Mask","Cursed Key","Incense Burner","Whetstone","Paper Crane","MawBank"],"acts_visited":["Exordium","TheCity","TheBeyond"],"potions_floor_usage":[44,47,48,50],"damage_taken":[{"damage":0.0,"enemies":"Cultist","floor":1.0,"turns":3.0},{"damage":0.0,"enemies":"2 Louse","floor":2.0,"turns":2.0},{"damage":0.0,"enemies":"Small Slimes","floor":3.0,"turns":2.0},{"damage":0.0,"enemies":"2 Fungi Beasts","floor":4.0,"turns":2.0},{"damage":0.0,"enemies":"3 Louse","floor":5.0,"turns":3.0},{"damage":8.0,"enemies":"Lagavulin","floor":7.0,"turns":7.0},{"damage":0.0,"enemies":"Gremlin Nob","floor":10.0,"turns":2.0},{"damage":0.0,"enemies":"Looter","floor":11.0,"turns":3.0},{"damage":4.0,"enemies":"Lagavulin","floor":12.0,"turns":6.0},{"damage":0.0,"enemies":"Gremlin Gang","floor":13.0,"turns":3.0},{"damage":0.0,"enemies":"Large Slime","floor":14.0,"turns":4.0},{"damage":0.0,"enemies":"Slime Boss","floor":16.0,"turns":5.0},{"damage":10.0,"enemies":"2 Thieves","floor":18.0,"turns":4.0},{"damage":6.0,"enemies":"Spheric Guardian","floor":21.0,"turns":4.0},{"damage":10.0,"enemies":"Snecko","floor":22.0,"turns":4.0},{"damage":0.0,"enemies":"Gremlin Leader","floor":24.0,"turns":6.0},{"damage":1.0,"enemies":"Book of Stabbing","floor":29.0,"turns":5.0},{"damage":11.0,"enemies":"3 Cultists","floor":30.0,"turns":4.0},{"damage":0.0,"enemies":"Gremlin Leader","floor":31.0,"turns":8.0},{"damage":20.0,"enemies":"Collector","floor":33.0,"turns":11.0},{"damage":1.0,"enemies":"Orb Walker","floor":35.0,"turns":4.0},{"damage":2.0,"enemies":"2 Orb Walkers","floor":36.0,"turns":5.0},{"damage":0.0,"enemies":"3 Shapes","floor":39.0,"turns":4.0},{"damage":27.0,"enemies":"Giant Head","floor":40.0,"turns":8.0},{"damage":10,"enemies":"Jaw Worm Horde","floor":44,"turns":3},{"damage":1,"enemies":"Maw","floor":46,"turns":9},{"damage":0,"enemies":"Nemesis","floor":47,"turns":7},{"damage":0,"enemies":"Spire Growth","floor":48,"turns":4},{"damage":6,"enemies":"Awakened One","floor":50,"turns":23},{"damage":19,"enemies":"Time Eater","floor":51,"turns":10}],"seed_played":"4501581831603821415","potions_obtained":[{"floor":1.0,"key":"LiquidMemories"},{"floor":4.0,"key":"Fire Potion"},{"floor":7.0,"key":"Dexterity Potion"},{"floor":11.0,"key":"SkillPotion"},{"floor":12.0,"key":"Fire Potion"},{"floor":14.0,"key":"AttackPotion"},{"floor":18.0,"key":"ColorlessPotion"},{"floor":22.0,"key":"Fruit Juice"},{"floor":29.0,"key":"Dexterity Potion"},{"floor":30.0,"key":"EssenceOfSteel"},{"floor":35.0,"key":"SneckoOil"},{"floor":39.0,"key":"Dexterity Potion"},{"floor":47,"key":"Strength Potion"}],"is_trial":false,"path_per_floor":["M","M","M","M","M","R","E","R","T","E","M","E","M","M","R","B",null,"M","?","$","M","M","R","E","R","T","R","?","E","M","E","R","B",null,"M","?","?","?","M","E","R","T","T","M","R","M","E","M","R","B","B"],"character_chosen":"THE_SILENT","items_purchased":["Lee\u0027s Waffle","PreservedInsect","Infinite Blades","MealTicket","The Specimen","Toxic Egg 2","Dagger Spray","Backstab","SkillPotion","Corpse Explosion+1","Storm of Steel+1","Infinite Blades"],"campfire_rested":2,"item_purchase_floors":[0,0,0,0,0,0,0,0,0,20,20,20],"current_hp_per_floor":[73,73,73,73,73,73,65,65,65,65,65,61,61,61,61,61,70,60,60,73,67,57,57,57,57,57,57,36,42,31,36,36,16,40,39,37,37,37,37,10,23,23,23,13,13,12,12,12,25,19,0,0],"gold":475,"neow_bonus":"","is_daily":false,"chose_seed":false,"campfire_upgraded":7,"win_rate":0.0,"timestamp":1611264324,"path_taken":["M","?","M","M","?","R","E","R","T","E","?","E","M","M","R","BOSS","M","?","$","?","M","R","E","R","T","R","?","E","M","E","R","BOSS","M","?","?","?","M","E","R","?","T","M","R","M","E","M","R","BOSS","BOSS"],"items_purchased_type":["Relic","Relic","Card","Relic","Relic","Relic","Card","Card","Potion","Card","Card","Card"],"build_version":"2020-12-22","purchased_purges":0,"victory":false,"max_hp_per_floor":[73,73,73,73,73,73,73,73,73,73,73,73,73,73,73,73,73,73,73,73,73,73,73,73,73,73,73,36,43,43,48,48,48,48,48,48,46,46,46,46,46,46,46,46,46,46,46,46,46,46,46,46],"relic_stats":{"Lee\u0027s Waffle":55,"counters":[57,300],"Astrolabe":["Finisher","Choke","Finisher"],"PreservedInsect":796,"Whetstone":["Neutralize","Quick Slash"],"Smiling Mask":25,"Cursed Key":2,"MawBank":48,"Peace Pipe":0,"Centennial Puzzle":[54],"Bronze Scales":[421],"MealTicket":13,"obtain_stats":[{"Lantern":10,"Incense Burner":36,"Whetstone":40,"Smiling Mask":31,"Cursed Key":34,"Nunchaku":40,"Centennial Puzzle":12,"Gambling Chip":27,"Pantograph":40,"Strawberry":29,"MealTicket":0,"Toxic Egg 2":9,"InkBottle":12,"Ring of the Snake":0,"Potion Belt":10,"Lee\u0027s Waffle":0,"The Specimen":0,"Dead Branch":45,"Astrolabe":17,"Eternal Feather":24,"The Courier":14,"PreservedInsect":0,"Omamori":24,"Letter Opener":27,"Paper Crane":26,"MawBank":47,"Mercury Hourglass":30,"Du-Vu Doll":7,"Peace Pipe":26,"OrangePellets":45,"Bronze Scales":9,"Snecko Eye":17,"Black Star":34},{"Lantern":5,"Incense Burner":49,"Whetstone":51,"Smiling Mask":46,"Cursed Key":47,"Nunchaku":22,"Centennial Puzzle":36,"Gambling Chip":16,"Pantograph":22,"Strawberry":44,"MealTicket":27,"Toxic Egg 2":4,"InkBottle":6,"Ring of the Snake":0,"Potion Belt":34,"Lee\u0027s Waffle":27,"The Specimen":27,"Dead Branch":23,"Astrolabe":39,"Eternal Feather":14,"The Courier":8,"PreservedInsect":27,"Omamori":43,"Letter Opener":16,"Paper Crane":14,"MawBank":54,"Mercury Hourglass":17,"Du-Vu Doll":33,"Peace Pipe":43,"OrangePellets":23,"Bronze Scales":33,"Snecko Eye":9,"Black Star":19},{"Lantern":21,"Incense Burner":232,"Whetstone":244,"Smiling Mask":212,"Cursed Key":223,"Nunchaku":92,"Centennial Puzzle":165,"Gambling Chip":66,"Pantograph":92,"Strawberry":200,"MealTicket":135,"Toxic Egg 2":18,"InkBottle":26,"Ring of the Snake":0,"Potion Belt":156,"Lee\u0027s Waffle":135,"The Specimen":135,"Dead Branch":99,"Astrolabe":177,"Eternal Feather":55,"The Courier":35,"PreservedInsect":135,"Omamori":195,"Letter Opener":66,"Paper Crane":55,"MawBank":263,"Mercury Hourglass":68,"Du-Vu Doll":154,"Peace Pipe":195,"OrangePellets":99,"Bronze Scales":154,"Snecko Eye":38,"Black Star":79}],"Ring of the Snake":[114]},"card_choices":[{"not_picked":["Calculated Gamble+1","Prepared+1"],"picked":"Skewer","floor":1.0},{"not_picked":["Outmaneuver+1","Masterful Stab"],"picked":"Deflect+1","floor":2.0},{"not_picked":["Prepared+1","Outmaneuver+1"],"picked":"PiercingWail+1","floor":3.0},{"not_picked":["Outmaneuver+1","PiercingWail+1"],"picked":"Blur+1","floor":4.0},{"not_picked":["Cloak And Dagger+1","PiercingWail+1"],"picked":"Leg Sweep+1","floor":5.0},{"not_picked":["Expertise+1","Blur+1"],"picked":"Glass Knife","floor":7.0},{"not_picked":["Backstab","Acrobatics+1","Riddle With Holes"],"picked":"SKIP","floor":10.0},{"not_picked":["Expertise+1","Slice"],"picked":"Quick Slash","floor":11.0},{"not_picked":["Tactician+1","Masterful Stab"],"picked":"Backflip+1","floor":12.0},{"not_picked":["Underhanded Strike","Quick Slash","Acrobatics+1"],"picked":"SKIP","floor":13.0},{"not_picked":["Blur+1","Dodge and Roll+1","Leg Sweep+1"],"picked":"SKIP","floor":14.0},{"not_picked":["A Thousand Cuts","Die Die Die"],"picked":"Malaise+1","floor":16.0},{"not_picked":["Slice","Quick Slash"],"picked":"Footwork+1","floor":18.0},{"not_picked":["Expertise+1","Poisoned Stab"],"picked":"PiercingWail+1","floor":21.0},{"not_picked":["Cloak And Dagger+1","Deadly Poison+1"],"picked":"Crippling Poison+1","floor":22.0},{"not_picked":["Quick Slash","Crippling Poison+1"],"picked":"Prepared+1","floor":24.0},{"not_picked":["Terror+1","Masterful Stab"],"picked":"Wraith Form v2","floor":29.0},{"not_picked":["Setup+1","Dagger Spray"],"picked":"Dodge and Roll+1","floor":30.0},{"not_picked":["Bane","Deflect+1"],"picked":"Acrobatics+1","floor":31.0},{"not_picked":["Glass Knife","Storm of Steel+1"],"picked":"Malaise+1","floor":33.0},{"not_picked":["Heel Hook","Flechettes+1"],"picked":"Dodge and Roll+1","floor":35.0},{"not_picked":["Quick Slash","Deadly Poison+1","Blade Dance+1"],"picked":"SKIP","floor":39.0},{"not_picked":["Masterful Stab+1","Outmaneuver+1"],"picked":"Venomology+1","floor":40.0},{"not_picked":["Choke","Riddle With Holes+1","Bane"],"picked":"SKIP","floor":44},{"not_picked":["Blade Dance+1","Sucker Punch"],"picked":"Escape Plan+1","floor":46},{"not_picked":["Heel Hook","Slice"],"picked":"Acrobatics+1","floor":47},{"not_picked":["Underhanded Strike","Deadly Poison+1","Poisoned Stab"],"picked":"SKIP","floor":48}],"player_experience":861666,"relics_obtained":[{"floor":7.0,"key":"Du-Vu Doll"},{"floor":9.0,"key":"Bronze Scales"},{"floor":10.0,"key":"Potion Belt"},{"floor":12.0,"key":"Centennial Puzzle"},{"floor":24.0,"key":"Omamori"},{"floor":26.0,"key":"Peace Pipe"},{"floor":29.0,"key":"Strawberry"},{"floor":31.0,"key":"Smiling Mask"},{"floor":36.0,"key":"Incense Burner"},{"floor":40.0,"key":"Whetstone"},{"floor":42,"key":"Paper Crane"},{"floor":47,"key":"MawBank"}],"event_choices":[{"cards_removed":["Strike_G"],"damage_healed":0.0,"max_hp_gain":0.0,"max_hp_loss":0.0,"gold_gain":0.0,"event_name":"Bonfire Elementals","player_choice":"Offered Basic","floor":19.0,"gold_loss":0.0,"damage_taken":0.0},{"damage_healed":0.0,"max_hp_gain":0.0,"max_hp_loss":37.0,"gold_gain":0.0,"event_name":"Ghosts","player_choice":"Became a Ghost","floor":28.0,"gold_loss":0.0,"damage_taken":0.0,"cards_obtained":["Ghostly","Ghostly","Ghostly"]},{"damage_healed":0.0,"max_hp_gain":0.0,"max_hp_loss":0.0,"gold_gain":0.0,"event_name":"Mysterious Sphere","player_choice":"Fight","floor":36.0,"gold_loss":0.0,"damage_taken":0.0},{"damage_healed":0.0,"max_hp_gain":0.0,"max_hp_loss":2.0,"gold_gain":0.0,"event_name":"Winding Halls","player_choice":"Max HP","floor":37.0,"gold_loss":0.0,"damage_taken":0.0},{"cards_removed":["Strike_G"],"damage_healed":0.0,"max_hp_gain":0.0,"max_hp_loss":0.0,"gold_gain":0.0,"event_name":"Falling","player_choice":"Removed Attack","floor":38.0,"gold_loss":0.0,"damage_taken":0.0}],"is_beta":false,"boss_relics":[{"not_picked":["SlaversCollar","Calling Bell"],"picked":"Astrolabe"},{"not_picked":["Ring of the Serpent","Philosopher\u0027s Stone"],"picked":"Cursed Key"}],"items_purged_floors":[],"is_endless":false,"potions_floor_spawned":[1,4,7,11,12,14,18,22,29,30,35,39,47],"killed_by":"Time Eater","ascension_level":20}}