{"host":"3c27c697js19kaoo","time":1611215658,"event":{"mods":["ATMod(°¢èªMod)","Aspiration","BaseMod","CapriCore","Dota2Spire","Hermit","Lobotomy","Minty Spire (QoL Compilation)","Quick Restart","Replay The Spire","Robot Space Explorer","RumiaBox-Â¶Ã×æ«µÄÉñÃØºÐ×Ó","Spicy Shops","StSLib","The Alterego","The Cursed","The Runesmith","The Servant 0.9.4","vexMod","¡¾¹¦ÄÜMod¡¿»ìãçÖ®»·ÐÞ¸´²¹¶¡","¡¾ÒÅÎï¿¨ÅÆ¡¿REMEMod"],"gold_per_floor":[114,114,289,289,312,312,356,356,379,379,393,373,396,412,412,412,412],"floor_reached":16,"language":"ZHS","playtime":577,"items_purged":[],"score":100,"play_id":"ddf6a801-a3dd-4b14-adf5-2925fb24b927","local_time":"20210121155418","is_ascension_mode":false,"campfire_choices":[{"data":"AT_EssenceShift","floor":6.0,"key":"SMITH"},{"data":"alterego_mod:BigMeatyClaws","floor":8.0,"key":"SMITH"},{"floor":10.0,"key":"REST"}],"circlet_count":0,"master_deck":["alterego_mod:Strike","alterego_mod:Strike","alterego_mod:Strike","alterego_mod:Strike","alterego_mod:Defend","alterego_mod:Defend","alterego_mod:Defend","alterego_mod:Defend","alterego_mod:Impale","alterego_mod:BigMeatyClaws+1","alterego_mod:BrynhildrsRune","AT_EssenceShift+1","alterego_mod:AlterEgo+1","LaLuna","Murderer","OldLady","alterego_mod:Mirror","Wellcheers"],"relics":["alterego_mod:MasochisticConstitution","REME_ComplimentaryCards","AT_ATBox","CogitoBucket","Golden Idol","Divine Protection","ReplayTheSpireMod:TigerMarble","BehaviorAdjustment"],"acts_visited":["Exordium"],"potions_floor_usage":[16],"damage_taken":[{"damage":16.0,"enemies":"Small Slimes","floor":1.0,"turns":3.0},{"damage":14.0,"enemies":"Jaw Worm","floor":5.0,"turns":4.0},{"damage":9.0,"enemies":"Lagavulin","floor":7.0,"turns":7.0},{"damage":0.0,"enemies":"Cultist","floor":11.0,"turns":3.0},{"damage":0.0,"enemies":"Blue Slaver","floor":13.0,"turns":2.0},{"damage":10.0,"enemies":"Exordium Wildlife","floor":14.0,"turns":3.0},{"damage":70,"enemies":"Hexaghost","floor":16,"turns":7}],"seed_played":"7550791787300380253","potions_obtained":[{"floor":11.0,"key":"Elixir"},{"floor":12.0,"key":"Block Potion"}],"is_trial":false,"path_per_floor":["M","?","?","?","M","R","E","R","T","R","M","?","M","M","R","B"],"character_chosen":"The_Alterego","items_purchased":[],"campfire_rested":1,"item_purchase_floors":[],"current_hp_per_floor":[55,55,55,48,42,42,34,34,34,54,54,54,54,51,69,0,0],"gold":412,"neow_bonus":"","is_daily":false,"chose_seed":false,"campfire_upgraded":2,"win_rate":0.0,"timestamp":1611215658,"path_taken":["M","?","?","?","?","R","E","R","T","R","M","?","?","M","R","BOSS"],"items_purchased_type":[],"build_version":"2020-12-22","purchased_purges":0,"victory":false,"max_hp_per_floor":[71,66,66,66,67,67,68,68,68,68,68,68,68,69,69,69,69],"card_choices":[{"not_picked":["CrumblingArmor","OldLady"],"picked":"LaLuna","floor":1.0},{"not_picked":["alterego_mod:Support","alterego_mod:GoddessCore","alterego_mod:Cooking"],"picked":"SKIP","floor":1.0},{"not_picked":["alterego_mod:Bloomers","alterego_mod:Punishment","alterego_mod:PresenceConcealment"],"picked":"SKIP","floor":5.0},{"not_picked":["WhitesApple","BeautyBeast"],"picked":"Murderer","floor":7.0},{"not_picked":["alterego_mod:Support","alterego_mod:SuperDuperMasochism","alterego_mod:TrashNCrash"],"picked":"SKIP","floor":7.0},{"not_picked":["RedShoes","LittleHelper"],"picked":"OldLady","floor":11.0},{"not_picked":["alterego_mod:BiFurious","alterego_mod:MagicResistance"],"picked":"alterego_mod:Mirror","floor":11.0},{"not_picked":["BeautyBeast","Porccubus"],"picked":"Wellcheers","floor":13.0},{"not_picked":["alterego_mod:DustData","alterego_mod:Table","alterego_mod:SideboobHour"],"picked":"SKIP","floor":13.0},{"not_picked":["alterego_mod:PerceptionDisorder","alterego_mod:MagicResistance","alterego_mod:BeGentle"],"picked":"SKIP","floor":14.0}],"player_experience":208005,"relics_obtained":[{"floor":7.0,"key":"Divine Protection"},{"floor":9.0,"key":"ReplayTheSpireMod:TigerMarble"}],"event_choices":[{"damage_healed":0.0,"max_hp_gain":0.0,"max_hp_loss":5.0,"gold_gain":0.0,"event_name":"Golden Idol","player_choice":"Lose Max HP","floor":2.0,"gold_loss":0.0,"damage_taken":0.0,"relics_obtained":["Golden Idol"]},{"damage_healed":0.0,"max_hp_gain":0.0,"max_hp_loss":0.0,"gold_gain":175.0,"event_name":"Liars Game","player_choice":"AGREE","floor":3.0,"gold_loss":0.0,"damage_taken":0.0,"cards_obtained":["Doubt"]},{"cards_removed":["Doubt"],"damage_healed":0.0,"max_hp_gain":0.0,"max_hp_loss":0.0,"gold_gain":0.0,"event_name":"Golden Wing","player_choice":"Card Removal","floor":4.0,"gold_loss":0.0,"damage_taken":7.0},{"damage_healed":0.0,"max_hp_gain":0.0,"max_hp_loss":0.0,"gold_gain":0.0,"event_name":"The Woman in Blue","player_choice":"Bought 1 Potion","floor":12.0,"gold_loss":0.0,"damage_taken":0.0}],"is_beta":false,"boss_relics":[],"items_purged_floors":[],"is_endless":false,"potions_floor_spawned":[11],"killed_by":"Hexaghost","ascension_level":0}}