{"host":"pesfwaef25r60kxm","time":1611248166,"event":{"mods":["Ascension Reborn","BaseMod","Challenge The Spire","Colored Powertips","Friendly Minions","Hunter 猎人","Kiyohime（清姬）","LagranYue(拉格朗・月)","Marisa（F雨　魔理沙）","Minty Spire (QoL Compilation)","Remilia（蕾米莉亚）","RumiaBox-露米娅的神秘盒子","Shop Mod","StSLib","Td1madao Mod","The Construct","The Cursed","The Poker Player","The Senshi","The Servant 0.9.4","Youmu（魂魄妖梦）","[IsaacMod]以撒尖塔","vexMod"],"gold_per_floor":[157,157,107,125,139,139,139,187,187,207,227,173,221,262,262,417,417,696,696,728,564,564,564,605,625,691,138,194,211,211,211,211,332,332,386,386,386,445,445,457,479,479,479,479,493,541,567,654,668,682,696,710,249,316,316],"floor_reached":56,"language":"ZHS","playtime":2411,"items_purged":["Strike_Giant+1","EagleFirst+1","EagleFirst+1","EagleSecond+1","Defend_Giant+1"],"score":450,"play_id":"d7e24d99-5aba-4219-a1e2-acc07d1e7315","local_time":"20210122005606","is_ascension_mode":true,"campfire_choices":[{"floor":6,"key":"RECALL"},{"data":"Clone Minion","floor":15,"key":"SMITH"},{"floor":23,"key":"REST"},{"data":"Beast Master","floor":30,"key":"SMITH"},{"data":"Up Up Up","floor":32,"key":"SMITH"},{"data":"Double Mana","floor":42,"key":"SMITH"},{"data":"Spirit Of Beast","floor":45,"key":"SMITH"},{"data":"ByrdPetCall","floor":49,"key":"SMITH"},{"data":"Protect_Giant","floor":52,"key":"SMITH"}],"circlet_count":0,"master_deck":["Defend_Giant+1","Defend_Giant+1","CultistPetCall+1","HPGrowth_Giant+1","Protect_Giant+1","Clone Minion+1","Up Up Up+1","ByrdPetCall+1","Fanatic Cultist+1","Beast Master+1","Spirit Of Beast+1","Encourage_Giant+1","Mana Growth+1","Double Mana+1","ByrdPetCall+1","HealerPetCall+1","Magnetism","Random Death Rattle","Mana Growth+1"],"relics":["GiantSoulBox","HushsDoor","LagranYue:RandomDrawCardRelic","Tiny Chest","MoneyPower","Incense Burner","Void","Blue Candle","Bag of Marbles","Ccalipers","GiantSoulStone","LagranYue:RareGoldArmorRelic","construct:ClawGrip","Toy Ornithopter","GnawedLeaf","theSenshi:SuperSailorFukuRelic","BlankCard","vexMod:CardConverter","PillsDrop","CultistMask","Orrery","MagicDraw4","Dream Catcher","HowToJump","SatanicBible","BookofShadows","ClockworkSouvenir","vexMod:PlasmaPancake","MagicMushroom","Ancient Tea Set","Pantograph","Calipers","MealTicket","Molten Egg 2","MawBank","LagranYue:ReturningEmperorRelic","ScarletDevilRocket","vexMod:ScavengeHelm","SteamSale","theSenshi:SailorFukuRelic","Gambling Chip","MerchantsRug","Blood Vial"],"acts_visited":["Exordium","TheCity","TheBeyond","TheEnding"],"potions_floor_usage":[12,55,55,55],"damage_taken":[{"damage":1,"enemies":"Jaw Worm","floor":1,"turns":2},{"damage":0,"enemies":"2 Louse","floor":4,"turns":2},{"damage":0,"enemies":"Cultist","floor":5,"turns":2},{"damage":0,"enemies":"2 Fungi Beasts","floor":8,"turns":3},{"damage":0,"enemies":"Red Slaver","floor":10,"turns":3},{"damage":0,"enemies":"Gremlin Gang","floor":11,"turns":3},{"damage":19,"enemies":"Hiden Room Battle","floor":12,"turns":5},{"damage":3,"enemies":"Exordium Wildlife","floor":13,"turns":3},{"damage":0,"enemies":"Gremlin Nob","floor":14,"turns":2},{"damage":0,"enemies":"Slime Boss","floor":16,"turns":5},{"damage":100000007,"enemies":"Shell Parasite","floor":18,"turns":3},{"damage":0,"enemies":"Gremlin Leader","floor":24,"turns":5},{"damage":0,"enemies":"Chosen","floor":25,"turns":3},{"damage":6,"enemies":"Shelled Parasite and Fungi","floor":28,"turns":4},{"damage":0,"enemies":"Snake Plant","floor":29,"turns":4},{"damage":0,"enemies":"Collector","floor":33,"turns":6},{"damage":0,"enemies":"Orb Walker","floor":35,"turns":4},{"damage":0,"enemies":"2 Orb Walkers","floor":38,"turns":4},{"damage":0,"enemies":"3 Darklings","floor":40,"turns":4},{"damage":0,"enemies":"Sphere and 2 Shapes","floor":41,"turns":3},{"damage":0,"enemies":"Reptomancer","floor":46,"turns":3},{"damage":0,"enemies":"Maw","floor":47,"turns":3},{"damage":0,"enemies":"Nemesis","floor":48,"turns":3},{"damage":0,"enemies":"Awakened One","floor":50,"turns":5},{"damage":2,"enemies":"Shield and Spear","floor":54,"turns":3},{"damage":74,"enemies":"LittleHush","floor":55,"turns":11}],"seed_played":"-8937769688697647490","potions_obtained":[{"floor":4,"key":"Block Potion"},{"floor":4,"key":"DuplicationPotion"},{"floor":5,"key":"SpiritPotion Giant"},{"floor":10,"key":"SpiritPotion Giant"},{"floor":12,"key":"DuplicationPotion"},{"floor":13,"key":"FairyPotion"},{"floor":13,"key":"SpiritPotion Giant"},{"floor":18,"key":"SkillPotion"}],"is_trial":false,"path_per_floor":["M","?","?","M","M","R","T","M","T","M","M","?","M","E","R","B",null,"M","?","T","$","?","R","E","M","T","$","M","M","R","?","R","B",null,"M","?","T","?","?","M","M","R","T","T","R","E","M","E","R","B",null,"R","$","E","B",null],"character_chosen":"Giant","items_purchased":["Orrery","SatanicBible","BookofShadows","ClockworkSouvenir","SteamSale","theSenshi:SailorFukuRelic","Gambling Chip","Magnetism","MerchantsRug"],"campfire_rested":1,"item_purchase_floors":[21,27,27,27,53,53,53,53,53],"current_hp_per_floor":[70,70,70,70,70,70,70,75,75,75,75,56,60,60,60,74,85,27,27,27,33,33,69,72,72,72,72,73,73,73,73,73,91,109,114,114,114,114,114,116,116,116,116,116,116,118,118,123,123,128,128,128,130,142,82],"gold":316,"neow_bonus":"RANDOM_COMMON_RELIC","is_daily":false,"chose_seed":false,"campfire_upgraded":7,"win_rate":0.0,"timestamp":1611248166,"path_taken":["M","?","?","?","M","R","?","M","T","?","M","?","M","E","R","BOSS","M","?","?","$","?","R","E","M","T","$","M","M","R","?","R","BOSS","M","?","?","?","?","?","M","R","T","?","R","E","M","E","R","BOSS","R","$","E","BOSS"],"items_purchased_type":["Relic","Relic","Relic","Relic","Relic","Relic","Relic","Card","Relic"],"build_version":"2020-12-22","purchased_purges":5,"victory":true,"max_hp_per_floor":[70,70,70,70,70,70,70,75,75,75,75,75,80,80,80,90,85,85,85,85,89,89,89,91,91,91,91,96,96,96,96,96,109,109,114,114,114,114,114,116,116,116,116,116,116,118,118,123,123,128,128,128,130,142,147],"card_choices":[{"not_picked":[],"picked":"SuicideKing","floor":0},{"not_picked":["Revenge Attack+1","Bloody Giant","Hunter Bow"],"picked":"SKIP","floor":1},{"not_picked":["Death Explode","TakeAction_Giant"],"picked":"Bomb","floor":4},{"not_picked":["GremlinTsunderePetCall","CultistPetCall"],"picked":"HPGrowth_Giant","floor":5},{"not_picked":["Echo Defend Giant","Combo Defend","EagleThird+1"],"picked":"SKIP","floor":8},{"not_picked":["Burning Pact Giant","Echo Attack"],"picked":"Protect_Giant","floor":10},{"not_picked":["Ready_Giant","Death Prophecy","Struggle Attack"],"picked":"SKIP","floor":11},{"not_picked":["Trace_Giant","Combo Defend"],"picked":"Clone Minion","floor":12},{"not_picked":["CultistForm","Discover Pet"],"picked":"Up Up Up","floor":13},{"not_picked":["LeftHookFist","Random Death Rattle"],"picked":"ByrdPetCall","floor":14},{"not_picked":["Echo Defend Giant+1","Bloody Giant"],"picked":"Fanatic Cultist+1","floor":14},{"not_picked":["GhostForm_Giant","SnakeForm"],"picked":"Beast Master","floor":16},{"not_picked":["EagleSecond+1","Sacrifice Summons","Combo Defend+1"],"picked":"SKIP","floor":18},{"not_picked":["Fanatic Cultist+1","Seek Pet+1","Duplicate Hand+1"],"picked":"SKIP","floor":18},{"not_picked":["Protect_Giant","Echo Defend Giant+1","Combo Recycle"],"picked":"SKIP","floor":18},{"not_picked":["Combo Connect+1","EagleSecond+1"],"picked":"Spirit Of Beast","floor":21},{"not_picked":["Discover Combo","Calmness Giant+1"],"picked":"Encourage_Giant+1","floor":21},{"not_picked":["Combo Recycle+1","Backflip Giant"],"picked":"Mana Growth+1","floor":24},{"not_picked":["Struggle Attack+1","Bloody Giant","Protect_Giant"],"picked":"SKIP","floor":25},{"not_picked":["Infinite Combo+1","Combo Defend","Pummel Giant"],"picked":"SKIP","floor":28},{"not_picked":["Pummel Giant+1","Combo Connect+1","Death Explode"],"picked":"SKIP","floor":29},{"not_picked":["Echo Attack","Beast Master"],"picked":"Double Mana","floor":33},{"not_picked":["Combo Recycle","Trace_Giant","Pummel Giant"],"picked":"SKIP","floor":35},{"not_picked":["Echo Defend Giant+1","Ready_Giant+1","Bloody Giant+1"],"picked":"SKIP","floor":35},{"not_picked":["Infinite Combo+1","Combo Recycle+1"],"picked":"ByrdPetCall+1","floor":40},{"not_picked":["Combo Recycle","Backward Giant","Pummel Giant+1"],"picked":"SKIP","floor":41},{"not_picked":["HPGrowth_Giant+1","ByrdPetCall+1"],"picked":"HealerPetCall+1","floor":46},{"not_picked":["CultistPetCall+1","Death Prophecy+1","Calmness Giant+1"],"picked":"SKIP","floor":47},{"not_picked":["Ready_Giant","Burning Pact Giant+1","Duplicate Hand+1"],"picked":"SKIP","floor":48},{"not_picked":["Unlimited Combo","GremlinNobPetCall"],"picked":"Random Death Rattle","floor":54},{"not_picked":["Protect_Giant","LeftHookFist+1"],"picked":"Mana Growth+1","floor":54}],"player_experience":160257,"relics_obtained":[{"floor":4,"key":"MoneyPower"},{"floor":7,"key":"Incense Burner"},{"floor":7,"key":"Void"},{"floor":9,"key":"War Paint"},{"floor":9,"key":"Blue Candle"},{"floor":12,"key":"AntiCross"},{"floor":12,"key":"Bag of Marbles"},{"floor":14,"key":"Ccalipers"},{"floor":16,"key":"GiantSoulStone"},{"floor":16,"key":"LagranYue:RareGoldArmorRelic"},{"floor":18,"key":"Toy Ornithopter"},{"floor":18,"key":"GnawedLeaf"},{"floor":18,"key":"theSenshi:SuperSailorFukuRelic"},{"floor":18,"key":"BlankCard"},{"floor":18,"key":"vexMod:CardConverter"},{"floor":18,"key":"PillsDrop"},{"floor":20,"key":"vexMod:RedPlottingStone"},{"floor":24,"key":"Dream Catcher"},{"floor":26,"key":"HowToJump"},{"floor":26,"key":"D6"},{"floor":33,"key":"vexMod:PlasmaPancake"},{"floor":37,"key":"Ancient Tea Set"},{"floor":37,"key":"Pantograph"},{"floor":38,"key":"Calipers"},{"floor":43,"key":"MealTicket"},{"floor":43,"key":"Molten Egg 2"},{"floor":44,"key":"MawBank"},{"floor":44,"key":"LagranYue:ReturningEmperorRelic"},{"floor":46,"key":"ScarletDevilRocket"},{"floor":48,"key":"vexMod:ScavengeHelm"},{"floor":54,"key":"Blood Vial"}],"event_choices":[{"damage_healed":0,"gold_gain":0,"player_choice":"Ignored","damage_taken":0,"max_hp_gain":0,"max_hp_loss":0,"event_name":"Shining Light","floor":2,"gold_loss":0},{"cards_removed":["Strike_Giant"],"damage_healed":0,"gold_gain":0,"player_choice":"Card Removal","damage_taken":0,"max_hp_gain":0,"max_hp_loss":0,"event_name":"The Cleric","floor":3,"gold_loss":50},{"damage_healed":0,"gold_gain":0,"player_choice":"Fight","damage_taken":0,"max_hp_gain":0,"max_hp_loss":0,"event_name":"HidenRoomEvent","floor":12,"gold_loss":0},{"damage_healed":0,"gold_gain":0,"player_choice":"Trade","damage_taken":0,"relics_obtained":["CultistMask"],"max_hp_gain":0,"max_hp_loss":0,"event_name":"FaceTrader","floor":19,"gold_loss":0},{"damage_healed":0,"gold_gain":0,"player_choice":"Opened","damage_taken":0,"relics_obtained":["MagicDraw4"],"max_hp_gain":0,"max_hp_loss":0,"event_name":"The Mausoleum","floor":22,"gold_loss":0},{"damage_healed":0,"gold_gain":0,"player_choice":"Ignored","damage_taken":0,"max_hp_gain":0,"max_hp_loss":0,"event_name":"Vampires","floor":31,"gold_loss":0},{"cards_removed":["Defend_Giant"],"damage_healed":0,"gold_gain":0,"player_choice":"Removed Skill","damage_taken":0,"max_hp_gain":0,"max_hp_loss":0,"event_name":"Falling","floor":36,"gold_loss":0},{"damage_healed":0,"gold_gain":0,"player_choice":"Fight","damage_taken":0,"max_hp_gain":0,"max_hp_loss":0,"event_name":"Mysterious Sphere","floor":38,"gold_loss":0},{"damage_healed":0,"gold_gain":0,"player_choice":"Ignored","damage_taken":0,"max_hp_gain":0,"max_hp_loss":0,"event_name":"Tomb of Lord Red Mask","floor":39,"gold_loss":0}],"is_beta":false,"boss_relics":[{"not_picked":["Sozu","Tiny House"],"picked":"construct:ClawGrip"},{"not_picked":[]},{"not_picked":["Busted Crown","Black Star"],"picked":"MagicMushroom"},{"not_picked":[]}],"items_purged_floors":[17,21,27,34,53],"is_endless":false,"potions_floor_spawned":[4,5,8,13,14,25,28,29,40,41,47,48,54],"ascension_level":-20}}