{"host":"g01l53quoe6lrer0","time":1611262081,"event":{"mods":["2.2 Compatiblity","AchievementEnabler","BaseMod","Colored Map","Highlight Path","Keyboard Shortcuts","Minty Spire (QoL Compilation)","Permanent Neow","StSLib","SuperFastMode","everything is the same but u backflip on backflip"],"gold_per_floor":[117,127,142,17,32,62,90,102,114,145,176,204,216,246,258,348,360,382,413,425,425],"floor_reached":20,"language":"KOR","playtime":555,"items_purged":["Defend_B"],"score":384,"play_id":"be6d182f-74b2-4cd8-955d-74258a697330","local_time":"20210122054801","is_ascension_mode":true,"campfire_choices":[{"data":"Zap","floor":13.0,"key":"SMITH"},{"floor":15.0,"key":"REST"}],"circlet_count":0,"master_deck":["AscendersBane","Strike_B","Strike_B","Strike_B","Strike_B","Defend_B","Defend_B","Defend_B","Zap+1","Dualcast","All For One","Hologram","Rebound","Steam","Beam Cell","Beam Cell","Melter","Double Energy","Redo","Gash","Gash","All For One","Gash","Gash+1"],"relics":["Cracked Core","MawBank","Pear","Inserter"],"acts_visited":["Exordium","TheCity"],"potions_floor_usage":[],"damage_taken":[{"damage":0.0,"enemies":"Cultist","floor":1.0,"turns":3.0},{"damage":2.0,"enemies":"2 Louse","floor":2.0,"turns":2.0},{"damage":7.0,"enemies":"Small Slimes","floor":3.0,"turns":4.0},{"damage":8.0,"enemies":"Blue Slaver","floor":5.0,"turns":3.0},{"damage":1.0,"enemies":"Gremlin Nob","floor":6.0,"turns":3.0},{"damage":0.0,"enemies":"Large Slime","floor":7.0,"turns":4.0},{"damage":2.0,"enemies":"2 Fungi Beasts","floor":8.0,"turns":2.0},{"damage":8.0,"enemies":"Blue Slaver","floor":10.0,"turns":2.0},{"damage":0.0,"enemies":"Gremlin Gang","floor":11.0,"turns":2.0},{"damage":12.0,"enemies":"Looter","floor":12.0,"turns":3.0},{"damage":31.0,"enemies":"Exordium Thugs","floor":14.0,"turns":4.0},{"damage":14.0,"enemies":"Slime Boss","floor":16.0,"turns":7.0},{"damage":30,"enemies":"2 Thieves","floor":18,"turns":4},{"damage":0,"enemies":"3 Byrds","floor":19,"turns":4},{"damage":47,"enemies":"Snecko","floor":20,"turns":5}],"seed_played":"3212413955611470292","potions_obtained":[{"floor":1.0,"key":"SmokeBomb"},{"floor":5.0,"key":"AttackPotion"},{"floor":7.0,"key":"Explosive Potion"},{"floor":11.0,"key":"DuplicationPotion"},{"floor":12.0,"key":"GamblersBrew"}],"is_trial":false,"path_per_floor":["M","M","M","$","M","E","M","M","T","M","M","M","R","M","R","B",null,"M","M","M"],"character_chosen":"DEFECT","items_purchased":["Beam Cell"],"campfire_rested":1,"item_purchase_floors":[4],"current_hp_per_floor":[64,62,55,55,47,46,46,44,54,46,46,34,34,3,27,13,64,34,34,0,0],"gold":425,"neow_bonus":"ONE_RANDOM_RARE_CARD","is_daily":false,"chose_seed":false,"campfire_upgraded":1,"win_rate":0.0,"timestamp":1611262081,"path_taken":["M","M","M","$","M","E","M","M","T","M","M","M","R","M","R","BOSS","M","?","M"],"items_purchased_type":["Card"],"build_version":"2020-12-22","purchased_purges":1,"victory":false,"max_hp_per_floor":[71,71,71,71,71,71,71,71,81,81,81,81,81,81,81,81,81,81,81,81,81],"card_choices":[{"not_picked":["Double Energy","Steam"],"picked":"Hologram","floor":1.0},{"not_picked":["Coolheaded","Meteor Strike"],"picked":"Rebound","floor":2.0},{"not_picked":["Capacitor","Leap"],"picked":"Steam","floor":3.0},{"not_picked":["Leap","Ball Lightning"],"picked":"Beam Cell","floor":5.0},{"not_picked":["Auto Shields","Beam Cell"],"picked":"Melter","floor":6.0},{"not_picked":["Sweeping Beam","Steam"],"picked":"Double Energy","floor":7.0},{"not_picked":["Thunder Strike","Rebound"],"picked":"Redo","floor":10.0},{"not_picked":["Darkness","Streamline"],"picked":"Gash","floor":11.0},{"not_picked":["Undo","Redo"],"picked":"Gash","floor":12.0},{"not_picked":["Ball Lightning","Heatsinks","Cold Snap"],"picked":"SKIP","floor":14.0},{"not_picked":["Machine Learning","Thunder Strike"],"picked":"All For One","floor":16.0},{"not_picked":["Hologram","Recycle"],"picked":"Gash","floor":18},{"not_picked":["Compile Driver+1","Force Field"],"picked":"Gash+1","floor":19}],"player_experience":221408,"relics_obtained":[{"floor":6.0,"key":"MawBank"},{"floor":9.0,"key":"Pear"}],"event_choices":[],"is_beta":false,"boss_relics":[{"not_picked":["Coffee Dripper","Runic Pyramid"],"picked":"Inserter"}],"items_purged_floors":[4],"is_endless":false,"potions_floor_spawned":[1,5,7,8,11,12],"killed_by":"Snecko","ascension_level":19}}