{"host":"g5ztulhog0otympt","time":1611241004,"event":{"mods":["AchievementEnabler","BaseMod","Bestiary","Downfall","Hermit","Minty Spire (QoL Compilation)","StSLib","The Cursed"],"gold_per_floor":[114,126,126,126,85,113,113,123,123,123,123,149,168,196,196,291,291,310,330,330,133,153,187,187,187,187,205,205,225,140,154,154,258,558,573,592,210,222,222,222,29,29,29,29,45,80,80,108,108,108],"floor_reached":51,"language":"ENG","playtime":1487,"items_purged":[],"score":917,"play_id":"b70c2259-b698-4a04-a24f-c8cf4f7c1b7f","local_time":"20210121165644","is_ascension_mode":true,"campfire_choices":[{"floor":7,"key":"REST"},{"floor":10,"key":"REST"},{"floor":15,"key":"REST"},{"floor":25,"key":"REST"},{"floor":28,"key":"REST"},{"data":"Dagger Spray","floor":32,"key":"SMITH"},{"floor":40,"key":"REST"},{"data":"Poisoned Stab","floor":42,"key":"SMITH"},{"data":"All Out Attack","floor":44,"key":"SMITH"},{"floor":49,"key":"REST"}],"circlet_count":0,"master_deck":["Strike_G+1","Strike_G+1","Strike_G+1","Strike_G+1","Strike_G+1","Defend_G+1","Defend_G+1","Defend_G+1","Defend_G+1","Defend_G+1","Survivor","Neutralize","All Out Attack+1","Terror","Catalyst+1","Dagger Spray+1","Deadly Poison+1","Backflip+1","Cloak And Dagger+1","Adrenaline+1","Distraction+1","Deadly Poison+1","Dagger Spray+1","All Out Attack","Poisoned Stab+1","CurseOfTheBell","Bane+1","Dodge and Roll+1","Deadly Poison+1","Deadly Poison+1","Bane+1","PiercingWail+1"],"relics":["Ring of the Snake","Toxic Egg 2","Regal Pillow","Sundial","Singing Bowl","SlaversCollar","Dead Branch","Happy Flower","Ninja Scroll","Unceasing Top","Kunai","Calling Bell","Bag of Marbles","Old Coin","Matryoshka","Thread and Needle","Sling","Lantern","Pantograph","Paper Crane","Bird Faced Urn"],"acts_visited":["Exordium","TheCity","TheBeyond"],"potions_floor_usage":[14,16,18,27,33,33,48,50,50,50],"damage_taken":[{"damage":7,"enemies":"Cultist","floor":1,"turns":5},{"damage":7,"enemies":"Small Slimes","floor":2,"turns":3},{"damage":23,"enemies":"3 Sentries","floor":6,"turns":9},{"damage":6,"enemies":"Jaw Worm","floor":8,"turns":4},{"damage":21,"enemies":"Gremlin Nob","floor":12,"turns":4},{"damage":16,"enemies":"2 Fungi Beasts","floor":13,"turns":3},{"damage":15,"enemies":"3 Sentries","floor":14,"turns":6},{"damage":35,"enemies":"The Guardian","floor":16,"turns":9},{"damage":18,"enemies":"Spheric Guardian","floor":18,"turns":5},{"damage":0,"enemies":"Chosen","floor":19,"turns":3},{"damage":18,"enemies":"Snecko","floor":22,"turns":4},{"damage":40,"enemies":"Slavers","floor":23,"turns":4},{"damage":11,"enemies":"Sentry and Sphere","floor":27,"turns":5},{"damage":4,"enemies":"3 Cultists","floor":29,"turns":3},{"damage":1,"enemies":"Snecko","floor":31,"turns":3},{"damage":13,"enemies":"Collector","floor":33,"turns":5},{"damage":21,"enemies":"3 Darklings","floor":35,"turns":3},{"damage":11,"enemies":"Orb Walker","floor":36,"turns":2},{"damage":0,"enemies":"Maw","floor":38,"turns":5},{"damage":38,"enemies":"Transient","floor":45,"turns":5},{"damage":0,"enemies":"Giant Head","floor":46,"turns":4},{"damage":11,"enemies":"Nemesis","floor":48,"turns":3},{"damage":60,"enemies":"Donu and Deca","floor":50,"turns":8}],"seed_played":"-5583825224534564472","potions_obtained":[{"floor":13,"key":"AttackPotion"},{"floor":14,"key":"SteroidPotion"},{"floor":16,"key":"Regen Potion"},{"floor":18,"key":"Ancient Potion"},{"floor":22,"key":"FearPotion"},{"floor":23,"key":"BlessingOfTheForge"},{"floor":33,"key":"DistilledChaos"},{"floor":36,"key":"hexamod:SoulburnPotion"},{"floor":48,"key":"Regen Potion"}],"is_trial":false,"path_per_floor":["M","M","?","?","$","E","R","M","T","R","?","E","M","E","R","B",null,"M","M","T","$","M","E","?","R","T","M","R","M","?","M","R","B",null,"M","M","$","M","?","R","$","R","T","R","M","E","?","E","R","B",null],"character_chosen":"THE_SILENT","items_purchased":["Terror","Deadly Poison+1","Happy Flower","Thread and Needle","Dodge and Roll+1","Strength Potion","Deadly Poison+1","Sling"],"campfire_rested":7,"item_purchase_floors":[5,21,21,37,37,37,41,41],"current_hp_per_floor":[70,63,63,68,68,45,69,63,63,82,82,61,45,30,69,34,82,75,75,75,75,57,19,19,59,59,50,88,84,84,83,83,72,90,71,60,60,60,62,94,94,94,94,94,56,58,58,47,90,56],"gold":108,"neow_bonus":"TEN_PERCENT_HP_BONUS","is_daily":false,"chose_seed":false,"campfire_upgraded":3,"win_rate":0.0,"timestamp":1611241004,"path_taken":["M","?","?","?","?","E","R","M","T","R","?","E","M","E","R","BOSS","M","M","?","$","M","E","?","R","T","M","R","M","?","M","R","BOSS","M","M","$","M","?","R","$","R","T","R","M","E","?","E","R","BOSS"],"items_purchased_type":["Card","Card","Relic","Relic","Card","Potion","Card","Relic"],"build_version":"2020-12-22","purchased_purges":0,"victory":true,"max_hp_per_floor":[77,77,77,82,82,82,82,82,82,82,82,82,82,82,82,82,82,84,84,84,84,84,86,86,86,86,88,88,88,88,88,88,90,90,92,92,92,92,94,94,94,94,94,94,94,96,96,96,96,96],"card_choices":[{"not_picked":["Slice","Deadly Poison"],"picked":"All Out Attack","floor":1},{"not_picked":["Outmaneuver","Deadly Poison"],"picked":"Cloak And Dagger","floor":2},{"not_picked":["Finisher","Backflip+1"],"picked":"Catalyst+1","floor":6},{"not_picked":["Prepared+1","Backflip+1"],"picked":"Dagger Spray","floor":8},{"not_picked":["Expertise+1","Skewer"],"picked":"Deadly Poison+1","floor":12},{"not_picked":["Dagger Throw","Quick Slash"],"picked":"Backflip+1","floor":13},{"not_picked":["Outmaneuver+1","Bane"],"picked":"Cloak And Dagger+1","floor":14},{"not_picked":["Malaise+1","Tools of the Trade"],"picked":"Adrenaline+1","floor":16},{"not_picked":["Underhanded Strike","Escape Plan+1","Slice"],"picked":"Singing Bowl","floor":18},{"not_picked":["Slice","Terror+1"],"picked":"Distraction+1","floor":19},{"not_picked":["Underhanded Strike","Finisher+1"],"picked":"Dagger Spray+1","floor":22},{"not_picked":["Concentrate+1","Prepared+1","Sucker Punch"],"picked":"Singing Bowl","floor":23},{"not_picked":["Slice","Blade Dance+1","Sucker Punch+1"],"picked":"Singing Bowl","floor":27},{"not_picked":["Unload","Terror+1"],"picked":"All Out Attack","floor":29},{"not_picked":["Blade Dance+1","Sucker Punch"],"picked":"Poisoned Stab","floor":31},{"not_picked":["Malaise+1","Unload","Tools of the Trade"],"picked":"Singing Bowl","floor":33},{"not_picked":["Choke+1","Dagger Throw","Well Laid Plans+1"],"picked":"Singing Bowl","floor":35},{"not_picked":["Bouncing Flask+1","Outmaneuver+1"],"picked":"Bane+1","floor":36},{"not_picked":["PiercingWail+1","Masterful Stab+1"],"picked":"Deadly Poison+1","floor":38},{"not_picked":["Transmutation+1","Master of Strategy+1","Panacea+1"],"picked":"Singing Bowl","floor":39},{"not_picked":["Footwork+1","Deflect+1"],"picked":"Bane+1","floor":45},{"not_picked":["Concentrate+1","Outmaneuver+1","Underhanded Strike+1"],"picked":"Singing Bowl","floor":46},{"not_picked":["Outmaneuver+1","Skewer"],"picked":"PiercingWail+1","floor":48}],"player_experience":115637,"relics_obtained":[{"floor":6,"key":"Toxic Egg 2"},{"floor":9,"key":"Regal Pillow"},{"floor":12,"key":"Sundial"},{"floor":14,"key":"Singing Bowl"},{"floor":20,"key":"Dead Branch"},{"floor":23,"key":"Ninja Scroll"},{"floor":26,"key":"Unceasing Top"},{"floor":34,"key":"Bag of Marbles"},{"floor":34,"key":"Old Coin"},{"floor":34,"key":"Matryoshka"},{"floor":43,"key":"Lantern"},{"floor":43,"key":"Pantograph"},{"floor":46,"key":"Paper Crane"},{"floor":48,"key":"Bird Faced Urn"}],"event_choices":[{"damage_healed":0,"gold_gain":0,"player_choice":"Ignored","damage_taken":0,"max_hp_gain":0,"max_hp_loss":0,"event_name":"Liars Game","floor":3,"gold_loss":0},{"damage_healed":0,"gold_gain":0,"player_choice":"Donut","damage_taken":0,"max_hp_gain":5,"max_hp_loss":0,"event_name":"Big Fish","floor":4,"gold_loss":0},{"cards_removed":["Cloak And Dagger"],"damage_healed":0,"gold_gain":0,"player_choice":"Purged","damage_taken":0,"max_hp_gain":0,"max_hp_loss":0,"event_name":"Purifier","floor":11,"gold_loss":0},{"damage_healed":0,"gold_gain":0,"player_choice":"Simplicity","damage_taken":0,"max_hp_gain":0,"max_hp_loss":0,"event_name":"Back to Basics","floor":24,"gold_loss":0,"cards_upgraded":["Strike_G","Strike_G","Strike_G","Strike_G","Strike_G","Defend_G","Defend_G","Defend_G","Defend_G","Defend_G"]},{"damage_healed":0,"gold_gain":0,"player_choice":"Obtained Relic","damage_taken":0,"relics_obtained":["Kunai"],"max_hp_gain":0,"max_hp_loss":0,"event_name":"Addict","floor":30,"gold_loss":85},{"damage_healed":0,"gold_gain":0,"player_choice":"Memory 1","damage_taken":0,"max_hp_gain":0,"max_hp_loss":0,"event_name":"SensoryStone","floor":39,"gold_loss":0},{"damage_healed":0,"gold_gain":0,"player_choice":"Ignored","damage_taken":0,"max_hp_gain":0,"max_hp_loss":0,"event_name":"Mysterious Sphere","floor":47,"gold_loss":0}],"is_beta":false,"boss_relics":[{"not_picked":["Snecko Eye","Black Star"],"picked":"SlaversCollar"},{"not_picked":["Velvet Choker","SacredBark"],"picked":"Calling Bell"}],"items_purged_floors":[],"is_endless":false,"potions_floor_spawned":[6,13,14,16,18,22,23,33,36,45,48],"ascension_level":2}}