{"host":"1a3cjta80tad0aqj","time":1611267007,"event":{"mods":["2.2 Compatiblity","AchievementEnabler","BaseMod","Colored Map","DeckTracker","KOR Keyword Fix","Keyboard Shortcuts","Minty Spire (QoL Compilation)","Permanent Neow","Quick Restart","Random Character Button","StSLib","SuperFastMode","everything is the same but u backflip on backflip"],"gold_per_floor":[117,136,57,76,87,118,118,218,218,235,235,235,235,264,264,366,366,383,398,398,137,147,176,176,255,255,274,305,317,329,360,372,481,493,519,531,553,267,280,310,323,323,323,352,352,0,0,34,34,34,34,34,34,63,63,63],"floor_reached":55,"language":"KOR","playtime":2847,"items_purged":["Strike_P","Strike_P"],"score":928,"play_id":"6840fc18-73be-4bf6-a8a5-9f052dfd052a","local_time":"20210122071007","is_ascension_mode":false,"campfire_choices":[{"floor":7.0,"key":"REST"},{"floor":12.0,"key":"REST"},{"floor":15.0,"key":"RECALL"},{"data":"LessonLearned","floor":24.0,"key":"SMITH"},{"data":"Eruption","floor":30.0,"key":"SMITH"},{"floor":32.0,"key":"REST"},{"floor":42.0,"key":"REST"},{"data":"TalkToTheHand","floor":45.0,"key":"SMITH"},{"data":"FlurryOfBlows","floor":47.0,"key":"SMITH"},{"data":"MentalFortress","floor":49.0,"key":"SMITH"},{"floor":52.0,"key":"REST"}],"circlet_count":0,"master_deck":["Strike_P+1","Strike_P+1","Defend_P+1","Defend_P+1","Defend_P+1","Eruption+1","Vigilance+1","Blasphemy+1","Prostrate+1","FlurryOfBlows+1","Meditate+1","LessonLearned+1","Tantrum+1","Wallop+1","Omniscience+1","Prostrate+1","Conclude+1","TalkToTheHand+1","Ragnarok+1","TalkToTheHand+1","Halt+1","MentalFortress+1","MentalFortress+1","FearNoEvil+1"],"relics":["PureWater","HornCleat","TeardropLocket","Meat on the Bone","Black Star","Bag of Preparation","Happy Flower","Mercury Hourglass","War Paint","Ancient Tea Set","MawBank","Sozu","PreservedInsect","Potion Belt","GoldenEye","Regal Pillow","CloakClasp","Bronze Scales","Red Mask","Ornamental Fan","Blood Vial","Yang","Turnip"],"acts_visited":["Exordium","TheCity","TheBeyond","TheEnding"],"potions_floor_usage":[],"damage_taken":[{"damage":4.0,"enemies":"Small Slimes","floor":1.0,"turns":3.0},{"damage":0.0,"enemies":"Cultist","floor":2.0,"turns":4.0},{"damage":5.0,"enemies":"2 Louse","floor":4.0,"turns":2.0},{"damage":10.0,"enemies":"Exordium Wildlife","floor":5.0,"turns":4.0},{"damage":28.0,"enemies":"3 Sentries","floor":6.0,"turns":10.0},{"damage":0.0,"enemies":"3 Louse","floor":10.0,"turns":2.0},{"damage":0.0,"enemies":"Gremlin Nob","floor":14.0,"turns":3.0},{"damage":0.0,"enemies":"Slime Boss","floor":16.0,"turns":8.0},{"damage":1.0,"enemies":"Shell Parasite","floor":18.0,"turns":5.0},{"damage":1.0,"enemies":"Chosen","floor":19.0,"turns":4.0},{"damage":0.0,"enemies":"Snecko","floor":22.0,"turns":3.0},{"damage":13.0,"enemies":"Slavers","floor":23.0,"turns":5.0},{"damage":2.0,"enemies":"Chosen and Byrds","floor":27.0,"turns":3.0},{"damage":2.0,"enemies":"Gremlin Leader","floor":28.0,"turns":4.0},{"damage":9.0,"enemies":"Shelled Parasite and Fungi","floor":31.0,"turns":4.0},{"damage":63.0,"enemies":"Collector","floor":33.0,"turns":12.0},{"damage":0.0,"enemies":"3 Darklings","floor":35.0,"turns":4.0},{"damage":4.0,"enemies":"3 Shapes","floor":37.0,"turns":4.0},{"damage":0.0,"enemies":"3 Darklings","floor":39.0,"turns":6.0},{"damage":0.0,"enemies":"Giant Head","floor":40.0,"turns":7.0},{"damage":21.0,"enemies":"4 Shapes","floor":41.0,"turns":3.0},{"damage":0.0,"enemies":"Reptomancer","floor":44.0,"turns":2.0},{"damage":0.0,"enemies":"Nemesis","floor":48.0,"turns":3.0},{"damage":34.0,"enemies":"Time Eater","floor":50.0,"turns":9.0},{"damage":0.0,"enemies":"Shield and Spear","floor":54.0,"turns":1.0},{"damage":74,"enemies":"The Heart","floor":55,"turns":5}],"seed_played":"4900297058335057243","potions_obtained":[{"floor":2.0,"key":"SpeedPotion"},{"floor":14.0,"key":"Energy Potion"},{"floor":18.0,"key":"PowerPotion"},{"floor":22.0,"key":"Block Potion"},{"floor":28.0,"key":"StancePotion"}],"is_trial":false,"path_per_floor":["M","M","$","M","M","E","R","?","T","M","?","R","?","E","R","B",null,"M","M","?","$","M","E","R","T","T","M","E","$","R","M","R","B",null,"M","?","M","$","M","E","M","R","T","E","R","?","R","E","R","B",null,"R","$","E","B"],"character_chosen":"WATCHER","items_purchased":["Meditate","Bag of Preparation","Conclude","PreservedInsect","Halt"],"campfire_rested":5,"item_purchase_floors":[3,21,21,38,38],"current_hp_per_floor":[68,68,68,63,53,25,46,46,46,46,46,67,60,60,60,60,72,71,70,70,70,70,57,57,57,57,55,53,53,53,44,65,14,72,72,72,68,68,68,68,47,68,68,68,68,68,68,68,68,48,72,72,72,72,0,0],"gold":63,"neow_bonus":"ONE_RANDOM_RARE_CARD","is_daily":false,"chose_seed":false,"campfire_upgraded":5,"win_rate":0.0,"timestamp":1611267007,"path_taken":["M","M","$","M","M","E","R","?","T","?","?","R","?","E","R","BOSS","M","M","?","$","M","E","R","?","T","M","E","$","R","M","R","BOSS","M","?","M","$","?","E","M","R","T","E","R","?","R","E","R","BOSS","R","$","E","BOSS"],"items_purchased_type":["Card","Relic","Card","Relic","Card"],"build_version":"2020-12-22","purchased_purges":2,"victory":false,"max_hp_per_floor":[72,72,72,72,72,72,72,72,72,72,72,72,72,72,72,72,72,72,72,72,72,72,72,72,72,72,72,72,72,72,72,72,72,72,72,72,72,72,72,72,72,72,72,72,72,72,72,72,72,72,72,72,72,72,72,72],"card_choices":[{"not_picked":["BowlingBash","EmptyFist"],"picked":"Prostrate","floor":1.0},{"not_picked":["Nirvana","Evaluate"],"picked":"FlurryOfBlows","floor":2.0},{"not_picked":["Protect","EmptyBody"],"picked":"LessonLearned","floor":4.0},{"not_picked":["Weave","Consecrate","EmptyFist"],"picked":"SKIP","floor":5.0},{"not_picked":["Sanctity","FlyingSleeves"],"picked":"Tantrum","floor":6.0},{"not_picked":["FlurryOfBlows","TalkToTheHand"],"picked":"Wallop","floor":10.0},{"not_picked":["ClearTheMind","MasterReality","SashWhip"],"picked":"SKIP","floor":14.0},{"not_picked":["DevaForm","MasterReality"],"picked":"Omniscience","floor":16.0},{"not_picked":["DeceiveReality","Meditate"],"picked":"Prostrate","floor":18.0},{"not_picked":["FlyingSleeves","SashWhip","CarveReality"],"picked":"SKIP","floor":19.0},{"not_picked":["WindmillStrike+1","ClearTheMind","Wallop+1"],"picked":"SKIP","floor":22.0},{"not_picked":["Wish","CrushJoints"],"picked":"TalkToTheHand","floor":23.0},{"not_picked":["EmptyBody","FlurryOfBlows+1","PathToVictory"],"picked":"SKIP","floor":27.0},{"not_picked":["Wallop+1","Evaluate","Conclude"],"picked":"SKIP","floor":28.0},{"not_picked":["Consecrate","SandsOfTime+1","FollowUp"],"picked":"SKIP","floor":31.0},{"not_picked":["Blasphemy","Wish"],"picked":"Ragnarok","floor":33.0},{"not_picked":["Vengeance+1","Fasting2","BowlingBash"],"picked":"SKIP","floor":35.0},{"not_picked":["Study","Protect"],"picked":"TalkToTheHand","floor":37.0},{"not_picked":["ClearTheMind","SashWhip+1","SandsOfTime+1"],"picked":"SKIP","floor":39.0},{"not_picked":["EmptyBody","Consecrate+1"],"picked":"MentalFortress","floor":40.0},{"not_picked":["Prostrate","ConjureBlade"],"picked":"MentalFortress+1","floor":41.0},{"not_picked":["Crescendo+1","Consecrate","LikeWater"],"picked":"SKIP","floor":44.0},{"not_picked":["Pray+1","FollowUp+1"],"picked":"FearNoEvil+1","floor":48.0},{"not_picked":["ReachHeaven+1","SignatureMove+1","Consecrate+1"],"picked":"SKIP","floor":54.0}],"player_experience":865764,"relics_obtained":[{"floor":6.0,"key":"HornCleat"},{"floor":9.0,"key":"TeardropLocket"},{"floor":14.0,"key":"Meat on the Bone"},{"floor":23.0,"key":"Happy Flower"},{"floor":23.0,"key":"Mercury Hourglass"},{"floor":26.0,"key":"War Paint"},{"floor":28.0,"key":"Ancient Tea Set"},{"floor":28.0,"key":"MawBank"},{"floor":40.0,"key":"Potion Belt"},{"floor":40.0,"key":"GoldenEye"},{"floor":43.0,"key":"Regal Pillow"},{"floor":44.0,"key":"CloakClasp"},{"floor":44.0,"key":"Bronze Scales"},{"floor":48.0,"key":"Ornamental Fan"},{"floor":48.0,"key":"Blood Vial"},{"floor":54.0,"key":"Yang"},{"floor":54.0,"key":"Turnip"}],"event_choices":[{"damage_healed":0.0,"max_hp_gain":0.0,"max_hp_loss":0.0,"gold_gain":100.0,"event_name":"Golden Shrine","player_choice":"Pray","floor":8.0,"gold_loss":0.0,"damage_taken":0.0},{"damage_healed":0.0,"max_hp_gain":0.0,"max_hp_loss":0.0,"gold_gain":0.0,"event_name":"Liars Game","player_choice":"Ignored","floor":11.0,"gold_loss":0.0,"damage_taken":0.0},{"cards_removed":["Defend_P"],"damage_healed":0.0,"max_hp_gain":0.0,"max_hp_loss":0.0,"gold_gain":0.0,"event_name":"Golden Wing","player_choice":"Card Removal","floor":13.0,"gold_loss":0.0,"damage_taken":7.0},{"damage_healed":0.0,"max_hp_gain":0.0,"max_hp_loss":0.0,"gold_gain":0.0,"event_name":"Vampires","player_choice":"Ignored","floor":20.0,"gold_loss":0.0,"damage_taken":0.0},{"damage_healed":0.0,"max_hp_gain":0.0,"max_hp_loss":0.0,"gold_gain":0.0,"event_name":"Accursed Blacksmith","player_choice":"Forge","floor":36.0,"gold_loss":0.0,"damage_taken":0.0,"cards_upgraded":["Ragnarok"]},{"damage_healed":0.0,"max_hp_gain":0.0,"max_hp_loss":0.0,"gold_gain":0.0,"event_name":"Tomb of Lord Red Mask","player_choice":"Paid","floor":46.0,"gold_loss":352.0,"damage_taken":0.0,"relics_obtained":["Red Mask"]}],"is_beta":false,"boss_relics":[{"not_picked":["Empty Cage","Runic Pyramid"],"picked":"Black Star"},{"not_picked":["Astrolabe","Tiny House"],"picked":"Sozu"}],"items_purged_floors":[21,38],"is_endless":false,"potions_floor_spawned":[2,14,18,22,28,37,39,40],"killed_by":"The Heart","ascension_level":0}}