{"host":"xlyaqk2h7qrmsurq","time":1611269979,"event":{"mods":["BaseMod","Bestiary","Colored Map","Highlight Path","Minty Spire (QoL Compilation)"],"gold_per_floor":[118,138,153,103,103,133,144,144,144,69,89,52,7,7,7,7,7],"floor_reached":16,"language":"ENG","playtime":1764,"items_purged":["Strike_P"],"score":100,"play_id":"5b430905-4240-47c7-bdd0-da00f2f44227","local_time":"20210121185939","is_ascension_mode":false,"campfire_choices":[{"floor":15,"key":"REST"}],"circlet_count":0,"master_deck":["Strike_P+1","Defend_P","Defend_P","Defend_P","Defend_P","Eruption","Vigilance","FollowUp","Meditate","BowlingBash","LessonLearned+1","FlyingSleeves","ConjureBlade","WheelKick","Conclude","WheelKick"],"relics":["PureWater","NeowsBlessing","Juzu Bracelet","Toxic Egg 2"],"acts_visited":["Exordium"],"potions_floor_usage":[16,16],"damage_taken":[{"damage":0,"enemies":"Jaw Worm","floor":1,"turns":1},{"damage":0,"enemies":"2 Louse","floor":2,"turns":1},{"damage":0,"enemies":"Cultist","floor":3,"turns":1},{"damage":35,"enemies":"3 Sentries","floor":6,"turns":10},{"damage":14,"enemies":"Lots of Slimes","floor":7,"turns":5},{"damage":8,"enemies":"Blue Slaver","floor":11,"turns":4},{"damage":38,"enemies":"Slime Boss","floor":16,"turns":8}],"seed_played":"-525067788237579492","potions_obtained":[{"floor":1,"key":"SteroidPotion"},{"floor":6,"key":"SmokeBomb"},{"floor":7,"key":"BottledMiracle"}],"is_trial":false,"path_per_floor":["M","M","M","?","?","E","M","?","T","$","M","$","?","?","R","B"],"character_chosen":"WATCHER","items_purchased":["WheelKick"],"campfire_rested":1,"item_purchase_floors":[12],"current_hp_per_floor":[72,72,72,72,72,37,23,23,23,23,15,15,15,15,36,0,0],"gold":7,"neow_bonus":"THREE_ENEMY_KILL","is_daily":false,"chose_seed":false,"campfire_upgraded":0,"win_rate":0.0,"timestamp":1611269979,"path_taken":["M","M","M","?","?","E","M","?","T","$","M","?","?","?","R","BOSS"],"items_purchased_type":["Card"],"build_version":"2020-12-22","purchased_purges":1,"victory":false,"max_hp_per_floor":[72,72,72,72,72,72,72,72,72,72,72,72,72,72,72,72,72],"card_choices":[{"not_picked":["Nirvana","PathToVictory"],"picked":"FollowUp","floor":1},{"not_picked":["Adaptation","Halt"],"picked":"Meditate","floor":2},{"not_picked":["FollowUp","EmptyBody"],"picked":"BowlingBash","floor":3},{"not_picked":["CutThroughFate","JustLucky"],"picked":"ConjureBlade","floor":6},{"not_picked":["ClearTheMind","Weave"],"picked":"WheelKick","floor":7},{"not_picked":["Fasting2","Swivel+1"],"picked":"Conclude","floor":11}],"player_experience":326305,"relics_obtained":[{"floor":6,"key":"Juzu Bracelet"},{"floor":9,"key":"Toxic Egg 2"}],"event_choices":[{"cards_removed":["Strike_P"],"damage_healed":0,"gold_gain":0,"player_choice":"Card Removal","damage_taken":0,"max_hp_gain":0,"max_hp_loss":0,"event_name":"The Cleric","floor":4,"gold_loss":50},{"damage_healed":0,"gold_gain":0,"player_choice":"2 cards matched","damage_taken":0,"max_hp_gain":0,"max_hp_loss":0,"event_name":"Match and Keep!","floor":5,"gold_loss":0,"cards_obtained":["LessonLearned","FlyingSleeves"]},{"cards_removed":["Strike_P"],"damage_healed":0,"gold_gain":0,"player_choice":"Purged","damage_taken":0,"max_hp_gain":0,"max_hp_loss":0,"event_name":"Purifier","floor":8,"gold_loss":0},{"damage_healed":0,"gold_gain":0,"player_choice":"Left Gold","damage_taken":0,"max_hp_gain":0,"max_hp_loss":0,"event_name":"World of Goop","floor":13,"gold_loss":45},{"damage_healed":0,"gold_gain":0,"player_choice":"Got Potions","damage_taken":0,"max_hp_gain":0,"max_hp_loss":0,"event_name":"Lab","floor":14,"gold_loss":0}],"is_beta":false,"boss_relics":[],"items_purged_floors":[10],"is_endless":false,"potions_floor_spawned":[1,6,7],"killed_by":"Slime Boss","ascension_level":0}}