{"host":"0wzx847a4uibrodg","time":1611189451,"event":{"mods":["ATMod(∞¢Ë™Mod)","Act Like it!","Aspiration","BaseMod","KomeijiMod","Lobotomy","LobotomyExtend","Minty Spire (QoL Compilation)","Reimu£®≤©¿ˆ¡È√Œ£©","Replay The Spire","Spicy Shops","StSLib","The Cursed","UnlockEverythingMod","vexMod","°æ“≈ŒÔø®≈∆°øREMEMod"],"gold_per_floor":[109,109,120,40,53,53,86,104,104,104,3,3,3,3,3,103,103,103,449,449,464,475,475,504,533,533,533,27,43,60,74,74,175,175,191,245,245,265,283,283,310,310,334,352,77,92,106,122,122,122,122,122,122,22,48,48],"floor_reached":57,"language":"ZHS","playtime":4366,"items_purged":["Strike_Lin:ReiMu","Strike_Lin:ReiMu","Strike_Lin:ReiMu"],"score":1254,"play_id":"64f788b4-b71d-4899-9037-8c4df25b8688","local_time":"20210121083731","is_ascension_mode":false,"campfire_choices":[{"data":"AT_FocusSwordFire","floor":6.0,"key":"SMITH"},{"data":"MikOfLucky:ReiMu","floor":15.0,"key":"SMITH"},{"floor":23.0,"key":"REST"},{"data":"KamiRite:ReiMu","floor":32.0,"key":"SMITH"},{"data":"NineCharacters:ReiMu","floor":40.0,"key":"SMITH"},{"data":"Intuition:ReiMu","floor":42.0,"key":"SMITH"},{"floor":49.0,"key":"RECALL"},{"data":"Madness","floor":53.0,"key":"SMITH"}],"circlet_count":2,"master_deck":["NB:ReiMu+1","Stagnation:ReiMu","AT_FocusSwordFire+1","FantasyMoon:ReiMu+1","SpreadBorder2:ReiMu","Intuition:ReiMu+1","SafetyPray:ReiMu","MikOfLucky:ReiMu+1","Madness+1","Gathering:ReiMu+1","CardOfSanctity:ReiMu+1","KamiSacrifice:ReiMu+1","KamiSacrifice:ReiMu+1","Intuition:ReiMu+1","PassingAway:ReiMu","SpreadBorder2:ReiMu+1","NineCharacters:ReiMu+1","KamiRite:ReiMu+1","ShadowOfCrow2:ReiMu","CardOfSanctity:ReiMu","Meditation:ReiMu+1","Dreaming:ReiMu","RainPray2:ReiMu+1","WonderfulDomain:ReiMu+1","ReplayTheSpireMod:Tripwire","Night Terror","Blade Dance","Enchanting:ReiMu","AlertArray:ReiMu","TightArray:ReiMu","Clumsy","Authority:ReiMu","AirStrike:ReiMu+1"],"relics":["AT_ATBox","REME_ComplimentaryCards","Empty Cage","Circlet","LetterFromLob","The Courier","Garlic","vexMod:ImprovementManual","Old Coin","aspiration:RitualStick","vexMod:MemoryStick","Red Mask","vexMod:Dragonfruit","Replay:Grab Bag","vexMod:CursedCompass","Busted Crown","Snecko Eye","REME_IWantAll","vexMod:ScavengeHelm","Bottled Tornado","Mummified Hand"],"acts_visited":["Gensokyo:Gensokyo","TheCity","TheBeyond","TheEnding"],"potions_floor_usage":[56,56],"damage_taken":[{"damage":10.0,"enemies":"Gensokyo:Gryphon","floor":1.0,"turns":5.0},{"damage":4.0,"enemies":"Gensokyo:2_Kodama","floor":3.0,"turns":5.0},{"damage":0.0,"enemies":"Gensokyo:Python","floor":5.0,"turns":2.0},{"damage":7.0,"enemies":"Gensokyo:Cirno","floor":7.0,"turns":9.0},{"damage":5.0,"enemies":"Gensokyo:3_Kodama","floor":8.0,"turns":7.0},{"damage":16.0,"enemies":"Gensokyo:Kokoro","floor":16.0,"turns":12.0},{"damage":19.0,"enemies":"Chosen","floor":19.0,"turns":7.0},{"damage":0.0,"enemies":"3 Byrds","floor":21.0,"turns":4.0},{"damage":18.0,"enemies":"Centurion and Healer","floor":22.0,"turns":8.0},{"damage":10.0,"enemies":"Gremlin Leader","floor":24.0,"turns":8.0},{"damage":0.0,"enemies":"Masked Bandits","floor":25.0,"turns":2.0},{"damage":0.0,"enemies":"Snecko","floor":29.0,"turns":7.0},{"damage":4.0,"enemies":"Snake Plant","floor":30.0,"turns":6.0},{"damage":0.0,"enemies":"Cultist and Chosen","floor":31.0,"turns":5.0},{"damage":0.0,"enemies":"Collector","floor":33.0,"turns":6.0},{"damage":0.0,"enemies":"3 Shapes","floor":35.0,"turns":3.0},{"damage":10.0,"enemies":"2 Orb Walkers","floor":36.0,"turns":4.0},{"damage":17.0,"enemies":"Orb Walker","floor":38.0,"turns":4.0},{"damage":0.0,"enemies":"Maw","floor":39.0,"turns":8.0},{"damage":0.0,"enemies":"R_Hoarder","floor":41.0,"turns":12.0},{"damage":18.0,"enemies":"Transient","floor":44.0,"turns":5.0},{"damage":0.0,"enemies":"Sphere and 2 Shapes","floor":46.0,"turns":4.0},{"damage":0.0,"enemies":"Spire Growth","floor":47.0,"turns":5.0},{"damage":0.0,"enemies":"Maw","floor":48.0,"turns":6.0},{"damage":5.0,"enemies":"Awakened One","floor":50.0,"turns":8.0},{"damage":17.0,"enemies":"Shield and Spear","floor":55.0,"turns":6.0},{"damage":31,"enemies":"The Heart","floor":56,"turns":10}],"seed_played":"-9055651289412638073","potions_obtained":[{"floor":1.0,"key":"Ancient Potion"},{"floor":8.0,"key":"Swift Potion"},{"floor":16.0,"key":"REME_GoldPotion"},{"floor":19.0,"key":"Explosive Potion"},{"floor":21.0,"key":"LiquidBronze"},{"floor":24.0,"key":"CalmPotion"},{"floor":30.0,"key":"Fire Potion"},{"floor":33.0,"key":"Fire Potion"},{"floor":41.0,"key":"BlessingOfTheForge"},{"floor":46.0,"key":"Milkshake"},{"floor":55.0,"key":"Strength Potion"}],"is_trial":false,"path_per_floor":["M","?","M","COS","M","R","E","M","T","?","$","?","$","?","R","B",null,"M","M","?","M","M","R","E","?","T","?","$","M","M","M","R","B",null,"M","?","?","M","M","R","E","R","T","M","$","M","M","M","R","B",null,null,"R","$","E","B",null],"character_chosen":"REIMU","items_purchased":["Gathering:ReiMu","BlessingOfTheForge","NineCharacters:ReiMu","KamiRite:ReiMu","Bottled Tornado","Mummified Hand"],"campfire_rested":1,"item_purchase_floors":[11,11,28,28,45,45],"current_hp_per_floor":[55,55,51,51,51,51,44,39,39,30,30,24,24,24,24,8,65,65,46,33,33,15,34,24,24,29,29,29,29,25,25,25,25,70,70,61,61,45,46,46,47,47,47,29,29,29,29,29,29,24,24,74,74,74,58,27],"gold":48,"neow_bonus":"BOSS_RELIC","is_daily":false,"chose_seed":false,"campfire_upgraded":6,"win_rate":0.0,"timestamp":1611189451,"path_taken":["M","?","M","COS","M","R","E","M","T","?","$","?","$","?","R","BOSS","M","M","?","M","M","R","E","?","T","?","?","M","?","M","R","BOSS","M","?","?","M","M","R","E","R","T","M","$","?","M","M","R","BOSS","R","$","E","BOSS"],"items_purchased_type":["Card","Potion","Card","Card","Relic","Relic"],"build_version":"2020-12-22","purchased_purges":3,"victory":true,"max_hp_per_floor":[65,65,65,65,65,65,65,65,65,65,65,65,65,65,65,65,65,65,65,65,65,65,65,65,65,70,70,70,70,70,70,70,70,70,70,71,71,72,73,73,74,74,74,74,74,74,74,74,74,74,74,74,74,74,75,75],"card_choices":[{"not_picked":["TightArray:ReiMu","CareerPray:ReiMu"],"picked":"FantasyMoon:ReiMu","floor":1.0},{"not_picked":["AirStrike:ReiMu","SubcavityInstant:ReiMu"],"picked":"SpreadBorder2:ReiMu","floor":3.0},{"not_picked":["PayForSelf:ReiMu","SpiritualOutbreak2:ReiMu"],"picked":"Intuition:ReiMu","floor":5.0},{"not_picked":["PassingAway:ReiMu","HakureiPhantom:ReiMu"],"picked":"SafetyPray:ReiMu","floor":7.0},{"not_picked":["SubAcupoint:ReiMu","AlertArray:ReiMu"],"picked":"MikOfLucky:ReiMu","floor":8.0},{"not_picked":["RunawayExorcism:ReiMu","OctopathSalyBorderN:ReiMu"],"picked":"CardOfSanctity:ReiMu","floor":16.0},{"not_picked":["BarrageOfMoneybags:ReiMu+1","Meditation:ReiMu+1"],"picked":"KamiSacrifice:ReiMu+1","floor":19.0},{"not_picked":["OrbThrow:ReiMu","MikOfLucky:ReiMu"],"picked":"KamiSacrifice:ReiMu+1","floor":21.0},{"not_picked":["SafetyPray:ReiMu","TakeOff:ReiMu+1"],"picked":"Intuition:ReiMu","floor":22.0},{"not_picked":["Conquer:ReiMu","BarrageOfMoneybags:ReiMu"],"picked":"PassingAway:ReiMu","floor":24.0},{"not_picked":["Dreaming2:ReiMu","EmergencyTakeOff:ReiMu+1"],"picked":"SpreadBorder2:ReiMu+1","floor":25.0},{"not_picked":["PayForSelf:ReiMu","Amulet:ReiMu"],"picked":"ShadowOfCrow2:ReiMu","floor":29.0},{"not_picked":["Mountainwind:ReiMu","CollectionFlower2:ReiMu"],"picked":"CardOfSanctity:ReiMu","floor":30.0},{"not_picked":["NineCharacters:ReiMu","CollectionFlower2:ReiMu"],"picked":"Meditation:ReiMu+1","floor":31.0},{"not_picked":["DependentForm:ReiMu","Determination:ReiMu"],"picked":"Dreaming:ReiMu","floor":33.0},{"not_picked":[],"picked":"RainPray2:ReiMu+1","floor":35.0},{"not_picked":["WonderfulDomain:ReiMu+1"],"picked":"Singing Bowl","floor":36.0},{"not_picked":["Enchanting:ReiMu"],"picked":"Singing Bowl","floor":38.0},{"not_picked":["AlertArray:ReiMu"],"picked":"Singing Bowl","floor":39.0},{"not_picked":["TightArray:ReiMu"],"picked":"Singing Bowl","floor":41.0},{"not_picked":["SpiritualOutbreak2:ReiMu+1"],"picked":"SKIP","floor":44.0},{"not_picked":[],"picked":"Authority:ReiMu","floor":46.0},{"not_picked":["Enchanting:ReiMu"],"picked":"SKIP","floor":47.0},{"not_picked":["Gathering:ReiMu+1"],"picked":"SKIP","floor":48.0},{"not_picked":["AirStrike:ReiMu+1"],"picked":"Singing Bowl","floor":55.0}],"player_experience":75851,"relics_obtained":[{"floor":3.0,"key":"LetterFromLob"},{"floor":7.0,"key":"The Courier"},{"floor":9.0,"key":"Garlic"},{"floor":16.0,"key":"Gensokyo:OccultBall"},{"floor":24.0,"key":"vexMod:MemoryStick"},{"floor":25.0,"key":"Red Mask"},{"floor":26.0,"key":"vexMod:Dragonfruit"},{"floor":36.0,"key":"REME_IWantAll"},{"floor":41.0,"key":"vexMod:ScavengeHelm"}],"event_choices":[{"damage_healed":0.0,"max_hp_gain":0.0,"max_hp_loss":0.0,"gold_gain":0.0,"event_name":"Masked Bandits","player_choice":"Fought Bandits","floor":25.0,"gold_loss":0.0,"damage_taken":0.0},{"damage_healed":0.0,"max_hp_gain":0.0,"max_hp_loss":0.0,"gold_gain":0.0,"event_name":"Mysterious Sphere","player_choice":"Fight","floor":36.0,"gold_loss":0.0,"damage_taken":0.0}],"is_beta":false,"boss_relics":[{"not_picked":["aspiration:RitualDagger","vexMod:MegatonBomb"],"picked":"vexMod:ImprovementManual"},{"not_picked":["DonationBox:ReiMu","Runic Pyramid"],"picked":"Replay:Grab Bag"},{"not_picked":["Coffee Dripper","Velvet Choker"],"picked":"vexMod:CursedCompass"},{"not_picked":["vexMod:EndlessSickness","vexMod:DeviousBotling"],"picked":"Busted Crown"},{"not_picked":["Astrolabe","REME_LowDesire"],"picked":"Snecko Eye"}],"items_purged_floors":[28,28,54],"is_endless":false,"potions_floor_spawned":[1,8,16,19,21,24,30,33,35,41,46,55],"ascension_level":0}}