{"host":"appz8zkad29u9482","time":1611212258,"event":{"mods":["2.2 Compatiblity","Act Like it!","Aspiration","BaseMod","Beaked The Cultist","Better Altar","Better Match","Better Note","Better Sensory Stone","Better Skull","Better Third Choice","BetterRewards","CapriCore","Chen","Conspire","Disable Question Mark Monsters","Energized Spire","Gensokyo","GifTheSpireLib","Gold Saver","Halation","Hermit","Hubris","Infinite Spire","Jedi Mod","Marisa????????","Minty Spire (QoL Compilation)","Permanent Neow","Reimu??????","Replay The Spire","Spicy Shops","StSLib","Strawberry Spire","Stuff the Spire","The Administrix","The Bug Knight","The Construct","The Cursed","The Hierophant","The Immortal","The Servant 0.9.4","yUi"],"gold_per_floor":[438,438,213,231,231,259,305,85,108,174,174,249,330,444,444,569,569,606,606,642,557,603,603,936,936,983,995,1237,978,938,974,974,1108,1108,1160,1165,1165],"floor_reached":36,"language":"ENG","playtime":2177,"items_purged":["Decay","Pain"],"score":586,"play_id":"a3b3253d-15dc-41b5-ac6b-e4faca8c83a9","local_time":"20210120205738","is_ascension_mode":true,"campfire_choices":[{"data":"MilkyWay","floor":11.0,"key":"SMITH"},{"floor":15.0,"key":"REST"},{"data":"MilkyWay","floor":23,"key":"SMITH"},{"floor":32,"key":"REST"}],"circlet_count":0,"master_deck":["Strike_MRS","Strike_MRS","Strike_MRS","Strike_MRS+1","Defend_MRS","Defend_MRS","Defend_MRS","Defend_MRS","MasterSpark","UpSweep","Orbital","WitchOfGreed","EnergyFlow+1","jedi:forcepush","GalacticHalo","GalacticHalo","MilkyWay+1","MilkyWay+1","WitchOfGreed+1","ManaConvection","RefractionSpark","SatelliteIllusion+1","CasketOfStar+1","MilkyWay","PowerUp","MysteriousBeam+1","BlazeAway+1","infinitespire:FutureSight","DragonMeteor","Singularity+1","OrrerysSun","MillisecondPulsars+1","IllusionStar+1"],"relics":["MiniHakkero","NeowsBlessing","hubris:Metronome","Golden Egg","infinitespire:Satchel","StuffTheSpire:TintedRock","Pen Nib","energizedSpire:MagnifyingGlass","halation:IllGainedPizza","Ice Cream","PreservedInsect","SlaversCollar","MawBank","hubris:Towel","ReplayFunnel","Turnip","energizedSpire:OgreHead"],"acts_visited":["Exordium","TheCity","TheBeyond"],"potions_floor_usage":[16,16,16,20,22,28,31,35,35],"damage_taken":[{"damage":0.0,"enemies":"infinitespire:Voidling","floor":1.0,"turns":1.0},{"damage":0.0,"enemies":"Cultist","floor":4.0,"turns":1.0},{"damage":0.0,"enemies":"Gremlin Nob","floor":6.0,"turns":1.0},{"damage":9.0,"enemies":"2 Louse","floor":7.0,"turns":4.0},{"damage":8.0,"enemies":"Red Slaver","floor":10.0,"turns":5.0},{"damage":15.0,"enemies":"2 Fungi Beasts","floor":12.0,"turns":4.0},{"damage":4.0,"enemies":"Lagavulin","floor":13.0,"turns":6.0},{"damage":0,"enemies":"Slime Boss","floor":16,"turns":3},{"damage":11,"enemies":"Shell Parasite","floor":18,"turns":5},{"damage":21,"enemies":"conspire:FuzzyDice","floor":20,"turns":6},{"damage":0,"enemies":"Centurion and Healer","floor":22,"turns":4},{"damage":22,"enemies":"conspire:SneckoGhost","floor":24,"turns":8},{"damage":5,"enemies":"HollowMod:Nosk","floor":28,"turns":4},{"damage":0,"enemies":"3 Cultists","floor":31,"turns":2},{"damage":10,"enemies":"Automaton","floor":33,"turns":5},{"damage":57,"enemies":"3 Shapes","floor":35,"turns":5},{"damage":21,"enemies":"3 Darklings","floor":36,"turns":2}],"seed_played":"-9008619892127923141","potions_obtained":[{"floor":4.0,"key":"ZuzhouPotion:ReiMu"},{"floor":7.0,"key":"ColorlessPotion"},{"floor":7.0,"key":"Explosive Potion"},{"floor":10.0,"key":"SteroidPotion"},{"floor":10.0,"key":"Dexterity Potion"},{"floor":12.0,"key":"Energy Potion"},{"floor":13.0,"key":"BottledSpark"},{"floor":13.0,"key":"BottledSpark"},{"floor":16,"key":"ZuzhouPotion:ReiMu"},{"floor":18,"key":"Explosive Potion"},{"floor":20,"key":"Explosive Potion"},{"floor":22,"key":"jedi:holywater"},{"floor":22,"key":"ZuzhouPotion:ReiMu"},{"floor":24,"key":"SkillPotion"},{"floor":28,"key":"Adrenaline Potion"},{"floor":31,"key":"Venom Potion"},{"floor":33,"key":"Dexterity Potion"},{"floor":35,"key":"Fire Potion"}],"is_trial":false,"path_per_floor":["M","?","$","M","?","E","M","$","T","M","R","M","E","?","R","B",null,"M","?","M","?","M","R","E","AVR","T","?","E","$","?","M","R","B",null,"M","M"],"character_chosen":"MARISA","items_purchased":["WitchOfGreed","MilkyWay","Golden Egg","WitchOfGreed","Singularity+1","Turnip"],"campfire_rested":2,"item_purchase_floors":[3,8,8,8,29,29],"current_hp_per_floor":[75,75,75,75,75,75,66,66,66,58,58,43,39,3,25,25,75,64,64,43,43,43,43,21,21,21,21,16,16,16,16,38,28,75,18,0,0],"gold":1165,"neow_bonus":"THREE_ENEMY_KILL","is_daily":false,"chose_seed":false,"campfire_upgraded":2,"win_rate":0.0,"timestamp":1611212258,"path_taken":["M","?","?","M","?","E","M","$","T","M","R","M","E","?","R","BOSS","M","?","M","?","M","R","E","AVR","T","?","E","$","?","M","R","BOSS","M","M"],"items_purchased_type":["Card","Card","Relic","Card","Card","Relic"],"build_version":"2020-12-22","purchased_purges":2,"victory":false,"max_hp_per_floor":[75,75,75,75,75,75,75,75,75,75,75,75,75,75,75,75,75,75,75,75,75,75,75,75,75,75,75,75,75,75,75,75,75,75,75,75,75],"card_choices":[{"not_picked":["WitchOfGreed","StarBarrage"],"picked":"Orbital","floor":1.0},{"not_picked":["SporeBomb","UnstableBomb"],"picked":"EnergyFlow","floor":4.0},{"not_picked":["Madness","Specialist"],"picked":"jedi:forcepush","floor":5.0},{"not_picked":["IllusionStar","AsteroidBelt"],"picked":"GalacticHalo","floor":6.0},{"not_picked":["LuminesStrike","MysteriousBeam"],"picked":"GalacticHalo","floor":7.0},{"not_picked":["IllusionStar","GalacticHalo"],"picked":"ManaConvection","floor":10.0},{"not_picked":["AsteroidBelt","GrandCross"],"picked":"RefractionSpark","floor":12.0},{"not_picked":["6A","Singularity"],"picked":"SatelliteIllusion","floor":13.0},{"not_picked":["MillisecondPulsars","EscapeVelocity"],"picked":"CasketOfStar","floor":16},{"not_picked":["6A","DarkSpark","UnstableBomb+1"],"picked":"SKIP","floor":18},{"not_picked":["SporeBomb+1","LuminesStrike"],"picked":"PowerUp","floor":20},{"not_picked":["Acceleration","SporeBomb"],"picked":"MysteriousBeam+1","floor":22},{"not_picked":["MilkyWay","TreasureHunter"],"picked":"BlazeAway+1","floor":24},{"not_picked":["ShootTheMoon","NonDirectionalLaser+1"],"picked":"DragonMeteor","floor":28},{"not_picked":["SuperPerseids","GrandCross"],"picked":"OrrerysSun","floor":31},{"not_picked":["ManaRampage","SuperNova"],"picked":"MillisecondPulsars","floor":33},{"not_picked":["GrandCross+1","GasGiant"],"picked":"IllusionStar+1","floor":35}],"player_experience":579127,"relics_obtained":[{"floor":6.0,"key":"hubris:Metronome"},{"floor":9.0,"key":"infinitespire:Satchel"},{"floor":13.0,"key":"StuffTheSpire:TintedRock"},{"floor":24,"key":"Ice Cream"},{"floor":26,"key":"MawBank"},{"floor":28,"key":"ReplayFunnel"}],"event_choices":[{"damage_healed":0.0,"max_hp_gain":0.0,"max_hp_loss":0.0,"gold_gain":0.0,"event_name":"Wheel of Change","player_choice":"Cursed","floor":2.0,"gold_loss":0.0,"damage_taken":0.0,"cards_obtained":["Decay"]},{"damage_healed":0.0,"max_hp_gain":0.0,"max_hp_loss":0.0,"gold_gain":1.0,"event_name":"betterStone:BetterStone","player_choice":"1","floor":5.0,"gold_loss":0.0,"damage_taken":0.0},{"damage_healed":0.0,"max_hp_gain":0.0,"max_hp_loss":0.0,"gold_gain":114.0,"event_name":"betterSkull:BetterSkull","player_choice":"UP RE GO ","floor":14.0,"gold_loss":0.0,"damage_taken":41.0,"cards_upgraded":["Strike_MRS"],"relics_obtained":["Pen Nib"]},{"damage_healed":0,"gold_gain":0,"player_choice":"Read","damage_taken":0,"max_hp_gain":0,"max_hp_loss":0,"event_name":"The Library","floor":19,"gold_loss":0,"cards_obtained":["MilkyWay"]},{"damage_healed":0,"gold_gain":0,"player_choice":"Obtained Relic","damage_taken":0,"relics_obtained":["halation:IllGainedPizza"],"max_hp_gain":0,"max_hp_loss":0,"event_name":"Addict","floor":21,"gold_loss":85},{"damage_healed":0,"gold_gain":0,"player_choice":"Upgrade","damage_taken":0,"max_hp_gain":0,"max_hp_loss":0,"event_name":"Designer","floor":30,"gold_loss":40,"cards_upgraded":["EnergyFlow"]}],"is_beta":false,"boss_relics":[{"not_picked":["StuffTheSpire:ModemDavis","Pandora\u0027s Box"],"picked":"energizedSpire:MagnifyingGlass"},{"not_picked":["hubris:BlackHole","Empty Cage"],"picked":"energizedSpire:OgreHead"}],"items_purged_floors":[3,29],"is_endless":false,"potions_floor_spawned":[4,7,13,22,31],"killed_by":"3 Darklings","ascension_level":2}}