{"host":"ggy1mjjy92c62u6a","time":1611228296,"event":{"mods":["10 clothes from DAL","ATMod(阿瑾Mod)","Act Like it!","BaseMod","Colored Powertips","GifTheSpireLib","Library of Ruina","Library of Ruina Extra","Minty Spire (QoL Compilation)","Quick Restart","Relic Stats","RumiaBox-露米娅的神秘盒子","Shop Mod","Spicy Shops","StSLib","【功能Mod】混沌之环修复补丁","【遗物Mod】死灵法师NEW","【遗物卡牌】REMEMod"],"gold_per_floor":[117,117,137,153,153,183,183,194,194,194,211,240,256,269,269,365,415,433,389,488,67,78,104,104,137,163,183,183,183,283,312,312,414,414,433,433,433,453,421,438,438,451,499,526,526,526,526,576,576,0],"floor_reached":51,"language":"ZHS","playtime":2506,"items_purged":[],"score":922,"play_id":"48549d40-7452-4a46-a3b0-e7efe587aa30","local_time":"20210121192456","is_ascension_mode":true,"campfire_choices":[{"data":"AT_EssenceShift","floor":7.0,"key":"SMITH"},{"data":"Spectral_Walk","floor":10.0,"key":"SMITH"},{"floor":15.0,"key":"REST"},{"floor":29.0,"key":"REST"},{"data":"Toxic_Smoke_Screen","floor":32.0,"key":"SMITH"},{"data":"Summon_Lich","floor":41,"key":"SMITH"},{"floor":45,"key":"REST"},{"data":"Requiem","floor":47,"key":"SMITH"},{"data":"Toxic_Smoke_Screen+1","floor":49,"key":"SMITH"}],"circlet_count":0,"master_deck":["PosionRing+1","PosionRing","Acid_Javelin","PosionWeak","Toxic_Smoke_Screen+2","Toxic_Smoke_Screen","PosionArmor","Master of Strategy","Spectral_Walk+1","Requiem+1","PosionWeak+1","AT_EssenceShift+1","PosionWeak+1","Summon_Lich+1","Parasite"],"relics":["Vampire_Amulet","REME_ComplimentaryCards","AT_ATBox","Baka","PageOfTheQueenOfHatred","PageOfTheKnightOfDespair","Tiny House","Membership Card","MerchantsRug","Kunai","ZombieArmy","PageOfGreed","PageOfWrath","Juzu Bracelet","PageOfNihil","Incense Burner","Black Star","Oddly Smooth Stone","Darkstone Periapt","PageOfLittleHelper","Gambling Chip"],"acts_visited":["Exordium","TheCity","TheBeyond"],"potions_floor_usage":[33],"damage_taken":[{"damage":0.0,"enemies":"Jaw Worm","floor":1.0,"turns":5.0},{"damage":2.0,"enemies":"2 Louse","floor":3.0,"turns":4.0},{"damage":8.0,"enemies":"Small Slimes","floor":4.0,"turns":6.0},{"damage":6.0,"enemies":"Lagavulin","floor":6.0,"turns":8.0},{"damage":9.0,"enemies":"Blue Slaver","floor":8.0,"turns":4.0},{"damage":17.0,"enemies":"Gremlin Gang","floor":11.0,"turns":4.0},{"damage":11.0,"enemies":"3 Sentries","floor":12.0,"turns":4.0},{"damage":6.0,"enemies":"2 Fungi Beasts","floor":13.0,"turns":4.0},{"damage":10.0,"enemies":"Large Slime","floor":14.0,"turns":4.0},{"damage":3.0,"enemies":"The Guardian","floor":16.0,"turns":7.0},{"damage":6.0,"enemies":"Spheric Guardian","floor":18.0,"turns":4.0},{"damage":4.0,"enemies":"3 Byrds","floor":19.0,"turns":3.0},{"damage":0.0,"enemies":"Cultist and Chosen","floor":22.0,"turns":4.0},{"damage":9.0,"enemies":"Book of Stabbing","floor":23.0,"turns":5.0},{"damage":27.0,"enemies":"Slavers","floor":25.0,"turns":5.0},{"damage":30.0,"enemies":"Masked Bandits","floor":27.0,"turns":9.0},{"damage":15.0,"enemies":"Gremlin Leader","floor":31.0,"turns":5.0},{"damage":29,"enemies":"RedHoodMercenary","floor":33,"turns":9},{"damage":16,"enemies":"3 Darklings","floor":35,"turns":3},{"damage":4,"enemies":"Orb Walker","floor":38,"turns":3},{"damage":10,"enemies":"4 Shapes","floor":40,"turns":3},{"damage":6,"enemies":"Writhing Mass","floor":42,"turns":5},{"damage":14,"enemies":"Giant Head","floor":44,"turns":10},{"damage":14,"enemies":"Mind Bloom Boss Battle","floor":48,"turns":8},{"damage":0,"enemies":"Time Eater","floor":50,"turns":9}],"seed_played":"5633197406950856768","potions_obtained":[{"floor":1.0,"key":"LiquidBronze"},{"floor":4.0,"key":"DuplicationPotion"},{"floor":6.0,"key":"DistilledChaos"},{"floor":13.0,"key":"AttackPotion"},{"floor":17.0,"key":"DistilledChaos"},{"floor":18.0,"key":"Block Potion"},{"floor":27.0,"key":"AttackPotion"}],"is_trial":false,"path_per_floor":["M","?","M","M","?","E","R","M","T","R","M","E","M","M","R","B",null,"M","M","?","$","M","E","?","E","T","?","?","R","?","E","R","B",null,"M","?","?","M","$","M","R","M","T","E","R","?","R","?","R","B",null],"character_chosen":"NECROMANCER","items_purchased":["Membership Card","MerchantsRug","Kunai","ZombieArmy","CultistPotion","Summon_Lich"],"campfire_rested":3,"item_purchase_floors":[21,21,21,21,21,39],"current_hp_per_floor":[41,46,46,46,46,46,46,38,38,38,25,14,9,1,14,11,51,48,46,46,46,46,37,37,19,19,19,19,34,34,37,37,23,51,37,37,37,33,33,30,30,25,25,12,27,27,27,17,17,18],"gold":0,"neow_bonus":"TEN_PERCENT_HP_BONUS","is_daily":false,"chose_seed":false,"campfire_upgraded":6,"win_rate":0.0,"timestamp":1611228296,"path_taken":["M","?","M","M","?","E","R","M","T","R","M","E","M","M","R","BOSS","M","M","?","$","M","E","?","E","T","?","?","R","?","E","R","BOSS","M","?","?","M","$","M","R","M","T","E","R","?","R","?","R","BOSS"],"items_purchased_type":["Relic","Relic","Relic","Relic","Potion","Card"],"build_version":"2020-12-22","purchased_purges":0,"victory":true,"max_hp_per_floor":[41,46,46,46,46,46,46,46,46,46,46,46,46,46,46,46,51,51,51,51,51,51,51,51,51,51,51,51,51,51,51,51,51,51,51,51,51,51,51,51,51,51,51,51,51,51,51,51,51,51],"relic_stats":{"Darkstone Periapt":0,"counters":[27,137],"Gambling Chip":[4],"Juzu Bracelet":3,"Black Star":1,"Kunai":[1],"obtain_stats":[{"Darkstone Periapt":44,"PageOfTheQueenOfHatred":9,"MerchantsRug":21,"AT_ATBox":0,"Tiny House":17,"Oddly Smooth Stone":43,"PageOfNihil":27,"PageOfLittleHelper":44,"Baka":1,"Juzu Bracelet":26,"Incense Burner":31,"PageOfWrath":6,"PageOfGreed":23,"PageOfTheKnightOfDespair":12,"Gambling Chip":48,"Vampire_Amulet":0,"Black Star":34,"Membership Card":21,"Kunai":21,"REME_ComplimentaryCards":0,"ZombieArmy":21},{"Darkstone Periapt":24,"PageOfTheQueenOfHatred":5,"MerchantsRug":12,"AT_ATBox":0,"Tiny House":10,"Oddly Smooth Stone":23,"PageOfNihil":17,"PageOfLittleHelper":24,"Baka":1,"Juzu Bracelet":15,"Incense Burner":18,"PageOfWrath":4,"PageOfGreed":14,"PageOfTheKnightOfDespair":7,"Gambling Chip":25,"Vampire_Amulet":0,"Black Star":19,"Membership Card":12,"Kunai":12,"REME_ComplimentaryCards":0,"ZombieArmy":12},{"Darkstone Periapt":118,"PageOfTheQueenOfHatred":27,"MerchantsRug":57,"AT_ATBox":0,"Tiny House":50,"Oddly Smooth Stone":108,"PageOfNihil":80,"PageOfLittleHelper":118,"Baka":5,"Juzu Bracelet":71,"Incense Burner":85,"PageOfWrath":23,"PageOfGreed":66,"PageOfTheKnightOfDespair":35,"Gambling Chip":126,"Vampire_Amulet":0,"Black Star":94,"Membership Card":57,"Kunai":57,"REME_ComplimentaryCards":0,"ZombieArmy":57}]},"card_choices":[{"not_picked":["Bone_Armor","PosionWeak"],"picked":"Spectral_Walk","floor":1.0},{"not_picked":["Uncharnel","Shade_Step","Blood_Whip"],"picked":"SKIP","floor":3.0},{"not_picked":["Bone_Armor","Vampiric_Strike","Blood_Shield"],"picked":"SKIP","floor":4.0},{"not_picked":["Negative_Energy_Javelin","Bone_Armor","Detonate_Bones"],"picked":"SKIP","floor":6.0},{"not_picked":["ZombiePosion","Negative_Energy_Sphere","Pandemic"],"picked":"SKIP","floor":8.0},{"not_picked":["LuckyCard","Blood_Whip","Summon_Undead"],"picked":"SKIP","floor":11.0},{"not_picked":["Scare","PosionRing","Stop_Heart"],"picked":"SKIP","floor":12.0},{"not_picked":["Cloudkill","PosionRing","Acid_Javelin"],"picked":"SKIP","floor":13.0},{"not_picked":["Bone_Armory","finger_Of_Death","Vampiric_Strike"],"picked":"SKIP","floor":14.0},{"not_picked":["Bone_Shift+1","Bone_Spikes","Thousand_Bone_Knives+1"],"picked":"SKIP","floor":18.0},{"not_picked":["Bone_Shift","Acid_Javelin","Scare"],"picked":"SKIP","floor":19.0},{"not_picked":["Blood_for_Blood","Vampiric_Strike","Bone_Spikes"],"picked":"SKIP","floor":22.0},{"not_picked":["Siphon_Strength+1","Bone_Armory+1"],"picked":"Requiem","floor":23.0},{"not_picked":["Bone_Shift+1","Acid_Javelin","Bone_Armor"],"picked":"SKIP","floor":25.0},{"not_picked":["Toxic_Smoke_Screen","Summon_Undead_Army+1","ZombiePosion"],"picked":"SKIP","floor":27.0},{"not_picked":["Shackles_Of_Pain","Negative_Energy_Javelin"],"picked":"PosionWeak+1","floor":31.0},{"not_picked":["Summon_Undead_Army","Bone_Spikes","finger_Of_Death"],"picked":"SKIP","floor":35},{"not_picked":["Bone_Spikes","PosionArmor+1"],"picked":"PosionWeak+1","floor":38},{"not_picked":["Negative_Energy_Javelin","Siphon_Strength","Uncharnel"],"picked":"SKIP","floor":40},{"not_picked":["Vampiric_Strike+1","Blood_Shield","Blood_Whip+1"],"picked":"SKIP","floor":42},{"not_picked":["Pandemic+1","Epidemic","Grasp_Heart"],"picked":"SKIP","floor":44}],"player_experience":81095,"relics_obtained":[{"floor":1.0,"key":"Baka"},{"floor":6.0,"key":"PageOfWrath"},{"floor":9.0,"key":"PageOfTheQueenOfHatred"},{"floor":12.0,"key":"PageOfTheKnightOfDespair"},{"floor":23.0,"key":"PageOfGreed"},{"floor":25.0,"key":"PageOfWrath"},{"floor":26.0,"key":"Juzu Bracelet"},{"floor":27.0,"key":"PageOfNihil"},{"floor":31.0,"key":"Incense Burner"},{"floor":43,"key":"Oddly Smooth Stone"},{"floor":44,"key":"Darkstone Periapt"},{"floor":44,"key":"PageOfLittleHelper"},{"floor":48,"key":"Gambling Chip"}],"event_choices":[{"damage_healed":0.0,"max_hp_gain":5.0,"max_hp_loss":0.0,"gold_gain":0.0,"event_name":"Big Fish","player_choice":"Donut","floor":2.0,"gold_loss":0.0,"damage_taken":0.0},{"damage_healed":0.0,"max_hp_gain":0.0,"max_hp_loss":0.0,"gold_gain":0.0,"event_name":"Golden Wing","player_choice":"Ignored","floor":5.0,"gold_loss":0.0,"damage_taken":0.0},{"damage_healed":0.0,"max_hp_gain":0.0,"max_hp_loss":0.0,"gold_gain":99.0,"event_name":"Nest","player_choice":"Stole From Cult","floor":20.0,"gold_loss":0.0,"damage_taken":0.0},{"damage_healed":0.0,"max_hp_gain":0.0,"max_hp_loss":0.0,"gold_gain":0.0,"event_name":"Purifier","player_choice":"Ignored","floor":24.0,"gold_loss":0.0,"damage_taken":0.0},{"damage_healed":0.0,"max_hp_gain":0.0,"max_hp_loss":0.0,"gold_gain":0.0,"event_name":"Masked Bandits","player_choice":"Fought Bandits","floor":27.0,"gold_loss":0.0,"damage_taken":0.0},{"damage_healed":0.0,"max_hp_gain":0.0,"max_hp_loss":0.0,"gold_gain":0.0,"event_name":"Ghosts","player_choice":"Ignored","floor":28.0,"gold_loss":0.0,"damage_taken":0.0},{"damage_healed":0.0,"max_hp_gain":0.0,"max_hp_loss":0.0,"gold_gain":100.0,"event_name":"Golden Shrine","player_choice":"Pray","floor":30.0,"gold_loss":0.0,"damage_taken":0.0},{"damage_healed":0,"gold_gain":0,"player_choice":"Ignored","damage_taken":0,"max_hp_gain":0,"max_hp_loss":0,"event_name":"Tomb of Lord Red Mask","floor":36,"gold_loss":0},{"damage_healed":0,"gold_gain":0,"player_choice":"Copied","damage_taken":0,"max_hp_gain":0,"max_hp_loss":0,"event_name":"Duplicator","floor":37,"gold_loss":0,"cards_obtained":["AT_EssenceShift"]},{"cards_removed":["AT_EssenceShift"],"damage_healed":0,"gold_gain":0,"player_choice":"Removed Power","damage_taken":0,"max_hp_gain":0,"max_hp_loss":0,"event_name":"Falling","floor":46,"gold_loss":0},{"damage_healed":0,"gold_gain":0,"player_choice":"Fight","damage_taken":0,"max_hp_gain":0,"max_hp_loss":0,"event_name":"MindBloom","floor":48,"gold_loss":0}],"is_beta":false,"boss_relics":[{"not_picked":["REME_DemonsWealth","Cursed Key"],"picked":"Tiny House"},{"not_picked":["Pandora\u0027s Box","Runic Pyramid"],"picked":"Black Star"}],"items_purged_floors":[],"is_endless":false,"potions_floor_spawned":[1,4,6,8,13,18,22,27,48],"ascension_level":2}}