{"host":"z9mq1tf06lkrncmk","time":1611204817,"event":{"mods":["BaseMod","Downfall","Minty Spire (QoL Compilation)","StSLib"],"gold_per_floor":[117,67,67,81,81,114,114,139,162,162,162,181,102,120,120,225,225,235,235,325,98,68,68],"floor_reached":22,"language":"ENG","playtime":639,"items_purged":["Strike_R"],"score":228,"play_id":"ddc91cdb-23a7-4e96-9106-2183236af616","local_time":"20210120235337","is_ascension_mode":true,"campfire_choices":[{"data":"Juggernaut","floor":7,"key":"SMITH"},{"floor":11,"key":"REST"},{"floor":15,"key":"REST"}],"circlet_count":0,"master_deck":["Strike_R","Strike_R","Strike_R","Strike_R","Defend_R","Defend_R","Defend_R","Bash","Clash","Carnage","Armaments+1","Juggernaut+1","Evolve","True Grit","Juggernaut"],"relics":["Burning Blood","Juzu Bracelet","Oddly Smooth Stone","Pen Nib","SlaversCollar","Strawberry"],"acts_visited":["Exordium","TheCity"],"potions_floor_usage":[1,14,16],"damage_taken":[{"damage":1,"enemies":"2 Louse","floor":1,"turns":4},{"damage":16,"enemies":"Small Slimes","floor":4,"turns":3},{"damage":33,"enemies":"3 Sentries","floor":6,"turns":8},{"damage":30,"enemies":"Lagavulin","floor":8,"turns":5},{"damage":7,"enemies":"Jaw Worm","floor":12,"turns":3},{"damage":0,"enemies":"Looter","floor":14,"turns":3},{"damage":21,"enemies":"The Guardian","floor":16,"turns":11},{"damage":34,"enemies":"Shell Parasite","floor":18,"turns":6},{"damage":16,"enemies":"2 Thieves","floor":22,"turns":2}],"seed_played":"6841428216770891639","potions_obtained":[{"floor":1,"key":"Fruit Juice"},{"floor":6,"key":"Swift Potion"}],"is_trial":false,"path_per_floor":["M","?","$","M","?","E","R","E","T","?","R","M","$","M","R","B",null,"M","?","?","$","M"],"character_chosen":"IRONCLAD","items_purchased":["True Grit","AttackPotion","Strawberry"],"campfire_rested":2,"item_purchase_floors":[13,13,21],"current_hp_per_floor":[85,85,85,75,75,48,48,24,24,12,37,36,36,42,67,52,85,57,57,45,52,36,36],"gold":68,"neow_bonus":"THREE_CARDS","is_daily":false,"chose_seed":false,"campfire_upgraded":1,"win_rate":0.0,"timestamp":1611204817,"path_taken":["M","?","$","M","?","E","R","E","T","?","R","M","?","M","R","BOSS","M","?","?","?","M"],"items_purchased_type":["Card","Potion","Relic"],"build_version":"2020-12-22","purchased_purges":1,"victory":false,"max_hp_per_floor":[85,85,85,85,85,85,85,85,85,85,85,85,85,85,85,85,85,85,85,85,92,92,92],"card_choices":[{"not_picked":["Sentinel","Warcry"],"picked":"Clash","floor":0},{"not_picked":["Bloodletting","Havoc"],"picked":"Carnage","floor":1},{"not_picked":["Clash","Sentinel"],"picked":"Armaments","floor":4},{"not_picked":["Offering","Rage"],"picked":"Juggernaut","floor":6},{"not_picked":["Rage","Havoc","Heavy Blade"],"picked":"SKIP","floor":8},{"not_picked":["Infernal Blade","Clothesline"],"picked":"Evolve","floor":12},{"not_picked":["True Grit","Armaments","Sword Boomerang"],"picked":"SKIP","floor":14},{"not_picked":["Impervious","Fiend Fire"],"picked":"Juggernaut","floor":16},{"not_picked":["Twin Strike","Armaments","Clash"],"picked":"SKIP","floor":18}],"player_experience":372636,"relics_obtained":[{"floor":6,"key":"Juzu Bracelet"},{"floor":8,"key":"Oddly Smooth Stone"}],"event_choices":[{"cards_removed":["Defend_R"],"damage_healed":0,"gold_gain":0,"player_choice":"Card Removal","damage_taken":0,"max_hp_gain":0,"max_hp_loss":0,"event_name":"The Cleric","floor":2,"gold_loss":50},{"damage_healed":0,"gold_gain":0,"player_choice":"Grow","damage_taken":0,"max_hp_gain":0,"max_hp_loss":0,"event_name":"Living Wall","floor":5,"gold_loss":0,"cards_upgraded":["Armaments"]},{"damage_healed":0,"gold_gain":0,"player_choice":"Success","damage_taken":12,"relics_obtained":["Pen Nib"],"max_hp_gain":0,"max_hp_loss":0,"event_name":"Scrap Ooze","floor":10,"gold_loss":0},{"damage_healed":0,"gold_gain":0,"player_choice":"0 cards matched","damage_taken":0,"max_hp_gain":0,"max_hp_loss":0,"event_name":"Match and Keep!","floor":19,"gold_loss":0,"cards_obtained":[]},{"damage_healed":0,"gold_gain":90,"player_choice":"GOLD ","damage_taken":12,"max_hp_gain":0,"max_hp_loss":0,"event_name":"Knowing Skull","floor":20,"potions_obtained":[],"gold_loss":0,"cards_obtained":[]}],"is_beta":false,"boss_relics":[{"not_picked":["Runic Dome","Coffee Dripper"],"picked":"SlaversCollar"}],"items_purged_floors":[21],"is_endless":false,"potions_floor_spawned":[1,6],"killed_by":"2 Thieves","ascension_level":4}}