{"host":"hwrdjx5eod2cxh09","time":1611236082,"event":{"mods":["AchievementEnabler","BaseMod","Bestiary","Minty Spire (QoL Compilation)","Relic Stats"],"gold_per_floor":[110,130,140,140,151,186,186,186,239,273,273,273,293,318,318,446,446,459,459,459,474,399,434,447,447,447],"floor_reached":25,"language":"ENG","playtime":1162,"items_purged":[],"score":245,"play_id":"aab3c136-e701-4d85-8a19-cd24730b96e7","local_time":"20210121223442","is_ascension_mode":true,"campfire_choices":[{"floor":8,"key":"REST"},{"floor":11,"key":"REST"},{"data":"Armaments","floor":15,"key":"SMITH"}],"circlet_count":0,"master_deck":["Bash","Twin Strike","Rampage","Cleave","Pommel Strike","Iron Wave","Armaments+1","Whirlwind","Metallicize","Shrug It Off","Berserk","Headbutt","Rage","Warcry","Combust","Ghostly Armor","Uppercut"],"relics":["Burning Blood","Paper Frog","Bloody Idol","Toy Ornithopter","Oddly Smooth Stone","Pandora\u0027s Box","Regal Pillow"],"acts_visited":["Exordium","TheCity"],"potions_floor_usage":[23,23,24],"damage_taken":[{"damage":5,"enemies":"Jaw Worm","floor":1,"turns":4},{"damage":0,"enemies":"Small Slimes","floor":2,"turns":2},{"damage":5,"enemies":"2 Louse","floor":3,"turns":2},{"damage":13,"enemies":"Lots of Slimes","floor":5,"turns":3},{"damage":20,"enemies":"Gremlin Nob","floor":6,"turns":4},{"damage":30,"enemies":"Lagavulin","floor":10,"turns":6},{"damage":1,"enemies":"Red Slaver","floor":13,"turns":4},{"damage":0,"enemies":"Exordium Wildlife","floor":14,"turns":5},{"damage":27,"enemies":"Slime Boss","floor":16,"turns":13},{"damage":24,"enemies":"Chosen","floor":18,"turns":5},{"damage":27,"enemies":"Spheric Guardian","floor":21,"turns":6},{"damage":12,"enemies":"Book of Stabbing","floor":23,"turns":7},{"damage":37,"enemies":"Cultist and Chosen","floor":24,"turns":8},{"damage":55,"enemies":"Slavers","floor":25,"turns":3}],"seed_played":"-8017886866885209966","potions_obtained":[{"floor":1,"key":"BloodPotion"},{"floor":3,"key":"Energy Potion"},{"floor":6,"key":"Energy Potion"},{"floor":13,"key":"Regen Potion"},{"floor":24,"key":"ElixirPotion"}],"is_trial":false,"path_per_floor":["M","M","M","?","M","E","?","R","T","E","R","?","M","M","R","B",null,"M","$","?","M","?","E","M","E"],"character_chosen":"IRONCLAD","items_purchased":[],"campfire_rested":2,"item_purchase_floors":[],"current_hp_per_floor":[72,72,72,65,58,44,26,47,47,23,44,44,49,55,55,34,72,54,54,54,38,38,62,55,0,0],"gold":447,"neow_bonus":"TRANSFORM_TWO_CARDS","is_daily":false,"chose_seed":false,"campfire_upgraded":1,"win_rate":0.0,"timestamp":1611236082,"path_taken":["M","M","M","?","M","E","?","R","T","E","R","?","M","?","R","BOSS","M","?","?","M","?","E","M","E"],"items_purchased_type":[],"build_version":"2020-12-22","purchased_purges":0,"victory":false,"max_hp_per_floor":[72,72,72,72,72,72,72,72,72,72,72,72,72,72,72,72,72,72,72,72,72,72,72,72,72,72],"relic_stats":{"Regal Pillow":0,"counters":[14,72],"Bloody Idol":15,"Pandora\u0027s Box":["Headbutt","Rage","Warcry","Combust","Ghostly Armor"],"obtain_stats":[{"Regal Pillow":23,"Golden Idol":7,"Bloody Idol":20,"Oddly Smooth Stone":10,"Pandora\u0027s Box":17,"Burning Blood":0,"Toy Ornithopter":9,"Paper Frog":6},{"Regal Pillow":12,"Golden Idol":5,"Bloody Idol":10,"Oddly Smooth Stone":6,"Pandora\u0027s Box":9,"Burning Blood":0,"Toy Ornithopter":5,"Paper Frog":5},{"Regal Pillow":61,"Golden Idol":15,"Bloody Idol":48,"Oddly Smooth Stone":21,"Pandora\u0027s Box":43,"Burning Blood":0,"Toy Ornithopter":15,"Paper Frog":15}],"Burning Blood":70,"Toy Ornithopter":15},"card_choices":[{"not_picked":["Reckless Charge","Burning Pact"],"picked":"Rampage","floor":1},{"not_picked":["Feel No Pain","Clothesline"],"picked":"Cleave","floor":2},{"not_picked":["Hemokinesis","Sword Boomerang"],"picked":"Pommel Strike","floor":3},{"not_picked":["Power Through","Thunderclap"],"picked":"Iron Wave","floor":5},{"not_picked":["Bludgeon","Hemokinesis"],"picked":"Armaments","floor":6},{"not_picked":["Barricade","Dark Embrace"],"picked":"Whirlwind","floor":10},{"not_picked":["True Grit","Battle Trance"],"picked":"Shrug It Off","floor":13},{"not_picked":["Warcry","Sever Soul","Armaments"],"picked":"SKIP","floor":14},{"not_picked":["Bludgeon","Double Tap"],"picked":"Berserk","floor":16},{"not_picked":["Iron Wave","Sword Boomerang"],"picked":"Uppercut","floor":18},{"not_picked":["Warcry","Clothesline+1","Anger"],"picked":"SKIP","floor":21},{"not_picked":["Cleave+1","Pommel Strike","Ghostly Armor+1"],"picked":"SKIP","floor":23},{"not_picked":["Twin Strike","Second Wind","Wild Strike"],"picked":"SKIP","floor":24}],"player_experience":212314,"relics_obtained":[{"floor":6,"key":"Paper Frog"},{"floor":9,"key":"Toy Ornithopter"},{"floor":10,"key":"Oddly Smooth Stone"},{"floor":23,"key":"Regal Pillow"}],"event_choices":[{"cards_removed":["Strike_R"],"damage_healed":0,"gold_gain":0,"player_choice":"Card Removal","damage_taken":7,"max_hp_gain":0,"max_hp_loss":0,"event_name":"Golden Wing","floor":4,"gold_loss":0},{"damage_healed":0,"gold_gain":0,"player_choice":"Take Damage","damage_taken":18,"relics_obtained":["Golden Idol"],"max_hp_gain":0,"max_hp_loss":0,"event_name":"Golden Idol","floor":7,"gold_loss":0},{"damage_healed":0,"gold_gain":0,"cards_transformed":["Strike_R"],"player_choice":"Transformed","damage_taken":0,"max_hp_gain":0,"max_hp_loss":0,"event_name":"Transmorgrifier","floor":12,"gold_loss":0,"cards_obtained":["Metallicize"]},{"damage_healed":0,"gold_gain":0,"player_choice":"Gave Idol","damage_taken":0,"relics_obtained":["Bloody Idol"],"max_hp_gain":0,"max_hp_loss":0,"event_name":"Forgotten Altar","floor":20,"relics_lost":["Golden Idol"],"gold_loss":0},{"cards_removed":["Sever Soul"],"damage_healed":0,"gold_gain":0,"player_choice":"Gave Gold","damage_taken":0,"max_hp_gain":0,"max_hp_loss":0,"event_name":"Beggar","floor":22,"gold_loss":75}],"is_beta":false,"boss_relics":[{"not_picked":["Calling Bell","Runic Cube"],"picked":"Pandora\u0027s Box"}],"items_purged_floors":[],"is_endless":false,"potions_floor_spawned":[1,3,6,13,21,24],"killed_by":"Slavers","ascension_level":1}}