{"host":"p25bz88bsavvfmyg","time":1611247310,"event":{"mods":["BaseMod","Minty Spire (QoL Compilation)","Permanent Neow","StSLib"],"gold_per_floor":[114,133,133,153,180,215,215,235,235,256,270,314,343,386,386,386,386],"floor_reached":16,"language":"ENG","playtime":710,"items_purged":[],"score":214,"play_id":"df03ee5a-85a0-44e1-b24e-1c8fec1c90f4","local_time":"20210121174150","is_ascension_mode":true,"campfire_choices":[{"data":"Feed","floor":7,"key":"SMITH"},{"data":"Feed","floor":15,"key":"SMITH"}],"circlet_count":0,"master_deck":["AscendersBane","Strike_R","Strike_R","Strike_R","Strike_R","Strike_R","Defend_R","Defend_R","Defend_R","Defend_R","Bash","Berserk","Hemokinesis","Clothesline","Feed+1","Impervious","Flame Barrier","Warcry","Spot Weakness","Feed+1"],"relics":["Burning Blood","Golden Idol","Bag of Preparation","Shuriken","Frozen Egg 2","Bottled Tornado","Odd Mushroom","Turnip"],"acts_visited":["Exordium"],"potions_floor_usage":[12,16],"damage_taken":[{"damage":6,"enemies":"Jaw Worm","floor":1,"turns":5},{"damage":3,"enemies":"2 Louse","floor":2,"turns":4},{"damage":0,"enemies":"Small Slimes","floor":4,"turns":3},{"damage":21,"enemies":"Lagavulin","floor":6,"turns":8},{"damage":3,"enemies":"Looter","floor":8,"turns":4},{"damage":2,"enemies":"2 Fungi Beasts","floor":10,"turns":3},{"damage":12,"enemies":"Large Slime","floor":11,"turns":7},{"damage":5,"enemies":"Gremlin Nob","floor":12,"turns":4},{"damage":12,"enemies":"The Mushroom Lair","floor":13,"turns":6},{"damage":34,"enemies":"3 Sentries","floor":14,"turns":10},{"damage":45,"enemies":"Hexaghost","floor":16,"turns":8}],"seed_played":"-8044065515512899892","potions_obtained":[{"floor":1,"key":"ElixirPotion"},{"floor":6,"key":"DuplicationPotion"},{"floor":13,"key":"FearPotion"}],"is_trial":false,"path_per_floor":["M","M","?","M","T","E","R","M","T","M","M","E","?","E","R","B"],"character_chosen":"IRONCLAD","items_purchased":[],"campfire_rested":0,"item_purchase_floors":[],"current_hp_per_floor":[72,75,55,61,61,49,49,52,52,60,58,63,61,40,40,0,0],"gold":386,"neow_bonus":"ONE_RANDOM_RARE_CARD","is_daily":false,"chose_seed":false,"campfire_upgraded":2,"win_rate":0.0,"timestamp":1611247310,"path_taken":["M","M","?","M","?","E","R","M","T","M","M","E","?","E","R","BOSS"],"items_purchased_type":[],"build_version":"2020-12-22","purchased_purges":0,"victory":false,"max_hp_per_floor":[80,80,80,80,80,83,83,83,83,87,91,95,99,106,106,106,106],"card_choices":[{"not_picked":["Dark Embrace","Twin Strike"],"picked":"Hemokinesis","floor":1},{"not_picked":["Shrug It Off","Flex"],"picked":"Clothesline","floor":2},{"not_picked":["Infernal Blade","Twin Strike"],"picked":"Feed","floor":4},{"not_picked":["Evolve","Anger"],"picked":"Impervious","floor":6},{"not_picked":["Clothesline","Twin Strike"],"picked":"Flame Barrier","floor":8},{"not_picked":["Twin Strike","Wild Strike","Warcry"],"picked":"SKIP","floor":10},{"not_picked":["Twin Strike","Wild Strike"],"picked":"Warcry","floor":10},{"not_picked":["Reckless Charge","Blood for Blood","Body Slam"],"picked":"SKIP","floor":11},{"not_picked":["Anger","Iron Wave"],"picked":"Spot Weakness","floor":12},{"not_picked":["Rage","Clothesline"],"picked":"Feed","floor":13},{"not_picked":["Rage","Armaments","Havoc"],"picked":"SKIP","floor":14},{"not_picked":["Rage","Armaments","Havoc"],"picked":"SKIP","floor":14}],"player_experience":477920,"relics_obtained":[{"floor":5,"key":"Bag of Preparation"},{"floor":6,"key":"Shuriken"},{"floor":9,"key":"Frozen Egg 2"},{"floor":12,"key":"Bottled Tornado"},{"floor":13,"key":"Odd Mushroom"},{"floor":14,"key":"Turnip"}],"event_choices":[{"damage_healed":0,"gold_gain":0,"player_choice":"Take Damage","damage_taken":20,"relics_obtained":["Golden Idol"],"max_hp_gain":0,"max_hp_loss":0,"event_name":"Golden Idol","floor":3,"gold_loss":0},{"damage_healed":0,"gold_gain":0,"player_choice":"Fought Mushrooms","damage_taken":0,"max_hp_gain":0,"max_hp_loss":0,"event_name":"Mushrooms","floor":13,"gold_loss":0}],"is_beta":false,"boss_relics":[],"items_purged_floors":[],"is_endless":false,"potions_floor_spawned":[1,6,10,13],"killed_by":"Hexaghost","ascension_level":11}}