{"host":"obplhmlw33xb91v8","time":1611256759,"event":{"mods":["AchievementEnabler","BaseMod","Block Reminder","Curses Come First","Dio Mod","Evolution","Friendly Minions","HololiveMod","Koishi","Minty Spire (QoL Compilation)","Quick Restart","Reimu??????","Relic Stats","Remilia??????","Shop Mod","Spicy Shops","StSLib","The Alterego","The Gatherer","The IronCluck","The Servant 0.9.4","The Wild Card","TheSwordswoman","Uncapped","Waifu the Spire","Yakumo Yukari mod","Yohane!","Youmu??????","Yuyuko","egg"],"gold_per_floor":[117,134,149,109,123,123,123,123],"floor_reached":7,"language":"ENG","playtime":452,"items_purged":[],"score":43,"play_id":"33a5c81b-0213-4338-909c-bd43a447a188","local_time":"20210121141919","is_ascension_mode":false,"campfire_choices":[{"data":"alterego_mod:BustOut","floor":6,"key":"SMITH"}],"circlet_count":0,"master_deck":["alterego_mod:Strike","alterego_mod:Strike","alterego_mod:Strike","alterego_mod:Strike","alterego_mod:Defend","alterego_mod:Defend","alterego_mod:Defend","alterego_mod:Defend","alterego_mod:Impale","alterego_mod:BigMeatyClaws","alterego_mod:BrynhildrsRune","alterego_mod:1TonWallop","alterego_mod:Complex","alterego_mod:Smother","alterego_mod:BustOut+1"],"relics":["alterego_mod:MasochisticConstitution","EVO:Axolotl","NeowsBlessing","PaintedHorse:ReiMu"],"acts_visited":["Exordium"],"potions_floor_usage":[7,7],"damage_taken":[{"damage":0,"enemies":"Cultist","floor":1,"turns":1},{"damage":4,"enemies":"2 Louse","floor":2,"turns":1},{"damage":4,"enemies":"Jaw Worm","floor":3,"turns":1},{"damage":45,"enemies":"Exordium Thugs","floor":5,"turns":8},{"damage":35,"enemies":"Lagavulin","floor":7,"turns":7}],"seed_played":"-30677328514943735","potions_obtained":[{"floor":2,"key":"FearPotion"},{"floor":5,"key":"Swift Potion"}],"is_trial":false,"path_per_floor":["M","M","M","?","M","R","E"],"character_chosen":"The_Alterego","items_purchased":[],"campfire_rested":0,"item_purchase_floors":[],"current_hp_per_floor":[70,67,64,64,34,34,0,0],"gold":123,"neow_bonus":"THREE_ENEMY_KILL","is_daily":false,"chose_seed":false,"campfire_upgraded":1,"win_rate":0.0,"timestamp":1611256759,"path_taken":["M","?","M","?","M","R","E"],"items_purchased_type":[],"build_version":"2020-12-22","purchased_purges":0,"victory":false,"max_hp_per_floor":[70,71,72,72,73,73,73,73],"relic_stats":{"counters":[5,17],"obtain_stats":[{"alterego_mod:MasochisticConstitution":0,"NeowsBlessing":0,"PaintedHorse:ReiMu":4,"EVO:Axolotl":0},{"alterego_mod:MasochisticConstitution":0,"NeowsBlessing":0,"PaintedHorse:ReiMu":3,"EVO:Axolotl":0},{"alterego_mod:MasochisticConstitution":0,"NeowsBlessing":0,"PaintedHorse:ReiMu":3,"EVO:Axolotl":0}]},"card_choices":[{"not_picked":["alterego_mod:MagicResistance","alterego_mod:Belle"],"picked":"alterego_mod:1TonWallop","floor":1},{"not_picked":["alterego_mod:BiFurious","alterego_mod:Clap"],"picked":"alterego_mod:Complex","floor":2},{"not_picked":["alterego_mod:DeftHands","alterego_mod:Jiggle"],"picked":"alterego_mod:Smother","floor":3},{"not_picked":["alterego_mod:RidiculouslyBig","alterego_mod:1TonWallop"],"picked":"alterego_mod:BustOut","floor":5}],"player_experience":258617,"relics_obtained":[],"event_choices":[{"damage_healed":0,"gold_gain":0,"player_choice":"Donate","damage_taken":0,"relics_obtained":["PaintedHorse:ReiMu"],"max_hp_gain":0,"max_hp_loss":0,"event_name":"yidonshenshe","floor":4,"gold_loss":40}],"is_beta":false,"boss_relics":[],"items_purged_floors":[],"is_endless":false,"potions_floor_spawned":[2,5],"killed_by":"Lagavulin","ascension_level":0}}