{"host":"4amcrcg6ktw8dbzk","time":1611231536,"event":{"mods":["ATMod(°¢èªMod)","BaseMod","Dota2Spire","Minty Spire (QoL Compilation)","MostiFishMod","Spicy Shops","StSLib","Waifu the Spire"],"gold_per_floor":[118,118,118,118,118,118,133,268,292,292,333,333,356,431,431,431,431],"floor_reached":16,"language":"ZHS","playtime":471,"items_purged":[],"score":208,"play_id":"afb9207d-7e66-40c7-9320-9ec6eb804b3d","local_time":"20210121201856","is_ascension_mode":true,"campfire_choices":[{"floor":6,"key":"REST"},{"floor":10,"key":"REST"},{"floor":12,"key":"REST"},{"data":"AT_FamilyPortrait","floor":15,"key":"SMITH"}],"circlet_count":0,"master_deck":["AscendersBane","Strike_P","Strike_P","Strike_P","Defend_P","Defend_P","Defend_P","Defend_P","Eruption","Vigilance","AT_FamilyPortrait+1","Deep Breath","FlurryOfBlows","EmptyBody","Prostrate","MostiFishMod:DisColor","TalkToTheHand"],"relics":["PureWater","DaveBox","AT_ATBox","ThornShield","SynthV:TestCard","Pen Nib","Golden Idol","Nunchaku","Dota2Spire:EchoSabre","PreservedInsect"],"acts_visited":["Exordium"],"potions_floor_usage":[8],"damage_taken":[{"damage":0,"enemies":"2 Louse","floor":1,"turns":3},{"damage":0,"enemies":"Jaw Worm","floor":7,"turns":4},{"damage":36,"enemies":"3 Sentries","floor":8,"turns":13},{"damage":10,"enemies":"Gremlin Nob","floor":11,"turns":4},{"damage":34,"enemies":"Slime Boss","floor":16,"turns":3}],"seed_played":"1874350376743957974","potions_obtained":[{"floor":1,"key":"Swift Potion"},{"floor":11,"key":"BlessingOfTheForge"}],"is_trial":false,"path_per_floor":["M","?","?","?","?","R","M","E","T","R","E","R","T","?","R","B"],"character_chosen":"WATCHER","items_purchased":[],"campfire_rested":3,"item_purchase_floors":[],"current_hp_per_floor":[61,26,26,26,26,44,44,8,8,26,16,34,34,23,23,0,0],"gold":431,"neow_bonus":"RANDOM_COLORLESS","is_daily":false,"chose_seed":false,"campfire_upgraded":1,"win_rate":0.0,"timestamp":1611231536,"path_taken":["M","?","?","?","?","R","?","E","T","R","E","R","?","?","R","BOSS"],"items_purchased_type":[],"build_version":"2020-12-22","purchased_purges":0,"victory":false,"max_hp_per_floor":[68,68,68,68,62,62,62,62,62,62,62,62,62,62,62,62,62],"card_choices":[{"not_picked":["Mind Blast","Enlightenment"],"picked":"Deep Breath","floor":0},{"not_picked":["SashWhip","EmptyBody"],"picked":"FlurryOfBlows","floor":1},{"not_picked":["FlurryOfBlows","FlyingSleeves","Protect","Halt"],"picked":"Prostrate","floor":7},{"not_picked":["Nirvana","EmptyFist","FlyingSleeves","AT_SoftenMuscles"],"picked":"MostiFishMod:DisColor","floor":8},{"not_picked":["Brilliance","MostiFishMod:PathToVictory","CrushJoints","Pray"],"picked":"TalkToTheHand","floor":11}],"player_experience":366133,"relics_obtained":[{"floor":1,"key":"SynthV:TestCard"},{"floor":8,"key":"Nunchaku"},{"floor":9,"key":"Dota2Spire:EchoSabre"},{"floor":11,"key":"PreservedInsect"}],"event_choices":[{"damage_healed":0,"gold_gain":0,"player_choice":"Success","damage_taken":35,"relics_obtained":["Pen Nib"],"max_hp_gain":0,"max_hp_loss":0,"event_name":"Scrap Ooze","floor":2,"gold_loss":0},{"damage_healed":0,"gold_gain":0,"cards_transformed":["Strike_P"],"player_choice":"Change","damage_taken":0,"max_hp_gain":0,"max_hp_loss":0,"event_name":"Living Wall","floor":3,"gold_loss":0,"cards_obtained":["EmptyBody"]},{"damage_healed":0,"gold_gain":0,"player_choice":"Ignored","damage_taken":0,"max_hp_gain":0,"max_hp_loss":0,"event_name":"Liars Game","floor":4,"gold_loss":0},{"damage_healed":0,"gold_gain":0,"player_choice":"Lose Max HP","damage_taken":0,"relics_obtained":["Golden Idol"],"max_hp_gain":0,"max_hp_loss":6,"event_name":"Golden Idol","floor":5,"gold_loss":0},{"damage_healed":0,"gold_gain":75,"player_choice":"Gather Gold","damage_taken":11,"max_hp_gain":0,"max_hp_loss":0,"event_name":"World of Goop","floor":14,"gold_loss":0}],"is_beta":false,"boss_relics":[],"items_purged_floors":[],"is_endless":false,"potions_floor_spawned":[1,11],"killed_by":"Slime Boss","ascension_level":20}}