{"host":"skr63qsdfgeey3it","time":1611273220,"event":{"mods":["BaseMod","Colored Map","Hubris","Minty Spire (QoL Compilation)","Replay The Spire","Spicy Shops","StSLib"],"gold_per_floor":[110,110,121,121,121,121,121,121,121,154,154,167,167,15,15,108,108,128,128,152,152,152,183,183],"floor_reached":23,"language":"ENG","playtime":677,"items_purged":[],"score":401,"play_id":"564fedbd-5804-43c0-ba44-ac3420977720","local_time":"20210121175340","is_ascension_mode":true,"campfire_choices":[{"data":"ReplayTheSpireMod:From All Sides","floor":6,"key":"SMITH"},{"data":"Neutralize","floor":8,"key":"SMITH"},{"data":"Heel Hook","floor":11,"key":"SMITH"},{"data":"Blur","floor":13,"key":"SMITH"},{"data":"Replay:Sssssssssshield","floor":15,"key":"SMITH"}],"circlet_count":0,"master_deck":["AscendersBane","Strike_G","Strike_G","Strike_G","Strike_G","Defend_G","Defend_G","Defend_G","Defend_G","Survivor","Neutralize+1","Heel Hook+1","Cloak And Dagger","ReplayTheSpireMod:From All Sides+1","All Out Attack","Blur+1","Replay:Sssssssssshield+1","Phantasmal Killer","All Out Attack","Ghostly+1","Ghostly+1","Ghostly","Ghostly","Ghostly","Deadly Poison"],"relics":["Ring of the Snake","NeowsBlessing","Golden Idol","hubris:Icosahedron","White Beast Statue","Omamori","Tiny Chest","ChewingGum","War Paint","Ring of Fangs","Ring of Hypnosis","Strawberry","Centennial Puzzle"],"acts_visited":["Exordium","TheCity"],"potions_floor_usage":[16,16,23],"damage_taken":[{"damage":0,"enemies":"2 Louse","floor":1,"turns":1},{"damage":0,"enemies":"Small Slimes","floor":3,"turns":1},{"damage":0,"enemies":"Replay:BlueRogue","floor":10,"turns":1},{"damage":4,"enemies":"Jaw Worm","floor":12,"turns":2},{"damage":29,"enemies":"Slime Boss","floor":16,"turns":10},{"damage":0,"enemies":"Shell Parasite","floor":18,"turns":2},{"damage":35,"enemies":"Book of Stabbing","floor":23,"turns":8}],"seed_played":"-664238763583650881","potions_obtained":[{"floor":3,"key":"Strength Potion"},{"floor":10,"key":"Swift Potion"},{"floor":12,"key":"Languid Potion"},{"floor":16,"key":"Weak Potion"},{"floor":18,"key":"Adrenaline Potion"},{"floor":23,"key":"DistilledChaos"}],"is_trial":false,"path_per_floor":["M","?","M","?","?","R","?","R","T","E","R","M","R","$","R","B",null,"M","?","T","?","T","E"],"character_chosen":"THE_SILENT","items_purchased":["Tiny Chest","Replay:Sssssssssshield"],"campfire_rested":0,"item_purchase_floors":[14,14],"current_hp_per_floor":[63,63,63,63,46,46,46,46,46,46,46,42,42,42,42,13,56,56,35,35,35,42,7,7],"gold":183,"neow_bonus":"THREE_ENEMY_KILL","is_daily":false,"chose_seed":false,"campfire_upgraded":5,"win_rate":0.0,"timestamp":1611273220,"path_taken":["M","?","M","?","?","R","?","R","T","E","R","?","R","$","R","BOSS","M","?","?","?","?","E"],"items_purchased_type":["Relic","Card"],"build_version":"2020-12-22","purchased_purges":0,"victory":false,"max_hp_per_floor":[70,70,70,70,70,70,70,70,70,70,70,70,70,70,70,70,70,70,35,35,35,42,42,42],"card_choices":[{"not_picked":["Quick Slash","hubris:SlightOfHand"],"picked":"Heel Hook","floor":1},{"not_picked":["ReplayTheSpireMod:The Works","Outmaneuver"],"picked":"Cloak And Dagger","floor":3},{"not_picked":["Blade Dance","hubris:Counter"],"picked":"All Out Attack","floor":10},{"not_picked":["Acrobatics","Quick Slash"],"picked":"Blur","floor":12},{"not_picked":["ReplayTheSpireMod:Necrosis","Storm of Steel"],"picked":"Phantasmal Killer","floor":16},{"not_picked":["Eviscerate","Backflip"],"picked":"All Out Attack","floor":18},{"not_picked":["Cloak And Dagger","Flechettes"],"picked":"Deadly Poison","floor":23}],"player_experience":789970,"relics_obtained":[{"floor":9,"key":"White Beast Statue"},{"floor":10,"key":"Omamori"},{"floor":20,"key":"War Paint"},{"floor":21,"key":"Ring of Fangs"},{"floor":21,"key":"Ring of Hypnosis"},{"floor":22,"key":"Strawberry"},{"floor":23,"key":"Centennial Puzzle"}],"event_choices":[{"damage_healed":0,"gold_gain":0,"cards_transformed":["Strike_G"],"player_choice":"Change","damage_taken":0,"max_hp_gain":0,"max_hp_loss":0,"event_name":"Living Wall","floor":4,"gold_loss":0,"cards_obtained":["ReplayTheSpireMod:From All Sides"]},{"damage_healed":0,"gold_gain":0,"player_choice":"Take Damage","damage_taken":17,"relics_obtained":["Golden Idol"],"max_hp_gain":0,"max_hp_loss":0,"event_name":"Golden Idol","floor":5,"gold_loss":0},{"damage_healed":0,"gold_gain":0,"player_choice":"Became a Ghost","damage_taken":0,"max_hp_gain":0,"max_hp_loss":35,"event_name":"Ghosts","floor":19,"gold_loss":0,"cards_obtained":["Ghostly","Ghostly","Ghostly","Ghostly","Ghostly"]}],"is_beta":false,"boss_relics":[{"not_picked":["hubris:Backtick","SlaversCollar"],"picked":"ChewingGum"}],"items_purged_floors":[],"is_endless":false,"potions_floor_spawned":[3,10,12,16,18,23],"killed_by":"Book of Stabbing","ascension_level":13}}