{"host":"qsusua7l529r8z9k","time":1611221310,"event":{"mods":["BaseMod","Minty Spire (QoL Compilation)","Spicy Shops","StSLib","The Bug Knight","The Cursed","The Runesmith","The Servant 0.9.4"],"gold_per_floor":[118,130,305,305,305,335,335,348,373,384,445,445,461,502,502,613,613,628,628,657,685,712,712,750,146,194,215,234,234,243,266,266,266,266],"floor_reached":33,"language":"ZHS","playtime":2435,"items_purged":["HollowMod:NailStrikeStart","HollowMod:NailStrikeStart"],"score":304,"play_id":"79175ff1-1206-433b-aff5-bf3dca7900b0","local_time":"20210121172830","is_ascension_mode":false,"campfire_choices":[{"data":"HollowMod:FocusHealStart","floor":7.0,"key":"SMITH"},{"data":"HollowMod:HuntersJournal","floor":12,"key":"SMITH"},{"data":"HollowMod:GrimmsGift","floor":15,"key":"SMITH"},{"data":"HollowMod:CoiledNail","floor":23,"key":"SMITH"},{"data":"HollowMod:ElderbugsWisdom","floor":29,"key":"SMITH"},{"data":"HollowMod:MidwifesHunger","floor":32,"key":"SMITH"}],"circlet_count":0,"master_deck":["HollowMod:NailStrikeStart","HollowMod:NailStrikeStart","HollowMod:QuickDashStart+1","HollowMod:QuickDashStart+1","HollowMod:FocusHealStart+1","HollowMod:PogoStrike","HollowMod:ChannelNail","HollowMod:HuntersJournal+1","HollowMod:GrimmsGift+1","HollowMod:FastStrike","HollowMod:CoiledNail+1","HollowMod:MonarchWings","HollowMod:ElderbugsWisdom+1","HollowMod:SoulSplash","HollowMod:MawleksShell+1","HollowMod:SoulShaman","HollowMod:Weaversong","HollowMod:DreamGate","HollowMod:ZotesMagnificence","HollowMod:MantisMark","HollowMod:BaldurShell","HollowMod:HowlingWraiths","HollowMod:BlackTendrils+1","HollowMod:MantisMark+1","HollowMod:MidwifesHunger+1","HollowMod:CornifersMapStart+1"],"relics":["HollowMod:VesselMask","NeowsBlessing","Smiling Mask","Dream Catcher","War Paint","HollowMod:PaleOreRelic","CeramicFish","Coffee Dripper","White Beast Statue","Membership Card","HollowMod:MillibellesNoteRelic","Matryoshka","Eternal Feather","Ancient Tea Set","Orrery","HollowMod:LumaflyLanternRelic","Orichalcum"],"acts_visited":["Exordium","TheCity"],"potions_floor_usage":[11,11,18,24,28,33,33,33],"damage_taken":[{"damage":0.0,"enemies":"2 Louse","floor":1.0,"turns":1.0},{"damage":0.0,"enemies":"Jaw Worm","floor":2.0,"turns":1.0},{"damage":0.0,"enemies":"Gremlin Nob","floor":6.0,"turns":1.0},{"damage":0.0,"enemies":"Small Slimes","floor":8.0,"turns":3.0},{"damage":13.0,"enemies":"Exordium Wildlife","floor":10.0,"turns":9.0},{"damage":0,"enemies":"Gremlin Nob","floor":11,"turns":2},{"damage":3,"enemies":"Lots of Slimes","floor":13,"turns":3},{"damage":9,"enemies":"HollowMod:MossKnight","floor":14,"turns":5},{"damage":41,"enemies":"HollowMod:FalseKnight","floor":16,"turns":8},{"damage":12,"enemies":"Spheric Guardian","floor":18,"turns":5},{"damage":2,"enemies":"2 Thieves","floor":20,"turns":4},{"damage":21,"enemies":"Chosen and Byrds","floor":21,"turns":5},{"damage":33,"enemies":"Snake Plant","floor":22,"turns":4},{"damage":31,"enemies":"Gremlin Leader","floor":24,"turns":6},{"damage":0,"enemies":"Centurion and Healer","floor":27,"turns":5},{"damage":28,"enemies":"3 Cultists","floor":28,"turns":5},{"damage":4,"enemies":"Cultist and Chosen","floor":31,"turns":4},{"damage":73,"enemies":"Champ","floor":33,"turns":5}],"seed_played":"-678707422804119377","potions_obtained":[{"floor":2.0,"key":"Strength Potion"},{"floor":6.0,"key":"PowerPotion"},{"floor":8.0,"key":"GamblersBrew"},{"floor":11,"key":"Dexterity Potion"},{"floor":18,"key":"Fruit Juice"},{"floor":21,"key":"Fire Potion"},{"floor":24,"key":"CultistPotion"},{"floor":27,"key":"DuplicationPotion"},{"floor":28,"key":"Ancient Potion"}],"is_trial":false,"path_per_floor":["M","M","?","?","?","E","R","M","T","M","?","R","M","E","R","B",null,"M","?","M","M","M","R","E","$","T","M","M","R","?","M","R","B"],"character_chosen":"THE_BUGKNIGHT","items_purchased":["Membership Card","HollowMod:MillibellesNoteRelic","Matryoshka","Eternal Feather","Ancient Tea Set","Orrery"],"campfire_rested":0,"item_purchase_floors":[25,25,25,25,25,25],"current_hp_per_floor":[75,75,75,75,63,63,63,73,73,72,72,72,69,70,70,35,75,74,74,78,59,36,36,15,15,15,21,6,21,21,31,46,0,0],"gold":266,"neow_bonus":"THREE_ENEMY_KILL","is_daily":false,"chose_seed":false,"campfire_upgraded":6,"win_rate":0.0,"timestamp":1611221310,"path_taken":["M","M","?","?","?","E","R","M","T","M","?","R","M","E","R","BOSS","M","?","M","?","M","R","E","$","T","M","M","R","?","M","R","BOSS"],"items_purchased_type":["Relic","Relic","Relic","Relic","Relic","Relic"],"build_version":"2020-12-22","purchased_purges":2,"victory":false,"max_hp_per_floor":[75,75,75,75,75,75,75,75,75,75,75,75,75,75,75,75,75,80,80,80,80,80,80,80,80,80,80,80,80,80,80,80,80,80],"card_choices":[{"not_picked":["HollowMod:LifebloodCocoon","HollowMod:VengefulSpirit"],"picked":"HollowMod:ChannelNail","floor":1.0},{"not_picked":["HollowMod:VengefulVoid","HollowMod:SiblingsSouls","HollowMod:ShapeofUnn"],"picked":"SKIP","floor":2.0},{"not_picked":["HollowMod:DashSlash","HollowMod:DungDefenderAura"],"picked":"HollowMod:HuntersJournal","floor":6.0},{"not_picked":["HollowMod:BlackTendrils","HollowMod:LifebloodCocoon"],"picked":"HollowMod:GrimmsGift","floor":8.0},{"not_picked":["HollowMod:ChannelNail","HollowMod:InfectedAttack"],"picked":"HollowMod:FastStrike","floor":10.0},{"not_picked":["HollowMod:NewLittleFool","HollowMod:DoubleDash"],"picked":"HollowMod:CoiledNail","floor":11},{"not_picked":["HollowMod:RecoilStrike","HollowMod:FastStrike","HollowMod:NewJinnsSoul"],"picked":"SKIP","floor":13},{"not_picked":["HollowMod:SharpenedShadows","HollowMod:NewLittleFool"],"picked":"HollowMod:MonarchWings","floor":14},{"not_picked":["HollowMod:theNailsmith","HollowMod:NewInfectedGuardian"],"picked":"HollowMod:ElderbugsWisdom","floor":16},{"not_picked":["HollowMod:NewJinnsSoul","HollowMod:SharpenedNail","HollowMod:WraithStrike"],"picked":"SKIP","floor":18},{"not_picked":["HollowMod:DoubleDash","HollowMod:NewLittleFool"],"picked":"HollowMod:SoulSplash","floor":20},{"not_picked":["HollowMod:SiblingsSouls","HollowMod:DesolateDive"],"picked":"HollowMod:MawleksShell+1","floor":21},{"not_picked":["HollowMod:VengefulVoid","HollowMod:TaintedHusks"],"picked":"HollowMod:SoulShaman","floor":22},{"not_picked":["HollowMod:GrimmsGift","HollowMod:SharpenedShadows"],"picked":"HollowMod:Weaversong","floor":24},{"not_picked":["HollowMod:LifebloodCocoon","HollowMod:HeavyBlow"],"picked":"HollowMod:DreamGate","floor":25},{"not_picked":["HollowMod:InfectedAttack+1","HollowMod:FastStrike"],"picked":"HollowMod:ZotesMagnificence","floor":25},{"not_picked":["HollowMod:DungDefenderAura","HollowMod:NewGlowingWomb"],"picked":"HollowMod:MantisMark","floor":25},{"not_picked":["HollowMod:SoulStrike","HollowMod:CoiledNail"],"picked":"HollowMod:BaldurShell","floor":25},{"not_picked":["HollowMod:DescendingDark","HollowMod:GoodIntentions"],"picked":"HollowMod:HowlingWraiths","floor":25},{"not_picked":["HollowMod:DescendingDark","HollowMod:SiblingsSouls"],"picked":"HollowMod:BlackTendrils+1","floor":27},{"not_picked":["HollowMod:DescendingDark","HollowMod:FallenFury"],"picked":"HollowMod:MantisMark+1","floor":28},{"not_picked":["HollowMod:VoidDash","HollowMod:InfectionAssault"],"picked":"HollowMod:CornifersMapStart+1","floor":31}],"player_experience":418552,"relics_obtained":[{"floor":6.0,"key":"Dream Catcher"},{"floor":9.0,"key":"War Paint"},{"floor":11,"key":"HollowMod:PaleOreRelic"},{"floor":14,"key":"CeramicFish"},{"floor":24,"key":"White Beast Statue"},{"floor":26,"key":"HollowMod:LumaflyLanternRelic"},{"floor":26,"key":"Orichalcum"}],"event_choices":[{"damage_healed":0.0,"max_hp_gain":0.0,"max_hp_loss":0.0,"gold_gain":175.0,"event_name":"Liars Game","player_choice":"AGREE","floor":3.0,"gold_loss":0.0,"damage_taken":0.0,"cards_obtained":["Doubt"]},{"cards_removed":["Doubt"],"damage_healed":0.0,"max_hp_gain":0.0,"max_hp_loss":0.0,"gold_gain":0.0,"event_name":"Living Wall","player_choice":"Forget","floor":4.0,"gold_loss":0.0,"damage_taken":0.0},{"damage_healed":0.0,"max_hp_gain":0.0,"max_hp_loss":0.0,"gold_gain":0.0,"event_name":"Scrap Ooze","player_choice":"Success","floor":5.0,"gold_loss":0.0,"damage_taken":12.0,"relics_obtained":["Smiling Mask"]},{"damage_healed":0,"gold_gain":0,"player_choice":"Searched \u00271\u0027 times","damage_taken":0,"max_hp_gain":0,"max_hp_loss":0,"event_name":"Dead Adventurer","floor":11,"gold_loss":0},{"cards_removed":["HollowMod:QuickDashStart"],"damage_healed":0,"gold_gain":0,"player_choice":"Offered Basic","damage_taken":0,"max_hp_gain":0,"max_hp_loss":0,"event_name":"Bonfire Elementals","floor":19,"gold_loss":0},{"damage_healed":0,"gold_gain":0,"cards_transformed":["HollowMod:QuickDashStart"],"player_choice":"Transformed","damage_taken":0,"max_hp_gain":0,"max_hp_loss":0,"event_name":"Transmorgrifier","floor":30,"gold_loss":0,"cards_obtained":["HollowMod:MidwifesHunger"]}],"is_beta":false,"boss_relics":[{"not_picked":["Runic Pyramid","Snecko Eye"],"picked":"Coffee Dripper"}],"items_purged_floors":[25,25],"is_endless":false,"potions_floor_spawned":[2,6,8,11,18,21,24,27,28,31],"killed_by":"Champ","ascension_level":0}}