{"host":"nbmmy2ys5j9alw05","time":1611198822,"event":{"mods":["AchievementEnabler","BaseMod","Bestiary","Better Vampires","Colored Map","Colored Powertips","Googly Eyes","Minty Spire (QoL Compilation)","Quick Restart","StSLib","The Hierophant","The IronCluck","everything is the same but u backflip on backflip"],"gold_per_floor":[110,86,103,103,11,44,44,71,97,111,111,111,111,111,111,213,213,227,152,152,152,232,257,257,290,372,385,585,597,696,696,696,792,792,810,824,824,470,484,484,515,530,530,353,0,10,27,27,27,27],"floor_reached":51,"language":"ENG","playtime":1396,"items_purged":["Strike_R","Strike_R"],"score":1092,"play_id":"af39a437-9f5c-4a7f-be6f-77fbc862a1d5","local_time":"20210120191342","is_ascension_mode":true,"campfire_choices":[{"data":"Pummel","floor":11,"key":"SMITH"},{"data":"Flex","floor":13,"key":"SMITH"},{"floor":15,"key":"REST"},{"floor":24,"key":"REST"},{"data":"Whirlwind","floor":32,"key":"SMITH"},{"data":"Double Tap","floor":40,"key":"SMITH"},{"data":"Uppercut","floor":49,"key":"SMITH"}],"circlet_count":0,"master_deck":["Defend_R","Defend_R","Defend_R","Defend_R","Bash","Pummel+1","Flex","Uppercut+1","Panacea","Flex+1","Double Tap","Whirlwind+1","Necronomicurse","Bloodletting+1","Second Wind","Double Tap+1","Demon Form","Offering","Doubt"],"relics":["Burning Blood","Boot","Red Skull","Art of War","Vajra","Runic Pyramid","Necronomicon","Mummified Hand","Centennial Puzzle","Kunai","Pantograph","Coffee Dripper","Mercury Hourglass","PreservedInsect","Lantern","Sundial","Red Mask"],"acts_visited":["Exordium","TheCity","TheBeyond"],"potions_floor_usage":[6,16,16,23,33,33,50],"damage_taken":[{"damage":7,"enemies":"Jaw Worm","floor":1,"turns":3},{"damage":4,"enemies":"Small Slimes","floor":3,"turns":3},{"damage":30,"enemies":"Lagavulin","floor":6,"turns":5},{"damage":0,"enemies":"Cultist","floor":10,"turns":1},{"damage":45,"enemies":"Hexaghost","floor":16,"turns":9},{"damage":12,"enemies":"Chosen","floor":18,"turns":2},{"damage":21,"enemies":"Slavers","floor":23,"turns":2},{"damage":0,"enemies":"Gremlin Leader","floor":25,"turns":3},{"damage":0,"enemies":"3 Byrds","floor":27,"turns":1},{"damage":17,"enemies":"Snake Plant","floor":29,"turns":2},{"damage":22,"enemies":"Champ","floor":33,"turns":6},{"damage":36,"enemies":"3 Shapes","floor":35,"turns":1},{"damage":6,"enemies":"Orb Walker","floor":36,"turns":2},{"damage":37,"enemies":"4 Shapes","floor":39,"turns":3},{"damage":5,"enemies":"Nemesis","floor":41,"turns":3},{"damage":7,"enemies":"Maw","floor":42,"turns":3},{"damage":0,"enemies":"Spire Growth","floor":46,"turns":2},{"damage":0,"enemies":"3 Darklings","floor":47,"turns":1},{"damage":54,"enemies":"Donu and Deca","floor":50,"turns":3}],"seed_played":"-8450040712149968155","potions_obtained":[{"floor":0,"key":"AttackPotion"},{"floor":0,"key":"SneckoOil"},{"floor":0,"key":"FairyPotion"},{"floor":6,"key":"GamblersBrew"},{"floor":16,"key":"GamblersBrew"},{"floor":25,"key":"Dexterity Potion"},{"floor":29,"key":"EssenceOfSteel"},{"floor":35,"key":"Fire Potion"},{"floor":36,"key":"FairyPotion"},{"floor":47,"key":"Strength Potion"}],"is_trial":false,"path_per_floor":["M","$","M","?","$","E","?","T","T","M","R","?","R","?","R","B",null,"M","?","?","?","T","E","R","E","T","M","?","M","?","?","R","B",null,"M","M","T","$","M","R","E","M","T","$","?","M","M","?","R","B",null],"character_chosen":"IRONCLAD","items_purchased":["Flex","Panacea","PreservedInsect","Offering","Dexterity Potion","Regen Potion"],"campfire_rested":2,"item_purchase_floors":[2,5,38,38,38,44],"current_hp_per_floor":[71,71,73,66,66,42,24,24,24,30,30,30,30,30,54,15,64,58,58,43,27,27,12,37,43,43,49,49,38,38,38,38,47,76,46,46,46,46,15,15,16,15,15,15,15,21,27,85,85,37],"gold":27,"neow_bonus":"THREE_SMALL_POTIONS","is_daily":false,"chose_seed":false,"campfire_upgraded":5,"win_rate":0.0,"timestamp":1611198822,"path_taken":["M","$","M","?","$","E","?","?","T","?","R","?","R","?","R","BOSS","M","?","?","?","?","E","R","E","T","M","?","?","?","?","R","BOSS","M","M","?","?","M","R","E","?","T","$","?","M","M","?","R","BOSS"],"items_purchased_type":["Card","Card","Relic","Card","Potion","Potion"],"build_version":"2020-12-22","purchased_purges":2,"victory":true,"max_hp_per_floor":[80,80,80,80,80,80,80,80,80,80,80,80,80,80,80,80,80,80,80,85,85,85,85,85,85,85,85,85,85,85,85,85,85,85,85,85,85,85,85,85,85,85,85,85,85,85,85,85,85,85],"card_choices":[{"not_picked":["Body Slam","Flex"],"picked":"Pummel","floor":1},{"not_picked":["Carnage","Twin Strike"],"picked":"Uppercut","floor":3},{"not_picked":["Thunderclap","Juggernaut"],"picked":"Flex","floor":6},{"not_picked":["Infernal Blade","Dropkick","Body Slam"],"picked":"SKIP","floor":10},{"not_picked":["Feed","Berserk"],"picked":"Double Tap","floor":16},{"not_picked":["Iron Wave+1","Clash"],"picked":"Whirlwind","floor":18},{"not_picked":["Rage","Perfected Strike","Clothesline"],"picked":"SKIP","floor":23},{"not_picked":["True Grit","Berserk"],"picked":"Bloodletting+1","floor":25},{"not_picked":["Dual Wield","Shrug It Off","Armaments"],"picked":"SKIP","floor":27},{"not_picked":["Armaments+1","Rage+1"],"picked":"Second Wind","floor":29},{"not_picked":["Corruption","Immolate"],"picked":"Demon Form","floor":33},{"not_picked":["Spot Weakness+1","Cleave","Clash"],"picked":"SKIP","floor":35},{"not_picked":["Rupture+1","Body Slam+1","Shockwave+1"],"picked":"SKIP","floor":36},{"not_picked":["Armaments+1","Wild Strike","Heavy Blade"],"picked":"SKIP","floor":39},{"not_picked":["Rage+1","Iron Wave+1","Sword Boomerang"],"picked":"SKIP","floor":41},{"not_picked":["Warcry","Perfected Strike","Twin Strike+1"],"picked":"SKIP","floor":42},{"not_picked":["Barricade","Carnage+1","Perfected Strike+1"],"picked":"SKIP","floor":46},{"not_picked":["Headbutt+1","Heavy Blade+1","Warcry+1"],"picked":"SKIP","floor":47}],"player_experience":513282,"relics_obtained":[{"floor":6,"key":"Boot"},{"floor":8,"key":"Art of War"},{"floor":9,"key":"Vajra"},{"floor":21,"key":"Necronomicon"},{"floor":22,"key":"Mummified Hand"},{"floor":23,"key":"Centennial Puzzle"},{"floor":25,"key":"Kunai"},{"floor":26,"key":"Pantograph"},{"floor":37,"key":"Mercury Hourglass"},{"floor":41,"key":"Lantern"},{"floor":43,"key":"Sundial"}],"event_choices":[{"cards_removed":["Strike_R"],"damage_healed":0,"gold_gain":0,"player_choice":"Card Removal","damage_taken":7,"max_hp_gain":0,"max_hp_loss":0,"event_name":"Golden Wing","floor":4,"gold_loss":0},{"damage_healed":0,"gold_gain":0,"player_choice":"Success","damage_taken":18,"relics_obtained":["Red Skull"],"max_hp_gain":0,"max_hp_loss":0,"event_name":"Scrap Ooze","floor":7,"gold_loss":0},{"cards_removed":["Strike_R"],"damage_healed":0,"gold_gain":0,"player_choice":"Forget","damage_taken":0,"max_hp_gain":0,"max_hp_loss":0,"event_name":"Living Wall","floor":12,"gold_loss":0},{"damage_healed":0,"gold_gain":0,"player_choice":"Ignored","damage_taken":0,"max_hp_gain":0,"max_hp_loss":0,"event_name":"Golden Idol","floor":14,"gold_loss":0},{"cards_removed":["Strike_R"],"damage_healed":0,"gold_gain":0,"player_choice":"Gave Gold","damage_taken":0,"max_hp_gain":0,"max_hp_loss":0,"event_name":"Beggar","floor":19,"gold_loss":75},{"damage_healed":0,"gold_gain":0,"player_choice":"Shed Blood","damage_taken":20,"max_hp_gain":5,"max_hp_loss":0,"event_name":"Forgotten Altar","floor":20,"gold_loss":0},{"damage_healed":0,"gold_gain":0,"player_choice":"Obtained Book","damage_taken":16,"max_hp_gain":0,"max_hp_loss":0,"event_name":"Cursed Tome","floor":21,"gold_loss":0},{"damage_healed":0,"gold_gain":250,"player_choice":"Bet on Owner","damage_taken":0,"max_hp_gain":0,"max_hp_loss":0,"event_name":"The Joust","floor":28,"gold_loss":50},{"damage_healed":0,"gold_gain":99,"player_choice":"Stole From Cult","damage_taken":0,"max_hp_gain":0,"max_hp_loss":0,"event_name":"Nest","floor":30,"gold_loss":0},{"damage_healed":0,"gold_gain":0,"player_choice":"1 cards matched","damage_taken":0,"max_hp_gain":0,"max_hp_loss":0,"event_name":"Match and Keep!","floor":31,"gold_loss":0,"cards_obtained":["Double Tap"]},{"damage_healed":0,"gold_gain":0,"player_choice":"Paid","damage_taken":0,"relics_obtained":["Red Mask"],"max_hp_gain":0,"max_hp_loss":0,"event_name":"Tomb of Lord Red Mask","floor":45,"gold_loss":353},{"damage_healed":58,"gold_gain":0,"player_choice":"Heal","damage_taken":0,"max_hp_gain":0,"max_hp_loss":0,"event_name":"MindBloom","floor":48,"gold_loss":0,"cards_obtained":["Doubt"]}],"is_beta":false,"boss_relics":[{"not_picked":["Runic Dome","Black Star"],"picked":"Runic Pyramid"},{"not_picked":["Empty Cage","Runic Cube"],"picked":"Coffee Dripper"}],"items_purged_floors":[38,44],"is_endless":false,"potions_floor_spawned":[1,6,16,25,29,35,36,46,47],"ascension_level":9}}