{"host":"gzk4gkgy3zij1c51","time":1611226694,"event":{"mods":["BaseMod","Colored Map","Downfall","Highlight Path","Marked Mod","Minty Spire (QoL Compilation)","Relic Stats","StSLib","everything is the same but u backflip on backflip"],"gold_per_floor":[99,99,549,560,88,123,123,152,152,52,64,64,25,53,63,158,158,58,73,84,32,43,70,70,70,62,62,83,83,83,191,203,203,203,203],"floor_reached":33,"language":"ENG","playtime":2579,"items_purged":["downfall:Icky"],"score":383,"play_id":"abb3bbe9-7299-4320-9051-673d308613a5","local_time":"20210121105814","is_ascension_mode":true,"campfire_choices":[{"data":"hexamod:Float","floor":1.0,"key":"SMITH"},{"data":"hexamod:GhostOfSpirePast","floor":10.0,"key":"SMITH"},{"data":"hexamod:ForkedFlame","floor":18.0,"key":"SMITH"},{"floor":25.0,"key":"RECALL"},{"data":"Pride","floor":30.0,"key":"PURGE"}],"circlet_count":0,"master_deck":["hexamod:Strike+1","hexamod:Strike+1","hexamod:Defend+1","hexamod:Defend+1","hexamod:Defend+1","hexamod:Sear","hexamod:Float+1","downfall:Icky","downfall:Icky","hexamod:Firestarter+1","hexamod:GhostOfSpirePast+1","hexamod:FirstSeal","expansioncontent:DashGenerateEvil+1","hexamod:FastForward+1","hexamod:PhantomCloak+1","hexamod:SixthSeal","hexamod:ShieldOfDarkness","hexamod:Incineration+1","hexamod:InspiringFlames","hexamod:ForkedFlame+1","hexamod:ExtraCrispy+1","hexamod:GhostflameBarrier","hexamod:TimeWarp","hexamod:StepThrough+1","hexamod:FourthSeal","hexamod:BurningTouch+1","hexamod:ThirdSeal","hexamod:SecondSeal","J.A.X.","hexamod:ThermalTransfer","hexamod:SoulSteal","hexamod:SpectralSpark","hexamod:ParanormalForm","hexamod:GhostShield"],"relics":["hexamod:SpiritBrand","Peace Pipe","Kunai","hexamod:JarOfFuel","Juzu Bracelet","Pocketwatch","downfall:HeartBlessingBlue","hexamod:MatchstickCase","Coffee Dripper","downfall:HeartBlessingGreen","Bottled Lightning","Mercury Hourglass","The Courier","Pen Nib","MutagenicStrength"],"acts_visited":["Exordium","TheCity"],"potions_floor_usage":[33,33,33],"damage_taken":[{"damage":0.0,"enemies":"Small Slimes","floor":4.0,"turns":3.0},{"damage":5.0,"enemies":"downfall:FleeingMerchant","floor":5.0,"turns":4.0},{"damage":0.0,"enemies":"Gremlin Nob","floor":6.0,"turns":3.0},{"damage":15.0,"enemies":"3 Sentries","floor":8.0,"turns":9.0},{"damage":0.0,"enemies":"2 Louse","floor":11.0,"turns":2.0},{"damage":0.0,"enemies":"downfall:FleeingMerchant","floor":13.0,"turns":4.0},{"damage":20.0,"enemies":"Lagavulin","floor":14.0,"turns":8.0},{"damage":0.0,"enemies":"Jaw Worm","floor":15.0,"turns":4.0},{"damage":21.0,"enemies":"WA_ARCHETYPE_RETAIN","floor":16.0,"turns":9.0},{"damage":0.0,"enemies":"3 Byrds","floor":19.0,"turns":4.0},{"damage":0.0,"enemies":"Chosen","floor":20.0,"turns":3.0},{"damage":7.0,"enemies":"downfall:FleeingMerchant","floor":21.0,"turns":4.0},{"damage":7.0,"enemies":"Centurion and Healer","floor":22.0,"turns":5.0},{"damage":15.0,"enemies":"Book of Stabbing","floor":23.0,"turns":6.0},{"damage":18.0,"enemies":"Shelled Parasite and Fungi","floor":28.0,"turns":5.0},{"damage":30.0,"enemies":"downfall:Augmenter","floor":31.0,"turns":6.0},{"damage":0.0,"enemies":"Chosen and Byrds","floor":32.0,"turns":4.0},{"damage":66,"enemies":"SI_MIRROR_ARCHETYPE","floor":33,"turns":8}],"seed_played":"6801926364792982735","potions_obtained":[{"floor":6.0,"key":"ColorlessPotion"},{"floor":15.0,"key":"sneckomod:MuddlingPotion"},{"floor":16.0,"key":"SteroidPotion"},{"floor":19.0,"key":"SpeedPotion"},{"floor":22.0,"key":"Strength Potion"},{"floor":23.0,"key":"SpeedPotion"},{"floor":28.0,"key":"BlessingOfTheForge"},{"floor":31.0,"key":"CultistPotion"},{"floor":32.0,"key":"Regen Potion"}],"is_trial":false,"path_per_floor":["R","?","?","M","$","E","T","E","?","R","M","?","$","E","M","B",null,"R","M","M","$","M","E","T","R","?","?","M","?","R","?","M","B"],"character_chosen":"THE_SPIRIT","items_purchased":["hexamod:JarOfFuel","hexamod:FirstSeal","expansioncontent:DashGenerateEvil+1","hexamod:ShieldOfDarkness","hexamod:StepThrough"],"campfire_rested":0,"item_purchase_floors":[5,5,5,13,21],"current_hp_per_floor":[49,42,42,42,37,37,37,29,29,39,39,39,46,43,50,36,69,69,69,76,76,76,68,68,68,68,68,57,57,57,34,34,0,0,0],"gold":203,"neow_bonus":"ONE_RARE_RELIC","is_daily":false,"chose_seed":false,"campfire_upgraded":3,"win_rate":0.0,"timestamp":1611226694,"path_taken":["R","?","?","M","?","E","T","E","?","R","M","?","$","E","M","BOSS","R","M","M","$","M","E","T","R","?","?","M","?","R","?","M","BOSS"],"items_purchased_type":["Relic","Card","Card","Card","Card"],"build_version":"2020-12-22","purchased_purges":1,"victory":false,"max_hp_per_floor":[70,70,70,70,70,70,70,70,70,80,80,80,80,80,80,80,80,80,80,80,80,80,80,80,80,80,80,80,80,80,80,80,80,80,80],"relic_stats":{"Peace Pipe":1,"counters":[18,91],"Pen Nib":[2],"Juzu Bracelet":2,"Kunai":[16],"obtain_stats":[{"hexamod:JarOfFuel":5,"downfall:HeartBlessingGreen":18,"The Courier":27,"Pen Nib":29,"Juzu Bracelet":6,"hexamod:MatchstickCase":14,"Mercury Hourglass":24,"Peace Pipe":0,"downfall:HeartBlessingBlue":10,"MutagenicStrength":31,"Coffee Dripper":17,"Kunai":2,"Bottled Lightning":23,"hexamod:SpiritBrand":0,"Pocketwatch":8},{"hexamod:JarOfFuel":2,"downfall:HeartBlessingGreen":9,"The Courier":14,"Pen Nib":15,"Juzu Bracelet":3,"hexamod:MatchstickCase":7,"Mercury Hourglass":14,"Peace Pipe":0,"downfall:HeartBlessingBlue":4,"MutagenicStrength":16,"Coffee Dripper":9,"Kunai":0,"Bottled Lightning":14,"hexamod:SpiritBrand":0,"Pocketwatch":4},{"hexamod:JarOfFuel":7,"downfall:HeartBlessingGreen":46,"The Courier":68,"Pen Nib":73,"Juzu Bracelet":10,"hexamod:MatchstickCase":33,"Mercury Hourglass":68,"Peace Pipe":0,"downfall:HeartBlessingBlue":19,"MutagenicStrength":79,"Coffee Dripper":46,"Kunai":0,"Bottled Lightning":68,"hexamod:SpiritBrand":0,"Pocketwatch":19}],"Pocketwatch":[51],"Mercury Hourglass":[52]},"card_choices":[{"not_picked":["hexamod:NightmareGuise","hexamod:AdvancingGuard"],"picked":"hexamod:Firestarter","floor":4.0},{"not_picked":["hexamod:Hexaguard","hexamod:GhostShield"],"picked":"hexamod:GhostOfSpirePast","floor":5.0},{"not_picked":["hexamod:Hexaguard","hexamod:VolcanoVisage"],"picked":"hexamod:HauntingEcho","floor":6.0},{"not_picked":["hexamod:SwordOfDarkness","hexamod:GhostLash"],"picked":"hexamod:FastForward","floor":8.0},{"not_picked":["hexamod:BurningTouch","hexamod:NightmareGuise"],"picked":"hexamod:PhantomCloak","floor":11.0},{"not_picked":["hexamod:FlamesFromBeyond","hexamod:SpectersWail"],"picked":"hexamod:SixthSeal","floor":13.0},{"not_picked":["hexamod:AdvancingGuard","hexamod:PhantomCloak"],"picked":"hexamod:Incineration","floor":14.0},{"not_picked":["hexamod:HauntingEcho","hexamod:ShieldOfDarkness"],"picked":"hexamod:InspiringFlames","floor":15.0},{"not_picked":["hexamod:ApocalypseNow","hexamod:TimeOfNeed"],"picked":"hexamod:ForkedFlame","floor":16.0},{"not_picked":["hexamod:HeatMetal","hexamod:GhostLash"],"picked":"hexamod:ExtraCrispy","floor":19.0},{"not_picked":["hexamod:Firestarter","hexamod:GhostOfSpirePast"],"picked":"hexamod:GhostflameBarrier","floor":20.0},{"not_picked":["hexamod:GhostShield+1","hexamod:NightmareStrike"],"picked":"hexamod:TimeWarp","floor":21.0},{"not_picked":["hexamod:PhantomFireball","hexamod:HeatMetal"],"picked":"hexamod:FourthSeal","floor":22.0},{"not_picked":["hexamod:FirstSeal","hexamod:NightmareGuise+1"],"picked":"hexamod:BurningTouch+1","floor":23.0},{"not_picked":["hexamod:ExtraCrispy","hexamod:SkipABeat","hexamod:SwordOfDarkness"],"picked":"SKIP","floor":28.0},{"not_picked":["hexamod:Incineration","hexamod:NightmareGuise","hexamod:SwordOfDarkness"],"picked":"SKIP","floor":28.0},{"not_picked":[],"picked":"J.A.X.","floor":31.0},{"not_picked":["hexamod:AdvancingGuard","hexamod:HeatMetal"],"picked":"hexamod:SpectralSpark","floor":31.0},{"not_picked":["hexamod:HauntingEcho+1","hexamod:NightmareGuise"],"picked":"hexamod:ParanormalForm","floor":32.0},{"not_picked":["hexamod:NightmareStrike","hexamod:RainOfEmbers"],"picked":"hexamod:GhostShield","floor":32.0}],"player_experience":1055070,"relics_obtained":[{"floor":6.0,"key":"Juzu Bracelet"},{"floor":8.0,"key":"Pocketwatch"},{"floor":14.0,"key":"hexamod:MatchstickCase"},{"floor":23.0,"key":"Bottled Lightning"},{"floor":24.0,"key":"Mercury Hourglass"},{"floor":31.0,"key":"MutagenicStrength"}],"event_choices":[{"damage_healed":0.0,"max_hp_gain":0.0,"max_hp_loss":0.0,"gold_gain":0.0,"event_name":"Scrap Ooze","player_choice":"Success","floor":2.0,"gold_loss":0.0,"damage_taken":7.0,"relics_obtained":["Kunai"]},{"damage_healed":0.0,"max_hp_gain":0.0,"max_hp_loss":0.0,"gold_gain":0.0,"event_name":"Addict","player_choice":"Stole Relic","floor":29.0,"gold_loss":0.0,"damage_taken":0.0,"relics_obtained":["Pen Nib"],"cards_obtained":["Pride"]}],"is_beta":false,"boss_relics":[{"not_picked":["Philosopher\u0027s Stone","Black Star"],"picked":"Coffee Dripper"}],"items_purged_floors":[5],"is_endless":false,"potions_floor_spawned":[6,15,16,19,22,23,28],"killed_by":"SI_MIRROR_ARCHETYPE","ascension_level":5}}