{"host":"gzk4gkgy3zij1c51","time":1611228157,"event":{"mods":["BaseMod","Colored Map","Downfall","Highlight Path","Marked Mod","Minty Spire (QoL Compilation)","Relic Stats","StSLib","everything is the same but u backflip on backflip"],"gold_per_floor":[99,112,130,130,14,46,46,31,31,49,65,65,65,165,175,175,175,175],"floor_reached":16,"language":"ENG","playtime":1273,"items_purged":[],"score":275,"play_id":"57629e55-16cc-4b4a-ae58-cd426f599ec4","local_time":"20210121112237","is_ascension_mode":true,"campfire_choices":[{"data":"champ:Taunt","floor":1,"key":"SMITH"},{"floor":9,"key":"REST"},{"data":"champ:StanceDance","floor":13,"key":"SMITH"}],"circlet_count":0,"master_deck":["champ:Strike","champ:Strike+1","champ:Strike+1","champ:Defend+1","champ:Defend","champ:Defend","champ:Defend","champ:Execute","champ:Taunt+1","champ:Circumvent","champ:StanceDance+1","champ:CrownThrow","champ:FanOfKnives","champ:DefensiveStyle","champ:EnGarde","champ:SwordSigil","champ:ArenaPreparation","champ:FocusedDefense","champ:BerserkersShout","downfall:Malfunctioning","Regret","Parasite","downfall:Bewildered","Decay","champ:CheapShot","Normality","Writhe","champ:BladeFlurry"],"relics":["champ:ChampionCrown","champ:FightingForDummies","Regal Pillow","Ancient Tea Set","Darkstone Periapt"],"acts_visited":["Exordium"],"potions_floor_usage":[16,16],"damage_taken":[{"damage":20,"enemies":"Small Slimes","floor":2,"turns":4},{"damage":13,"enemies":"2 Louse","floor":3,"turns":3},{"damage":20,"enemies":"downfall:FleeingMerchant","floor":5,"turns":4},{"damage":66,"enemies":"Gremlin Nob","floor":6,"turns":6},{"damage":25,"enemies":"downfall:FleeingMerchant","floor":8,"turns":4},{"damage":15,"enemies":"Jaw Worm","floor":10,"turns":3},{"damage":8,"enemies":"Lots of Slimes","floor":11,"turns":5},{"damage":42,"enemies":"Large Slime","floor":15,"turns":7},{"damage":93,"enemies":"DF_ARCHETYPE_STREAMLINE","floor":16,"turns":10}],"seed_played":"-9221256179761489340","potions_obtained":[{"floor":10,"key":"Block Potion"},{"floor":11,"key":"LiquidBronze"}],"is_trial":false,"path_per_floor":["R","M","M","?","$","E","T","$","R","M","M","?","R","?","M","B"],"character_chosen":"THE_CHAMP","items_purchased":["champ:DefensiveStyle","champ:EnGarde"],"campfire_rested":1,"item_purchase_floors":[5,5],"current_hp_per_floor":[90,90,87,69,69,33,33,18,60,60,52,52,52,93,91,0,0,0],"gold":175,"neow_bonus":"TRANSFORM_CARD","is_daily":false,"chose_seed":false,"campfire_upgraded":2,"win_rate":0.0,"timestamp":1611228157,"path_taken":["R","M","M","?","$","E","T","$","R","M","M","?","R","?","M","BOSS"],"items_purchased_type":["Card","Card"],"build_version":"2020-12-22","purchased_purges":0,"victory":false,"max_hp_per_floor":[90,90,90,90,90,90,90,90,90,90,90,90,90,131,131,131,131,131],"relic_stats":{"Darkstone Periapt":36,"Regal Pillow":15,"counters":[9,46],"obtain_stats":[{"Darkstone Periapt":14,"Regal Pillow":6,"champ:ChampionCrown":0,"champ:FightingForDummies":4,"Ancient Tea Set":7},{"Darkstone Periapt":7,"Regal Pillow":4,"champ:ChampionCrown":0,"champ:FightingForDummies":2,"Ancient Tea Set":4},{"Darkstone Periapt":29,"Regal Pillow":17,"champ:ChampionCrown":0,"champ:FightingForDummies":7,"Ancient Tea Set":17}]},"card_choices":[{"not_picked":["champ:Backstep","champ:BringItOn"],"picked":"champ:StanceDance","floor":2},{"not_picked":["champ:RecklessLeap","champ:BerserkersShout"],"picked":"champ:CrownThrow","floor":3},{"not_picked":["champ:SetATrap","champ:StanceDance"],"picked":"champ:FanOfKnives","floor":5},{"not_picked":["champ:TornadoPunch","champ:DeathBlow"],"picked":"champ:SwordSigil","floor":6},{"not_picked":["champ:RisingSlash","champ:PerfectedStrike"],"picked":"champ:ArenaPreparation","floor":8},{"not_picked":["champ:Haymaker","champ:SetATrap"],"picked":"champ:FocusedDefense","floor":10},{"not_picked":["champ:Encircle","champ:FanOfKnives"],"picked":"champ:BerserkersShout","floor":11},{"not_picked":["champ:Backstep","champ:BerserkersShout"],"picked":"champ:BladeFlurry","floor":15}],"player_experience":1057649,"relics_obtained":[{"floor":6,"key":"Regal Pillow"},{"floor":7,"key":"Ancient Tea Set"}],"event_choices":[{"damage_healed":0,"gold_gain":0,"player_choice":"Success","damage_taken":18,"relics_obtained":["champ:FightingForDummies"],"max_hp_gain":0,"max_hp_loss":0,"event_name":"Scrap Ooze","floor":4,"gold_loss":0}],"is_beta":false,"boss_relics":[],"items_purged_floors":[],"is_endless":false,"potions_floor_spawned":[10,11],"killed_by":"DF_ARCHETYPE_STREAMLINE","ascension_level":5}}