{"host":"ni5mix2lh3q94rpg","time":1611240562,"event":{"mods":["AchievementEnabler","Act Like it!","BaseMod","Better Altar","Better Note","Better Silent Start","Better Skull","Better Third Choice","Better Vampires","Card Forge","Colored Map","Colored Powertips","Custom Start","Displayed Cursed Tome","Gensokyo","GifTheSpireLib","Hermit","Highlight Path","Marisa????????","Minty Spire (QoL Compilation)","Remilia??????","Replay The Spire","Shop Mod","Spicy Shops","StSLib","The Cursed","The Servant 0.9.4","Transform Curses","everything is the same but u backflip on backflip","slay the spire mod where everything is the same but ironclad has a cowboy hat"],"gold_per_floor":[109,129,129,142,142,142,158,186,210,210,237,60,60,71,71,173,173,187,187,198,214,154,154,154,154],"floor_reached":24,"language":"ENG","playtime":1385,"items_purged":[],"score":268,"play_id":"d05a95b4-b7f8-49b2-85b1-cdfd69abf884","local_time":"20210121174922","is_ascension_mode":true,"campfire_choices":[{"data":"hermit:Virtue","floor":6,"key":"SMITH"},{"floor":13,"key":"REST"},{"data":"hermit:EternalForm","floor":15,"key":"SMITH"},{"floor":23,"key":"REST"}],"circlet_count":0,"master_deck":["hermit:Strike_Hermit","hermit:Strike_Hermit","hermit:Strike_Hermit","hermit:Strike_Hermit","hermit:Defend_Hermit","hermit:Defend_Hermit","hermit:Defend_Hermit","hermit:Snapshot","hermit:Covet","Specialist","hermit:Virtue+1","hermit:LowProfile","hermit:Misfire+1","hermit:RoundhouseKick","hermit:Dive","hermit:NoHoldsBarred","Trip","hermit:Cheat+1","hermit:EternalForm+1","hermit:FinalCanter","hermit:ShadowCloak","hermit:Glare+1","hermit:EyeOfTheStorm","Sickly","hermit:FlashPowder","hermit:Malice+1"],"relics":["hermit:ClaspedLocket","Hammer of Thor","Seething Fire","Anvil of the Gods","Gremlin Food","Happy Flower","TungstenRod","Simple Rune","Durian","Replay:Grab Bag","Replay:Bronze Core","Cursed Key","Ancient Tea Set"],"acts_visited":["Exordium","TheCity"],"potions_floor_usage":[8],"damage_taken":[{"damage":5.0,"enemies":"Small Slimes","floor":1.0,"turns":3.0},{"damage":0.0,"enemies":"Cultist","floor":2.0,"turns":3.0},{"damage":7.0,"enemies":"Jaw Worm","floor":4.0,"turns":4.0},{"damage":7,"enemies":"Red Slaver","floor":7,"turns":2},{"damage":19,"enemies":"Lagavulin","floor":8,"turns":5},{"damage":24,"enemies":"3 Sentries","floor":11,"turns":8},{"damage":4,"enemies":"Exordium Thugs","floor":14,"turns":4},{"damage":26,"enemies":"Slime Boss","floor":16,"turns":6},{"damage":19,"enemies":"Shell Parasite","floor":18,"turns":6},{"damage":14,"enemies":"Spheric Guardian","floor":20,"turns":5},{"damage":14,"enemies":"Centurion and Healer","floor":21,"turns":6},{"damage":0,"enemies":"Cultist and Chosen","floor":24,"turns":1}],"seed_played":"2004114385117847340","potions_obtained":[{"floor":2.0,"key":"BlessingOfTheForge"},{"floor":4.0,"key":"AttackPotion"},{"floor":14,"key":"Strength Potion"},{"floor":21,"key":"hermit:Tonic"}],"is_trial":false,"path_per_floor":["M","M","?","M","?","R","M","E","T","T","E","$","R","M","R","B",null,"M","?","M","M","?","R","M"],"character_chosen":"HERMIT","items_purchased":["Durian","hermit:ShadowCloak","hermit:Glare+1"],"campfire_rested":2,"item_purchase_floors":[12,12,12],"current_hp_per_floor":[63,63,63,56,56,56,49,30,30,30,6,11,35,31,31,5,61,42,42,28,14,14,38,38,38],"gold":154,"neow_bonus":"RANDOM_COLORLESS","is_daily":false,"chose_seed":false,"campfire_upgraded":2,"win_rate":0.0,"timestamp":1611240562,"path_taken":["M","M","?","?","?","R","?","E","T","?","E","$","R","M","R","BOSS","M","?","?","M","?","R","M"],"items_purchased_type":["Relic","Card","Card"],"build_version":"2020-12-22","purchased_purges":0,"victory":false,"max_hp_per_floor":[75,75,75,75,75,75,75,75,75,75,75,80,80,80,80,80,80,80,80,80,80,80,80,80,80],"card_choices":[{"not_picked":["Impatience","Mind Blast"],"picked":"Specialist","floor":0.0},{"not_picked":["hermit:HoleUp","hermit:LuckOfTheDraw"],"picked":"hermit:Virtue","floor":1.0},{"not_picked":["hermit:Headshot","hermit:HighCaliber"],"picked":"hermit:LowProfile","floor":2.0},{"not_picked":["hermit:Headshot","hermit:Dive"],"picked":"hermit:Misfire","floor":4.0},{"not_picked":["hermit:HighCaliber","hermit:TrackingShot","hermit:Cheat"],"picked":"SKIP","floor":7},{"not_picked":["hermit:HighCaliber","hermit:TrackingShot"],"picked":"hermit:Cheat","floor":7},{"not_picked":["hermit:Snipe","hermit:Headshot"],"picked":"hermit:EternalForm","floor":8},{"not_picked":["hermit:Midnight","hermit:Vantage"],"picked":"hermit:FinalCanter","floor":11},{"not_picked":["hermit:Misfire","hermit:Cheat","hermit:TakeCover"],"picked":"SKIP","floor":14},{"not_picked":["hermit:Horror","hermit:Grudge"],"picked":"hermit:EyeOfTheStorm","floor":18},{"not_picked":["hermit:Snipe+1","hermit:LoneWolf+1"],"picked":"hermit:FlashPowder","floor":20},{"not_picked":["hermit:LowProfile","hermit:Headshot"],"picked":"hermit:Malice+1","floor":21}],"player_experience":859473,"relics_obtained":[{"floor":8,"key":"Gremlin Food"},{"floor":9,"key":"Happy Flower"},{"floor":10,"key":"TungstenRod"},{"floor":11,"key":"Simple Rune"}],"event_choices":[{"cards_removed":["hermit:Defend_Hermit"],"damage_healed":0.0,"max_hp_gain":0.0,"max_hp_loss":0.0,"gold_gain":0.0,"event_name":"Bonfire Elementals","player_choice":"Offered Basic","floor":3.0,"gold_loss":0.0,"damage_taken":0.0},{"damage_healed":0,"gold_gain":0,"player_choice":"4 cards matched","damage_taken":0,"max_hp_gain":0,"max_hp_loss":0,"event_name":"Match and Keep!","floor":5,"gold_loss":0,"cards_obtained":["hermit:RoundhouseKick","hermit:Dive","hermit:NoHoldsBarred","Trip"]},{"damage_healed":0,"gold_gain":0,"player_choice":"4 cards matched","damage_taken":0,"max_hp_gain":0,"max_hp_loss":0,"event_name":"Match and Keep!","floor":5,"gold_loss":0,"cards_obtained":["hermit:RoundhouseKick","hermit:Dive","hermit:NoHoldsBarred","Trip"]}],"is_beta":false,"boss_relics":[{"not_picked":["Replay:Wanted Poster","Pandora\u0027s Box"],"picked":"Replay:Grab Bag"},{"not_picked":["ReplayTheSpireMod:Onyx Gauntlets","Painkiller Herb"],"picked":"Replay:Bronze Core"},{"not_picked":["Fusion Hammer","Busted Crown"],"picked":"Cursed Key"},{"not_picked":["Runic Pyramid","Astrolabe"],"picked":"hermit:ClaspedLocket"}],"items_purged_floors":[],"is_endless":false,"potions_floor_spawned":[2,4,14,21],"killed_by":"Cultist and Chosen","ascension_level":6}}