{"host":"8tgyo6jwzgmjsiz5","time":1611248191,"event":{"mods":["AchievementEnabler","BaseMod","Best Route Mod","Colored Map","Highlight Path","Minty Spire (QoL Compilation)","Permanent Neow","Quick Restart","StSLib","SuperFastMode","everything is the same but u backflip on backflip"],"gold_per_floor":[154,187,243,243,318,318,347,77,101,122,306,352,391,443,443,531,531,471,123,123,123,123,123,123,123,123,123,13,13,13,13,13,13,13],"floor_reached":33,"language":"ENG","playtime":1237,"items_purged":["Shame","Doubt"],"score":451,"play_id":"2d2529d4-79d1-4afc-94fd-bfdc2f160428","local_time":"20210121135631","is_ascension_mode":true,"campfire_choices":[{"data":"Neutralize","floor":6.0,"key":"SMITH"},{"floor":15.0,"key":"REST"},{"floor":23.0,"key":"REST"},{"floor":27.0,"key":"REST"},{"data":"Cloak And Dagger","floor":30.0,"key":"SMITH"},{"data":"Blade Dance","floor":32.0,"key":"SMITH"}],"circlet_count":0,"master_deck":["AscendersBane","Strike_G","Strike_G","Strike_G","Strike_G","Strike_G","Defend_G","Defend_G","Defend_G","Defend_G","Defend_G","Survivor","Neutralize+1","HandOfGreed+1","Bouncing Flask","Dagger Spray","Dash","Infinite Blades","Bouncing Flask","Burst","Cloak And Dagger+1","Crippling Poison+1","After Image","Blade Dance+1","Accuracy","After Image","Accuracy"],"relics":["Ring of the Snake","Nunchaku","CeramicFish","Potion Belt","Happy Flower","Ectoplasm","Kunai","Boot","Gremlin Horn"],"acts_visited":["Exordium","TheCity"],"potions_floor_usage":[33,33],"damage_taken":[{"damage":2.0,"enemies":"Small Slimes","floor":1.0,"turns":4.0},{"damage":7.0,"enemies":"Jaw Worm","floor":2.0,"turns":4.0},{"damage":9.0,"enemies":"2 Louse","floor":3.0,"turns":5.0},{"damage":13.0,"enemies":"Lagavulin","floor":7.0,"turns":5.0},{"damage":3.0,"enemies":"Looter","floor":10.0,"turns":3.0},{"damage":4.0,"enemies":"Blue Slaver","floor":12.0,"turns":3.0},{"damage":1.0,"enemies":"2 Fungi Beasts","floor":13.0,"turns":3.0},{"damage":15.0,"enemies":"The Guardian","floor":16.0,"turns":8.0},{"damage":18.0,"enemies":"2 Thieves","floor":18.0,"turns":4.0},{"damage":11.0,"enemies":"Shell Parasite","floor":22.0,"turns":5.0},{"damage":13.0,"enemies":"Gremlin Leader","floor":24.0,"turns":6.0},{"damage":20.0,"enemies":"Sentry and Sphere","floor":25.0,"turns":6.0},{"damage":6.0,"enemies":"Chosen and Byrds","floor":31.0,"turns":5.0},{"damage":40,"enemies":"Collector","floor":33,"turns":7}],"seed_played":"797362519138612875","potions_obtained":[{"floor":2.0,"key":"ColorlessPotion"},{"floor":3.0,"key":"AttackPotion"},{"floor":7.0,"key":"SkillPotion"},{"floor":13.0,"key":"SkillPotion"},{"floor":25.0,"key":"GamblersBrew"},{"floor":31.0,"key":"SpeedPotion"}],"is_trial":false,"path_per_floor":["M","M","M","?","?","R","E","$","T","M","?","M","M","T","R","B",null,"M","$","?","?","M","R","E","M","T","R","$","?","R","M","R","B"],"character_chosen":"THE_SILENT","items_purchased":["CeramicFish","Dexterity Potion","Kunai","Accuracy","Regen Potion"],"campfire_rested":3,"item_purchase_floors":[8,8,19,28,28],"current_hp_per_floor":[57,50,41,41,30,30,17,17,17,14,14,10,9,9,28,13,53,35,35,35,35,24,43,30,10,10,29,29,29,29,23,23,0,0],"gold":13,"neow_bonus":"RANDOM_COLORLESS_2","is_daily":false,"chose_seed":false,"campfire_upgraded":3,"win_rate":0.0,"timestamp":1611248191,"path_taken":["M","M","M","?","?","R","E","$","T","M","?","M","M","?","R","BOSS","BOSS","M","$","?","?","?","R","E","?","T","R","$","?","R","?","R","BOSS"],"items_purchased_type":["Relic","Potion","Relic","Card","Potion"],"build_version":"2020-12-22","purchased_purges":2,"victory":false,"max_hp_per_floor":[66,66,66,66,66,66,66,66,66,66,66,66,66,66,66,66,66,66,66,66,66,66,66,66,66,66,66,66,66,66,66,66,66,66],"card_choices":[{"not_picked":["Chrysalis","Metamorphosis"],"picked":"HandOfGreed","floor":0.0},{"not_picked":["Predator","Flechettes"],"picked":"Bouncing Flask","floor":1.0},{"not_picked":["Riddle With Holes","Flechettes"],"picked":"Dagger Spray","floor":2.0},{"not_picked":["Well Laid Plans","Backflip"],"picked":"Dash","floor":3.0},{"not_picked":["Predator","Concentrate","Quick Slash"],"picked":"SKIP","floor":7.0},{"not_picked":["Escape Plan","Bane"],"picked":"Infinite Blades","floor":10.0},{"not_picked":["Heel Hook","Sucker Punch"],"picked":"Bouncing Flask","floor":12.0},{"not_picked":["Eviscerate","Prepared","All Out Attack"],"picked":"SKIP","floor":13.0},{"not_picked":["Tools of the Trade","Night Terror"],"picked":"Burst","floor":16.0},{"not_picked":["Blade Dance","Bane","Flying Knee"],"picked":"SKIP","floor":18.0},{"not_picked":["Endless Agony","Deflect"],"picked":"Crippling Poison+1","floor":22.0},{"not_picked":["Tactician","Deadly Poison"],"picked":"After Image","floor":24.0},{"not_picked":["Dodge and Roll","Poisoned Stab"],"picked":"Blade Dance","floor":25.0},{"not_picked":["Dash","Bane"],"picked":"Accuracy","floor":31.0}],"player_experience":1904610,"relics_obtained":[{"floor":7.0,"key":"Nunchaku"},{"floor":9.0,"key":"Potion Belt"},{"floor":14.0,"key":"Happy Flower"},{"floor":24.0,"key":"Boot"},{"floor":26.0,"key":"Gremlin Horn"}],"event_choices":[{"damage_healed":0.0,"max_hp_gain":0.0,"max_hp_loss":0.0,"gold_gain":0.0,"event_name":"Living Wall","player_choice":"Grow","floor":4.0,"gold_loss":0.0,"damage_taken":0.0,"cards_upgraded":["HandOfGreed"]},{"damage_healed":0.0,"max_hp_gain":0.0,"max_hp_loss":0.0,"gold_gain":75.0,"event_name":"World of Goop","player_choice":"Gather Gold","floor":5.0,"gold_loss":0.0,"damage_taken":11.0},{"damage_healed":0.0,"max_hp_gain":0.0,"max_hp_loss":0.0,"gold_gain":175.0,"event_name":"Liars Game","player_choice":"AGREE","floor":11.0,"gold_loss":0.0,"damage_taken":0.0,"cards_obtained":["Doubt"]},{"damage_healed":0.0,"max_hp_gain":0.0,"max_hp_loss":0.0,"gold_gain":0.0,"event_name":"The Library","player_choice":"Read","floor":20.0,"gold_loss":0.0,"damage_taken":0.0,"cards_obtained":["Cloak And Dagger"]},{"damage_healed":0.0,"max_hp_gain":0.0,"max_hp_loss":0.0,"gold_gain":0.0,"event_name":"Beggar","player_choice":"Ignored","floor":21.0,"gold_loss":0.0,"damage_taken":0.0},{"damage_healed":0.0,"max_hp_gain":0.0,"max_hp_loss":0.0,"gold_gain":0.0,"event_name":"Duplicator","player_choice":"Copied","floor":29.0,"gold_loss":0.0,"damage_taken":0.0,"cards_obtained":["After Image"]}],"is_beta":false,"boss_relics":[{"not_picked":["Runic Dome","Calling Bell"],"picked":"Ectoplasm"}],"items_purged_floors":[8,19],"is_endless":false,"potions_floor_spawned":[2,3,7,13,25,31],"killed_by":"Collector","ascension_level":14}}