{"host":"wvaiab5ya9pyia0u","time":1611230894,"event":{"mods":["2.2 Compatiblity","Act Like it!","Alarm Clock","Aspiration","Bard","BaseMod","Bestiary","Better Vampires","BetterRewards","Block Reminder","Challenge The Spire","Colored Map","Colored Powertips","Conspire","Curses Come First","Custom Start","Dark Map","DeckTracker","Dio Mod","Filter the Spire","Fox Events","Hermit","Highlight Path","Hubris","Humility","Infinite Spire","Lobotomy","Mimic Mod","Minty Spire (QoL Compilation)","Pale of the Ancients","Poor People Problems","Practice Mode","Quarter Circle Forward PUNCH!","Quick Restart","Rare Cards Sparkle","Relic Sorter","Relic Stats","Replay The Spire","Reworked Bosses","SacredBarkPlus","Shop Mod","Small Relic Pack","Spicy Shops","Spire Arcade","StS++","StSLib","The Blue Laboratory","The Construct","The Cursed","The Disciple","The Factory","The Hierophant","The Jungle","The Marked","The Mystic","The Runesmith","The Servant 0.9.4","TheBandit","Thieving Mod","Wandering Minibosses","everything is the same but u backflip on backflip","slay the spire mod where everything is the same but ironclad has a cowboy hat"],"gold_per_floor":[112,112,126,141,134,134,134,161,191,211,181,195,195,17,17,115,115,126,126,126,185,196,191,191],"floor_reached":23,"language":"ENG","playtime":1176,"items_purged":["dioMod:Strike"],"score":191,"play_id":"af473b50-8327-426f-8428-d06a4bb9349a","local_time":"20210121130814","is_ascension_mode":false,"campfire_choices":[{"data":"dioMod:DaggerSpree","floor":6.0,"key":"SMITH"},{"floor":15.0,"key":"REST"}],"circlet_count":0,"master_deck":["dioMod:Strike","dioMod:Strike","dioMod:Strike","Bite","dioMod:Defend","dioMod:Defend","dioMod:Defend","dioMod:Defend","dioMod:TripleThreat","dioMod:DaggerSpree+1","dioMod:DisarmingVoice","dioMod:DarkRebirth+1","dioMod:CutDeep+1","dioMod:LaserVision","dioMod:FlyAway","dioMod:TheWalk","dioMod:SecretPlan","Looming Evil","dioMod:RoadRoller","dioMod:CautiousMuda"],"relics":["qcfpunch:Crimson_Sash","aspiration:Nostalgia","bard:BagPipes","relicPack:AllForOne","MealTicket","hubris:TenFootPole","hubris:Towel","hubris:RunicObelisk","hubris:BottledHeart","Ring of Fury","ReplayTheSpireMod:Ring of Challenge","qcfpunch:Red_Gi","infinitespire:Bottled Soul"],"acts_visited":["Exordium","TheCity"],"potions_floor_usage":[],"damage_taken":[{"damage":2.0,"enemies":"Cultist","floor":1.0,"turns":5.0},{"damage":25.0,"enemies":"Jaw Worm","floor":3.0,"turns":4.0},{"damage":0.0,"enemies":"2 Louse","floor":4.0,"turns":1.0},{"damage":21.0,"enemies":"Lots of Slimes","floor":5.0,"turns":6.0},{"damage":21.0,"enemies":"Lagavulin","floor":8.0,"turns":4.0},{"damage":0.0,"enemies":"Looter","floor":9.0,"turns":4.0},{"damage":0.0,"enemies":"Looter","floor":10.0,"turns":3.0},{"damage":5.0,"enemies":"3 Louse","floor":12.0,"turns":3.0},{"damage":4.0,"enemies":"Slime Boss","floor":16.0,"turns":7.0},{"damage":7.0,"enemies":"conspire:FuzzyDice","floor":18.0,"turns":5.0},{"damage":4.0,"enemies":"Chosen","floor":21.0,"turns":6.0},{"damage":0.0,"enemies":"conspire:HollyBat","floor":22.0,"turns":9.0},{"damage":16,"enemies":"Book of Stabbing","floor":23,"turns":7}],"seed_played":"-1073996835140807578","potions_obtained":[{"floor":1.0,"key":"dioMod:HumanBlood"},{"floor":4.0,"key":"dioMod:HumanBlood"},{"floor":8.0,"key":"ColorlessPotion"},{"floor":10.0,"key":"blueLaboratory:FrostheartPotion"},{"floor":11.0,"key":"CultistPotion"},{"floor":11.0,"key":"FearPotion"},{"floor":18.0,"key":"blueLaboratory:NullPotion"}],"is_trial":false,"path_per_floor":["M","?","M","M","M","R","?","E","MIM","M","?","M","?","$","R","B",null,"M","?","?","M","MIM","E"],"character_chosen":"THE_DEFAULT","items_purchased":["aspiration:Nostalgia","dioMod:FlyAway"],"campfire_rested":1,"item_purchase_floors":[14,14],"current_hp_per_floor":[73,73,50,50,30,30,30,17,19,19,19,15,15,23,34,32,70,64,1,1,1,1,0,0],"gold":191,"neow_bonus":"BOSS_RELIC","is_daily":false,"chose_seed":false,"campfire_upgraded":1,"win_rate":0.0,"timestamp":1611230894,"path_taken":["M","?","M","M","M","R","?","E","MIM","?","?","?","?","$","R","BOSS","M","?","?","M","?","E"],"items_purchased_type":["Relic","Card"],"build_version":"2020-12-22","purchased_purges":1,"victory":false,"max_hp_per_floor":[75,75,75,75,75,75,75,75,75,75,75,75,75,75,75,75,75,75,1,1,1,1,1,1],"relic_stats":{"counters":[13,64],"MealTicket":8,"obtain_stats":[{"bard:BagPipes":14,"aspiration:Nostalgia":14,"hubris:Towel":7,"hubris:RunicObelisk":17,"Boot":9,"qcfpunch:Crimson_Sash":0,"dioMod:VampireBlood":0,"hubris:BottledHeart":19,"infinitespire:Bottled Soul":22,"qcfpunch:Red_Gi":22,"MealTicket":9,"Ring of Fury":20,"hubris:TenFootPole":8,"relicPack:AllForOne":2,"ReplayTheSpireMod:Ring of Challenge":20},{"bard:BagPipes":8,"aspiration:Nostalgia":8,"hubris:Towel":4,"hubris:RunicObelisk":9,"Boot":6,"qcfpunch:Crimson_Sash":0,"dioMod:VampireBlood":0,"hubris:BottledHeart":10,"infinitespire:Bottled Soul":12,"qcfpunch:Red_Gi":12,"MealTicket":6,"Ring of Fury":10,"hubris:TenFootPole":5,"relicPack:AllForOne":1,"ReplayTheSpireMod:Ring of Challenge":10},{"bard:BagPipes":30,"aspiration:Nostalgia":30,"hubris:Towel":16,"hubris:RunicObelisk":37,"Boot":24,"qcfpunch:Crimson_Sash":0,"dioMod:VampireBlood":0,"hubris:BottledHeart":42,"infinitespire:Bottled Soul":57,"qcfpunch:Red_Gi":57,"MealTicket":24,"Ring of Fury":42,"hubris:TenFootPole":20,"relicPack:AllForOne":5,"ReplayTheSpireMod:Ring of Challenge":42}]},"card_choices":[{"not_picked":["dioMod:BloodSuck","dioMod:BloodSplash"],"picked":"dioMod:TripleThreat","floor":1.0},{"not_picked":["dioMod:SadisticLaugh","dioMod:BloodSplash"],"picked":"dioMod:DaggerSpree","floor":3.0},{"not_picked":["dioMod:Roundabout","dioMod:LaserVision","dioMod:VengefulMuda"],"picked":"SKIP","floor":4.0},{"not_picked":["dioMod:Diversion","dioMod:BloodSuck"],"picked":"dioMod:DisarmingVoice","floor":5.0},{"not_picked":["dioMod:FlyAway","dioMod:StreetSign"],"picked":"dioMod:DarkRebirth","floor":8.0},{"not_picked":["dioMod:BloodSuck","dioMod:ComposedMuda"],"picked":"dioMod:CutDeep","floor":9.0},{"not_picked":["dioMod:Donut","dioMod:Roundabout"],"picked":"dioMod:LaserVision","floor":10.0},{"not_picked":["dioMod:BloodSplash","dioMod:TripleThreat","dioMod:BloodTransfusion"],"picked":"SKIP","floor":12.0},{"not_picked":["dioMod:PhantomBlood","dioMod:Pluck"],"picked":"dioMod:TheWalk","floor":16.0},{"not_picked":["dioMod:CutDeep","dioMod:Muda"],"picked":"dioMod:SecretPlan","floor":18.0},{"not_picked":["dioMod:HeavyLifting","dioMod:TripleThreat+1"],"picked":"dioMod:RoadRoller","floor":21.0},{"not_picked":["dioMod:Roundabout","dioMod:DaggerToss"],"picked":"dioMod:CautiousMuda","floor":22.0}],"player_experience":261694,"relics_obtained":[{"floor":8.0,"key":"hubris:TenFootPole"},{"floor":9.0,"key":"MealTicket"},{"floor":9.0,"key":"Boot"},{"floor":20.0,"key":"Ring of Fury"},{"floor":20.0,"key":"ReplayTheSpireMod:Ring of Challenge"},{"floor":22.0,"key":"qcfpunch:Red_Gi"},{"floor":22.0,"key":"infinitespire:Bottled Soul"}],"event_choices":[{"damage_healed":0.0,"max_hp_gain":0.0,"max_hp_loss":0.0,"gold_gain":0.0,"event_name":"The Woman in Blue","player_choice":"Bought 2 Potions","floor":11.0,"gold_loss":0.0,"damage_taken":0.0}],"is_beta":false,"boss_relics":[{"not_picked":["Ring of Chaos","conspire:SeveredTorchhead"],"picked":"hubris:RunicObelisk"}],"items_purged_floors":[14],"is_endless":false,"potions_floor_spawned":[1,4,8,10,18],"killed_by":"Book of Stabbing","ascension_level":0}}