{"host":"s0rqbuvjzggdtc2s","time":1611229856,"event":{"mods":["ATMod(°¢èªMod)","BaseMod","Minty Spire (QoL Compilation)","StSLib","The Bug Knight","¡¾ÒÅÎï¿¨ÅÆ¡¿REMEMod"],"gold_per_floor":[109,127,137,157,171,171,212,212,212,240,259,259,275,285,285,381,381,398,398,417,417,195,195,220,120,146,146,171,188,188,207,207,303,303,322,339,339,349,68,82,82,93,93,109,128,36,61,80,80,80],"floor_reached":51,"language":"ZHS","playtime":1692,"items_purged":["Prostrate","Defend_P","Defend_P+1"],"score":902,"play_id":"d20fe6bd-4070-4027-90a2-a4b9fbe5ac5c","local_time":"20210121195056","is_ascension_mode":false,"campfire_choices":[{"data":"AT_ShrugMaster","floor":6.0,"key":"SMITH"},{"data":"Eruption","floor":8.0,"key":"SMITH"},{"data":"Exhume","floor":12.0,"key":"SMITH"},{"data":"REME_Repentance","floor":15.0,"key":"SMITH"},{"data":"AT_IrregularMenstruation","floor":23.0,"key":"SMITH"},{"data":"AT_IrregularMenstruation","floor":30.0,"key":"SMITH"},{"data":"REME_Repentance","floor":32.0,"key":"SMITH"},{"data":"Study","floor":41.0,"key":"SMITH"},{"data":"AT_MachinaRedman","floor":49.0,"key":"SMITH"}],"circlet_count":0,"master_deck":["Strike_P+1","Strike_P+1","Strike_P+1","Strike_P+1","Defend_P+1","Defend_P+1","Eruption+1","Vigilance","AT_ShrugMaster+1","Exhume+1","EmptyFist","AT_IrregularMenstruation+1","SashWhip","SandsOfTime","ThirdEye","REME_Repentance+1","Indignation+1","FollowUp","AT_IrregularMenstruation+1","REME_Repentance+1","AT_MachinaRedman+1","Study+1","Finesse","DeusExMachina"],"relics":["PureWater","AT_ATBox","REME_ComplimentaryCards","NeowsBlessing","StrikeDummy","Anchor","AT_TrinityForce","MutagenicStrength","AT_SunfireAegis","Akabeko","Dream Catcher","CloakClasp","Bag of Marbles","TeardropLocket","Oddly Smooth Stone"],"acts_visited":["Exordium","TheCity","TheBeyond"],"potions_floor_usage":[50,50],"damage_taken":[{"damage":0.0,"enemies":"Cultist","floor":1.0,"turns":1.0},{"damage":0.0,"enemies":"2 Louse","floor":2.0,"turns":1.0},{"damage":0.0,"enemies":"Small Slimes","floor":3.0,"turns":1.0},{"damage":1.0,"enemies":"Exordium Wildlife","floor":4.0,"turns":4.0},{"damage":5.0,"enemies":"3 Louse","floor":5.0,"turns":4.0},{"damage":6.0,"enemies":"Lots of Slimes","floor":7.0,"turns":8.0},{"damage":0.0,"enemies":"Lagavulin","floor":10.0,"turns":6.0},{"damage":0.0,"enemies":"Blue Slaver","floor":11.0,"turns":2.0},{"damage":4.0,"enemies":"3 Louse","floor":13.0,"turns":2.0},{"damage":9.0,"enemies":"Exordium Thugs","floor":14.0,"turns":5.0},{"damage":0.0,"enemies":"Slime Boss","floor":16.0,"turns":6.0},{"damage":2.0,"enemies":"2 Thieves","floor":18.0,"turns":3.0},{"damage":0.0,"enemies":"Chosen","floor":20.0,"turns":3.0},{"damage":0.0,"enemies":"Book of Stabbing","floor":24.0,"turns":3.0},{"damage":0.0,"enemies":"REME_1_Revenger","floor":28.0,"turns":2.0},{"damage":0.0,"enemies":"Snake Plant","floor":29.0,"turns":1.0},{"damage":0.0,"enemies":"3 Cultists","floor":31.0,"turns":2.0},{"damage":22.0,"enemies":"Champ","floor":33.0,"turns":4.0},{"damage":0.0,"enemies":"3 Shapes","floor":35.0,"turns":3.0},{"damage":0.0,"enemies":"Orb Walker","floor":36.0,"turns":2.0},{"damage":0.0,"enemies":"Maw","floor":38.0,"turns":4.0},{"damage":0.0,"enemies":"Sphere and 2 Shapes","floor":40.0,"turns":3.0},{"damage":0.0,"enemies":"3 Darklings","floor":42.0,"turns":1.0},{"damage":0.0,"enemies":"Writhing Mass","floor":44.0,"turns":1.0},{"damage":0.0,"enemies":"4 Shapes","floor":45.0,"turns":2.0},{"damage":0.0,"enemies":"Reptomancer","floor":47.0,"turns":3.0},{"damage":0.0,"enemies":"Spire Growth","floor":48.0,"turns":1.0},{"damage":29,"enemies":"Donu and Deca","floor":50,"turns":3}],"seed_played":"6615062186811993161","potions_obtained":[{"floor":2.0,"key":"BlessingOfTheForge"},{"floor":3.0,"key":"DuplicationPotion"},{"floor":4.0,"key":"REME_GoldPotion"},{"floor":10.0,"key":"EssenceOfSteel"},{"floor":11.0,"key":"Dexterity Potion"},{"floor":31.0,"key":"Ancient Potion"},{"floor":33.0,"key":"BottledMiracle"},{"floor":42.0,"key":"CultistPotion"}],"is_trial":false,"path_per_floor":["M","M","M","M","M","R","M","R","T","E","M","R","M","M","R","B",null,"M","?","M","?","$","R","E","$","T","?","E","M","R","M","R","B",null,"M","M","?","M","$","M","R","M","T","M","M","$","E","M","R","B",null],"character_chosen":"WATCHER","items_purchased":["AT_SunfireAegis","Bag of Marbles","Finesse"],"campfire_rested":0,"item_purchase_floors":[22,39,46],"current_hp_per_floor":[72,72,72,71,66,66,60,60,60,60,60,60,56,47,47,47,72,70,70,70,70,70,70,70,70,70,70,70,70,70,70,70,48,72,72,72,72,72,72,72,72,72,72,72,72,72,72,72,72,43],"gold":80,"neow_bonus":"THREE_ENEMY_KILL","is_daily":false,"chose_seed":false,"campfire_upgraded":9,"win_rate":0.0,"timestamp":1611229856,"path_taken":["M","M","M","?","M","R","M","R","T","E","M","R","M","M","R","BOSS","M","?","M","?","$","R","E","$","T","?","E","?","R","M","R","BOSS","M","M","?","M","$","M","R","?","T","M","M","$","E","M","R","BOSS"],"items_purchased_type":["Relic","Relic","Card"],"build_version":"2020-12-22","purchased_purges":3,"victory":true,"max_hp_per_floor":[72,72,72,72,72,72,72,72,72,72,72,72,72,72,72,72,72,72,72,72,72,72,72,72,72,72,72,72,72,72,72,72,72,72,72,72,72,72,72,72,72,72,72,72,72,72,72,72,72,72],"card_choices":[{"not_picked":["Fasting2","PathToVictory","SandsOfTime"],"picked":"SKIP","floor":1.0},{"not_picked":["WaveOfTheHand","WheelKick"],"picked":"EmptyFist","floor":2.0},{"not_picked":["Meditate","EmptyMind"],"picked":"REME_MusicOfDeath","floor":3.0},{"not_picked":["ClearTheMind","Collect","AT_OneInchPunch"],"picked":"SKIP","floor":4.0},{"not_picked":["EmptyFist","Indignation"],"picked":"Prostrate","floor":5.0},{"not_picked":["ClearTheMind","AT_RealFormLess"],"picked":"AT_IrregularMenstruation","floor":7.0},{"not_picked":["FlyingSleeves","WreathOfFlame"],"picked":"SashWhip","floor":10.0},{"not_picked":["Evaluate","EmptyFist"],"picked":"SandsOfTime","floor":11.0},{"not_picked":["Protect","REME_Repentance"],"picked":"ThirdEye","floor":13.0},{"not_picked":["Evaluate","Crescendo"],"picked":"REME_Repentance","floor":14.0},{"not_picked":["Prostrate+1","Vengeance"],"picked":"Indignation+1","floor":18.0},{"not_picked":["Crescendo","PathToVictory+1","EmptyFist"],"picked":"SKIP","floor":20.0},{"not_picked":["EmptyMind","Halt"],"picked":"FollowUp","floor":24.0},{"not_picked":["Swivel+1","MasterReality"],"picked":"AT_IrregularMenstruation","floor":28.0},{"not_picked":["Evaluate","PathToVictory","JustLucky"],"picked":"SKIP","floor":29.0},{"not_picked":["EmptyBody","TalkToTheHand"],"picked":"REME_Repentance","floor":31.0},{"not_picked":["Devotion","REME_WorshipGod"],"picked":"AT_MachinaRedman","floor":33.0},{"not_picked":["FlurryOfBlows+1","CrushJoints+1"],"picked":"Study","floor":35.0},{"not_picked":["Prostrate+1","Pray+1","SashWhip"],"picked":"SKIP","floor":36.0},{"not_picked":["PathToVictory+1","Consecrate","EmptyFist+1"],"picked":"SKIP","floor":38.0},{"not_picked":["FollowUp","ClearTheMind","Protect"],"picked":"SKIP","floor":40.0},{"not_picked":["Consecrate+1","FlyingSleeves+1","FollowUp"],"picked":"SKIP","floor":42.0},{"not_picked":["LessonLearned","Prostrate+1","AT_OneInchPunch"],"picked":"SKIP","floor":44.0},{"not_picked":["BowlingBash+1","Consecrate","Weave+1"],"picked":"SKIP","floor":45.0},{"not_picked":["WindmillStrike+1","JustLucky+1","ClearTheMind"],"picked":"SKIP","floor":47.0},{"not_picked":["JustLucky","PathToVictory+1"],"picked":"DeusExMachina","floor":48.0}],"player_experience":215300,"relics_obtained":[{"floor":9.0,"key":"StrikeDummy"},{"floor":10.0,"key":"Anchor"},{"floor":24.0,"key":"Akabeko"},{"floor":26.0,"key":"Dream Catcher"},{"floor":28.0,"key":"CloakClasp"},{"floor":43.0,"key":"TeardropLocket"},{"floor":47.0,"key":"Oddly Smooth Stone"}],"event_choices":[{"damage_healed":0.0,"max_hp_gain":0.0,"max_hp_loss":0.0,"gold_gain":0.0,"event_name":"Vampires","player_choice":"Ignored","floor":19.0,"gold_loss":0.0,"damage_taken":0.0},{"damage_healed":0.0,"max_hp_gain":0.0,"max_hp_loss":0.0,"gold_gain":0.0,"event_name":"Drug Dealer","player_choice":"Inject Mutagens","floor":21.0,"gold_loss":0.0,"damage_taken":0.0,"relics_obtained":["MutagenicStrength"]},{"damage_healed":0.0,"max_hp_gain":0.0,"max_hp_loss":0.0,"gold_gain":0.0,"event_name":"Back to Basics","player_choice":"Simplicity","floor":27.0,"gold_loss":0.0,"damage_taken":0.0,"cards_upgraded":["Strike_P","Strike_P","Strike_P","Strike_P","Defend_P","Defend_P","Defend_P"]},{"cards_removed":["REME_MusicOfDeath"],"damage_healed":0.0,"max_hp_gain":0.0,"max_hp_loss":0.0,"gold_gain":0.0,"event_name":"Bonfire Elementals","player_choice":"Offered Uncommon","floor":37.0,"gold_loss":0.0,"damage_taken":0.0}],"is_beta":false,"boss_relics":[{"not_picked":["REME_DuelDisc","VioletLotus"],"picked":"AT_TrinityForce"},{"not_picked":["Snecko Eye","Philosopher\u0027s Stone","Coffee Dripper"]}],"items_purged_floors":[22,25,39],"is_endless":false,"potions_floor_spawned":[2,3,4,10,11,16,18,24,31,33,38,42,47],"ascension_level":0}}