{"host":"6a9c3xws62y7efyw","time":1611192400,"event":{"mods":["BaseMod","Minty Spire (QoL Compilation)","Relic Stats","StSLib"],"gold_per_floor":[214,25,38,63,63,97,97,129,153,188,202,202,202,233,233,312,312,325,325,325,325,340,375,386,386,386,225,259,259,63,80,80,80,80],"floor_reached":33,"language":"ENG","playtime":4041,"items_purged":["Decay"],"score":818,"play_id":"208cec69-6716-4ad6-8f6f-171c88f8de79","local_time":"20210120172640","is_ascension_mode":true,"campfire_choices":[{"floor":7.0,"key":"REST"},{"floor":13.0,"key":"REST"},{"floor":15.0,"key":"REST"},{"floor":25.0,"key":"REST"},{"data":"SashWhip","floor":32.0,"key":"SMITH"}],"circlet_count":0,"master_deck":["AscendersBane","Strike_P+1","Strike_P+1","Strike_P+1","Strike_P","Defend_P+1","Defend_P","Defend_P","Defend_P","Eruption+1","Vigilance+1","WheelKick+1","LessonLearned","EmptyFist","SashWhip+1","Blasphemy","Wireheading+1","CutThroughFate","Consecrate+1","LessonLearned+1","Vault+1","CutThroughFate","Protect","FearNoEvil","Indignation","TalkToTheHand","Adaptation","Halt"],"relics":["HolyWater","Bag of Preparation","Tiny Chest","Blood Vial","Bronze Scales","MealTicket","Toy Ornithopter","CaptainsWheel","Anchor","Omamori"],"acts_visited":[],"potions_floor_usage":[33],"damage_taken":[{"damage":1.0,"enemies":"Cultist","floor":1.0,"turns":4.0},{"damage":6.0,"enemies":"2 Louse","floor":3.0,"turns":2.0},{"damage":32.0,"enemies":"Gremlin Nob","floor":6.0,"turns":4.0},{"damage":15.0,"enemies":"3 Sentries","floor":8.0,"turns":8.0},{"damage":14.0,"enemies":"Lagavulin","floor":10.0,"turns":6.0},{"damage":4.0,"enemies":"Jaw Worm","floor":11.0,"turns":2.0},{"damage":0.0,"enemies":"Gremlin Nob","floor":14.0,"turns":2.0},{"damage":0.0,"enemies":"Slime Boss","floor":16.0,"turns":7.0},{"damage":7.0,"enemies":"3 Byrds","floor":18.0,"turns":2.0},{"damage":2.0,"enemies":"Chosen","floor":22.0,"turns":3.0},{"damage":39.0,"enemies":"Slavers","floor":23.0,"turns":5.0},{"damage":0.0,"enemies":"Snecko","floor":24.0,"turns":3.0},{"damage":0.0,"enemies":"Gremlin Leader","floor":28.0,"turns":4.0},{"damage":14.0,"enemies":"Centurion and Healer","floor":31.0,"turns":9.0},{"damage":77,"enemies":"Automaton","floor":33,"turns":9}],"seed_played":"6515049542194764339","potions_obtained":[{"floor":3.0,"key":"Block Potion"},{"floor":8.0,"key":"FearPotion"},{"floor":10.0,"key":"AttackPotion"},{"floor":18.0,"key":"Regen Potion"},{"floor":22.0,"key":"Fruit Juice"}],"is_trial":false,"path_per_floor":["M","$","M","T","?","E","R","E","T","E","M","?","R","E","R","B",null,"M","?","T","?","M","E","M","R","T","$","E","?","$","M","R","B"],"character_chosen":"WATCHER","items_purchased":["LessonLearned","EmptyFist","PowerPotion","FearNoEvil","TalkToTheHand","Adaptation","Halt"],"campfire_rested":4,"item_purchase_floors":[2,2,2,27,30,30,30],"current_hp_per_floor":[60,60,54,54,54,22,42,27,27,15,13,2,22,24,44,46,63,58,58,58,58,58,26,28,48,48,63,65,65,68,54,54,0,0],"gold":80,"neow_bonus":"HUNDRED_GOLD","is_daily":false,"chose_seed":false,"campfire_upgraded":1,"win_rate":0.0,"timestamp":1611192400,"path_taken":["M","$","M","?","?","E","R","E","T","E","?","?","R","E","R","BOSS","M","?","?","?","?","E","M","R","T","$","E","?","$","M","R","BOSS"],"items_purchased_type":["Card","Card","Potion","Card","Card","Card","Card"],"build_version":"2020-12-22","purchased_purges":1,"victory":false,"max_hp_per_floor":[68,68,68,68,68,68,68,68,68,68,68,68,68,68,68,68,68,68,68,68,68,68,68,68,68,68,68,68,68,68,68,68,73,73],"relic_stats":{"Blood Vial":2,"counters":[1,9],"Bronze Scales":[18],"Tiny Chest":0,"MealTicket":0,"Bag of Preparation":[2],"obtain_stats":[{"Blood Vial":0,"CaptainsWheel":0,"Anchor":0,"Bronze Scales":0,"HolyWater":0,"Tiny Chest":0,"MealTicket":0,"Bag of Preparation":0,"Omamori":0,"Toy Ornithopter":0},{"Blood Vial":0,"CaptainsWheel":0,"Anchor":0,"Bronze Scales":0,"HolyWater":0,"Tiny Chest":0,"MealTicket":0,"Bag of Preparation":0,"Omamori":0,"Toy Ornithopter":0},{"Blood Vial":0,"CaptainsWheel":0,"Anchor":0,"Bronze Scales":0,"HolyWater":0,"Tiny Chest":0,"MealTicket":0,"Bag of Preparation":0,"Omamori":0,"Toy Ornithopter":0}],"Toy Ornithopter":5},"card_choices":[{"not_picked":["JustLucky","Worship"],"picked":"WheelKick","floor":1.0},{"not_picked":["Sanctity","JustLucky"],"picked":"SashWhip","floor":3.0},{"not_picked":["WindmillStrike","Swivel"],"picked":"Wireheading","floor":6.0},{"not_picked":["Weave","ForeignInfluence"],"picked":"CutThroughFate","floor":8.0},{"not_picked":["Crescendo","SignatureMove","EmptyBody"],"picked":"SKIP","floor":10.0},{"not_picked":["EmptyMind","BowlingBash"],"picked":"Consecrate","floor":11.0},{"not_picked":["FlyingSleeves","WreathOfFlame"],"picked":"LessonLearned","floor":14.0},{"not_picked":["Alpha","Omniscience"],"picked":"Vault","floor":16.0},{"not_picked":["SashWhip","Collect+1"],"picked":"CutThroughFate","floor":18.0},{"not_picked":["ReachHeaven","BattleHymn","FollowUp"],"picked":"SKIP","floor":22.0},{"not_picked":["LikeWater","Crescendo+1"],"picked":"Protect","floor":23.0},{"not_picked":["Prostrate","SashWhip","Consecrate"],"picked":"SKIP","floor":24.0},{"not_picked":["Collect","Judgement","FlyingSleeves+1"],"picked":"SKIP","floor":28.0},{"not_picked":["ClearTheMind","Collect","FollowUp"],"picked":"SKIP","floor":31.0}],"player_experience":1374542,"relics_obtained":[{"floor":4.0,"key":"Bag of Preparation"},{"floor":6.0,"key":"Tiny Chest"},{"floor":8.0,"key":"Blood Vial"},{"floor":9.0,"key":"Bronze Scales"},{"floor":10.0,"key":"MealTicket"},{"floor":14.0,"key":"Toy Ornithopter"},{"floor":23.0,"key":"CaptainsWheel"},{"floor":26.0,"key":"Anchor"},{"floor":28.0,"key":"Omamori"}],"event_choices":[{"damage_healed":0.0,"max_hp_gain":0.0,"max_hp_loss":0.0,"gold_gain":0.0,"event_name":"Match and Keep!","player_choice":"1 cards matched","floor":5.0,"gold_loss":0.0,"damage_taken":0.0,"cards_obtained":["Blasphemy"]},{"damage_healed":0.0,"max_hp_gain":0.0,"max_hp_loss":0.0,"gold_gain":0.0,"event_name":"Scrap Ooze","player_choice":"Fled","floor":12.0,"gold_loss":0.0,"damage_taken":11.0},{"damage_healed":0.0,"max_hp_gain":0.0,"max_hp_loss":0.0,"gold_gain":0.0,"event_name":"Wheel of Change","player_choice":"Cursed","floor":19.0,"gold_loss":0.0,"damage_taken":0.0,"cards_obtained":["Decay"]},{"damage_healed":0.0,"max_hp_gain":0.0,"max_hp_loss":0.0,"gold_gain":0.0,"event_name":"Accursed Blacksmith","player_choice":"Forge","floor":21.0,"gold_loss":0.0,"damage_taken":0.0,"cards_upgraded":["Vault"]},{"damage_healed":0.0,"max_hp_gain":0.0,"max_hp_loss":0.0,"gold_gain":0.0,"event_name":"The Library","player_choice":"Read","floor":29.0,"gold_loss":0.0,"damage_taken":0.0,"cards_obtained":["Indignation"]}],"is_beta":false,"boss_relics":[{"not_picked":["SacredBark","Tiny House"],"picked":"HolyWater"}],"items_purged_floors":[27],"is_endless":false,"potions_floor_spawned":[3,6,8,10,18,22],"killed_by":"Automaton","ascension_level":20}}