{"host":"vm38gssijriejdfn","time":1611249194,"event":{"mods":["100% Spire Juice","AchievementEnabler","Act Like it!","Arknights The Spire","BaseMod","Better Match","Better Note","Better Sensory Stone","Better Synergies","Better Vampires","CCEM","Colored Map","Colored Powertips","Fireblade Mod","Gensokyo","GifTheSpireLib","Gold Saver","Good Game Mod","Hallownest","Infinite Spire","Minty Spire (QoL Compilation)","Rare Cards Sparkle","Reimu??????","Spicy Shops","StSLib","The Animator","Wandering Minibosses","???Mod?????????"],"gold_per_floor":[1004,1004,1004,1078,538,569,586,606,606,626,637,637,651,681,681,779,779,790,802,802,802,817,847,847,847,847,594,594,606,622,641,641,741,791,809,809,859,499,499,499,499,499],"floor_reached":41,"language":"ENG","playtime":9728,"items_purged":["ats:Strike S","ats:Strike G","ats:Strike V","ats:Strike C"],"score":466,"play_id":"bfcc59f0-6072-4481-969e-09b7c7741563","local_time":"20210121111314","is_ascension_mode":true,"campfire_choices":[{"data":"infinitespire:DeathsTouch","floor":12,"key":"SMITH"},{"data":"ats:Dogmatic Field","floor":15,"key":"SMITH"}],"circlet_count":0,"master_deck":["ats:Armor Crushing Shot","ats:Defend","ats:Defend","ats:Defend","ats:Defend","Reboot","infinitespire:DeathsTouch+1","Purity","ats:Apocalypse","ats:Shell Defense","ats:Part Time Job","ats:Revitalization","ats:Dogmatic Field+1","ats:Calcification","CurseOfTheBell","ats:Thorns","ats:Wolf Pack","Gensokyo:FourOfAKind","Gensokyo:FourOfAKind","Gensokyo:FourOfAKind","Gensokyo:FourOfAKind+1","ats:Magnetic Hammer","ats:Healing Strengthening+1","infinitespire:UltimateForm","ats:Part Time Job","Gensokyo:HAARP","ats:Encircling Forest+1","ats:Shadow Assault+1","ats:Healing Strengthening+1","ats:Shadow Assault+1","Enlightenment"],"relics":["Cauldron","Tiny Chest","animator:VividPicture","infinitespire:Chaos","Gremlin Horn","ats:Originium","CCEMRelics:Sandal","Calling Bell","Lantern","infinitespire:Eraser","CCEMRelics:D6","Molten Egg 2","Sozu","infinitespire:WardingShard","CCEMRelics:WhiteRose","CCEMRelics:OrganicArmor","Tiny House","Dream Catcher","Bronze Scales","infinitespire:Golems Mask"],"acts_visited":["Exordium","Gensokyo:Gensokyoer","Gensokyo:Gensokyoest"],"potions_floor_usage":[6,6,6,16,16,29],"damage_taken":[{"damage":17,"enemies":"Small Slimes","floor":1,"turns":6},{"damage":15,"enemies":"3 Sentries","floor":6,"turns":7},{"damage":1,"enemies":"2 Louse","floor":7,"turns":4},{"damage":0,"enemies":"Jaw Worm","floor":8,"turns":3},{"damage":14,"enemies":"Blue Slaver","floor":10,"turns":3},{"damage":15,"enemies":"Exordium Wildlife","floor":11,"turns":6},{"damage":12,"enemies":"3 Louse","floor":13,"turns":2},{"damage":25,"enemies":"Gremlin Nob","floor":14,"turns":4},{"damage":73,"enemies":"The Guardian","floor":16,"turns":9},{"damage":57,"enemies":"Gensokyo:3_Dogs","floor":18,"turns":6},{"damage":55,"enemies":"Gensokyo:AngelMirror","floor":19,"turns":6},{"damage":33,"enemies":"Gensokyo:Monolith_and_Dog","floor":22,"turns":9},{"damage":58,"enemies":"Gensokyo:Reisen","floor":23,"turns":10},{"damage":91,"enemies":"Gensokyo:3_Gloops","floor":29,"turns":7},{"damage":0,"enemies":"Gensokyo:Swordslinger","floor":30,"turns":6},{"damage":34,"enemies":"Gensokyo:Slime_Group","floor":31,"turns":8},{"damage":97,"enemies":"Gensokyo:Kaguya","floor":33,"turns":11},{"damage":47,"enemies":"Gensokyo:AncientGuardian","floor":35,"turns":11},{"damage":54,"enemies":"Gensokyo:Marisa","floor":41,"turns":3}],"seed_played":"-1024870144100401111","potions_obtained":[{"floor":5,"key":"SkillPotion"},{"floor":5,"key":"Energy Potion"},{"floor":5,"key":"ats:Top Emergency Sanity Potion"},{"floor":5,"key":"EssenceOfSteel"},{"floor":7,"key":"Energy Potion"},{"floor":8,"key":"MagicPotion:ReiMu"},{"floor":11,"key":"AttackPotion"}],"is_trial":false,"path_per_floor":["M","?","?","T","$","E","M","M","T","M","M","R","M","E","R","B",null,"M","M","?","?","M","E","AVR","T","T","$","?","M","M","M","R","B",null,"M","?","T","$","?","R","E"],"character_chosen":"DOCTOR_CLASS","items_purchased":["infinitespire:Chaos","ats:Apocalypse","Gremlin Horn","ats:Shell Defense","CCEMRelics:OrganicArmor","ats:Part Time Job","Bronze Scales","Enlightenment"],"campfire_rested":0,"item_purchase_floors":[5,5,5,5,27,27,38,38],"current_hp_per_floor":[55,36,36,36,36,50,69,72,72,65,72,72,62,60,60,43,72,38,50,50,50,49,51,51,51,51,51,46,46,46,46,46,41,51,50,50,50,50,30,30,0,0],"gold":499,"neow_bonus":"BOSS_RELIC","is_daily":false,"chose_seed":false,"campfire_upgraded":2,"win_rate":0.0,"timestamp":1611249194,"path_taken":["M","?","?","?","$","E","M","M","T","M","M","R","?","E","R","BOSS","M","M","?","?","M","E","AVR","?","T","$","?","M","?","M","R","BOSS","M","?","?","$","?","R","E"],"items_purchased_type":["Relic","Card","Relic","Card","Relic","Card","Relic","Card"],"build_version":"2020-12-22","purchased_purges":4,"victory":false,"max_hp_per_floor":[72,72,72,72,72,72,72,72,72,72,72,72,72,72,72,72,72,72,72,72,51,51,51,51,51,51,51,46,46,46,46,46,46,51,51,51,51,51,51,51,51,51],"card_choices":[{"not_picked":["ats:Chain Hook","ats:Sunburst"],"picked":"ats:Healing Strengthening","floor":1},{"not_picked":["infinitespire:Punishment","infinitespire:Fortify"],"picked":"infinitespire:DeathsTouch","floor":2},{"not_picked":["Dark Shackles","PanicButton"],"picked":"Purity","floor":3},{"not_picked":["ats:Roar Of Ursus","ats:Thermite Blade"],"picked":"ats:Part Time Job","floor":6},{"not_picked":["ats:Poison Spread","ats:Closed Bolt Burst Fire"],"picked":"ats:Revitalization","floor":7},{"not_picked":["ats:Flexible Camouflage","ats:Assault Order","ats:Very Hot Blade"],"picked":"SKIP","floor":8},{"not_picked":["ats:Childhood Dance","ats:Curse Doll","ats:Rapid Magazine"],"picked":"SKIP","floor":10},{"not_picked":["ats:Blood Oath","ats:Collapsing Strike","ats:Burning Ground"],"picked":"SKIP","floor":11},{"not_picked":["ats:Hammer On","ats:Consecutive Shot Auto","ats:Closed Bolt Burst Fire"],"picked":"SKIP","floor":13},{"not_picked":["ats:Apocalypse","ats:Red Shift"],"picked":"ats:Dogmatic Field","floor":14},{"not_picked":["ats:Fractured Body","ats:Volcano"],"picked":"ats:Calcification","floor":16},{"not_picked":["ats:Ignite","ats:Explosion Area Strengthen"],"picked":"ats:Thorns","floor":18},{"not_picked":["ats:Consecutive Shot Auto","ats:Childhood Dance","ats:Chain Hook"],"picked":"SKIP","floor":19},{"not_picked":["ats:Assault Order","ats:Ignite+1"],"picked":"ats:Magnetic Hammer","floor":22},{"not_picked":["ats:Steam Pump","ats:Explosion Area Strengthen+1"],"picked":"ats:Healing Strengthening+1","floor":23},{"not_picked":["Gensokyo:SlitMouthedWoman","Gensokyo:Doppelganger"],"picked":"Gensokyo:HAARP","floor":28},{"not_picked":["ats:Leaping Hammer+1","ats:Shell Defense","ats:Poison Spread+1"],"picked":"SKIP","floor":29},{"not_picked":["ats:Blood Oath+1","ats:Revitalization+1"],"picked":"ats:Encircling Forest+1","floor":30},{"not_picked":["ats:Leaping Hammer+1","ats:Powerful Strike+1","ats:Apocalypse+1"],"picked":"SKIP","floor":31},{"not_picked":["ats:Rat Pack","ats:Echo Reverb"],"picked":"ats:Shadow Assault+1","floor":33},{"not_picked":["ats:Hammer On+1","ats:Very Hot Blade+1"],"picked":"ats:Healing Strengthening+1","floor":34},{"not_picked":["ats:Explosion Area Strengthen+1","ats:Phantom+1","ats:Beaten Up"],"picked":"SKIP","floor":35}],"player_experience":2528521,"relics_obtained":[{"floor":4,"key":"HornCleat"},{"floor":6,"key":"ats:Originium"},{"floor":14,"key":"ats:Originium"},{"floor":14,"key":"CCEMRelics:Sandal"},{"floor":17,"key":"Lantern"},{"floor":17,"key":"infinitespire:Eraser"},{"floor":17,"key":"CCEMRelics:D6"},{"floor":23,"key":"ats:Originium"},{"floor":23,"key":"Molten Egg 2"},{"floor":25,"key":"infinitespire:WardingShard"},{"floor":26,"key":"CCEMRelics:WhiteRose"},{"floor":37,"key":"Dream Catcher"}],"event_choices":[{"damage_healed":0,"gold_gain":1,"player_choice":"1","damage_taken":0,"max_hp_gain":0,"max_hp_loss":0,"event_name":"betterStone:BetterStone","floor":3,"gold_loss":0}],"is_beta":false,"boss_relics":[{"not_picked":["Runic Dome","ats:Tactical Delivery"],"picked":"Calling Bell"},{"not_picked":["infinitespire:Cupcake","Empty Cage"],"picked":"Tiny House"}],"items_purged_floors":[5,24,27,38],"is_endless":false,"potions_floor_spawned":[7,8,11,13,30,31],"killed_by":"Gensokyo:Marisa","ascension_level":1}}