{"host":"krw8blyxua7at9ak","time":1611255442,"event":{"mods":["BaseMod","Highlight Path","Minty Spire (QoL Compilation)","ojb\u0027s Info Mod"],"gold_per_floor":[115,132,132,148,148,148,191,191,191,211,230,230,230],"floor_reached":12,"language":"ENG","playtime":442,"items_purged":[],"score":160,"play_id":"543acf93-e45f-470d-a3cb-6682889f8b74","local_time":"20210121195722","is_ascension_mode":true,"campfire_choices":[{"data":"Riddle With Holes","floor":6,"key":"SMITH"},{"floor":8,"key":"REST"}],"circlet_count":0,"master_deck":["AscendersBane","Strike_G+1","Strike_G","Strike_G","Strike_G","Strike_G","Defend_G","Defend_G","Defend_G","Defend_G","Defend_G","Survivor","Neutralize","Quick Slash+1","Riddle With Holes+1","Underhanded Strike","Sucker Punch"],"relics":["Ring of the Snake","NeowsBlessing","Golden Idol","Turnip","Eternal Feather"],"acts_visited":["Exordium"],"potions_floor_usage":[7,12],"damage_taken":[{"damage":0,"enemies":"Cultist","floor":1,"turns":1},{"damage":0,"enemies":"2 Louse","floor":2,"turns":2},{"damage":0,"enemies":"Jaw Worm","floor":4,"turns":1},{"damage":32,"enemies":"3 Sentries","floor":7,"turns":15},{"damage":6,"enemies":"Red Slaver","floor":10,"turns":3},{"damage":1,"enemies":"2 Fungi Beasts","floor":11,"turns":3},{"damage":25,"enemies":"Lagavulin","floor":12,"turns":7}],"seed_played":"6034019527004746426","potions_obtained":[{"floor":2,"key":"SpeedPotion"},{"floor":11,"key":"DistilledChaos"}],"is_trial":false,"path_per_floor":["M","M","?","M","?","R","E","R","T","M","M","E"],"character_chosen":"THE_SILENT","items_purchased":[],"campfire_rested":1,"item_purchase_floors":[],"current_hp_per_floor":[59,59,59,59,41,41,9,27,27,21,20,0,0],"gold":230,"neow_bonus":"THREE_ENEMY_KILL","is_daily":false,"chose_seed":false,"campfire_upgraded":1,"win_rate":0.0,"timestamp":1611255442,"path_taken":["M","?","?","M","?","R","E","R","T","M","M","E"],"items_purchased_type":[],"build_version":"2020-12-22","purchased_purges":0,"victory":false,"max_hp_per_floor":[66,66,60,60,60,60,60,60,60,60,60,60,60],"card_choices":[{"not_picked":["Dodge and Roll","Reflex","Catalyst"],"picked":"SKIP","floor":1},{"not_picked":["Deadly Poison","Choke"],"picked":"Quick Slash","floor":2},{"not_picked":["Bane","Tools of the Trade"],"picked":"Riddle With Holes","floor":4},{"not_picked":["Dodge and Roll","Deadly Poison"],"picked":"Underhanded Strike","floor":7},{"not_picked":["Deadly Poison","Heel Hook"],"picked":"Sucker Punch","floor":10},{"not_picked":["Tactician","Deflect","Flying Knee"],"picked":"SKIP","floor":11}],"player_experience":350564,"relics_obtained":[{"floor":7,"key":"Turnip"},{"floor":9,"key":"Eternal Feather"}],"event_choices":[{"damage_healed":0,"gold_gain":0,"player_choice":"Lose Max HP","damage_taken":0,"relics_obtained":["Golden Idol"],"max_hp_gain":0,"max_hp_loss":6,"event_name":"Golden Idol","floor":3,"gold_loss":0},{"damage_healed":0,"gold_gain":0,"player_choice":"Entered Light","damage_taken":18,"max_hp_gain":0,"max_hp_loss":0,"event_name":"Shining Light","floor":5,"gold_loss":0,"cards_upgraded":["Strike_G","Quick Slash"]}],"is_beta":false,"boss_relics":[],"items_purged_floors":[],"is_endless":false,"potions_floor_spawned":[2,11],"killed_by":"Lagavulin","ascension_level":20}}