{"host":"zxkjcgzis4pm3za5","time":1611253095,"event":{"mods":["AchievementEnabler","Act Like it!","BaseMod","Colored Map","Colored Powertips","Friendly Minions","GifTheSpireLib","Minty Spire (QoL Compilation)","Quick Restart","RNG Fix","Random Character Button","Relic Sorter","Relic Stats","StSLib"],"gold_per_floor":[363,383,383,144,144,144,155,189,189,209,209,228,258,278,278,278,278],"floor_reached":16,"language":"ENG","playtime":369,"items_purged":["Strike_B"],"score":202,"play_id":"cce0ddb7-6871-4bba-9345-e484bd16f7e9","local_time":"20210121234815","is_ascension_mode":true,"campfire_choices":[{"data":"Dualcast","floor":6,"key":"SMITH"},{"floor":11,"key":"REST"},{"data":"Electrodynamics","floor":15,"key":"SMITH"}],"circlet_count":0,"master_deck":["AscendersBane","Strike_B","Strike_B","Strike_B","Defend_B","Defend_B","Defend_B","Zap+1","Dualcast+1","Rebound","Conserve Battery","Self Repair","Melter","Beam Cell","Electrodynamics+1","Thunder Strike","Genetic Algorithm"],"relics":["Cracked Core","Runic Capacitor","Art of War","White Beast Statue","Orichalcum"],"acts_visited":["Exordium"],"potions_floor_usage":[10,13,16,16],"damage_taken":[{"damage":1.0,"enemies":"Cultist","floor":1.0,"turns":4.0},{"damage":10,"enemies":"Small Slimes","floor":2,"turns":2},{"damage":0,"enemies":"2 Louse","floor":7,"turns":2},{"damage":32,"enemies":"Gremlin Nob","floor":8,"turns":4},{"damage":17,"enemies":"Exordium Thugs","floor":10,"turns":5},{"damage":7,"enemies":"3 Louse","floor":12,"turns":3},{"damage":23,"enemies":"Lagavulin","floor":13,"turns":5},{"damage":0,"enemies":"2 Fungi Beasts","floor":14,"turns":2},{"damage":14,"enemies":"The Guardian","floor":16,"turns":7}],"seed_played":"2942979418567914499","potions_obtained":[{"floor":1.0,"key":"Explosive Potion"},{"floor":8,"key":"DuplicationPotion"},{"floor":10,"key":"BlessingOfTheForge"},{"floor":12,"key":"FocusPotion"},{"floor":13,"key":"SteroidPotion"}],"is_trial":false,"path_per_floor":["M","M","?","$","?","R","M","E","T","M","R","M","E","M","R","B"],"character_chosen":"DEFECT","items_purchased":["Runic Capacitor"],"campfire_rested":1,"item_purchase_floors":[4],"current_hp_per_floor":[63,53,53,53,46,46,46,21,21,11,30,30,14,14,14,0,0],"gold":278,"neow_bonus":"TWO_FIFTY_GOLD","is_daily":false,"chose_seed":false,"campfire_upgraded":2,"win_rate":0.0,"timestamp":1611253095,"path_taken":["M","M","?","$","?","R","?","E","T","M","R","M","E","M","R","BOSS"],"items_purchased_type":["Relic"],"build_version":"2020-12-22","purchased_purges":1,"victory":false,"max_hp_per_floor":[64,64,64,64,64,64,64,64,64,64,64,64,64,64,64,64,64],"relic_stats":{"counters":[9,34],"Art of War":[5],"Orichalcum":[18],"obtain_stats":[{"Runic Capacitor":4,"Art of War":8,"Orichalcum":13,"Cracked Core":0,"White Beast Statue":9},{"Runic Capacitor":2,"Art of War":4,"Orichalcum":7,"Cracked Core":0,"White Beast Statue":4},{"Runic Capacitor":6,"Art of War":12,"Orichalcum":25,"Cracked Core":0,"White Beast Statue":12}]},"card_choices":[{"not_picked":["Go for the Eyes","Beam Cell"],"picked":"Rebound","floor":1.0},{"not_picked":["Cold Snap","White Noise"],"picked":"Conserve Battery","floor":2},{"not_picked":["Cold Snap","Turbo"],"picked":"Self Repair","floor":7},{"not_picked":["Conserve Battery","Streamline"],"picked":"Melter","floor":8},{"not_picked":["Gash","Conserve Battery"],"picked":"Beam Cell","floor":10},{"not_picked":["Scrape","Blizzard"],"picked":"Electrodynamics","floor":12},{"not_picked":["Barrage","Darkness"],"picked":"Thunder Strike","floor":13},{"not_picked":["Compile Driver","Conserve Battery"],"picked":"Genetic Algorithm","floor":14}],"player_experience":249796,"relics_obtained":[{"floor":8,"key":"Art of War"},{"floor":9,"key":"White Beast Statue"},{"floor":13,"key":"Orichalcum"}],"event_choices":[{"damage_healed":0,"gold_gain":0,"player_choice":"Grow","damage_taken":0,"max_hp_gain":0,"max_hp_loss":0,"event_name":"Living Wall","floor":3,"gold_loss":0,"cards_upgraded":["Zap"]},{"cards_removed":["Defend_B"],"damage_healed":0,"gold_gain":0,"player_choice":"Card Removal","damage_taken":7,"max_hp_gain":0,"max_hp_loss":0,"event_name":"Golden Wing","floor":5,"gold_loss":0}],"is_beta":false,"boss_relics":[],"items_purged_floors":[4],"is_endless":false,"potions_floor_spawned":[1,8,10,12,13,14],"killed_by":"The Guardian","ascension_level":16}}