{"host":"skr63qsdfgeey3it","time":1611189716,"event":{"mods":["BaseMod","Colored Map","Hubris","Minty Spire (QoL Compilation)","Replay The Spire","Spicy Shops","StSLib"],"gold_per_floor":[111,186,186,186,212,224,265,277,289,315,348,414,426,455,467,479,479],"floor_reached":16,"language":"ENG","playtime":503,"items_purged":[],"score":157,"play_id":"c49243ce-e5bf-4b4d-9d4d-89f23a6bab1b","local_time":"20210120184156","is_ascension_mode":true,"campfire_choices":[{"floor":6,"key":"REST"},{"floor":8,"key":"REST"},{"floor":13,"key":"REST"},{"floor":13,"key":"REST"},{"data":"Flechettes","floor":15,"key":"SMITH"}],"circlet_count":0,"master_deck":["AscendersBane","Strike_G+1","Strike_G","Strike_G","Strike_G","Strike_G","Defend_G","Defend_G","Defend_G","Defend_G","Defend_G","Survivor+1","Neutralize","Noxious Fumes","Bouncing Flask","Flechettes+1","ReplayTheSpireMod:Splinters","PiercingWail","Escape Plan"],"relics":["Ring of the Snake","hubris:Spice","MawBank","hubris:TenFootPole","Replay:Bottled Snecko","Odd Mushroom","Pen Nib"],"acts_visited":["Exordium"],"potions_floor_usage":[7],"damage_taken":[{"damage":0,"enemies":"Cultist","floor":1,"turns":4},{"damage":4,"enemies":"Jaw Worm","floor":5,"turns":5},{"damage":19,"enemies":"Gremlin Nob","floor":7,"turns":4},{"damage":3,"enemies":"Small Slimes","floor":10,"turns":4},{"damage":30,"enemies":"The Mushroom Lair","floor":11,"turns":4},{"damage":7,"enemies":"Looter","floor":14,"turns":3},{"damage":61,"enemies":"Fading Forest","floor":16,"turns":9}],"seed_played":"2403323109232975520","potions_obtained":[{"floor":5,"key":"Fire Potion"},{"floor":11,"key":"GamblersBrew"},{"floor":12,"key":"SmokeBomb"}],"is_trial":false,"path_per_floor":["M","?","?","?","M","R","E","R","T","M","?","?","R","M","R","B"],"character_chosen":"THE_SILENT","items_purchased":[],"campfire_rested":4,"item_purchase_floors":[],"current_hp_per_floor":[53,42,26,23,19,42,23,46,46,43,13,13,59,52,52,0,0],"gold":479,"neow_bonus":"ONE_RARE_RELIC","is_daily":false,"chose_seed":false,"campfire_upgraded":1,"win_rate":0.0,"timestamp":1611189716,"path_taken":["M","?","?","?","M","R","E","R","T","M","?","?","R","?","R","BOSS"],"items_purchased_type":[],"build_version":"2020-12-22","purchased_purges":0,"victory":false,"max_hp_per_floor":[78,78,78,78,78,78,78,78,78,78,78,78,78,78,78,78,78],"card_choices":[{"not_picked":["Acrobatics","Endless Agony","Deflect"],"picked":"SKIP","floor":1},{"not_picked":["Distraction","Prepared"],"picked":"Noxious Fumes","floor":5},{"not_picked":["Eviscerate","Sneak Up","PiercingWail"],"picked":"SKIP","floor":7},{"not_picked":["Backflip","Endless Agony"],"picked":"Bouncing Flask","floor":10},{"not_picked":["Sneak Up","Escape Plan"],"picked":"Flechettes","floor":11},{"not_picked":["Backstab","Replay:Poison Smokescreen"],"picked":"PiercingWail","floor":12},{"not_picked":["Heel Hook","Cloak And Dagger"],"picked":"Escape Plan","floor":14}],"player_experience":784598,"relics_obtained":[{"floor":7,"key":"hubris:TenFootPole"},{"floor":9,"key":"Replay:Bottled Snecko"},{"floor":11,"key":"Odd Mushroom"},{"floor":12,"key":"Pen Nib"}],"event_choices":[{"damage_healed":0,"gold_gain":75,"player_choice":"Gather Gold","damage_taken":11,"max_hp_gain":0,"max_hp_loss":0,"event_name":"World of Goop","floor":2,"gold_loss":0},{"damage_healed":0,"gold_gain":0,"player_choice":"Entered Light","damage_taken":16,"max_hp_gain":0,"max_hp_loss":0,"event_name":"Shining Light","floor":3,"gold_loss":0,"cards_upgraded":["Survivor","Strike_G"]},{"damage_healed":0,"gold_gain":0,"player_choice":"Success","damage_taken":3,"relics_obtained":["MawBank"],"max_hp_gain":0,"max_hp_loss":0,"event_name":"Scrap Ooze","floor":4,"gold_loss":0},{"damage_healed":0,"gold_gain":0,"player_choice":"Fought Mushrooms","damage_taken":0,"max_hp_gain":0,"max_hp_loss":0,"event_name":"Mushrooms","floor":11,"gold_loss":0}],"is_beta":false,"boss_relics":[],"items_purged_floors":[],"is_endless":false,"potions_floor_spawned":[5,11,14],"killed_by":"Fading Forest","ascension_level":12}}