{"host":"wcqwttj5v9rz3xmq","time":1611195395,"event":{"mods":["BaseMod","Colored Map","Downfall","Minty Spire (QoL Compilation)","StSLib"],"gold_per_floor":[99,109,109,129,146,171,171,189,200,95,95,115,115,115,115],"floor_reached":13,"language":"ENG","playtime":1060,"items_purged":["Pain"],"score":87,"play_id":"044613f8-d8a6-4a4c-99f0-833d7ecd7e20","local_time":"20210120211635","is_ascension_mode":false,"campfire_choices":[{"floor":1,"key":"RECALL"},{"data":"bronze:SpaghettiCode","floor":11,"key":"SMITH"}],"circlet_count":0,"master_deck":["bronze:Strike","bronze:Strike","bronze:Strike","bronze:Strike","bronze:Defend","bronze:Defend","bronze:Defend","bronze:Defend","bronze:Replicate","bronze:Goto","bronze:DelayedSlice","bronze:OilSpill","bronze:MaxOutput","bronze:CloningBeam","bronze:CutThrough","bronze:SpaghettiCode+1","bronze:WhirlingStrike","bronze:ClassDefault+1","bronze:CutThrough"],"relics":["bronze:BronzeCore","WarpedTongs","Frozen Egg 2","The Courier"],"acts_visited":["Exordium"],"potions_floor_usage":[9,10],"damage_taken":[{"damage":5,"enemies":"Jaw Worm","floor":2,"turns":4},{"damage":8,"enemies":"Cultist","floor":4,"turns":3},{"damage":0,"enemies":"2 Louse","floor":5,"turns":2},{"damage":15,"enemies":"Lagavulin","floor":6,"turns":5},{"damage":14,"enemies":"Exordium Thugs","floor":8,"turns":5},{"damage":14,"enemies":"Large Slime","floor":9,"turns":5},{"damage":1,"enemies":"downfall:FleeingMerchant","floor":10,"turns":4},{"damage":11,"enemies":"3 Louse","floor":12,"turns":3},{"damage":11,"enemies":"Gremlin Nob","floor":13,"turns":2}],"seed_played":"-8458952344698031129","potions_obtained":[{"floor":2,"key":"SteroidPotion"},{"floor":4,"key":"Guardian:BlockOnCardUsePotion"},{"floor":8,"key":"SneckoOil"},{"floor":9,"key":"Block Potion"}],"is_trial":false,"path_per_floor":["R","M","?","M","M","E","T","M","M","$","R","M","E"],"character_chosen":"THE_AUTOMATON","items_purchased":["bronze:ClassDefault+1"],"campfire_rested":0,"item_purchase_floors":[10],"current_hp_per_floor":[77,72,72,64,64,49,49,35,21,20,20,9,0,0,0],"gold":115,"neow_bonus":"TEN_PERCENT_HP_BONUS","is_daily":false,"chose_seed":false,"campfire_upgraded":1,"win_rate":0.0,"timestamp":1611195395,"path_taken":["R","M","?","M","M","E","T","M","M","$","R","M","E"],"items_purchased_type":["Card"],"build_version":"2020-12-22","purchased_purges":1,"victory":false,"max_hp_per_floor":[77,77,77,77,77,77,77,77,77,77,77,77,77,77,77],"card_choices":[{"not_picked":["bronze:Boost","bronze:BitShift"],"picked":"bronze:DelayedSlice","floor":2},{"not_picked":["bronze:Philosophize","bronze:BugBarrage"],"picked":"bronze:OilSpill","floor":4},{"not_picked":["bronze:ItsAFeature","bronze:BugBarrage"],"picked":"bronze:MaxOutput","floor":5},{"not_picked":["bronze:DarkDash","bronze:OilSpill"],"picked":"bronze:CloningBeam","floor":6},{"not_picked":["bronze:FineTuning","bronze:BronzeArmor"],"picked":"bronze:CutThrough","floor":8},{"not_picked":["bronze:Branch","bronze:BuggyMess"],"picked":"bronze:SpaghettiCode","floor":9},{"not_picked":["bronze:DarkDash","bronze:Repair"],"picked":"bronze:WhirlingStrike","floor":10},{"not_picked":["bronze:BugBarrage","bronze:BitShift"],"picked":"bronze:CutThrough","floor":12}],"player_experience":99379,"relics_obtained":[{"floor":6,"key":"Frozen Egg 2"},{"floor":7,"key":"The Courier"}],"event_choices":[],"is_beta":false,"boss_relics":[],"items_purged_floors":[10],"is_endless":false,"potions_floor_spawned":[2,4,8,9],"killed_by":"Gremlin Nob","ascension_level":0}}