{"host":"obplhmlw33xb91v8","time":1611271559,"event":{"mods":["AchievementEnabler","BaseMod","Block Reminder","Curses Come First","Dio Mod","Evolution","Friendly Minions","HololiveMod","Koishi","Minty Spire (QoL Compilation)","Quick Restart","Reimu??????","Relic Stats","Remilia??????","Shop Mod","Spicy Shops","StSLib","The Alterego","The Gatherer","The IronCluck","The Servant 0.9.4","The Wild Card","TheSwordswoman","Uncapped","Waifu the Spire","Yakumo Yukari mod","Yohane!","Youmu??????","Yuyuko","egg"],"gold_per_floor":[114,130,144,144,18,18,34,34,58,58,72,91,102,132,132,234,234,247,29,49,59,59,88,38,38,38,65,79,92,104,138,138,234,234,252,63,87,102,129,129,161,161,209,61,72,83,99,109,109,109,109,109,72,102,102],"floor_reached":56,"language":"ENG","playtime":6923,"items_purged":["Bomb","Faramita\u0027s Temptation"],"score":1518,"play_id":"aa8419d8-bcdb-4502-9e6e-549e27cc5b4f","local_time":"20210121182559","is_ascension_mode":false,"campfire_choices":[{"data":"Dreamy Sakura","floor":6,"key":"SMITH"},{"data":"Open The Fan","floor":8,"key":"SMITH"},{"data":"theWildCard:Loki","floor":15,"key":"SMITH"},{"data":"Explore Ghostdom","floor":25,"key":"SMITH"},{"data":"Nihility","floor":32,"key":"SMITH"},{"floor":40,"key":"RECALL"},{"data":"Living to Die","floor":42,"key":"SMITH"},{"data":"Sweet of Phantom","floor":49,"key":"SMITH"},{"data":"Song of Papilio","floor":52,"key":"SMITH"}],"circlet_count":0,"master_deck":["Fantasy Butterflies+1","Fantasy Butterflies+1","Fantasy Butterflies","Fantasy Butterflies","Fantasy Butterflies","Dreamy Sakura","Dreamy Sakura","Dreamy Sakura+1","Dreamy Sakura","Dreamy Sakura","Deathly Ground","Open The Fan+1","Song of Papilio+1","Ghostdom Sakura","theWildCard:Loki+1","All Wander","Dying Sakura","Bloom","Explore Ghostdom+1","The Inky Sakura","Butterflies in Dream+1","Sweet of Phantom+1","Sweet of Phantom+1","Nihility+1","Living to Die+1","Death Dancing"],"relics":["Coronal","Yuyuko\u0027s fan","EVO:Axolotl","NeowsBlessing","White Beast Statue","Lantern","Mastiff:ReiMu","Blue Kimono (Sakura)","MerchantsRug","Whetstone","Ancient Tea Set","HornCleat","Oddly Smooth Stone","Hololive_LightStick","RuthlessExorcism:ReiMu","Turnip","Bag of Marbles","Boot","Bag of Preparation"],"acts_visited":["Exordium","TheCity","TheBeyond","TheEnding"],"potions_floor_usage":[12,16,16,18,23,28,30,38],"damage_taken":[{"damage":1,"enemies":"Cultist","floor":1,"turns":1},{"damage":1,"enemies":"2 Louse","floor":2,"turns":1},{"damage":1,"enemies":"Jaw Worm","floor":3,"turns":1},{"damage":50,"enemies":"Large Slime","floor":7,"turns":9},{"damage":24,"enemies":"Lots of Slimes","floor":11,"turns":4},{"damage":29,"enemies":"Exordium Thugs","floor":12,"turns":4},{"damage":16,"enemies":"Exordium Wildlife","floor":13,"turns":3},{"damage":63,"enemies":"Lagavulin","floor":14,"turns":12},{"damage":4,"enemies":"Slime Boss","floor":16,"turns":4},{"damage":15,"enemies":"Shell Parasite","floor":18,"turns":3},{"damage":1,"enemies":"Chosen","floor":20,"turns":1},{"damage":1,"enemies":"Centurion and Healer","floor":21,"turns":1},{"damage":17,"enemies":"Book of Stabbing","floor":23,"turns":4},{"damage":2,"enemies":"Gremlin Leader","floor":27,"turns":2},{"damage":1,"enemies":"Chosen and Byrds","floor":28,"turns":1},{"damage":20,"enemies":"Snake Plant","floor":29,"turns":2},{"damage":8,"enemies":"Cultist and Chosen","floor":30,"turns":2},{"damage":2,"enemies":"Book of Stabbing","floor":31,"turns":2},{"damage":1,"enemies":"Champ","floor":33,"turns":1},{"damage":1,"enemies":"Orb Walker","floor":35,"turns":1},{"damage":10,"enemies":"3 Shapes","floor":38,"turns":1},{"damage":0,"enemies":"Reptomancer","floor":41,"turns":1},{"damage":0,"enemies":"Jaw Worm Horde","floor":45,"turns":1},{"damage":0,"enemies":"Transient","floor":46,"turns":1},{"damage":0,"enemies":"Spire Growth","floor":47,"turns":1},{"damage":0,"enemies":"Maw","floor":48,"turns":1},{"damage":0,"enemies":"Donu and Deca","floor":50,"turns":1},{"damage":0,"enemies":"Shield and Spear","floor":54,"turns":1},{"damage":0,"enemies":"Kars","floor":55,"turns":3}],"seed_played":"452885072517098235","potions_obtained":[{"floor":1,"key":"Explosive Potion"},{"floor":3,"key":"PowerPotion"},{"floor":7,"key":"Explosive Potion"},{"floor":11,"key":"Fire Potion"},{"floor":12,"key":"Firefly"},{"floor":16,"key":"Swift Potion"},{"floor":18,"key":"Regen Potion"},{"floor":20,"key":"Keine"},{"floor":23,"key":"Block Potion"},{"floor":28,"key":"Ancient Potion"},{"floor":30,"key":"Swift Potion"},{"floor":31,"key":"Regen Potion"},{"floor":33,"key":"DistilledChaos"},{"floor":38,"key":"EssenceOfSteel"},{"floor":45,"key":"GamblersBrew"}],"is_trial":false,"path_per_floor":["M","M","M","?","$","R","M","R","T","?","M","M","M","E","R","B",null,"M","$","M","M","$","E","?","R","T","E","M","M","M","E","R","B",null,"M","$","T","M","T","R","E","R","T","$","M","M","M","M","R","B",null,"R","$","E","B",null],"character_chosen":"YUYOKO","items_purchased":["White Beast Statue","MerchantsRug","GrandPatriotsElixir:ReiMu","Oddly Smooth Stone","Bag of Marbles","Boot"],"campfire_rested":0,"item_purchase_floors":[5,19,36,36,44,53],"current_hp_per_floor":[39,38,37,37,37,37,31,31,31,31,36,31,38,28,28,36,40,37,37,39,39,39,36,36,36,36,38,39,38,38,38,38,8,40,39,39,39,37,37,37,40,40,40,40,40,40,40,40,40,40,40,40,40,40,40],"gold":102,"neow_bonus":"THREE_ENEMY_KILL","is_daily":false,"chose_seed":false,"campfire_upgraded":8,"win_rate":0.0,"timestamp":1611271559,"path_taken":["M","M","?","?","$","R","M","R","T","?","?","M","M","E","R","BOSS","M","$","M","M","$","E","?","R","T","E","M","M","M","E","R","BOSS","M","$","?","M","?","R","E","R","T","?","M","?","?","M","R","BOSS","R","$","E","BOSS"],"items_purchased_type":["Relic","Relic","Potion","Relic","Relic","Relic"],"build_version":"2020-12-22","purchased_purges":2,"victory":true,"max_hp_per_floor":[40,40,40,40,40,40,40,40,40,40,40,40,40,40,40,40,40,40,40,40,40,40,40,40,40,40,40,40,40,40,40,40,40,40,40,40,40,40,40,40,40,40,40,40,40,40,40,40,40,40,40,40,40,40,40],"relic_stats":{"counters":[29,70],"Turnip":[0],"Bag of Preparation":[1],"Whetstone":["Fantasy Butterflies","Fantasy Butterflies"],"Boot":[57],"obtain_stats":[{"MerchantsRug":19,"Lantern":9,"NeowsBlessing":0,"Blue Kimono (Sakura)":17,"Oddly Smooth Stone":36,"Bag of Preparation":54,"EVO:Axolotl":0,"Blue Kimono":17,"Whetstone":23,"Orichalcum":43,"Ancient Tea Set":27,"Boot":53,"White Beast Statue":5,"Hololive_LightStick":37,"Yuyuko\u0027s fan":0,"HornCleat":31,"Mastiff:ReiMu":14,"Coronal":0,"Turnip":41,"Hololive_Finger":34,"Bag of Marbles":44,"RuthlessExorcism:ReiMu":39},{"MerchantsRug":10,"Lantern":4,"NeowsBlessing":0,"Blue Kimono (Sakura)":9,"Oddly Smooth Stone":20,"Bag of Preparation":28,"EVO:Axolotl":0,"Blue Kimono":9,"Whetstone":13,"Orichalcum":22,"Ancient Tea Set":14,"Boot":27,"White Beast Statue":3,"Hololive_LightStick":20,"Yuyuko\u0027s fan":0,"HornCleat":18,"Mastiff:ReiMu":8,"Coronal":0,"Turnip":22,"Hololive_Finger":19,"Bag of Marbles":22,"RuthlessExorcism:ReiMu":21},{"MerchantsRug":42,"Lantern":12,"NeowsBlessing":0,"Blue Kimono (Sakura)":39,"Oddly Smooth Stone":59,"Bag of Preparation":67,"EVO:Axolotl":0,"Blue Kimono":39,"Whetstone":48,"Orichalcum":61,"Ancient Tea Set":50,"Boot":66,"White Beast Statue":3,"Hololive_LightStick":59,"Yuyuko\u0027s fan":0,"HornCleat":57,"Mastiff:ReiMu":35,"Coronal":0,"Turnip":61,"Hololive_Finger":58,"Bag of Marbles":61,"RuthlessExorcism:ReiMu":60}]},"card_choices":[{"not_picked":["End of Faramita","Infinite Sin"],"picked":"Bomb","floor":1},{"not_picked":["All Wander","Dark Wind"],"picked":"Open The Fan","floor":2},{"not_picked":["Unknown Petal","Showy Withering"],"picked":"Song of Papilio","floor":3},{"not_picked":["Sweet of Phantom","Serene Spring"],"picked":"Ghostdom Sakura","floor":7},{"not_picked":["Redemption of Death","Suicide"],"picked":"All Wander","floor":11},{"not_picked":["The Nether","Butterflies in Dream"],"picked":"Dying Sakura","floor":12},{"not_picked":["Stifle","Ghastly Dream"],"picked":"Bloom","floor":13},{"not_picked":["Full Moon","Childlike"],"picked":"Explore Ghostdom","floor":14},{"not_picked":["Sakura Sakura","The Way to Death"],"picked":"The Inky Sakura","floor":16},{"not_picked":["Unstable Ward","Unpaved Way+1","Song of Papilio"],"picked":"SKIP","floor":18},{"not_picked":["Phantom Village","Childlike"],"picked":"Butterflies in Dream+1","floor":20},{"not_picked":["All Wander","Elegance+1","Song of Papilio"],"picked":"SKIP","floor":21},{"not_picked":["The Forgotten Winter","City of Death"],"picked":"Sweet of Phantom+1","floor":23},{"not_picked":["Float on Moon","Redemption of Death","Song of Papilio"],"picked":"SKIP","floor":27},{"not_picked":["Dark Wind","End of Faramita"],"picked":"Sweet of Phantom","floor":28},{"not_picked":["Gauzy Sakura","All Wander"],"picked":"Nihility","floor":29},{"not_picked":["Unreal","Gather the Spring","Redemption of Death"],"picked":"SKIP","floor":30},{"not_picked":["Reunion after Death","City of Death","Spear of Papilio"],"picked":"SKIP","floor":31},{"not_picked":["Remain Here","Full Inky Sakura"],"picked":"Living to Die","floor":33},{"not_picked":["Dark Wind+1","Sweet of Phantom+1","Linger over Flower"],"picked":"SKIP","floor":35},{"not_picked":["City of Death+1","Postpone Bloom","Unborn Light"],"picked":"SKIP","floor":38},{"not_picked":["Mini Ghostdom+1","Gather the Spring","Monster Cherry Tree+1"],"picked":"SKIP","floor":41},{"not_picked":["Elegance+1","Reverse The Screen","Trap Lamp+1"],"picked":"SKIP","floor":45},{"not_picked":["Gather the Spring","Fondling of Papilio","The Nether+1"],"picked":"SKIP","floor":46},{"not_picked":["Dark Wind","Sakura Ward","Ghostdom Sakura+1"],"picked":"SKIP","floor":47},{"not_picked":["The Nether+1","Open The Fan+1","Gauzy Sakura"],"picked":"SKIP","floor":48},{"not_picked":["Dancing Soul","Final of Final+1"],"picked":"Death Dancing","floor":54}],"player_experience":266173,"relics_obtained":[{"floor":9,"key":"Lantern"},{"floor":14,"key":"Mastiff:ReiMu"},{"floor":23,"key":"Whetstone"},{"floor":27,"key":"Ancient Tea Set"},{"floor":31,"key":"HornCleat"},{"floor":37,"key":"Hololive_LightStick"},{"floor":39,"key":"RuthlessExorcism:ReiMu"},{"floor":41,"key":"Turnip"},{"floor":43,"key":"Orichalcum"},{"floor":54,"key":"Bag of Preparation"}],"event_choices":[{"damage_healed":0,"gold_gain":0,"player_choice":"Ignored","damage_taken":0,"max_hp_gain":0,"max_hp_loss":0,"event_name":"Golden Wing","floor":4,"gold_loss":0},{"damage_healed":0,"gold_gain":0,"player_choice":"Bet on Murderer","damage_taken":0,"max_hp_gain":0,"max_hp_loss":0,"event_name":"The Joust","floor":24,"gold_loss":50}],"is_beta":false,"boss_relics":[{"not_picked":["Snecko Eye","Busted Crown"],"picked":"Blue Kimono"},{"not_picked":["Runic Dome","SlaversCollar"],"picked":"Hololive_Finger"}],"items_purged_floors":[19,36],"is_endless":false,"potions_floor_spawned":[1,3,7,11,12,13,14,16,18,20,21,23,27,28,29,30,31,33,35,38,41,45,46,47,48,54],"ascension_level":0}}