{"host":"l84l8xigz5v5foa2","time":1611255852,"event":{"mods":["2.2 Compatiblity","AchievementEnabler","BaseMod","Better Note","Better Vampires","Card Filter","Colored Map","DeckTracker","Gremlin Skip","Hermit","Highlight Path","Keyboard Shortcuts","Minty Spire (QoL Compilation)","Permanent Neow","Quick Restart","Relic Filter","Relic Stats","Shop Mod","StSLib","SuperFastMode","Transform Curses","Unknown Chances"],"gold_per_floor":[114,114,64,24,36,61,78,78,129,147,176,176,201,216,216,315,315,330,160,189,189,189,189,214,214,292,308,334,344,355,372,372,468,468,481,498,508,164,164,164,177,177,177,202,202,231,302,352,352,352,352,352,83,115,115],"floor_reached":56,"language":"KOR","playtime":3309,"items_purged":["hermit:Defend_Hermit","hermit:Defend_Hermit"],"score":1666,"play_id":"9ee404cb-4e1d-4047-a55f-900894930217","local_time":"20210122040412","is_ascension_mode":true,"campfire_choices":[{"data":"hermit:Adapt","floor":8.0,"key":"SMITH"},{"data":"hermit:Vantage","floor":12.0,"key":"SMITH"},{"data":"hermit:Manifest","floor":15.0,"key":"SMITH"},{"data":"hermit:CursedWeapon","floor":23.0,"key":"SMITH"},{"data":"Bite","floor":25.0,"key":"SMITH"},{"data":"hermit:LoneWolf","floor":32.0,"key":"SMITH"},{"data":"hermit:FatalDesire","floor":40.0,"key":"SMITH"},{"data":"hermit:TakeAim","floor":42.0,"key":"SMITH"},{"data":"hermit:Covet","floor":45.0,"key":"SMITH"},{"floor":49.0,"key":"RECALL"},{"data":"hermit:Combo","floor":52.0,"key":"SMITH"}],"circlet_count":0,"master_deck":["hermit:Defend_Hermit","hermit:Snapshot","hermit:Covet+1","hermit:CursedWeapon+1","hermit:Combo+1","hermit:Deadeye","hermit:Adapt+1","hermit:Feint","hermit:Manifest+1","hermit:GhostlyPresence","hermit:Magnum","Finesse","Bite+1","Bite","hermit:TakeAim+1","hermit:RoundhouseKick","hermit:LoneWolf+1","hermit:FatalDesire+1","hermit:LuckOfTheDraw+1","hermit:Vantage+1"],"relics":["Coffee Dripper","Orichalcum","Anchor","Juzu Bracelet","Bag of Preparation","Philosopher\u0027s Stone","Red Mask","Incense Burner","Singing Bowl","Sozu","Mummified Hand","Molten Egg 2","PreservedInsect","Unceasing Top","Question Card","Mango","Membership Card","Sundial","Strawberry"],"acts_visited":["Exordium","TheCity","TheBeyond","TheEnding"],"potions_floor_usage":[55,55],"damage_taken":[{"damage":7.0,"enemies":"Jaw Worm","floor":1.0,"turns":3.0},{"damage":5.0,"enemies":"Small Slimes","floor":5.0,"turns":4.0},{"damage":8.0,"enemies":"3 Sentries","floor":6.0,"turns":6.0},{"damage":3.0,"enemies":"2 Louse","floor":7.0,"turns":4.0},{"damage":2.0,"enemies":"2 Fungi Beasts","floor":10.0,"turns":2.0},{"damage":2.0,"enemies":"Lagavulin","floor":11.0,"turns":3.0},{"damage":3.0,"enemies":"Gremlin Nob","floor":13.0,"turns":4.0},{"damage":2.0,"enemies":"Looter","floor":14.0,"turns":3.0},{"damage":7.0,"enemies":"Hexaghost","floor":16.0,"turns":9.0},{"damage":10.0,"enemies":"3 Byrds","floor":18.0,"turns":5.0},{"damage":2.0,"enemies":"Masked Bandits","floor":20.0,"turns":3.0},{"damage":10.0,"enemies":"Book of Stabbing","floor":24.0,"turns":5.0},{"damage":2.0,"enemies":"Chosen","floor":27.0,"turns":3.0},{"damage":2.0,"enemies":"Sentry and Sphere","floor":29.0,"turns":5.0},{"damage":2.0,"enemies":"3 Cultists","floor":30.0,"turns":5.0},{"damage":2.0,"enemies":"Snecko","floor":31.0,"turns":3.0},{"damage":2.0,"enemies":"Collector","floor":33.0,"turns":4.0},{"damage":2.0,"enemies":"3 Shapes","floor":35.0,"turns":4.0},{"damage":10.0,"enemies":"3 Darklings","floor":36.0,"turns":5.0},{"damage":24.0,"enemies":"Maw","floor":37.0,"turns":6.0},{"damage":9.0,"enemies":"Jaw Worm Horde","floor":41.0,"turns":4.0},{"damage":34.0,"enemies":"Reptomancer","floor":44.0,"turns":4.0},{"damage":2.0,"enemies":"Giant Head","floor":46.0,"turns":2.0},{"damage":2.0,"enemies":"Mind Bloom Boss Battle","floor":48.0,"turns":5.0},{"damage":15.0,"enemies":"Donu and Deca","floor":50.0,"turns":8.0},{"damage":1.0,"enemies":"Shield and Spear","floor":54.0,"turns":3.0},{"damage":76,"enemies":"The Heart","floor":55,"turns":7}],"seed_played":"-4208061586131064000","potions_obtained":[{"floor":1.0,"key":"Block Potion"},{"floor":5.0,"key":"Regen Potion"},{"floor":10.0,"key":"Weak Potion"},{"floor":14.0,"key":"GamblersBrew"},{"floor":18.0,"key":"SpeedPotion"},{"floor":20.0,"key":"Ancient Potion"},{"floor":30.0,"key":"AttackPotion"},{"floor":33.0,"key":"SpeedPotion"}],"is_trial":false,"path_per_floor":["M","?","?","$","M","E","M","R","T","M","E","R","E","M","R","B",null,"M","$","?","?","?","R","E","R","T","M","T","M","M","M","R","B",null,"M","M","M","$","?","R","M","R","T","E","R","E","T","?","R","B",null,"R","$","E","B",null],"character_chosen":"HERMIT","items_purchased":["hermit:Combo","Finesse","Mummified Hand","Membership Card","Sundial"],"campfire_rested":0,"item_purchase_floors":[4,19,38,53,53],"current_hp_per_floor":[68,68,68,68,63,70,67,67,67,65,63,63,60,58,58,51,69,59,59,57,57,57,57,59,59,59,60,60,66,66,66,66,67,68,70,72,63,63,63,63,71,71,71,51,51,54,54,84,84,81,91,91,91,101,33],"gold":115,"neow_bonus":"BOSS_RELIC","is_daily":false,"chose_seed":false,"campfire_upgraded":10,"win_rate":0.0,"timestamp":1611255852,"path_taken":["M","?","?","?","M","E","M","R","T","M","E","R","E","M","R","BOSS","M","$","?","?","?","R","E","R","T","M","?","M","M","M","R","BOSS","M","M","M","$","?","R","M","R","T","E","R","E","?","?","R","BOSS","R","$","E","BOSS"],"items_purchased_type":["Card","Card","Relic","Relic","Relic"],"build_version":"2020-12-22","purchased_purges":2,"victory":true,"max_hp_per_floor":[75,75,75,75,75,75,75,75,75,75,75,75,75,75,75,75,75,75,75,75,75,66,66,66,66,66,66,66,66,66,68,68,68,68,70,72,74,74,74,74,76,76,76,78,78,78,78,94,94,94,94,94,94,101,101],"relic_stats":{"Sozu":4,"Singing Bowl":14,"counters":[27,119],"Mummified Hand":[26],"Sundial":[4],"PreservedInsect":193,"Juzu Bracelet":1,"Bag of Preparation":[40],"Orichalcum":[24],"Question Card":2,"obtain_stats":[{"Singing Bowl":26,"Mango":48,"PreservedInsect":44,"Juzu Bracelet":11,"Bag of Preparation":13,"Incense Burner":24,"Orichalcum":6,"Question Card":47,"Sozu":34,"Anchor":9,"Mummified Hand":38,"Sundial":53,"Strawberry":54,"Philosopher\u0027s Stone":17,"Molten Egg 2":43,"Coffee Dripper":0,"Red Mask":20,"Membership Card":53,"hermit:Momento":0,"Unceasing Top":46},{"Singing Bowl":12,"Mango":24,"PreservedInsect":22,"Juzu Bracelet":6,"Bag of Preparation":7,"Incense Burner":12,"Orichalcum":3,"Question Card":23,"Sozu":17,"Anchor":4,"Mummified Hand":20,"Sundial":25,"Strawberry":26,"Philosopher\u0027s Stone":9,"Molten Egg 2":21,"Coffee Dripper":0,"Red Mask":11,"Membership Card":25,"hermit:Momento":0,"Unceasing Top":23},{"Singing Bowl":51,"Mango":101,"PreservedInsect":94,"Juzu Bracelet":22,"Bag of Preparation":26,"Incense Burner":51,"Orichalcum":13,"Question Card":96,"Sozu":71,"Anchor":17,"Mummified Hand":86,"Sundial":109,"Strawberry":112,"Philosopher\u0027s Stone":38,"Molten Egg 2":90,"Coffee Dripper":0,"Red Mask":46,"Membership Card":109,"hermit:Momento":0,"Unceasing Top":96}],"Unceasing Top":[9]},"card_choices":[{"not_picked":["hermit:ShadowCloak","hermit:Ricochet"],"picked":"hermit:Vantage","floor":1.0},{"not_picked":["hermit:Feint","hermit:Ricochet"],"picked":"hermit:Deadeye","floor":5.0},{"not_picked":["hermit:Deadeye","hermit:DeadMansHand"],"picked":"hermit:Adapt","floor":6.0},{"not_picked":["hermit:Coalescence","hermit:ItchyTrigger","hermit:NoHoldsBarred"],"picked":"SKIP","floor":7.0},{"not_picked":["hermit:ItchyTrigger","hermit:DeadMansHand"],"picked":"hermit:Feint","floor":10.0},{"not_picked":["hermit:Vantage","hermit:EyeOfTheStorm"],"picked":"hermit:Manifest","floor":11.0},{"not_picked":["hermit:Headshot","hermit:Manifest","hermit:Brawl"],"picked":"SKIP","floor":13.0},{"not_picked":["hermit:BlackWind","hermit:Ricochet"],"picked":"hermit:GhostlyPresence","floor":14.0},{"not_picked":["hermit:FinalCanter","hermit:Dissolve"],"picked":"hermit:Magnum","floor":16.0},{"not_picked":["hermit:Coalescence","hermit:LowProfile","hermit:Brawl"],"picked":"SKIP","floor":18.0},{"not_picked":["hermit:Headshot","hermit:Manifest","hermit:PistolWhip+1"],"picked":"SKIP","floor":24.0},{"not_picked":["hermit:Vantage","hermit:Coalescence"],"picked":"hermit:TakeAim","floor":27.0},{"not_picked":["hermit:Feint+1","hermit:Roulette"],"picked":"hermit:RoundhouseKick","floor":29.0},{"not_picked":["hermit:Headshot","hermit:Dive"],"picked":"hermit:LoneWolf","floor":30.0},{"not_picked":["hermit:CalledShot","hermit:Desperado","hermit:Roulette"],"picked":"Singing Bowl","floor":31.0},{"not_picked":["hermit:Reprieve","hermit:Dissolve"],"picked":"hermit:FatalDesire","floor":33.0},{"not_picked":["hermit:GoldenBullet","hermit:Desperado+1","hermit:Feint+1"],"picked":"Singing Bowl","floor":35.0},{"not_picked":["hermit:SprayPray","hermit:Snipe+1","hermit:Headshot+1"],"picked":"Singing Bowl","floor":36.0},{"not_picked":["hermit:TrackingShot","hermit:HoleUp+1","hermit:Roulette"],"picked":"Singing Bowl","floor":37.0},{"not_picked":["hermit:DeadMansHand+1","hermit:Misfire","hermit:Feint"],"picked":"Singing Bowl","floor":41.0},{"not_picked":["hermit:Roulette+1","hermit:Horror+1","hermit:Snipe+1"],"picked":"Singing Bowl","floor":44.0},{"not_picked":["hermit:RoundhouseKick+1","hermit:Desperado+1"],"picked":"hermit:LuckOfTheDraw+1","floor":46.0},{"not_picked":["hermit:LowProfile","hermit:Ricochet+1","hermit:ItchyTrigger+1","hermit:FlashPowder+1"],"picked":"Singing Bowl","floor":48.0},{"not_picked":["hermit:Gestalt+1","hermit:Ricochet+1","hermit:FromBeyond"],"picked":"hermit:Vantage+1","floor":54.0}],"player_experience":1446182,"relics_obtained":[{"floor":6.0,"key":"Orichalcum"},{"floor":9.0,"key":"Anchor"},{"floor":11.0,"key":"Juzu Bracelet"},{"floor":13.0,"key":"Bag of Preparation"},{"floor":20.0,"key":"Red Mask"},{"floor":24.0,"key":"Incense Burner"},{"floor":26.0,"key":"Singing Bowl"},{"floor":43.0,"key":"Molten Egg 2"},{"floor":44.0,"key":"PreservedInsect"},{"floor":46.0,"key":"Unceasing Top"},{"floor":47.0,"key":"Question Card"},{"floor":48.0,"key":"Mango"},{"floor":54.0,"key":"Strawberry"}],"event_choices":[{"damage_healed":0.0,"max_hp_gain":0.0,"max_hp_loss":0.0,"gold_gain":0.0,"cards_transformed":["hermit:Strike_Hermit"],"event_name":"Living Wall","player_choice":"Change","floor":2.0,"gold_loss":0.0,"damage_taken":0.0,"cards_obtained":["hermit:CursedWeapon"]},{"cards_removed":["hermit:Defend_Hermit"],"damage_healed":0.0,"max_hp_gain":0.0,"max_hp_loss":0.0,"gold_gain":0.0,"event_name":"The Cleric","player_choice":"Card Removal","floor":3.0,"gold_loss":50.0,"damage_taken":0.0},{"damage_healed":0.0,"max_hp_gain":0.0,"max_hp_loss":0.0,"gold_gain":0.0,"event_name":"Masked Bandits","player_choice":"Fought Bandits","floor":20.0,"gold_loss":0.0,"damage_taken":0.0},{"cards_removed":["hermit:Strike_Hermit"],"damage_healed":0.0,"max_hp_gain":0.0,"max_hp_loss":0.0,"gold_gain":0.0,"event_name":"Back to Basics","player_choice":"Elegance","floor":21.0,"gold_loss":0.0,"damage_taken":0.0},{"damage_healed":0.0,"max_hp_gain":0.0,"max_hp_loss":9.0,"gold_gain":0.0,"event_name":"Vampires","player_choice":"Became a vampire","floor":22.0,"gold_loss":0.0,"damage_taken":0.0,"cards_obtained":["Bite","Bite"]},{"cards_removed":["hermit:Vantage"],"damage_healed":0.0,"max_hp_gain":0.0,"max_hp_loss":0.0,"gold_gain":0.0,"event_name":"Falling","player_choice":"Removed Skill","floor":39.0,"gold_loss":0.0,"damage_taken":0.0},{"damage_healed":0.0,"max_hp_gain":0.0,"max_hp_loss":0.0,"gold_gain":0.0,"event_name":"MindBloom","player_choice":"Fight","floor":48.0,"gold_loss":0.0,"damage_taken":0.0}],"is_beta":false,"boss_relics":[{"not_picked":["Velvet Choker","SacredBark"],"picked":"Philosopher\u0027s Stone"},{"not_picked":["Fusion Hammer","Cursed Key"],"picked":"Sozu"}],"items_purged_floors":[19,38],"is_endless":false,"potions_floor_spawned":[1,5,10,14,18,20,30,33,41,44,46,54],"ascension_level":5}}