{"host":"auzdvixyoignpx0j","time":1611218008,"event":{"mods":["BaseMod","Better Altar","Better Skull","Better Third Choice","Colored Powertips","Googly Eyes","Minty Spire (QoL Compilation)","Spicy Shops","StSLib","The IronCluck"],"gold_per_floor":[109,109,109,123,51,78,89,123,123,141,175,21,54,37,37,134,134,118,118,43,43,55,84,84,109,109,109,9,52,68,79,88,191,191,205,218,236,295,315,315,315],"floor_reached":40,"language":"ENG","playtime":3594,"items_purged":["Sever Soul","Strike_R"],"score":603,"play_id":"a988a890-8d5b-4bad-994a-c2692eb8fdbe","local_time":"20210121003328","is_ascension_mode":true,"campfire_choices":[{"floor":15,"key":"REST"},{"data":"Seeing Red","floor":24,"key":"SMITH"},{"data":"Barricade","floor":27,"key":"SMITH"},{"floor":32,"key":"REST"}],"circlet_count":0,"master_deck":["Strike_R","Strike_R","Strike_R","Defend_R","Defend_R","Defend_R","Bash","Shrug It Off","Entrench","Headbutt","Sentinel","Barricade+1","Seeing Red+1","Flame Barrier","Metallicize+1","Berserk+1","Infernal Blade","Bludgeon","Iron Wave","Armaments","Body Slam+1","Deep Breath","Finesse","Body Slam+1","Metallicize+1"],"relics":["Black Blood","NeowsBlessing","Mercury Hourglass","Dream Catcher","Akabeko","PreservedInsect","Peace Pipe","Frozen Egg 2","Gremlin Horn","Happy Flower","Blood Vial","Bronze Scales","Boot","Ornamental Fan","CeramicFish","Sozu","Thread and Needle"],"acts_visited":["Exordium","TheCity","TheBeyond"],"potions_floor_usage":[11,16,22,25,25],"damage_taken":[{"damage":0,"enemies":"2 Louse","floor":1,"turns":1},{"damage":0,"enemies":"Small Slimes","floor":4,"turns":1},{"damage":0,"enemies":"3 Sentries","floor":6,"turns":1},{"damage":11,"enemies":"Jaw Worm","floor":7,"turns":2},{"damage":31,"enemies":"Lagavulin","floor":8,"turns":4},{"damage":9,"enemies":"Blue Slaver","floor":10,"turns":3},{"damage":13,"enemies":"3 Sentries","floor":11,"turns":7},{"damage":27,"enemies":"Gremlin Nob","floor":13,"turns":4},{"damage":9,"enemies":"Exordium Thugs","floor":14,"turns":4},{"damage":20,"enemies":"The Guardian","floor":16,"turns":22},{"damage":13,"enemies":"2 Thieves","floor":18,"turns":4},{"damage":15,"enemies":"Chosen","floor":22,"turns":5},{"damage":10,"enemies":"Slavers","floor":23,"turns":5},{"damage":8,"enemies":"Book of Stabbing","floor":25,"turns":4},{"damage":34,"enemies":"Slavers","floor":29,"turns":4},{"damage":16,"enemies":"Snake Plant","floor":30,"turns":4},{"damage":15,"enemies":"Chosen and Byrds","floor":31,"turns":6},{"damage":59,"enemies":"Automaton","floor":33,"turns":12},{"damage":19,"enemies":"3 Shapes","floor":35,"turns":4},{"damage":16,"enemies":"3 Darklings","floor":36,"turns":4},{"damage":11,"enemies":"Mind Bloom Boss Battle","floor":38,"turns":8},{"damage":0,"enemies":"Transient","floor":39,"turns":5},{"damage":84,"enemies":"Giant Head","floor":40,"turns":9}],"seed_played":"1838601131468385824","potions_obtained":[{"floor":6,"key":"EssenceOfSteel"},{"floor":8,"key":"BloodPotion"},{"floor":10,"key":"Explosive Potion"},{"floor":11,"key":"FearPotion"},{"floor":18,"key":"PowerPotion"},{"floor":23,"key":"Fire Potion"},{"floor":33,"key":"Fire Potion"}],"is_trial":false,"path_per_floor":["M","?","?","M","$","E","M","E","T","M","E","$","E","M","R","B",null,"M","?","$","?","M","E","R","E","T","R","$","E","M","M","R","B",null,"M","M","?","?","M","E"],"character_chosen":"IRONCLAD","items_purchased":["Akabeko","Happy Flower"],"campfire_rested":2,"item_purchase_floors":[5,12],"current_hp_per_floor":[80,80,73,79,79,80,75,50,50,47,40,40,19,18,42,30,80,79,79,79,79,77,80,80,80,80,80,80,58,56,55,79,33,80,73,71,66,69,80,0,0],"gold":315,"neow_bonus":"THREE_ENEMY_KILL","is_daily":false,"chose_seed":false,"campfire_upgraded":2,"win_rate":0.0,"timestamp":1611218008,"path_taken":["M","?","?","M","?","E","M","E","T","M","E","?","E","M","R","BOSS","M","?","$","?","M","E","R","E","T","R","$","E","M","M","R","BOSS","M","M","?","?","M","E"],"items_purchased_type":["Relic","Relic"],"build_version":"2020-12-22","purchased_purges":2,"victory":false,"max_hp_per_floor":[80,80,80,80,80,80,80,80,80,80,80,80,80,80,80,80,80,80,80,80,80,80,80,80,80,80,80,80,80,80,80,80,80,80,80,80,80,80,80,80,80],"card_choices":[{"not_picked":["Rage","Intimidate"],"picked":"Shrug It Off","floor":1},{"not_picked":["Clash","Seeing Red"],"picked":"Entrench","floor":4},{"not_picked":["Burning Pact","Feed"],"picked":"Headbutt","floor":6},{"not_picked":["Heavy Blade","Thunderclap"],"picked":"Sentinel","floor":7},{"not_picked":["Burning Pact","Anger"],"picked":"Barricade","floor":8},{"not_picked":["Clash","Second Wind"],"picked":"Seeing Red","floor":10},{"not_picked":["Sever Soul","Dropkick","Sentinel"],"picked":"SKIP","floor":11},{"not_picked":["Clothesline","Thunderclap"],"picked":"Flame Barrier","floor":13},{"not_picked":["Thunderclap","Havoc","Headbutt"],"picked":"SKIP","floor":14},{"not_picked":["Dropkick","Combust+1"],"picked":"Metallicize+1","floor":15},{"not_picked":["Fiend Fire","Corruption+1"],"picked":"Berserk+1","floor":16},{"not_picked":["Sever Soul+1","Whirlwind"],"picked":"Infernal Blade","floor":18},{"not_picked":["Perfected Strike","Havoc"],"picked":"Iron Wave","floor":22},{"not_picked":["Barricade+1","Searing Blow","Wild Strike+1"],"picked":"SKIP","floor":23},{"not_picked":["Limit Break","Infernal Blade","Clothesline"],"picked":"SKIP","floor":25},{"not_picked":["Havoc","Clothesline"],"picked":"Armaments","floor":29},{"not_picked":["Dropkick","Warcry","Iron Wave+1"],"picked":"SKIP","floor":30},{"not_picked":["Warcry+1","Wild Strike","Perfected Strike"],"picked":"SKIP","floor":31},{"not_picked":["Twin Strike","Sentinel"],"picked":"Body Slam+1","floor":32},{"not_picked":["Clothesline","Intimidate+1","Disarm"],"picked":"SKIP","floor":35},{"not_picked":["Seeing Red","Havoc","Wild Strike"],"picked":"SKIP","floor":36},{"not_picked":["Enlightenment","Impatience"],"picked":"Deep Breath","floor":37},{"not_picked":["Enlightenment","Trip"],"picked":"Finesse","floor":37},{"not_picked":["Heavy Blade","Perfected Strike+1"],"picked":"Body Slam+1","floor":38},{"not_picked":["Twin Strike","Cleave+1"],"picked":"Metallicize+1","floor":39}],"player_experience":375087,"relics_obtained":[{"floor":6,"key":"PreservedInsect"},{"floor":8,"key":"Peace Pipe"},{"floor":9,"key":"Frozen Egg 2"},{"floor":11,"key":"Gremlin Horn"},{"floor":13,"key":"Blood Vial"},{"floor":23,"key":"Bronze Scales"},{"floor":25,"key":"Boot"},{"floor":26,"key":"Ornamental Fan"},{"floor":29,"key":"CeramicFish"},{"floor":38,"key":"Thread and Needle"}],"event_choices":[{"damage_healed":0,"gold_gain":0,"player_choice":"Box","damage_taken":0,"relics_obtained":["Mercury Hourglass"],"max_hp_gain":0,"max_hp_loss":0,"event_name":"Big Fish","floor":2,"gold_loss":0,"cards_obtained":["Regret"]},{"damage_healed":0,"gold_gain":0,"player_choice":"Relic ","damage_taken":7,"max_hp_gain":0,"max_hp_loss":0,"event_name":"betterThird:BetterScrap","floor":3,"gold_loss":0,"cards_obtained":["Establishment"]},{"damage_healed":0,"gold_gain":0,"cards_transformed":["Defend_R","Strike_R"],"player_choice":"Became Test Subject","damage_taken":0,"max_hp_gain":0,"max_hp_loss":0,"event_name":"Drug Dealer","floor":19,"gold_loss":0,"cards_obtained":["Bludgeon","Sever Soul"]},{"cards_removed":["Regret"],"damage_healed":0,"gold_gain":0,"player_choice":"Elegance","damage_taken":0,"max_hp_gain":0,"max_hp_loss":0,"event_name":"betterThird:BetterWriting","floor":21,"gold_loss":0},{"damage_healed":0,"gold_gain":0,"player_choice":"Memory 2","damage_taken":5,"max_hp_gain":0,"max_hp_loss":0,"event_name":"SensoryStone","floor":37,"gold_loss":0},{"damage_healed":0,"gold_gain":0,"player_choice":"Fight","damage_taken":0,"max_hp_gain":0,"max_hp_loss":0,"event_name":"MindBloom","floor":38,"gold_loss":0}],"is_beta":false,"boss_relics":[{"not_picked":["Philosopher\u0027s Stone","Empty Cage"],"picked":"Black Blood"},{"not_picked":["Mark of Pain","Runic Dome"],"picked":"Sozu"}],"items_purged_floors":[20,28],"is_endless":false,"potions_floor_spawned":[6,8,10,11,13,18,23,33,35,36],"killed_by":"Giant Head","ascension_level":1}}