{"host":"y193d0agu1dp5x1y","time":1611192819,"event":{"mods":["AchievementEnabler","BaseMod","Googly Eyes","Minty Spire (QoL Compilation)"],"gold_per_floor":[118,134,134,152,2,2,31,31,54,67,85,85,260,295,295,295,295],"floor_reached":16,"language":"ENG","playtime":479,"items_purged":["Strike_P"],"score":110,"play_id":"550170fd-6596-4442-a35c-74ea1128b5cb","local_time":"20210120193339","is_ascension_mode":false,"campfire_choices":[{"data":"ForeignInfluence","floor":6.0,"key":"SMITH"},{"floor":8.0,"key":"RECALL"},{"data":"EmptyFist","floor":12,"key":"SMITH"},{"data":"FollowUp","floor":15,"key":"SMITH"}],"circlet_count":0,"master_deck":["Strike_P","Strike_P","Strike_P","Defend_P+1","Defend_P","Defend_P","Defend_P","Eruption+1","Vigilance","FlurryOfBlows","EmptyFist+1","ForeignInfluence+1","Doubt","FollowUp+1"],"relics":["PureWater","NeowsBlessing","Strawberry","Bird Faced Urn"],"acts_visited":["Exordium"],"potions_floor_usage":[11,14,16],"damage_taken":[{"damage":0.0,"enemies":"Jaw Worm","floor":1.0,"turns":1.0},{"damage":0.0,"enemies":"2 Louse","floor":2.0,"turns":1.0},{"damage":0.0,"enemies":"Cultist","floor":4.0,"turns":1.0},{"damage":8.0,"enemies":"Lagavulin","floor":7.0,"turns":3.0},{"damage":0,"enemies":"Gremlin Gang","floor":10,"turns":4},{"damage":0,"enemies":"Red Slaver","floor":11,"turns":2},{"damage":8,"enemies":"3 Sentries","floor":14,"turns":5},{"damage":63,"enemies":"Slime Boss","floor":16,"turns":3}],"seed_played":"2753867812971130155","potions_obtained":[{"floor":2.0,"key":"LiquidMemories"},{"floor":4.0,"key":"PowerPotion"},{"floor":11,"key":"Explosive Potion"},{"floor":14,"key":"Dexterity Potion"}],"is_trial":false,"path_per_floor":["M","M","?","M","$","R","E","R","T","M","M","R","?","E","R","B"],"character_chosen":"WATCHER","items_purchased":["ForeignInfluence"],"campfire_rested":0,"item_purchase_floors":[5],"current_hp_per_floor":[72,72,58,58,58,58,57,57,57,57,57,57,57,49,49,0,0],"gold":295,"neow_bonus":"THREE_ENEMY_KILL","is_daily":false,"chose_seed":false,"campfire_upgraded":3,"win_rate":0.0,"timestamp":1611192819,"path_taken":["M","M","?","M","$","R","E","R","T","M","M","R","?","E","R","BOSS"],"items_purchased_type":["Card"],"build_version":"2020-12-22","purchased_purges":1,"victory":false,"max_hp_per_floor":[72,72,72,72,72,72,79,79,79,79,79,79,79,79,79,79,79],"card_choices":[{"not_picked":["CutThroughFate","BattleHymn"],"picked":"FlurryOfBlows","floor":1.0},{"not_picked":["Pray","CrushJoints"],"picked":"EmptyFist","floor":2.0},{"not_picked":["Indignation","ClearTheMind","MentalFortress"],"picked":"SKIP","floor":4.0},{"not_picked":["ConjureBlade","WreathOfFlame","ThirdEye"],"picked":"SKIP","floor":7.0},{"not_picked":["Halt","BattleHymn","PathToVictory"],"picked":"SKIP","floor":10},{"not_picked":["Crescendo","SpiritShield","FlurryOfBlows"],"picked":"SKIP","floor":11},{"not_picked":["Scrawl","SignatureMove"],"picked":"FollowUp","floor":14}],"player_experience":139210,"relics_obtained":[{"floor":7.0,"key":"Strawberry"},{"floor":14,"key":"Bird Faced Urn"}],"event_choices":[{"damage_healed":0.0,"max_hp_gain":0.0,"max_hp_loss":0.0,"gold_gain":0.0,"event_name":"Shining Light","player_choice":"Entered Light","floor":3.0,"gold_loss":0.0,"damage_taken":14.0,"cards_upgraded":["Eruption","Defend_P"]},{"damage_healed":0,"gold_gain":175,"player_choice":"AGREE","damage_taken":0,"max_hp_gain":0,"max_hp_loss":0,"event_name":"Liars Game","floor":13,"gold_loss":0,"cards_obtained":["Doubt"]}],"is_beta":false,"boss_relics":[],"items_purged_floors":[5],"is_endless":false,"potions_floor_spawned":[2,4,11,14],"killed_by":"Slime Boss","ascension_level":0}}