{"host":"qy89j0vid1u7yuu4","time":1611255634,"event":{"mods":["Act Like it!","Aspiration","BaseMod","Better Match","Better Third Choice","Card Forge","Colored Powertips","Conspire","Elementarium","GifTheSpireLib","Halation","Hermit","Hubris","Infinite Spire","Menagerie","Minty Spire (QoL Compilation)","Replay The Spire","Spicy Shops","StSLib","Stuff the Spire","The Blue Laboratory","The Jungle"],"gold_per_floor":[159,159,195,195,195,291,291,393,393],"floor_reached":8,"language":"ENG","playtime":258,"items_purged":[],"score":128,"play_id":"24dcedb1-ee8f-4c1a-83d3-ea18fd025a43","local_time":"20210121120034","daily_mods":["Heirloom","Flight","DeadlyEvents","Elite Swarm","Midas"],"is_ascension_mode":true,"campfire_choices":[{"floor":7,"key":"REST"}],"circlet_count":0,"master_deck":["AscendersBane","hermit:Strike_Hermit","hermit:Strike_Hermit","hermit:Strike_Hermit","hermit:Strike_Hermit","hermit:Defend_Hermit","hermit:Defend_Hermit","hermit:Defend_Hermit","hermit:Defend_Hermit","hermit:Snapshot+1","hermit:Covet+1","hermit:Roulette+1","hermit:Malice","hermit:Purgatory"],"relics":["hermit:Momento","Hammer of Thor","Seething Fire","Anvil of the Gods","Ring of Chaos","Ginger","SsserpentHead","hubris:MobiusCoin","Letter Opener"],"acts_visited":["Exordium"],"potions_floor_usage":[8],"damage_taken":[{"damage":7,"enemies":"Jaw Worm","floor":1,"turns":3},{"damage":1,"enemies":"Cultist","floor":3,"turns":3},{"damage":40,"enemies":"3 Sentries","floor":6,"turns":8},{"damage":26,"enemies":"Gremlin Nob","floor":8,"turns":3}],"seed_played":"-8087440425091531855","potions_obtained":[{"floor":6,"key":"Strength Potion"},{"floor":8,"key":"DuplicationPotion"}],"is_trial":true,"path_per_floor":["M","?","M","?","?","E","R","E"],"character_chosen":"HERMIT","items_purchased":[],"campfire_rested":1,"item_purchase_floors":[],"current_hp_per_floor":[57,57,56,56,56,16,37,11,11],"gold":393,"neow_bonus":"","is_daily":false,"chose_seed":false,"campfire_upgraded":0,"win_rate":0.0,"timestamp":1611255634,"path_taken":["M","?","?","?","?","E","R","E"],"items_purchased_type":[],"build_version":"2020-12-22","purchased_purges":0,"victory":false,"max_hp_per_floor":[71,71,71,71,71,71,71,71,71],"card_choices":[{"not_picked":["hermit:SprayPray","hermit:Snipe"],"picked":"hermit:Roulette","floor":1},{"not_picked":["hermit:CalledShot","hermit:Enervate"],"picked":"hermit:Malice","floor":3},{"not_picked":["hermit:FatalDesire","hermit:Adapt"],"picked":"hermit:Purgatory","floor":6}],"player_experience":112804,"relics_obtained":[{"floor":6,"key":"hubris:MobiusCoin"},{"floor":8,"key":"Letter Opener"}],"event_choices":[{"damage_healed":0,"gold_gain":0,"player_choice":"Upgraded","damage_taken":0,"max_hp_gain":0,"max_hp_loss":0,"event_name":"Upgrade Shrine","floor":2,"gold_loss":0,"cards_upgraded":["hermit:Roulette"]},{"damage_healed":0,"gold_gain":0,"player_choice":"Trade","damage_taken":0,"relics_obtained":["SsserpentHead"],"max_hp_gain":0,"max_hp_loss":0,"event_name":"FaceTrader","floor":5,"gold_loss":0}],"is_beta":false,"boss_relics":[],"items_purged_floors":[],"is_endless":false,"potions_floor_spawned":[6,8],"killed_by":"Gremlin Nob","ascension_level":20}}