{"host":"v4tuy5ykrbdcm9o9","time":1611264457,"event":{"mods":["BaseMod","Duelist Mod","Minty Spire (QoL Compilation)","Replay The Spire","StSLib"],"gold_per_floor":[113,126,7,26,40,66,86,86,112,142,160,194,194,229,229,324,324,343,354,354,368,15,44,56,67,67,92,92,125,125,138,138,138,138],"floor_reached":33,"language":"ENG","playtime":4272,"items_purged":[],"score":516,"play_id":"ce173575-ffd2-4ebf-913c-d8789d299873","local_time":"20210121162737","is_ascension_mode":true,"campfire_choices":[{"floor":8,"key":"REST"},{"floor":13,"key":"REST"},{"floor":15,"key":"RECALL"},{"floor":30,"key":"REST"},{"floor":32,"key":"REST"}],"circlet_count":0,"master_deck":["Strike_G","Strike_G","Strike_G","Strike_G","Strike_G+1","Defend_G","Defend_G","Defend_G","Defend_G","Defend_G","Survivor","Neutralize","Bouncing Flask","Endless Agony+1","Choke","Blade Dance+1","Caltrops","Storm of Steel","Bane","Masterful Stab","Poisoned Stab+1","Phantasmal Killer+1","Outmaneuver","Burst","CurseOfTheBell","Flechettes+1","Dagger Throw","Blade Dance+1","Dagger Throw","Outmaneuver+1","ReplayTheSpireMod:Shiv Toss+1","Underhanded Strike","Quick Slash+1","RitualDagger","Backflip","Sneak Up"],"relics":["Ring of the Snake","Anchor","Gremlin Food","Replay:Bottled Eggs","Unceasing Top","Calling Bell","Pen Nib","Replay:Ringing Soul","Shovel","Durian","War Paint","Singing Bowl","InkBottle","Boot"],"acts_visited":["Exordium","TheCity"],"potions_floor_usage":[5,5,10,12,16,18,21,23,27,29],"damage_taken":[{"damage":2,"enemies":"Jaw Worm","floor":1,"turns":7},{"damage":0,"enemies":"2 Louse","floor":2,"turns":2},{"damage":0,"enemies":"Small Slimes","floor":4,"turns":2},{"damage":0,"enemies":"Exordium Thugs","floor":5,"turns":3},{"damage":32,"enemies":"3 Sentries","floor":6,"turns":7},{"damage":0,"enemies":"2 Fungi Beasts","floor":7,"turns":2},{"damage":17,"enemies":"Gremlin Nob","floor":10,"turns":3},{"damage":0,"enemies":"Red Slaver","floor":11,"turns":2},{"damage":15,"enemies":"Lagavulin","floor":12,"turns":4},{"damage":12,"enemies":"Gremlin Nob","floor":14,"turns":3},{"damage":8,"enemies":"Slime Boss","floor":16,"turns":7},{"damage":6,"enemies":"3 Byrds","floor":18,"turns":5},{"damage":0,"enemies":"Spheric Guardian","floor":19,"turns":3},{"damage":0,"enemies":"Cultist and Chosen","floor":21,"turns":4},{"damage":23,"enemies":"Replay:Snechameleon","floor":23,"turns":4},{"damage":17,"enemies":"Shelled Parasite and Fungi","floor":24,"turns":4},{"damage":0,"enemies":"Chosen and Byrds","floor":25,"turns":3},{"damage":20,"enemies":"theDuelist:KaibaA2","floor":27,"turns":5},{"damage":17,"enemies":"Slavers","floor":29,"turns":4},{"damage":20,"enemies":"Centurion and Healer","floor":31,"turns":4},{"damage":81,"enemies":"Collector","floor":33,"turns":6}],"seed_played":"-5939727474909862984","potions_obtained":[{"floor":4,"key":"Strength Potion"},{"floor":7,"key":"DistilledChaos"},{"floor":11,"key":"Adrenaline Potion"},{"floor":14,"key":"LiquidBronze"},{"floor":16,"key":"Weak Potion"},{"floor":18,"key":"Doom Potion"},{"floor":19,"key":"Fire Potion"},{"floor":24,"key":"AttackPotion"},{"floor":27,"key":"BlessingOfTheForge"}],"is_trial":false,"path_per_floor":["M","M","$","M","M","E","M","R","T","E","M","E","R","E","R","B",null,"M","M","?","M","$","E","M","M","T","E","?","E","R","M","R","B"],"character_chosen":"THE_SILENT","items_purchased":["Choke","Fire Potion","Durian","Adrenaline Potion"],"campfire_rested":4,"item_purchase_floors":[3,3,22,22],"current_hp_per_floor":[68,68,68,68,68,36,36,59,59,42,42,27,50,38,38,30,65,62,65,68,71,76,56,42,45,45,28,25,11,44,27,61,0,0],"gold":138,"neow_bonus":"TEN_PERCENT_HP_BONUS","is_daily":false,"chose_seed":false,"campfire_upgraded":0,"win_rate":0.0,"timestamp":1611264457,"path_taken":["M","M","$","M","M","E","M","R","T","E","M","E","R","E","R","BOSS","M","M","?","M","$","E","M","M","T","E","?","E","R","M","R","BOSS"],"items_purchased_type":["Card","Potion","Relic","Potion"],"build_version":"2020-12-22","purchased_purges":0,"victory":false,"max_hp_per_floor":[77,77,77,77,77,77,77,77,77,77,77,77,77,77,77,77,77,80,83,86,89,94,97,100,103,103,106,109,112,112,115,115,115,115],"card_choices":[{"not_picked":["Prepared","Slice"],"picked":"Bouncing Flask","floor":1},{"not_picked":["Deflect","Backflip"],"picked":"Endless Agony","floor":2},{"not_picked":["Deflect","Reflex"],"picked":"Blade Dance","floor":4},{"not_picked":["Slice","All Out Attack"],"picked":"Caltrops","floor":5},{"not_picked":["Cloak And Dagger","Concentrate"],"picked":"Storm of Steel","floor":6},{"not_picked":["ReplayTheSpireMod:The Works","Quick Slash"],"picked":"Bane","floor":7},{"not_picked":["Deflect","Slice"],"picked":"Masterful Stab","floor":10},{"not_picked":["Underhanded Strike","Toxin Wave"],"picked":"Poisoned Stab","floor":11},{"not_picked":["Draining Mist","Poison Darts"],"picked":"Phantasmal Killer","floor":12},{"not_picked":["Blur","Flying Knee"],"picked":"Outmaneuver","floor":14},{"not_picked":["ReplayTheSpireMod:From All Sides","Poison Darts"],"picked":"Burst","floor":16},{"not_picked":["ReplayTheSpireMod:The Works+1","Expertise+1"],"picked":"Flechettes+1","floor":18},{"not_picked":["Acrobatics","Eviscerate"],"picked":"Dagger Throw","floor":19},{"not_picked":["Deflect","Acrobatics"],"picked":"Dagger Throw","floor":21},{"not_picked":["Distraction","ReplayTheSpireMod:The Works"],"picked":"Outmaneuver+1","floor":23},{"not_picked":["Dodge and Roll+1","Quick Slash+1"],"picked":"ReplayTheSpireMod:Shiv Toss+1","floor":24},{"not_picked":["Flying Knee","Bane"],"picked":"Underhanded Strike","floor":25},{"not_picked":["Night Terror","Hidden Blade"],"picked":"Quick Slash+1","floor":27},{"not_picked":["Sucker Punch","Eviscerate"],"picked":"Backflip","floor":29},{"not_picked":["Sucker Punch","Deflect+1"],"picked":"Sneak Up","floor":31}],"player_experience":625318,"relics_obtained":[{"floor":6,"key":"Anchor"},{"floor":10,"key":"Gremlin Food"},{"floor":12,"key":"Replay:Bottled Eggs"},{"floor":14,"key":"Unceasing Top"},{"floor":17,"key":"Pen Nib"},{"floor":17,"key":"Replay:Ringing Soul"},{"floor":17,"key":"Shovel"},{"floor":23,"key":"War Paint"},{"floor":26,"key":"Singing Bowl"},{"floor":27,"key":"InkBottle"},{"floor":29,"key":"Boot"}],"event_choices":[{"damage_healed":0,"gold_gain":0,"player_choice":"Read","damage_taken":0,"max_hp_gain":0,"max_hp_loss":0,"event_name":"The Library","floor":20,"gold_loss":0,"cards_obtained":["Blade Dance"]},{"damage_healed":0,"gold_gain":0,"player_choice":"Joined the Cult","damage_taken":6,"max_hp_gain":0,"max_hp_loss":0,"event_name":"Nest","floor":28,"gold_loss":0,"cards_obtained":["RitualDagger"]}],"is_beta":false,"boss_relics":[{"not_picked":["SacredBark","Snecko Scales"],"picked":"Calling Bell"}],"items_purged_floors":[],"is_endless":false,"potions_floor_spawned":[4,7,11,14,16,18,19,24,27],"killed_by":"Collector","ascension_level":6}}