{"host":"9slw7l0ws16384qq","time":1611251971,"event":{"mods":["A Penny For Your Troubles","BaseMod","Colored Map","Evolution","Hubris","Minty Spire (QoL Compilation)","Replay The Spire","Shedinja","StS++","StSLib","The Dragon Tamer","The Marked"],"gold_per_floor":[117,135,60,60,60,60,78,78,78,91,105,125,125,139,139,236,236,254,80,80,80,96,123,176,176,176,103,103,117,117,129,129,233,233,233,233],"floor_reached":35,"language":"FRA","playtime":939,"items_purged":["Dagger Spray","Dagger Spray"],"score":417,"play_id":"e79f8d31-1812-4ca5-82a7-8863eecdcb7b","local_time":"20210121185931","is_ascension_mode":false,"campfire_choices":[{"data":"Cloak And Dagger","floor":6,"key":"SMITH"},{"data":"Cloak And Dagger","floor":8,"key":"SMITH"},{"data":"Footwork","floor":13,"key":"SMITH"},{"data":"Cloak And Dagger","floor":15,"key":"SMITH"},{"data":"Cloak And Dagger","floor":28,"key":"SMITH"},{"data":"Cloak And Dagger","floor":32,"key":"SMITH"}],"circlet_count":0,"master_deck":["Dagger Spray","Dagger Spray","Cloak And Dagger+1","Cloak And Dagger+1","Cloak And Dagger+1","Cloak And Dagger+1","Cloak And Dagger+1","Survivor","Neutralize","Footwork+1","Die Die Die","Accuracy","Accuracy"],"relics":["Ring of the Snake","EVO:Axolotl","Gremlin Horn","Strawberry","Pen Nib","hubris:GlazedTorus","Lantern","Nloth\u0027s Gift"],"acts_visited":["Exordium","TheCity","TheBeyond"],"potions_floor_usage":[],"damage_taken":[{"damage":0,"enemies":"Jaw Worm","floor":1,"turns":3},{"damage":0,"enemies":"Small Slimes","floor":2,"turns":2},{"damage":0,"enemies":"2 Louse","floor":7,"turns":1},{"damage":0,"enemies":"Exordium Wildlife","floor":10,"turns":2},{"damage":0,"enemies":"Looter","floor":11,"turns":3},{"damage":0,"enemies":"Exordium Thugs","floor":12,"turns":3},{"damage":0,"enemies":"Exordium Wildlife","floor":14,"turns":2},{"damage":58,"enemies":"Hexaghost","floor":16,"turns":15},{"damage":3,"enemies":"Shell Parasite","floor":18,"turns":5},{"damage":0,"enemies":"3 Byrds","floor":22,"turns":2},{"damage":12,"enemies":"Book of Stabbing","floor":23,"turns":6},{"damage":0,"enemies":"Cultist and Chosen","floor":29,"turns":3},{"damage":0,"enemies":"3 Cultists","floor":31,"turns":2},{"damage":8,"enemies":"Pondfish","floor":33,"turns":5},{"damage":2,"enemies":"3 Darklings","floor":35,"turns":2}],"seed_played":"-3595373758563866887","potions_obtained":[{"floor":2,"key":"Ancient Potion"},{"floor":7,"key":"Swift Potion"},{"floor":12,"key":"Elixir"},{"floor":14,"key":"Dexterity Potion"},{"floor":16,"key":"LifebloodPotion"},{"floor":33,"key":"SteroidPotion"}],"is_trial":false,"path_per_floor":["M","M","$","?","?","R","M","R","T","M","M","M","R","M","R_BF","B",null,"M","$","?","$","M","E","T","?","T","$","R","M","?","M","R","B",null,"M"],"character_chosen":"THE_SILENT","items_purchased":["Accuracy","Accuracy"],"campfire_rested":0,"item_purchase_floors":[19,27],"current_hp_per_floor":[79,79,79,79,79,79,79,79,79,79,79,79,79,79,79,21,79,76,76,76,76,76,71,71,71,71,71,71,71,71,71,71,63,86,84,84],"gold":233,"neow_bonus":"TEN_PERCENT_HP_BONUS","is_daily":false,"chose_seed":false,"campfire_upgraded":6,"win_rate":0.0,"timestamp":1611251971,"path_taken":["M","M","$","?","?","R","M","R","T","M","M","M","R","M","R_BF","BOSS","M","$","?","?","M","E","?","?","T","$","R","?","?","M","R","BOSS","M"],"items_purchased_type":["Card","Card"],"build_version":"2020-12-22","purchased_purges":2,"victory":false,"max_hp_per_floor":[79,79,79,79,79,79,79,79,79,79,79,79,79,79,79,79,79,79,79,79,79,79,86,86,86,86,86,86,86,86,86,86,86,86,86,86],"card_choices":[{"not_picked":["Hidden Blade","Outmaneuver","Dagger Spray"],"picked":"SKIP","floor":1},{"not_picked":["StSpp:Dive","Backflip","Crippling Poison"],"picked":"SKIP","floor":2},{"not_picked":["Flechettes","Bullet Time","Dash"],"picked":"SKIP","floor":7},{"not_picked":["Slice","Noxious Fumes","ReplayTheSpireMod:Exploit Weakness"],"picked":"SKIP","floor":10},{"not_picked":["Slice","Noxious Fumes","ReplayTheSpireMod:Exploit Weakness"],"picked":"SKIP","floor":10},{"not_picked":["Deflect","Riddle With Holes"],"picked":"Footwork","floor":11},{"not_picked":["Poisoned Stab","Dagger Throw","Leg Sweep"],"picked":"SKIP","floor":12},{"not_picked":["Heel Hook","Slice","StSpp:PoisonousPunch"],"picked":"SKIP","floor":14},{"not_picked":["Poison Darts","StSpp:SwitchWeapon"],"picked":"Die Die Die","floor":16},{"not_picked":["Bane+1","StSpp:Dive","Finisher"],"picked":"SKIP","floor":18},{"not_picked":["StSpp:Anticipation","Flying Knee","Slice+1"],"picked":"SKIP","floor":22},{"not_picked":["Poisoned Stab","ReplayTheSpireMod:Tripwire","StSpp:SpareBlade+1"],"picked":"SKIP","floor":23},{"not_picked":["Flying Knee","Poisoned Stab","Hidden Blade"],"picked":"SKIP","floor":29},{"not_picked":["Flying Knee","Poisoned Stab","Hidden Blade"],"picked":"SKIP","floor":29},{"not_picked":["StSpp:Landslide","StSpp:Dive+1","Poison Darts"],"picked":"SKIP","floor":31}],"player_experience":1655386,"relics_obtained":[{"floor":9,"key":"Gremlin Horn"},{"floor":23,"key":"Strawberry"},{"floor":24,"key":"Pen Nib"},{"floor":26,"key":"Lantern"}],"event_choices":[{"cards_removed":["Dagger Spray"],"damage_healed":0,"gold_gain":0,"player_choice":"Forget","damage_taken":0,"max_hp_gain":0,"max_hp_loss":0,"event_name":"Living Wall","floor":5,"gold_loss":0},{"damage_healed":0,"gold_gain":0,"player_choice":"Opened","damage_taken":0,"relics_obtained":["hubris:GlazedTorus"],"max_hp_gain":0,"max_hp_loss":0,"event_name":"The Mausoleum","floor":25,"gold_loss":0},{"damage_healed":0,"gold_gain":0,"player_choice":"Traded Relic","damage_taken":0,"relics_obtained":["Nloth\u0027s Gift"],"max_hp_gain":0,"max_hp_loss":0,"event_name":"N\u0027loth","floor":30,"relics_lost":["StSpp:Balance"],"gold_loss":0}],"is_beta":false,"boss_relics":[{"not_picked":["hubris:HollowSoul","hubris:Stopwatch"],"picked":"StSpp:Balance"},{"not_picked":["Velvet Choker","Astrolabe","ReplayTheSpireMod:DimensionalGlitch"]}],"items_purged_floors":[3,19],"is_endless":false,"potions_floor_spawned":[2,7,12,14,16,18,29,31,33],"killed_by":"3 Darklings","ascension_level":0}}