{"host":"zxkjcgzis4pm3za5","time":1611203226,"event":{"mods":["AchievementEnabler","Act Like it!","BaseMod","Colored Map","Colored Powertips","Friendly Minions","GifTheSpireLib","Minty Spire (QoL Compilation)","Quick Restart","RNG Fix","Random Character Button","Relic Sorter","Relic Stats","StSLib"],"gold_per_floor":[114,129,141,155,80,80,100,100,125,136,136,170,170,198,198,272,272,291,291,291,306,323,323,333,366,366,291,303,328,328,346,346,418,418,430,442,174,174,174,209,234,267,335,349,375,375,405,417,417,417,417,417,93,122,122,122],"floor_reached":55,"language":"ENG","playtime":2133,"items_purged":["Strike_P","Strike_P","Strike_P+1"],"score":1822,"play_id":"55345c51-8892-4a43-8321-3e0614ccbc69","local_time":"20210121095706","is_ascension_mode":true,"campfire_choices":[{"data":"Eruption","floor":6.0,"key":"SMITH"},{"data":"Adaptation","floor":11.0,"key":"SMITH"},{"data":"Tantrum","floor":13.0,"key":"SMITH"},{"data":"SashWhip","floor":15.0,"key":"SMITH"},{"data":"Ghostly","floor":23.0,"key":"SMITH"},{"floor":30.0,"key":"DIG"},{"floor":32.0,"key":"DIG"},{"floor":49,"key":"RECALL"},{"floor":52,"key":"DIG"}],"circlet_count":0,"master_deck":["AscendersBane","Defend_P+1","Defend_P+1","Eruption+1","Vigilance+1","SashWhip+1","Tantrum+1","Consecrate","Adaptation+1","Wallop+1","CutThroughFate+1","LessonLearned","Wallop+1","Vault+1","Ghostly+1","Ghostly+1","Ghostly+1","Indignation+1","FearNoEvil","Sanctity+1","InnerPeace","FlurryOfBlows","Scrawl+1","FlurryOfBlows+1","SpiritShield","Flash of Steel","Master of Strategy"],"relics":["HolyWater","FossilizedHelix","Bag of Marbles","Akabeko","Vajra","Bronze Scales","Shuriken","Shovel","Meat on the Bone","War Paint","Busted Crown","Lee\u0027s Waffle","Frozen Egg 2","Incense Burner","Gremlin Horn","Mercury Hourglass","Smiling Mask","Yang","Blood Vial"],"acts_visited":["Exordium","TheCity","TheBeyond","TheEnding"],"potions_floor_usage":[55,55],"damage_taken":[{"damage":0.0,"enemies":"Small Slimes","floor":1.0,"turns":2.0},{"damage":0.0,"enemies":"2 Louse","floor":2.0,"turns":2.0},{"damage":0.0,"enemies":"Cultist","floor":3.0,"turns":3.0},{"damage":0.0,"enemies":"Red Slaver","floor":4.0,"turns":3.0},{"damage":8.0,"enemies":"Lots of Slimes","floor":7.0,"turns":3.0},{"damage":0.0,"enemies":"Blue Slaver","floor":10.0,"turns":2.0},{"damage":0.0,"enemies":"Gremlin Nob","floor":12.0,"turns":2.0},{"damage":0.0,"enemies":"3 Sentries","floor":14.0,"turns":3.0},{"damage":11.0,"enemies":"The Guardian","floor":16.0,"turns":7.0},{"damage":0.0,"enemies":"3 Byrds","floor":18.0,"turns":2.0},{"damage":0.0,"enemies":"Shell Parasite","floor":21.0,"turns":2.0},{"damage":0.0,"enemies":"Cultist and Chosen","floor":22.0,"turns":5.0},{"damage":0.0,"enemies":"3 Cultists","floor":24.0,"turns":4.0},{"damage":2.0,"enemies":"Gremlin Leader","floor":25.0,"turns":6.0},{"damage":0.0,"enemies":"Snecko","floor":28.0,"turns":4.0},{"damage":1.0,"enemies":"Slavers","floor":29.0,"turns":4.0},{"damage":0.0,"enemies":"Snake Plant","floor":31.0,"turns":2.0},{"damage":24.0,"enemies":"Automaton","floor":33.0,"turns":7.0},{"damage":1.0,"enemies":"3 Darklings","floor":35.0,"turns":3.0},{"damage":0.0,"enemies":"Orb Walker","floor":36.0,"turns":2.0},{"damage":0.0,"enemies":"Reptomancer","floor":40.0,"turns":3.0},{"damage":0.0,"enemies":"Mind Bloom Boss Battle","floor":41.0,"turns":2.0},{"damage":0.0,"enemies":"Giant Head","floor":42.0,"turns":4.0},{"damage":0.0,"enemies":"Transient","floor":44.0,"turns":6.0},{"damage":0.0,"enemies":"Nemesis","floor":45.0,"turns":4.0},{"damage":0.0,"enemies":"Reptomancer","floor":47.0,"turns":2.0},{"damage":0.0,"enemies":"3 Darklings","floor":48.0,"turns":1.0},{"damage":0,"enemies":"Time Eater","floor":50,"turns":10},{"damage":0,"enemies":"Shield and Spear","floor":54,"turns":2},{"damage":59,"enemies":"The Heart","floor":55,"turns":3}],"seed_played":"-809005471769113896","potions_obtained":[{"floor":3.0,"key":"FearPotion"},{"floor":10.0,"key":"FearPotion"},{"floor":12.0,"key":"Ambrosia"},{"floor":16.0,"key":"BottledMiracle"},{"floor":22.0,"key":"Swift Potion"},{"floor":31.0,"key":"DuplicationPotion"},{"floor":35.0,"key":"Strength Potion"},{"floor":44.0,"key":"EssenceOfSteel"}],"is_trial":false,"path_per_floor":["M","M","M","M","?","R","M","?","T","M","R","E","R","E","R","B",null,"M","?","?","M","M","R","M","E","T","$","M","E","R","M","R","B",null,"M","M","$","?","?","E","?","E","T","M","E","?","E","M","R","B",null,"R","$","E","B"],"character_chosen":"WATCHER","items_purchased":["Lee\u0027s Waffle","Flash of Steel","Master of Strategy"],"campfire_rested":0,"item_purchase_floors":[37,53,53],"current_hp_per_floor":[43,43,43,43,43,43,35,28,28,28,28,28,28,28,28,17,55,55,55,34,34,34,34,34,32,32,32,32,31,31,31,31,19,30,29,29,41,41,41,41,41,41,41,41,41,41,41,41,41,41,41,41,41,41,0,0],"gold":122,"neow_bonus":"ONE_RARE_RELIC","is_daily":false,"chose_seed":false,"campfire_upgraded":5,"win_rate":0.0,"timestamp":1611203226,"path_taken":["M","M","M","?","?","R","M","?","T","M","R","E","R","E","R","BOSS","M","?","?","M","M","R","M","E","T","$","M","E","R","M","R","BOSS","M","M","$","?","?","E","?","E","T","M","E","?","E","?","R","BOSS","R","$","E","BOSS"],"items_purchased_type":["Relic","Card","Card"],"build_version":"2020-12-22","purchased_purges":3,"victory":false,"max_hp_per_floor":[68,68,68,68,68,68,68,68,68,68,68,68,68,68,68,68,68,68,68,34,34,34,34,34,34,34,34,34,34,34,34,34,34,34,34,34,41,41,41,41,41,41,41,41,41,41,41,41,41,41,41,41,41,41,41,41],"relic_stats":{"Lee\u0027s Waffle":12,"Gremlin Horn":[6,6],"counters":[30,105],"Yang":[21],"War Paint":["Defend_P","Indignation"],"Smiling Mask":75,"Mercury Hourglass":[63],"Blood Vial":0,"Shovel":3,"Busted Crown":20,"Shuriken":[34],"Bronze Scales":[155],"obtain_stats":[{"Lee\u0027s Waffle":37,"Gremlin Horn":42,"Vajra":14,"Yang":52,"Incense Burner":41,"War Paint":32,"Frozen Egg 2":40,"Smiling Mask":47,"Akabeko":12,"Mercury Hourglass":45,"Blood Vial":54,"Shovel":29,"Busted Crown":34,"Shuriken":26,"Bronze Scales":25,"HolyWater":17,"Bag of Marbles":9,"PureWater":0,"FossilizedHelix":0,"Meat on the Bone":30},{"Lee\u0027s Waffle":20,"Gremlin Horn":23,"Vajra":8,"Yang":28,"Incense Burner":22,"War Paint":17,"Frozen Egg 2":21,"Smiling Mask":26,"Akabeko":7,"Mercury Hourglass":25,"Blood Vial":29,"Shovel":16,"Busted Crown":18,"Shuriken":14,"Bronze Scales":14,"HolyWater":9,"Bag of Marbles":5,"PureWater":0,"FossilizedHelix":0,"Meat on the Bone":16},{"Lee\u0027s Waffle":68,"Gremlin Horn":77,"Vajra":20,"Yang":100,"Incense Burner":73,"War Paint":56,"Frozen Egg 2":71,"Smiling Mask":89,"Akabeko":17,"Mercury Hourglass":87,"Blood Vial":102,"Shovel":54,"Busted Crown":63,"Shuriken":46,"Bronze Scales":46,"HolyWater":27,"Bag of Marbles":13,"PureWater":0,"FossilizedHelix":0,"Meat on the Bone":54}],"Meat on the Bone":12},"card_choices":[{"not_picked":["CrushJoints","ForeignInfluence"],"picked":"SashWhip","floor":1.0},{"not_picked":["Adaptation","Worship"],"picked":"Tantrum","floor":2.0},{"not_picked":["Wireheading","Indignation"],"picked":"Consecrate","floor":3.0},{"not_picked":["Weave","MentalFortress"],"picked":"Adaptation","floor":4.0},{"not_picked":["SignatureMove","ClearTheMind","ReachHeaven"],"picked":"SKIP","floor":7.0},{"not_picked":["Crescendo","PathToVictory"],"picked":"Wallop","floor":10.0},{"not_picked":["Halt","ClearTheMind"],"picked":"CutThroughFate","floor":12.0},{"not_picked":["Study","Prostrate","WreathOfFlame"],"picked":"SKIP","floor":14.0},{"not_picked":["Brilliance","SpiritShield"],"picked":"LessonLearned","floor":16.0},{"not_picked":["Halt","WindmillStrike"],"picked":"Wallop","floor":18.0},{"not_picked":["Prostrate","SandsOfTime"],"picked":"Indignation","floor":21.0},{"not_picked":["CrushJoints","Prostrate"],"picked":"FearNoEvil","floor":22.0},{"not_picked":["EmptyBody","JustLucky"],"picked":"Sanctity","floor":24.0},{"not_picked":["ClearTheMind","Collect","Devotion"],"picked":"SKIP","floor":25.0},{"not_picked":["Protect","PathToVictory","SandsOfTime+1"],"picked":"SKIP","floor":28.0},{"not_picked":["Worship","Swivel"],"picked":"InnerPeace","floor":29.0},{"not_picked":["ClearTheMind","SashWhip+1"],"picked":"FlurryOfBlows","floor":31.0},{"not_picked":["DeusExMachina","Vault"],"picked":"Scrawl","floor":33.0},{"not_picked":["SignatureMove"],"picked":"SKIP","floor":35.0},{"not_picked":["SandsOfTime+1"],"picked":"SKIP","floor":36.0},{"not_picked":["Protect"],"picked":"SKIP","floor":40.0},{"not_picked":["PathToVictory"],"picked":"SKIP","floor":42.0},{"not_picked":["SashWhip"],"picked":"SKIP","floor":44.0},{"not_picked":[],"picked":"FlurryOfBlows+1","floor":45.0},{"not_picked":[],"picked":"SpiritShield","floor":47.0},{"not_picked":["BowlingBash"],"picked":"SKIP","floor":48.0},{"not_picked":["Consecrate"],"picked":"SKIP","floor":54}],"player_experience":245945,"relics_obtained":[{"floor":9.0,"key":"Bag of Marbles"},{"floor":12.0,"key":"Akabeko"},{"floor":14.0,"key":"Vajra"},{"floor":25.0,"key":"Bronze Scales"},{"floor":26.0,"key":"Shuriken"},{"floor":29.0,"key":"Shovel"},{"floor":30.0,"key":"Meat on the Bone"},{"floor":32.0,"key":"War Paint"},{"floor":40.0,"key":"Frozen Egg 2"},{"floor":41.0,"key":"Incense Burner"},{"floor":42.0,"key":"Gremlin Horn"},{"floor":45.0,"key":"Mercury Hourglass"},{"floor":47.0,"key":"Smiling Mask"},{"floor":52,"key":"Yang"},{"floor":54,"key":"Blood Vial"}],"event_choices":[{"cards_removed":["Defend_P"],"damage_healed":0.0,"max_hp_gain":0.0,"max_hp_loss":0.0,"gold_gain":0.0,"event_name":"The Cleric","player_choice":"Card Removal","floor":5.0,"gold_loss":75.0,"damage_taken":0.0},{"cards_removed":["Strike_P"],"damage_healed":0.0,"max_hp_gain":0.0,"max_hp_loss":0.0,"gold_gain":0.0,"event_name":"Golden Wing","player_choice":"Card Removal","floor":8.0,"gold_loss":0.0,"damage_taken":7.0},{"damage_healed":0.0,"max_hp_gain":0.0,"max_hp_loss":0.0,"gold_gain":0.0,"event_name":"Match and Keep!","player_choice":"1 cards matched","floor":19.0,"gold_loss":0.0,"damage_taken":0.0,"cards_obtained":["Vault"]},{"damage_healed":0.0,"max_hp_gain":0.0,"max_hp_loss":34.0,"gold_gain":0.0,"event_name":"Ghosts","player_choice":"Became a Ghost","floor":20.0,"gold_loss":0.0,"damage_taken":0.0,"cards_obtained":["Ghostly","Ghostly","Ghostly"]},{"damage_healed":0.0,"max_hp_gain":0.0,"max_hp_loss":0.0,"gold_gain":0.0,"event_name":"Upgrade Shrine","player_choice":"Upgraded","floor":38.0,"gold_loss":0.0,"damage_taken":0.0,"cards_upgraded":["Ghostly"]},{"damage_healed":0.0,"max_hp_gain":0.0,"max_hp_loss":0.0,"gold_gain":0.0,"event_name":"Tomb of Lord Red Mask","player_choice":"Ignored","floor":39.0,"gold_loss":0.0,"damage_taken":0.0},{"damage_healed":0.0,"max_hp_gain":0.0,"max_hp_loss":0.0,"gold_gain":0.0,"event_name":"MindBloom","player_choice":"Fight","floor":41.0,"gold_loss":0.0,"damage_taken":0.0},{"cards_removed":["Defend_P"],"damage_healed":0.0,"max_hp_gain":0.0,"max_hp_loss":0.0,"gold_gain":0.0,"event_name":"Falling","player_choice":"Removed Skill","floor":46.0,"gold_loss":0.0,"damage_taken":0.0}],"is_beta":false,"boss_relics":[{"not_picked":["Coffee Dripper","Snecko Eye"],"picked":"HolyWater"},{"not_picked":["Pandora\u0027s Box","Cursed Key"],"picked":"Busted Crown"}],"items_purged_floors":[27,37,53],"is_endless":false,"potions_floor_spawned":[3,10,12,16,22,24,25,29,31,35,44,45],"killed_by":"The Heart","ascension_level":16}}