{"host":"ydg0vn0pu4pubmdt","time":1611209655,"event":{"mods":["AchievementEnabler","BaseMod","Colored Map","Gold Saver","Minty Spire (QoL Compilation)","Quick Restart","SuperFastMode"],"gold_per_floor":[114,114,39,39,39,75,102,131,131,101,121,121,21,52,52,52,52],"floor_reached":16,"language":"KOR","playtime":290,"items_purged":["Defend_G","Strike_G"],"score":275,"play_id":"f9993093-b83a-4081-8030-c8465df922f1","local_time":"20210121151415","is_ascension_mode":true,"campfire_choices":[{"data":"Skewer","floor":12.0,"key":"SMITH"},{"data":"Neutralize","floor":15.0,"key":"SMITH"}],"circlet_count":0,"master_deck":["AscendersBane","Strike_G","Strike_G","Strike_G","Defend_G","Defend_G","Defend_G","Defend_G","Survivor","Neutralize+1","Quick Slash","Skewer+1","Dagger Spray","Backflip"],"relics":["Ring of the Snake","NeowsBlessing","CeramicFish","Ice Cream","Orichalcum","Pear","White Beast Statue"],"acts_visited":["Exordium"],"potions_floor_usage":[16],"damage_taken":[{"damage":0.0,"enemies":"2 Louse","floor":1.0,"turns":1.0},{"damage":0.0,"enemies":"Gremlin Nob","floor":6.0,"turns":1.0},{"damage":0.0,"enemies":"Cultist","floor":7.0,"turns":1.0},{"damage":12.0,"enemies":"Lagavulin","floor":8.0,"turns":5.0},{"damage":1.0,"enemies":"Jaw Worm","floor":11.0,"turns":4.0},{"damage":11.0,"enemies":"3 Sentries","floor":14.0,"turns":8.0},{"damage":60,"enemies":"Hexaghost","floor":16,"turns":11}],"seed_played":"-7110355757871771857","potions_obtained":[{"floor":5.0,"key":"CultistPotion"},{"floor":5.0,"key":"ColorlessPotion"},{"floor":6.0,"key":"DistilledChaos"},{"floor":10.0,"key":"Regen Potion"},{"floor":10.0,"key":"EssenceOfSteel"}],"is_trial":false,"path_per_floor":["M","?","$","T","?","E","M","E","T","?","M","R","$","E","R","B"],"character_chosen":"THE_SILENT","items_purchased":[],"campfire_rested":0,"item_purchase_floors":[],"current_hp_per_floor":[59,59,59,59,59,59,59,47,57,57,68,68,68,57,57,0,0],"gold":52,"neow_bonus":"THREE_ENEMY_KILL","is_daily":false,"chose_seed":false,"campfire_upgraded":2,"win_rate":0.0,"timestamp":1611209655,"path_taken":["M","?","?","?","?","E","?","E","T","?","M","R","$","E","R","BOSS"],"items_purchased_type":[],"build_version":"2020-12-22","purchased_purges":2,"victory":false,"max_hp_per_floor":[66,66,66,66,66,66,66,66,76,76,76,76,76,76,76,76,76],"card_choices":[{"not_picked":["Sucker Punch","Underhanded Strike"],"picked":"Quick Slash","floor":1.0},{"not_picked":["Leg Sweep","Dodge and Roll"],"picked":"Skewer","floor":6.0},{"not_picked":["Noxious Fumes","Calculated Gamble"],"picked":"Dagger Spray","floor":7.0},{"not_picked":["Envenom","Terror","Flying Knee"],"picked":"SKIP","floor":8.0},{"not_picked":["Outmaneuver","Bane"],"picked":"Backflip","floor":11.0},{"not_picked":["Infinite Blades","All Out Attack","Endless Agony"],"picked":"SKIP","floor":14.0}],"player_experience":523333,"relics_obtained":[{"floor":4.0,"key":"CeramicFish"},{"floor":6.0,"key":"Ice Cream"},{"floor":8.0,"key":"Orichalcum"},{"floor":9.0,"key":"Pear"},{"floor":14.0,"key":"White Beast Statue"}],"event_choices":[{"cards_removed":["Strike_G"],"damage_healed":0.0,"max_hp_gain":0.0,"max_hp_loss":0.0,"gold_gain":0.0,"event_name":"Purifier","player_choice":"Purged","floor":2.0,"gold_loss":0.0,"damage_taken":0.0},{"damage_healed":0.0,"max_hp_gain":0.0,"max_hp_loss":0.0,"gold_gain":0.0,"event_name":"Lab","player_choice":"Got Potions","floor":5.0,"gold_loss":0.0,"damage_taken":0.0},{"damage_healed":0.0,"max_hp_gain":0.0,"max_hp_loss":0.0,"gold_gain":0.0,"event_name":"The Woman in Blue","player_choice":"Bought 2 Potions","floor":10.0,"gold_loss":0.0,"damage_taken":0.0}],"is_beta":false,"boss_relics":[],"items_purged_floors":[3,13],"is_endless":false,"potions_floor_spawned":[6,7],"killed_by":"Hexaghost","ascension_level":19}}