{"host":"3xls0xm49ftugio7","time":1611244832,"event":{"mods":["2.2 Compatiblity","AchievementEnabler","Act Like it!","BaseMod","Bestiary","Downfall","Minty Spire (QoL Compilation)","Quick Restart","StSLib"],"gold_per_floor":[0,0,14,14,25,25,25,57,42,55,505,505,10,65,80,183,183,183,203,203,42,58,58,58,72,172,91,125,225,125,138,153,256,256,256,275,285,285,296,309,332,347,347,364,25,25,37,64,64,64],"floor_reached":51,"language":"ENG","playtime":2587,"items_purged":["downfall:Icky","downfall:Icky"],"score":1139,"play_id":"5076a954-1835-4c78-8b8a-0842d453c70e","local_time":"20210121180032","is_ascension_mode":true,"campfire_choices":[{"data":"bronze:Replicate","floor":1,"key":"SMITH"},{"data":"bronze:Separator","floor":6,"key":"SMITH"},{"floor":12,"key":"REST"},{"data":"bronze:Library","floor":18,"key":"SMITH"},{"data":"bronze:Mutator","floor":23,"key":"SMITH"},{"floor":30,"key":"DIG"},{"floor":35,"key":"DIG"},{"floor":46,"key":"RECALL"},{"floor":49,"key":"REST"}],"circlet_count":0,"master_deck":["bronze:Defend","bronze:Defend","bronze:Defend","bronze:Defend","bronze:Replicate+1","bronze:Goto","bronze:DelayedSlice","bronze:Separator+1","bronze:OilSpill","bronze:Constructor","bronze:SpaghettiCode","downfall:Icky","bronze:Library+1","bronze:OilSpill","bronze:Refactor","bronze:Mutator+1","bronze:Fortify","Bite","Bite","Bite","Bite","bronze:Constructor+1","bronze:Flail","bronze:OilSpill","bronze:ChosenStrike+1","Enlightenment","bronze:ItsAFeature","bronze:Flail+1","bronze:MaxOutput+1","bronze:Backtrace+1","bronze:Constructor+1","bronze:FindAndReplace","bronze:Shield+1","bronze:Overload+1","bronze:ItsAFeature+1","bronze:Backtrace+1","bronze:Boost","bronze:ClassDefault+1","bronze:Repulsor+1","expansioncontent:DashGenerateEvil+1","bronze:Deprecate+1","bronze:Optimize+1"],"relics":["bronze:PlatinumCore","Guardian:GemstoneGun","downfall:ShatteredFragment","Bottled Flame","Orichalcum","Shuriken","Anchor","Black Star","HornCleat","InkBottle","MutagenicStrength","Darkstone Periapt","Lantern","Frozen Egg 2","Shovel","downfall:HeartBlessingBlue","Molten Egg 2","hexamod:Sixitude","Boot","bronze:BottledCode","Happy Flower","StrikeDummy"],"acts_visited":["Exordium","TheCity","TheBeyond"],"potions_floor_usage":[29,50,50],"damage_taken":[{"damage":0,"enemies":"Cultist","floor":3,"turns":3},{"damage":0,"enemies":"Jaw Worm","floor":5,"turns":2},{"damage":18,"enemies":"Gremlin Nob","floor":8,"turns":3},{"damage":2,"enemies":"downfall:FleeingMerchant","floor":9,"turns":4},{"damage":0,"enemies":"Small Slimes","floor":10,"turns":2},{"damage":5,"enemies":"downfall:FleeingMerchant","floor":13,"turns":4},{"damage":0,"enemies":"Exordium Wildlife","floor":15,"turns":2},{"damage":9,"enemies":"IC_STATUS_ARCHETYPE","floor":16,"turns":5},{"damage":0,"enemies":"3 Byrds","floor":19,"turns":3},{"damage":8,"enemies":"downfall:FleeingMerchant","floor":21,"turns":4},{"damage":2,"enemies":"Chosen","floor":22,"turns":2},{"damage":0,"enemies":"Sentry and Sphere","floor":25,"turns":4},{"damage":24,"enemies":"downfall:Augmenter","floor":26,"turns":5},{"damage":0,"enemies":"Gremlin Leader","floor":28,"turns":3},{"damage":0,"enemies":"SI_SHIV_ARCHETYPE","floor":29,"turns":3},{"damage":2,"enemies":"Cultist and Chosen","floor":31,"turns":3},{"damage":8,"enemies":"Centurion and Healer","floor":32,"turns":2},{"damage":64,"enemies":"DF_ARCHETYPE_CLAW","floor":33,"turns":8},{"damage":3,"enemies":"3 Darklings","floor":36,"turns":2},{"damage":0,"enemies":"3 Shapes","floor":37,"turns":2},{"damage":0,"enemies":"Spire Growth","floor":39,"turns":2},{"damage":0,"enemies":"Sphere and 2 Shapes","floor":40,"turns":3},{"damage":0,"enemies":"Maw","floor":42,"turns":4},{"damage":0,"enemies":"Writhing Mass","floor":44,"turns":3},{"damage":20,"enemies":"Transient","floor":47,"turns":5},{"damage":16,"enemies":"Nemesis","floor":48,"turns":3},{"damage":0,"enemies":"SI_POISON_ARCHETYPE","floor":50,"turns":10}],"seed_played":"6723900618895064158","potions_obtained":[{"floor":5,"key":"Dexterity Potion"},{"floor":15,"key":"FairyPotion"},{"floor":16,"key":"Swift Potion"},{"floor":29,"key":"champ:CounterPotion"},{"floor":33,"key":"bronze:FreeFunctionsPotion"}],"is_trial":false,"path_per_floor":["R","?","M","?","M","R","T","E","$","M","?","R","$","T","M","B",null,"R","M","?","$","M","R","T","M","?","$","E","?","R","M","M","B",null,"R","M","M","?","M","M","T","M","?","M","$","R","M","E","R","B",null],"character_chosen":"THE_AUTOMATON","items_purchased":["bronze:Library","Shuriken","bronze:OilSpill","HornCleat","InkBottle","bronze:ItsAFeature","bronze:Repulsor+1","expansioncontent:DashGenerateEvil"],"campfire_rested":2,"item_purchase_floors":[13,13,13,21,21,27,45,45],"current_hp_per_floor":[70,49,49,49,49,49,49,31,29,29,29,50,45,45,45,36,70,70,70,49,45,47,47,47,49,31,31,35,37,47,47,45,17,59,59,59,59,69,69,69,69,69,59,59,59,59,39,27,44,46],"gold":64,"neow_bonus":"ONE_RARE_RELIC","is_daily":false,"chose_seed":false,"campfire_upgraded":4,"win_rate":0.0,"timestamp":1611244832,"path_taken":["R","?","M","?","?","R","T","E","?","M","?","R","$","?","M","BOSS","R","M","?","$","M","R","T","M","?","$","E","?","R","M","M","BOSS","R","M","M","?","?","M","T","M","?","M","$","R","M","E","R","BOSS"],"items_purchased_type":["Card","Relic","Card","Relic","Relic","Card","Card","Card"],"build_version":"2020-12-22","purchased_purges":2,"victory":true,"max_hp_per_floor":[70,70,70,70,70,70,70,70,70,70,70,70,70,70,70,70,70,70,70,49,49,49,49,49,49,49,49,49,49,59,59,59,59,59,59,59,59,69,69,69,69,69,59,59,59,59,59,59,59,59],"card_choices":[{"not_picked":["bronze:Shield","bronze:Deprecate"],"picked":"bronze:DelayedSlice","floor":3},{"not_picked":["bronze:BitShift","bronze:ForLoop"],"picked":"bronze:Separator","floor":5},{"not_picked":["bronze:ClassDefault","bronze:WhirlingStrike"],"picked":"bronze:OilSpill","floor":8},{"not_picked":["bronze:CutThrough","bronze:Frontload"],"picked":"bronze:Constructor","floor":9},{"not_picked":["bronze:BuggyMess","bronze:DarkDash"],"picked":"bronze:SpaghettiCode","floor":10},{"not_picked":["bronze:CloningBeam","bronze:Deprecate","bronze:ClassDefault"],"picked":"SKIP","floor":13},{"not_picked":["bronze:Iterate","bronze:BronzeArmor"],"picked":"bronze:Refactor","floor":15},{"not_picked":["bronze:CleanCode","bronze:Format"],"picked":"bronze:Mutator","floor":16},{"not_picked":["bronze:Invalidate","bronze:WildBeam+1"],"picked":"bronze:Fortify","floor":19},{"not_picked":["bronze:Overheat","bronze:Deprecate"],"picked":"bronze:Constructor+1","floor":21},{"not_picked":["bronze:DigitalCarnage","bronze:Frontload"],"picked":"bronze:Flail","floor":22},{"not_picked":["bronze:WhirlingStrike","bronze:BitShift","bronze:OilSpill"],"picked":"SKIP","floor":25},{"not_picked":["bronze:WhirlingStrike","bronze:BitShift"],"picked":"bronze:OilSpill","floor":25},{"not_picked":[],"picked":"J.A.X.","floor":26},{"not_picked":["bronze:OilSpill","bronze:DelayedSlice"],"picked":"bronze:ChosenStrike+1","floor":26},{"not_picked":["bronze:Deprecate","bronze:DigitalCarnage"],"picked":"bronze:Flail+1","floor":28},{"not_picked":["bronze:Deprecate","bronze:CutThrough"],"picked":"bronze:MaxOutput+1","floor":29},{"not_picked":["bronze:Turbo+1","bronze:Philosophize"],"picked":"bronze:Backtrace+1","floor":31},{"not_picked":["bronze:DelayedGuard","bronze:CutThrough+1"],"picked":"bronze:Constructor+1","floor":32},{"not_picked":["bronze:CleanCode+1","bronze:Format"],"picked":"bronze:FindAndReplace","floor":33},{"not_picked":["bronze:CutThrough+1","bronze:Deprecate"],"picked":"bronze:Shield+1","floor":36},{"not_picked":["bronze:Constructor","bronze:NullPointer+1"],"picked":"bronze:Overload+1","floor":37},{"not_picked":["bronze:CloningBeam+1","bronze:BuggyMess"],"picked":"bronze:ItsAFeature+1","floor":39},{"not_picked":["bronze:Branch+1","bronze:WildBeam+1"],"picked":"bronze:Backtrace+1","floor":40},{"not_picked":["bronze:CutThrough+1","bronze:WhirlingStrike+1"],"picked":"bronze:Boost","floor":42},{"not_picked":["bronze:MaxOutput+1","bronze:DarkDash+1"],"picked":"bronze:ClassDefault+1","floor":44},{"not_picked":["bronze:Fortify+1","bronze:Safeguard+1"],"picked":"bronze:Deprecate+1","floor":47},{"not_picked":["bronze:Hardcode+1","bronze:Safeguard"],"picked":"bronze:Optimize+1","floor":48}],"player_experience":957704,"relics_obtained":[{"floor":7,"key":"Bottled Flame"},{"floor":8,"key":"Orichalcum"},{"floor":14,"key":"Anchor"},{"floor":26,"key":"MutagenicStrength"},{"floor":28,"key":"Darkstone Periapt"},{"floor":28,"key":"Lantern"},{"floor":29,"key":"Frozen Egg 2"},{"floor":29,"key":"Shovel"},{"floor":30,"key":"Molten Egg 2"},{"floor":35,"key":"hexamod:Sixitude"},{"floor":41,"key":"Boot"},{"floor":48,"key":"Happy Flower"},{"floor":48,"key":"StrikeDummy"}],"event_choices":[{"damage_healed":0,"gold_gain":0,"player_choice":"Became a vampire","damage_taken":0,"max_hp_gain":0,"max_hp_loss":21,"event_name":"Vampires","floor":20,"gold_loss":0,"cards_obtained":["Bite","Bite","Bite","Bite","Bite"]},{"cards_removed":["The Bomb"],"damage_healed":0,"gold_gain":0,"player_choice":"Offered Rare","damage_taken":0,"max_hp_gain":10,"max_hp_loss":0,"event_name":"Bonfire Elementals","floor":38,"gold_loss":0}],"is_beta":false,"boss_relics":[{"not_picked":["Velvet Choker","Sozu"],"picked":"Black Star"},{"not_picked":["Cursed Key","Snecko Eye"],"picked":"bronze:PlatinumCore"}],"items_purged_floors":[13,45],"is_endless":false,"potions_floor_spawned":[5,15,16,22,25,29,31,32,33,37,47,48],"ascension_level":2}}