{"host":"mydft8i2zzydgggw","time":1611241755,"event":{"mods":["AchievementEnabler","BaseMod","BetterRewards","Colored Map","Colored Powertips","DeckTracker","Keyboard Shortcuts","Minty Spire (QoL Compilation)","Rare Cards Sparkle","StSLib","SuperFastMode","everything is the same but u backflip on backflip"],"gold_per_floor":[112,191,203,215,227,227,227,227,227,241,255,330,113,113,113,213,213,223,241,256,36,48,48,48,48,48],"floor_reached":25,"language":"KOR","playtime":476,"items_purged":["Strike_P","Strike_P"],"score":273,"play_id":"2cd090de-a503-4f75-9112-1724a0ccd302","local_time":"20210122000915","is_ascension_mode":true,"campfire_choices":[{"data":"Scrawl","floor":6.0,"key":"SMITH"},{"data":"ForeignInfluence","floor":8.0,"key":"SMITH"},{"floor":15.0,"key":"REST"},{"data":"Omniscience","floor":23.0,"key":"SMITH"}],"circlet_count":0,"master_deck":["Strike_P","Strike_P+1","Defend_P","Defend_P","Defend_P","Defend_P","Eruption+1","Vigilance","Vault+1","Study","ForeignInfluence+1","Scrawl+1","FollowUp","LikeWater","Omniscience+1","CrushJoints","Halt","EmptyBody","BowlingBash","RitualDagger"],"relics":["PureWater","Gremlin Horn","Bag of Preparation","SacredBark","Membership Card"],"acts_visited":["Exordium","TheCity"],"potions_floor_usage":[25],"damage_taken":[{"damage":0.0,"enemies":"Cultist","floor":1.0,"turns":6.0},{"damage":5.0,"enemies":"2 Louse","floor":3.0,"turns":3.0},{"damage":0.0,"enemies":"Small Slimes","floor":4.0,"turns":2.0},{"damage":15.0,"enemies":"3 Louse","floor":5.0,"turns":5.0},{"damage":0.0,"enemies":"Lots of Slimes","floor":10.0,"turns":1.0},{"damage":4.0,"enemies":"Looter","floor":11.0,"turns":3.0},{"damage":15.0,"enemies":"Hexaghost","floor":16.0,"turns":10.0},{"damage":13.0,"enemies":"Chosen","floor":18.0,"turns":6.0},{"damage":0.0,"enemies":"3 Byrds","floor":19.0,"turns":3.0},{"damage":0.0,"enemies":"Centurion and Healer","floor":20.0,"turns":3.0},{"damage":5.0,"enemies":"Chosen and Byrds","floor":22.0,"turns":4.0},{"damage":36,"enemies":"Slavers","floor":25,"turns":1}],"seed_played":"4592871949606070775","potions_obtained":[{"floor":1.0,"key":"EssenceOfSteel"},{"floor":10.0,"key":"BottledMiracle"},{"floor":11.0,"key":"Regen Potion"},{"floor":16.0,"key":"Ancient Potion"},{"floor":18.0,"key":"AttackPotion"},{"floor":19.0,"key":"DuplicationPotion"}],"is_trial":false,"path_per_floor":["M","T","M","M","M","R","?","R","T","M","M","?","$","?","R","B",null,"M","M","M","$","M","R","?","E"],"character_chosen":"WATCHER","items_purchased":["LikeWater","DistilledChaos","Membership Card","Swift Potion"],"campfire_rested":1,"item_purchase_floors":[13,13,21,21],"current_hp_per_floor":[65,65,60,60,45,45,32,32,32,32,28,17,17,17,36,36,58,45,45,45,45,40,40,34,0,0],"gold":48,"neow_bonus":"THREE_RARE_CARDS","is_daily":false,"chose_seed":false,"campfire_upgraded":3,"win_rate":0.0,"timestamp":1611241755,"path_taken":["M","?","M","M","M","R","?","R","T","M","M","?","$","?","R","BOSS","M","M","?","$","M","R","?","E"],"items_purchased_type":["Card","Potion","Relic","Potion"],"build_version":"2020-12-22","purchased_purges":2,"victory":false,"max_hp_per_floor":[65,65,65,65,65,65,65,65,65,65,65,65,65,65,65,65,65,65,65,65,65,65,65,65,65,65],"card_choices":[{"not_picked":["ConjureBlade","SpiritShield"],"picked":"Vault","floor":0.0},{"not_picked":["Halt","Prostrate"],"picked":"Study","floor":1.0},{"not_picked":["BattleHymn","ThirdEye"],"picked":"ForeignInfluence","floor":3.0},{"not_picked":["Worship","Evaluate","Protect"],"picked":"SKIP","floor":4.0},{"not_picked":["JustLucky","Wireheading"],"picked":"Scrawl","floor":5.0},{"not_picked":["ClearTheMind","Evaluate","ThirdEye"],"picked":"SKIP","floor":10.0},{"not_picked":["Meditate","ReachHeaven"],"picked":"FollowUp","floor":11.0},{"not_picked":["Judgement","Vault"],"picked":"Omniscience","floor":16.0},{"not_picked":["FollowUp","FlyingSleeves"],"picked":"CrushJoints","floor":18.0},{"not_picked":["Study","SashWhip"],"picked":"Halt","floor":19.0},{"not_picked":["ClearTheMind+1","Halt"],"picked":"EmptyBody","floor":20.0},{"not_picked":["CutThroughFate+1","Crescendo"],"picked":"BowlingBash","floor":22.0}],"player_experience":193122,"relics_obtained":[{"floor":2.0,"key":"Gremlin Horn"},{"floor":9.0,"key":"Bag of Preparation"}],"event_choices":[{"damage_healed":0.0,"max_hp_gain":0.0,"max_hp_loss":0.0,"gold_gain":0.0,"event_name":"Shining Light","player_choice":"Entered Light","floor":7.0,"gold_loss":0.0,"damage_taken":13.0,"cards_upgraded":["Strike_P","Vault"]},{"damage_healed":0.0,"max_hp_gain":0.0,"max_hp_loss":0.0,"gold_gain":75.0,"event_name":"World of Goop","player_choice":"Gather Gold","floor":12.0,"gold_loss":0.0,"damage_taken":11.0},{"damage_healed":0.0,"max_hp_gain":0.0,"max_hp_loss":0.0,"gold_gain":0.0,"event_name":"Accursed Blacksmith","player_choice":"Forge","floor":14.0,"gold_loss":0.0,"damage_taken":0.0,"cards_upgraded":["Eruption"]},{"damage_healed":0,"gold_gain":0,"player_choice":"Joined the Cult","damage_taken":6,"max_hp_gain":0,"max_hp_loss":0,"event_name":"Nest","floor":24,"gold_loss":0,"cards_obtained":["RitualDagger"]}],"is_beta":false,"boss_relics":[{"not_picked":["Runic Dome","Tiny House"],"picked":"SacredBark"}],"items_purged_floors":[13,21],"is_endless":false,"potions_floor_spawned":[1,10,11,16,18,19],"killed_by":"Slavers","ascension_level":8}}