{"host":"08t08ld674si40tv","time":1611232718,"event":{"mods":["AchievementEnabler","BaseMod","Colored Map","Minty Spire (QoL Compilation)","StSLib","SuperFastMode"],"gold_per_floor":[111,111,131,143,68,98,98,130,130,140,140,140,166,176,176,251,251,251,171,71,71,71,71,71,71,71,71,71,71,71,71,71,71,71,71,71,71,71,71,71,71,71,71,71,71,71,71,71,71,71,71],"floor_reached":50,"language":"KOR","playtime":1329,"items_purged":["Strike_R","Strike_R"],"score":1503,"play_id":"ad36d800-d3b9-4b01-ae41-f9db28f33d9d","local_time":"20210121213838","is_ascension_mode":true,"campfire_choices":[{"data":"Whirlwind","floor":7,"key":"SMITH"},{"data":"Shockwave","floor":12,"key":"SMITH"},{"data":"Body Slam","floor":15,"key":"SMITH"},{"data":"Seeing Red","floor":24,"key":"SMITH"},{"data":"Dark Embrace","floor":32,"key":"SMITH"},{"data":"Mayhem","floor":40,"key":"SMITH"},{"floor":42,"key":"REST"},{"floor":49,"key":"RECALL"}],"circlet_count":0,"master_deck":["AscendersBane","Strike_R","Strike_R+1","Strike_R","Defend_R+1","Defend_R+1","Defend_R","Defend_R","Bash","Corruption+1","Shockwave+1","Ghostly Armor","Whirlwind+1","Dropkick+1","Shrug It Off","Body Slam+1","Impervious","Feel No Pain","Dark Embrace+1","Mayhem+1","Second Wind+1","Seeing Red","Wild Strike+1","Offering"],"relics":["Burning Blood","TungstenRod","Torii","Pear","Dream Catcher","Ice Cream","Mummified Hand","CultistMask","Lizard Tail","Ectoplasm","Pear","Lantern","Tiny Chest","Centennial Puzzle","Black Star","Anchor","MawBank","War Paint","Bottled Lightning","Whetstone","Letter Opener","Singing Bowl"],"acts_visited":["Exordium","TheCity","TheBeyond"],"potions_floor_usage":[8,13,16,23,23,25,41,44,47,47],"damage_taken":[{"damage":16,"enemies":"Jaw Worm","floor":1,"turns":4},{"damage":0,"enemies":"Cultist","floor":3,"turns":3},{"damage":0,"enemies":"Small Slimes","floor":4,"turns":4},{"damage":27,"enemies":"3 Sentries","floor":6,"turns":8},{"damage":0,"enemies":"Lagavulin","floor":8,"turns":6},{"damage":6,"enemies":"Gremlin Gang","floor":10,"turns":2},{"damage":27,"enemies":"Gremlin Nob","floor":13,"turns":4},{"damage":0,"enemies":"2 Fungi Beasts","floor":14,"turns":2},{"damage":25,"enemies":"The Guardian","floor":16,"turns":7},{"damage":14,"enemies":"Chosen","floor":18,"turns":4},{"damage":15,"enemies":"2 Thieves","floor":19,"turns":4},{"damage":0,"enemies":"Chosen and Byrds","floor":21,"turns":5},{"damage":0,"enemies":"Cultist and Chosen","floor":22,"turns":4},{"damage":0,"enemies":"Gremlin Leader","floor":23,"turns":4},{"damage":14,"enemies":"Slavers","floor":25,"turns":4},{"damage":7,"enemies":"Snake Plant","floor":27,"turns":3},{"damage":0,"enemies":"Gremlin Leader","floor":28,"turns":4},{"damage":0,"enemies":"Centurion and Healer","floor":29,"turns":4},{"damage":0,"enemies":"Snecko","floor":30,"turns":3},{"damage":84,"enemies":"Automaton","floor":33,"turns":10},{"damage":0,"enemies":"Orb Walker","floor":35,"turns":2},{"damage":6,"enemies":"3 Shapes","floor":39,"turns":3},{"damage":40,"enemies":"Nemesis","floor":41,"turns":5},{"damage":15,"enemies":"Giant Head","floor":44,"turns":5},{"damage":23,"enemies":"Maw","floor":45,"turns":7},{"damage":6,"enemies":"Sphere and 2 Shapes","floor":46,"turns":4},{"damage":5,"enemies":"Nemesis","floor":47,"turns":1},{"damage":5,"enemies":"Spire Growth","floor":48,"turns":2},{"damage":160,"enemies":"Time Eater","floor":50,"turns":10}],"seed_played":"1541910602487842234","potions_obtained":[{"floor":1,"key":"SkillPotion"},{"floor":6,"key":"FearPotion"},{"floor":13,"key":"PowerPotion"},{"floor":18,"key":"Fire Potion"},{"floor":22,"key":"GamblersBrew"},{"floor":23,"key":"Swift Potion"},{"floor":29,"key":"LiquidMemories"},{"floor":33,"key":"SteroidPotion"},{"floor":41,"key":"Fruit Juice"},{"floor":45,"key":"GamblersBrew"}],"is_trial":false,"path_per_floor":["M","?","M","M","$","E","R","E","T","M","?","R","E","M","R","B",null,"M","M","$","M","M","E","R","E","T","M","E","M","M","?","R","B",null,"M","?","?","T","M","R","E","R","T","E","M","M","E","M","R","B"],"character_chosen":"IRONCLAD","items_purchased":[],"campfire_rested":1,"item_purchase_floors":[],"current_hp_per_floor":[68,68,74,80,80,59,59,65,65,65,65,65,44,50,50,31,72,64,55,55,61,67,83,83,75,75,74,80,86,92,92,92,14,75,81,81,72,72,72,72,38,66,66,62,45,45,48,51,51,0,0],"gold":71,"neow_bonus":"ONE_RANDOM_RARE_CARD","is_daily":false,"chose_seed":false,"campfire_upgraded":6,"win_rate":0.0,"timestamp":1611232718,"path_taken":["M","?","M","M","$","E","R","E","T","?","?","R","E","M","R","BOSS","M","M","$","?","M","E","R","E","T","M","E","M","M","?","R","BOSS","M","?","?","?","?","R","E","R","T","E","M","M","E","M","R","BOSS"],"items_purchased_type":[],"build_version":"2020-12-22","purchased_purges":2,"victory":false,"max_hp_per_floor":[85,85,85,85,85,85,85,85,85,85,85,85,85,85,85,85,85,85,85,85,85,85,95,95,95,95,95,95,95,95,95,95,95,95,95,95,95,95,95,95,95,95,95,100,100,100,102,104,104,104,104],"card_choices":[{"not_picked":["Shrug It Off","Pommel Strike"],"picked":"Shockwave","floor":1},{"not_picked":["Inflame","Intimidate"],"picked":"Ghostly Armor","floor":3},{"not_picked":["Pummel","Heavy Blade"],"picked":"Whirlwind","floor":4},{"not_picked":["Infernal Blade","Juggernaut","Cleave"],"picked":"SKIP","floor":6},{"not_picked":["Flex","Havoc"],"picked":"Dropkick","floor":8},{"not_picked":["Whirlwind","True Grit"],"picked":"Shrug It Off","floor":10},{"not_picked":["Sever Soul","Brutality"],"picked":"Body Slam","floor":13},{"not_picked":["Perfected Strike","Armaments","Havoc"],"picked":"SKIP","floor":14},{"not_picked":["Reaper","Berserk"],"picked":"Impervious","floor":16},{"not_picked":["Sword Boomerang","Cleave"],"picked":"Seeing Red","floor":18},{"not_picked":["Wild Strike","Warcry"],"picked":"Feel No Pain","floor":19},{"not_picked":["Perfected Strike","Clothesline","Reckless Charge"],"picked":"SKIP","floor":21},{"not_picked":["Clothesline","Fire Breathing","Sever Soul"],"picked":"SKIP","floor":22},{"not_picked":["Fiend Fire","Spot Weakness","Corruption"],"picked":"SKIP","floor":23},{"not_picked":["Wild Strike","Shockwave","Clash"],"picked":"SKIP","floor":25},{"not_picked":["Carnage","Heavy Blade","Sword Boomerang"],"picked":"SKIP","floor":27},{"not_picked":["Armaments","Clothesline","Flame Barrier"],"picked":"SKIP","floor":28},{"not_picked":["Wild Strike+1","Flex","Impervious"],"picked":"SKIP","floor":29},{"not_picked":["Iron Wave","Rupture","Flame Barrier"],"picked":"SKIP","floor":30},{"not_picked":["Reckless Charge","Warcry","Twin Strike"],"picked":"SKIP","floor":35},{"not_picked":["Jack Of All Trades","Panacea"],"picked":"Mayhem","floor":37},{"not_picked":["Twin Strike+1","Uppercut","Headbutt"],"picked":"SKIP","floor":39},{"not_picked":["Flame Barrier","Rage"],"picked":"Second Wind+1","floor":41},{"not_picked":["Clash+1","Body Slam"],"picked":"Seeing Red","floor":44},{"not_picked":["Metallicize","Clash","Wild Strike+1"],"picked":"SKIP","floor":45},{"not_picked":["Metallicize","Clash"],"picked":"Wild Strike+1","floor":45},{"not_picked":["Sever Soul+1","Anger"],"picked":"Offering","floor":46},{"not_picked":["Fiend Fire","Power Through","Rage"],"picked":"Singing Bowl","floor":47},{"not_picked":["Iron Wave","Thunderclap","Headbutt"],"picked":"Singing Bowl","floor":48}],"player_experience":247136,"relics_obtained":[{"floor":6,"key":"Dream Catcher"},{"floor":8,"key":"Ice Cream"},{"floor":9,"key":"Mummified Hand"},{"floor":13,"key":"Lizard Tail"},{"floor":23,"key":"Pear"},{"floor":25,"key":"Lantern"},{"floor":26,"key":"Tiny Chest"},{"floor":28,"key":"Centennial Puzzle"},{"floor":41,"key":"Anchor"},{"floor":41,"key":"MawBank"},{"floor":43,"key":"War Paint"},{"floor":44,"key":"Bottled Lightning"},{"floor":44,"key":"Whetstone"},{"floor":47,"key":"Letter Opener"},{"floor":47,"key":"Singing Bowl"}],"event_choices":[{"damage_healed":0,"gold_gain":0,"player_choice":"Upgraded","damage_taken":0,"max_hp_gain":0,"max_hp_loss":0,"event_name":"Upgrade Shrine","floor":2,"gold_loss":0,"cards_upgraded":["Corruption"]},{"damage_healed":0,"gold_gain":0,"player_choice":"Trade","damage_taken":0,"relics_obtained":["CultistMask"],"max_hp_gain":0,"max_hp_loss":0,"event_name":"FaceTrader","floor":11,"gold_loss":0},{"damage_healed":0,"gold_gain":0,"player_choice":"Read","damage_taken":0,"max_hp_gain":0,"max_hp_loss":0,"event_name":"The Library","floor":31,"gold_loss":0,"cards_obtained":["Dark Embrace"]},{"cards_removed":["Seeing Red"],"damage_healed":0,"gold_gain":0,"player_choice":"Removed Skill","damage_taken":0,"max_hp_gain":0,"max_hp_loss":0,"event_name":"Falling","floor":36,"gold_loss":0},{"damage_healed":0,"gold_gain":0,"player_choice":"Memory 3","damage_taken":10,"max_hp_gain":0,"max_hp_loss":0,"event_name":"SensoryStone","floor":37,"gold_loss":0}],"is_beta":false,"boss_relics":[{"not_picked":["Cursed Key","Tiny House"],"picked":"Ectoplasm"},{"not_picked":["Mark of Pain","Calling Bell"],"picked":"Black Star"}],"items_purged_floors":[5,20],"is_endless":false,"potions_floor_spawned":[1,6,13,18,22,23,29,33,41,45,46],"killed_by":"Time Eater","ascension_level":20}}