{"host":"l2dnabsh5e0fsksb","time":1611273148,"event":{"mods":["2.2 Compatiblity","BaseMod","Downfall","Minty Spire (QoL Compilation)","Quick Restart","StSLib"],"gold_per_floor":[99,99,99,162,162,191,191,101,1,30,47,73,88,122,137,137,137,137],"floor_reached":16,"language":"ENG","playtime":428,"items_purged":["downfall:Malfunctioning"],"score":216,"play_id":"5c2e5042-a43f-4973-b42a-b9117716f2d1","local_time":"20210122102228","is_ascension_mode":true,"campfire_choices":[{"floor":1.0,"key":"RECALL"},{"floor":9.0,"key":"REST"}],"circlet_count":0,"master_deck":["bronze:Strike+1","bronze:Strike","bronze:Strike","bronze:Strike+1","bronze:Defend","bronze:Defend","bronze:Defend","bronze:Defend+1","bronze:Replicate","bronze:Goto","bronze:Separator","bronze:Terminator","bronze:ChosenStrike","bronze:BronzeArmor","bronze:FollowUp","bronze:DelayedSlice","bronze:Iterate","bronze:TinkerersToolbox"],"relics":["bronze:BronzeCore","downfall:HeartsMalice","Art of War","Bag of Marbles","hexamod:CandleOfCauterizing","Ginger","downfall:HeartBlessingRed","Bronze Scales","Orichalcum"],"acts_visited":["Exordium"],"potions_floor_usage":[14,15,16],"damage_taken":[{"damage":0.0,"enemies":"2 Louse","floor":2.0,"turns":1.0},{"damage":0.0,"enemies":"3 Sentries","floor":4.0,"turns":1.0},{"damage":0.0,"enemies":"Lagavulin","floor":6.0,"turns":1.0},{"damage":10.0,"enemies":"downfall:FleeingMerchant","floor":8.0,"turns":4.0},{"damage":22.0,"enemies":"3 Sentries","floor":10.0,"turns":8.0},{"damage":0.0,"enemies":"Jaw Worm","floor":11.0,"turns":1.0},{"damage":0.0,"enemies":"Cultist","floor":13.0,"turns":2.0},{"damage":0,"enemies":"Lagavulin","floor":14,"turns":3},{"damage":2,"enemies":"Lots of Slimes","floor":15,"turns":2},{"damage":28,"enemies":"DF_ARCHETYPE_STREAMLINE","floor":16,"turns":5}],"seed_played":"-5611154914150267729","potions_obtained":[{"floor":10.0,"key":"LiquidMemories"},{"floor":11.0,"key":"SkillPotion"},{"floor":14,"key":"Swift Potion"},{"floor":15,"key":"champ:CounterPotion"}],"is_trial":false,"path_per_floor":["R","M","?","?","?","E","T","$","R","E","M","T","M","E","M","B"],"character_chosen":"THE_AUTOMATON","items_purchased":[],"campfire_rested":1,"item_purchase_floors":[],"current_hp_per_floor":[63,63,38,38,38,38,38,28,49,27,27,27,27,27,25,0,0,0],"gold":137,"neow_bonus":"THREE_ENEMY_KILL","is_daily":false,"chose_seed":false,"campfire_upgraded":0,"win_rate":0.0,"timestamp":1611273148,"path_taken":["R","M","?","?","?","E","T","?","R","E","?","?","?","E","M","BOSS"],"items_purchased_type":[],"build_version":"2020-12-22","purchased_purges":1,"victory":false,"max_hp_per_floor":[70,70,70,70,70,70,70,70,70,70,70,70,70,70,70,70,70,70],"card_choices":[{"not_picked":["bronze:DelayedSlice","bronze:BuggyMess"],"picked":"bronze:Separator","floor":2.0},{"not_picked":["bronze:Repulsor","bronze:Turbo"],"picked":"bronze:Terminator","floor":4.0},{"not_picked":["bronze:Constructor","bronze:Overheat"],"picked":"bronze:ChosenStrike","floor":6.0},{"not_picked":["bronze:Overload","bronze:BuggyMess"],"picked":"bronze:BronzeArmor","floor":8.0},{"not_picked":["bronze:GetLatest","bronze:CutThrough"],"picked":"bronze:FollowUp","floor":10.0},{"not_picked":["bronze:Optimize","bronze:Separator"],"picked":"bronze:DelayedSlice","floor":11.0},{"not_picked":["bronze:Deprecate","bronze:Backtrace"],"picked":"bronze:Iterate","floor":13.0},{"not_picked":["bronze:Deprecate","bronze:ItsAFeature"],"picked":"bronze:TinkerersToolbox","floor":14},{"not_picked":["bronze:Deprecate","bronze:Allocate","bronze:BronzeArmor"],"picked":"SKIP","floor":15}],"player_experience":1824965,"relics_obtained":[{"floor":6.0,"key":"hexamod:CandleOfCauterizing"},{"floor":7.0,"key":"Ginger"},{"floor":10.0,"key":"Bronze Scales"},{"floor":14,"key":"Orichalcum"}],"event_choices":[{"damage_healed":0.0,"max_hp_gain":0.0,"max_hp_loss":0.0,"gold_gain":0.0,"event_name":"Scrap Ooze","player_choice":"Success","floor":3.0,"gold_loss":0.0,"damage_taken":25.0,"relics_obtained":["Art of War"]}],"is_beta":false,"boss_relics":[],"items_purged_floors":[8],"is_endless":false,"potions_floor_spawned":[10,11,14,15],"killed_by":"DF_ARCHETYPE_STREAMLINE","ascension_level":6}}