{"host":"dhyczjm99amxd3qx","time":1611190069,"event":{"mods":["BaseMod","Colored Map","Googly Eyes","Highlight Path","Minty Spire (QoL Compilation)","Quick Restart","StSLib"],"gold_per_floor":[118,130,145,145,166,200,200,235,235,235,258,131,131,131,131],"floor_reached":14,"language":"ENG","playtime":596,"items_purged":["Dualcast"],"score":135,"play_id":"b6cdb995-a350-47f4-a6af-3c2d740fa308","local_time":"20210120194749","is_ascension_mode":true,"campfire_choices":[{"data":"Fusion","floor":7,"key":"SMITH"}],"circlet_count":0,"master_deck":["Strike_B","Strike_B","Strike_B","Defend_B","Defend_B","Defend_B","Defend_B","Zap+1","FTL","Fusion+1","Conserve Battery","Cold Snap","Ball Lightning","Chill"],"relics":["Cracked Core","Golden Idol","Ancient Tea Set","Smiling Mask","White Beast Statue","Mango"],"acts_visited":["Exordium"],"potions_floor_usage":[5,8,8,14,14],"damage_taken":[{"damage":0,"enemies":"Cultist","floor":1,"turns":3},{"damage":0,"enemies":"Jaw Worm","floor":2,"turns":3},{"damage":0,"enemies":"2 Louse","floor":3,"turns":4},{"damage":11,"enemies":"Blue Slaver","floor":5,"turns":3},{"damage":23,"enemies":"Lagavulin","floor":6,"turns":8},{"damage":13,"enemies":"Gremlin Nob","floor":8,"turns":4},{"damage":9,"enemies":"Lots of Slimes","floor":11,"turns":4},{"damage":11,"enemies":"Lagavulin","floor":14,"turns":5}],"seed_played":"-4346109085582642160","potions_obtained":[{"floor":1,"key":"Energy Potion"},{"floor":2,"key":"LiquidBronze"},{"floor":3,"key":"AttackPotion"},{"floor":6,"key":"Block Potion"},{"floor":11,"key":"ColorlessPotion"}],"is_trial":false,"path_per_floor":["M","M","M","?","M","E","R","E","T","?","M","$","?","E"],"character_chosen":"DEFECT","items_purchased":["Chill"],"campfire_rested":0,"item_purchase_floors":[12],"current_hp_per_floor":[68,68,68,68,57,34,34,21,21,23,14,14,7,0,0],"gold":131,"neow_bonus":"UPGRADE_CARD","is_daily":false,"chose_seed":false,"campfire_upgraded":1,"win_rate":0.0,"timestamp":1611190069,"path_taken":["M","M","M","?","M","E","R","E","T","?","M","$","?","E"],"items_purchased_type":["Card"],"build_version":"2020-12-22","purchased_purges":1,"victory":false,"max_hp_per_floor":[75,75,75,69,69,69,69,69,69,83,83,83,83,83,83],"card_choices":[{"not_picked":["Storm","Sweeping Beam"],"picked":"FTL","floor":1},{"not_picked":["Rebound","Glacier"],"picked":"Fusion","floor":2},{"not_picked":["Force Field","Leap","Turbo"],"picked":"SKIP","floor":3},{"not_picked":["Sweeping Beam","Static Discharge"],"picked":"Conserve Battery","floor":5},{"not_picked":["Gash","Loop"],"picked":"Cold Snap","floor":6},{"not_picked":["Lockon","Gash","Skim"],"picked":"SKIP","floor":8},{"not_picked":["Streamline","Redo"],"picked":"Ball Lightning","floor":11}],"player_experience":343704,"relics_obtained":[{"floor":6,"key":"Ancient Tea Set"},{"floor":8,"key":"Smiling Mask"},{"floor":9,"key":"White Beast Statue"}],"event_choices":[{"damage_healed":0,"gold_gain":0,"player_choice":"Lose Max HP","damage_taken":0,"relics_obtained":["Golden Idol"],"max_hp_gain":0,"max_hp_loss":6,"event_name":"Golden Idol","floor":4,"gold_loss":0},{"damage_healed":0,"gold_gain":0,"player_choice":"Success","damage_taken":12,"relics_obtained":["Mango"],"max_hp_gain":0,"max_hp_loss":0,"event_name":"Scrap Ooze","floor":10,"gold_loss":0},{"cards_removed":["Strike_B"],"damage_healed":0,"gold_gain":0,"player_choice":"Card Removal","damage_taken":7,"max_hp_gain":0,"max_hp_loss":0,"event_name":"Golden Wing","floor":13,"gold_loss":0}],"is_beta":false,"boss_relics":[],"items_purged_floors":[12],"is_endless":false,"potions_floor_spawned":[1,2,3,6,11],"killed_by":"Lagavulin","ascension_level":7}}