{"host":"44rskkdhooiq7ebq","time":1611194231,"event":{"mods":["Arknights The Spire","Ascension Reborn","BaseMod","Dio Mod","GungeonMod","Hermit","Koishi","Lobotomy","Marisa£¨Ùöéë¡¡Øª×âÞÞ£©","Minty Spire (QoL Compilation)","Replay The Spire","Small Relic Pack","StSLib","Td1madao Mod","The Bug Knight","The Cursed","The Dragon Tamer","The Gatherer","The Hierophant","The Jungle","The Poker Player","The Runesmith","WarShipGirlsR/??á´Ò³R mod"],"gold_per_floor":[110,148,148,148,98,118,193,221,275,287,287,287,312,327,327,432,432,448,461,226,226,226],"floor_reached":21,"language":"KOR","playtime":1780,"items_purged":["Sickly","MysteriousBeam"],"score":237,"play_id":"492acc53-c0d4-4458-9879-fa45aa38666c","local_time":"20210121105711","is_ascension_mode":true,"campfire_choices":[{"floor":11,"key":"REST"},{"data":"ManaRampage","floor":15,"key":"SMITH"}],"circlet_count":0,"master_deck":["Strike_MRS","Strike_MRS","Strike_MRS","Strike_MRS","Defend_MRS","Defend_MRS","Defend_MRS","Defend_MRS","MasterSpark","UpSweep","DC","MysteriousBeam","OldLady","PowerUp","Woodsman","SporeBomb","Mercenary","EarthLightRay","Scorched","ManaRampage+1","MeatLantern","StarBarrage","UniverseFragment","TreasureHunter","CurseOfTheBell","Freischutz","SporeBomb","Bloodbath","MilkyWay+1","IllusionStar","Jack Of All Trades"],"relics":["MiniHakkero","CogitoBucket","ReplayTheSpireMod:CursedCoin","ReplayTheSpireMod:Ring of Sloth","Ring of Searing","DemoMod:DecoyRelic","Runesmith:AutoHammer","PreservedInsect","relicPack:OneForAll","White Beast Statue","LuminousBracelet","Calling Bell","Pen Nib","Gremlin Horn","Thread and Needle"],"acts_visited":["Exordium","TheCity"],"potions_floor_usage":[14,16,19,21],"damage_taken":[{"damage":1.0,"enemies":"Cultist","floor":1.0,"turns":3.0},{"damage":0.0,"enemies":"2 Louse","floor":6.0,"turns":1.0},{"damage":20,"enemies":"HollowMod:MossKnight","floor":8,"turns":7},{"damage":10,"enemies":"Jaw Worm","floor":10,"turns":2},{"damage":18,"enemies":"Replay:BlueRogue","floor":13,"turns":2},{"damage":15,"enemies":"Large Slime","floor":14,"turns":2},{"damage":54,"enemies":"Hexaghost","floor":16,"turns":5},{"damage":32,"enemies":"2 Thieves","floor":18,"turns":4},{"damage":50,"enemies":"Chosen","floor":19,"turns":2},{"damage":50,"enemies":"Centurion and Healer","floor":21,"turns":3}],"seed_played":"-446358014510655735","potions_obtained":[{"floor":13,"key":"Fire Potion"},{"floor":14,"key":"Ancient Potion"},{"floor":16,"key":"SteroidPotion"},{"floor":18,"key":"Swift Potion"},{"floor":19,"key":"Dexterity Potion"}],"is_trial":false,"path_per_floor":["M","$","?","?","?","M","T","E","T","M","R","?","E","M","R","B",null,"M","M","$","M"],"character_chosen":"MARISA","items_purchased":["ReplayTheSpireMod:CursedCoin","MysteriousBeam","IllusionStar","Jack Of All Trades"],"campfire_rested":1,"item_purchase_floors":[2,2,20,20],"current_hp_per_floor":[74,74,74,74,74,74,74,54,54,50,72,72,60,78,78,59,90,79,40,40,0,0],"gold":226,"neow_bonus":"","is_daily":false,"chose_seed":false,"campfire_upgraded":1,"win_rate":0.0,"timestamp":1611194231,"path_taken":["M","?","?","?","?","?","?","E","T","M","R","?","E","M","R","BOSS","M","M","?","?"],"items_purchased_type":["Relic","Card","Card","Card"],"build_version":"2020-12-22","purchased_purges":2,"victory":false,"max_hp_per_floor":[75,75,75,75,75,75,75,75,75,75,75,75,75,90,90,90,90,90,90,90,90,90],"card_choices":[{"not_picked":["HeroicMonk","WallGazer"],"picked":"Alriune","floor":1.0},{"not_picked":["IllusionStar","Robbery"],"picked":"DC","floor":1.0},{"not_picked":["WallGazer","RedShoes"],"picked":"OldLady","floor":6.0},{"not_picked":["WitchLeyline","MilkyWay"],"picked":"PowerUp","floor":6.0},{"not_picked":["CherryBlossoms","BeautyBeast"],"picked":"Woodsman","floor":8},{"not_picked":["ChargingUp","MysteriousBeam"],"picked":"SporeBomb","floor":8},{"not_picked":["BeautyBeast","OSAHOGD","FairyFestival"],"picked":"Singing Bowl","floor":10},{"not_picked":["MeatLantern","Wellcheers"],"picked":"Mercenary","floor":10},{"not_picked":["PowerUp","WitchLeyline"],"picked":"EarthLightRay","floor":10},{"not_picked":["MHz","WallGazer"],"picked":"Scorched","floor":13},{"not_picked":["Acceleration","DC"],"picked":"ManaRampage","floor":13},{"not_picked":["PunishingBird","GalaxyChild"],"picked":"MeatLantern","floor":14},{"not_picked":["WitchLeyline","RefractionSpark"],"picked":"StarBarrage","floor":14},{"not_picked":["WhitesApple","GreedKing"],"picked":"UniverseFragment","floor":16},{"not_picked":["JA","AbsoluteMagnitude"],"picked":"TreasureHunter","floor":16},{"not_picked":["Porccubus","QueenBee"],"picked":"Freischutz","floor":18},{"not_picked":["Singularity","JA"],"picked":"SporeBomb","floor":18},{"not_picked":["MHz","GalaxyChild"],"picked":"Bloodbath","floor":19},{"not_picked":["MagicAbsorber","StarDustReverie"],"picked":"MilkyWay+1","floor":19}],"player_experience":40654,"relics_obtained":[{"floor":4.0,"key":"ReplayTheSpireMod:Ring of Sloth"},{"floor":4.0,"key":"Ring of Searing"},{"floor":7.0,"key":"DemoMod:DecoyRelic"},{"floor":8,"key":"Runesmith:AutoHammer"},{"floor":9,"key":"PreservedInsect"},{"floor":13,"key":"White Beast Statue"},{"floor":17,"key":"Pen Nib"},{"floor":17,"key":"Gremlin Horn"},{"floor":17,"key":"Thread and Needle"}],"event_choices":[{"cards_removed":["Alriune"],"damage_healed":0.0,"max_hp_gain":0.0,"max_hp_loss":0.0,"gold_gain":0.0,"event_name":"The Cleric","player_choice":"Card Removal","floor":5.0,"gold_loss":50.0,"damage_taken":0.0}],"is_beta":false,"boss_relics":[{"not_picked":["Replay:Ancient Bell","Velvet Choker"],"picked":"Calling Bell"}],"items_purged_floors":[2,20],"is_endless":false,"potions_floor_spawned":[13,14,16,18,19],"killed_by":"Centurion and Healer","ascension_level":0}}