{"host":"oehe2dxjvdgux73m","time":1611242523,"event":{"mods":["AchievementEnabler","BaseMod","Colored Map","Colored Powertips","DeckTracker","Keyboard Shortcuts","Minty Spire (QoL Compilation)","Permanent Neow","Quick Restart","StSLib","SuperFastMode"],"gold_per_floor":[109,109,121,46,61,86,106,129,152,152,152,169,201,55,55,131,131,148,159,172,191,141,141,151,179,179,179,199,199,26,53,53,126,126,146,166,76,91,105,136,151,183,207,207,18,53,53,73,73,73],"floor_reached":51,"language":"KOR","playtime":2034,"items_purged":["Strike_R","Bash"],"score":1391,"play_id":"51693cc2-d48a-4eb1-a8ef-21ff9b375625","local_time":"20210122002203","is_ascension_mode":true,"campfire_choices":[{"floor":11.0,"key":"REST"},{"data":"Burning Pact","floor":15.0,"key":"SMITH"},{"data":"Double Tap","floor":23.0,"key":"SMITH"},{"data":"Corruption","floor":29,"key":"SMITH"},{"data":"Dark Embrace","floor":32,"key":"SMITH"},{"data":"Body Slam","floor":44,"key":"SMITH"},{"data":"Barricade","floor":49,"key":"SMITH"}],"circlet_count":0,"master_deck":["AscendersBane","Finesse","Headbutt","Carnage+1","Burning Pact+1","Shrug It Off","Offering","Offering","Impervious","Seeing Red","Uppercut","Bludgeon+1","Wild Strike","Double Tap+1","Disarm","Headbutt","Power Through","Corruption+1","Dropkick","Reaper","Feel No Pain+1","Dark Embrace+1","Shockwave+1","Warcry+1","Battle Trance","Fire Breathing+1","Barricade+1","Body Slam+1","Evolve","Seeing Red"],"relics":["Burning Blood","Toy Ornithopter","Vajra","Bag of Marbles","Pen Nib","DollysMirror","Pandora\u0027s Box","Matryoshka","Happy Flower","Ornamental Fan","Potion Belt","Mercury Hourglass","PreservedInsect","Philosopher\u0027s Stone","Dead Branch","Mummified Hand","Oddly Smooth Stone","Centennial Puzzle","Frozen Egg 2"],"acts_visited":["Exordium","TheCity","TheBeyond"],"potions_floor_usage":[33,36,39,48,50,50,50,50,50],"damage_taken":[{"damage":0.0,"enemies":"Small Slimes","floor":1.0,"turns":4.0},{"damage":3.0,"enemies":"Cultist","floor":3.0,"turns":4.0},{"damage":19.0,"enemies":"Jaw Worm","floor":5.0,"turns":4.0},{"damage":48.0,"enemies":"3 Sentries","floor":6.0,"turns":8.0},{"damage":12.0,"enemies":"Gremlin Gang","floor":7.0,"turns":6.0},{"damage":0.0,"enemies":"Exordium Thugs","floor":12.0,"turns":2.0},{"damage":17.0,"enemies":"Gremlin Nob","floor":13.0,"turns":4.0},{"damage":25.0,"enemies":"Slime Boss","floor":16.0,"turns":4.0},{"damage":6.0,"enemies":"Chosen","floor":18.0,"turns":3.0},{"damage":26.0,"enemies":"3 Byrds","floor":19.0,"turns":5.0},{"damage":7.0,"enemies":"Shelled Parasite and Fungi","floor":20.0,"turns":3.0},{"damage":6.0,"enemies":"Snecko","floor":21.0,"turns":2.0},{"damage":12.0,"enemies":"Cultist and Chosen","floor":24.0,"turns":4.0},{"damage":18,"enemies":"Slavers","floor":25,"turns":3},{"damage":12,"enemies":"Shelled Parasite and Fungi","floor":28,"turns":1},{"damage":13,"enemies":"Gremlin Leader","floor":31,"turns":7},{"damage":38,"enemies":"Champ","floor":33,"turns":7},{"damage":15,"enemies":"Orb Walker","floor":35,"turns":3},{"damage":12,"enemies":"3 Darklings","floor":36,"turns":2},{"damage":8,"enemies":"Writhing Mass","floor":38,"turns":2},{"damage":16,"enemies":"Maw","floor":39,"turns":5},{"damage":6,"enemies":"Giant Head","floor":40,"turns":4},{"damage":11,"enemies":"Sphere and 2 Shapes","floor":41,"turns":4},{"damage":8,"enemies":"Nemesis","floor":42,"turns":3},{"damage":12,"enemies":"Giant Head","floor":46,"turns":2},{"damage":12,"enemies":"Transient","floor":48,"turns":5},{"damage":39,"enemies":"Time Eater","floor":50,"turns":6}],"seed_played":"-7389092853072512148","potions_obtained":[{"floor":1.0,"key":"FearPotion"},{"floor":2.0,"key":"FairyPotion"},{"floor":13.0,"key":"LiquidMemories"},{"floor":31,"key":"Fire Potion"},{"floor":36,"key":"SkillPotion"},{"floor":38,"key":"EssenceOfSteel"},{"floor":40,"key":"Fruit Juice"},{"floor":46,"key":"EntropicBrew"}],"is_trial":false,"path_per_floor":["M","?","M","$","M","E","M","T","T","?","R","M","E","$","R","B",null,"M","M","M","M","?","R","M","E","T","T","M","R","$","E","R","B",null,"M","M","?","M","M","E","M","E","T","R","$","E","$","M","R","B",null],"character_chosen":"IRONCLAD","items_purchased":["DollysMirror","Dark Embrace","Evolve","Centennial Puzzle"],"campfire_rested":1,"item_purchase_floors":[14,30,45,45],"current_hp_per_floor":[74,74,75,75,62,20,19,19,19,19,41,47,36,36,36,17,61,61,41,40,40,40,40,34,22,22,22,43,43,43,43,43,16,60,58,64,64,62,57,69,69,67,67,67,67,69,69,73,73,67],"gold":73,"neow_bonus":"RANDOM_COLORLESS","is_daily":false,"chose_seed":false,"campfire_upgraded":6,"win_rate":0.0,"timestamp":1611242523,"path_taken":["M","?","M","$","?","E","M","?","T","?","R","?","E","?","R","BOSS","M","M","M","M","?","R","?","E","T","?","?","R","$","E","R","BOSS","M","M","?","M","M","E","?","E","T","R","$","E","$","M","R","BOSS"],"items_purchased_type":["Relic","Card","Card","Relic"],"build_version":"2020-12-22","purchased_purges":2,"victory":true,"max_hp_per_floor":[75,75,75,75,75,75,75,75,75,75,75,75,75,75,75,75,75,75,75,75,75,75,75,75,75,75,75,75,75,75,75,75,75,75,75,75,75,75,75,75,75,75,75,75,75,75,75,80,80,80],"card_choices":[{"not_picked":["Bandage Up","Purity"],"picked":"Finesse","floor":0.0},{"not_picked":["Twin Strike","Spot Weakness","Cleave"],"picked":"SKIP","floor":1.0},{"not_picked":["Anger","Rampage"],"picked":"Headbutt","floor":3.0},{"not_picked":["Fire Breathing","Flame Barrier"],"picked":"Carnage","floor":5.0},{"not_picked":["Sentinel","Wild Strike"],"picked":"Burning Pact","floor":6.0},{"not_picked":["Clothesline","True Grit"],"picked":"Shrug It Off","floor":7.0},{"not_picked":["Twin Strike","Anger","Whirlwind"],"picked":"SKIP","floor":12.0},{"not_picked":["Sword Boomerang","Shrug It Off"],"picked":"Offering","floor":13.0},{"not_picked":["Double Tap","Brutality"],"picked":"Impervious","floor":16.0},{"not_picked":["Pummel+1","Warcry"],"picked":"Power Through","floor":18.0},{"not_picked":["Reckless Charge","Body Slam","Cleave"],"picked":"SKIP","floor":19.0},{"not_picked":["Pommel Strike","Flex"],"picked":"Corruption","floor":20.0},{"not_picked":["Cleave","Twin Strike"],"picked":"Dropkick","floor":21.0},{"not_picked":["Combust","Rupture","Iron Wave"],"picked":"SKIP","floor":24.0},{"not_picked":["Flex","Uppercut"],"picked":"Reaper","floor":25},{"not_picked":["Armaments+1","Reckless Charge+1"],"picked":"Feel No Pain+1","floor":28},{"not_picked":["Spot Weakness","Clothesline"],"picked":"Shockwave+1","floor":31},{"not_picked":["Clothesline","Cleave+1","Armaments"],"picked":"SKIP","floor":35},{"not_picked":["Thunderclap+1","Infernal Blade"],"picked":"Warcry+1","floor":36},{"not_picked":["Second Wind","Pommel Strike"],"picked":"Battle Trance","floor":38},{"not_picked":["Anger+1","Reaper"],"picked":"Fire Breathing+1","floor":39},{"not_picked":["Wild Strike","Iron Wave"],"picked":"Barricade","floor":40},{"not_picked":["Anger","Shrug It Off","Fire Breathing"],"picked":"SKIP","floor":41},{"not_picked":["Combust","Sever Soul"],"picked":"Body Slam","floor":42},{"not_picked":["Intimidate","Dropkick","Corruption+1"],"picked":"SKIP","floor":46},{"not_picked":["Rampage","Flex"],"picked":"Seeing Red","floor":48}],"player_experience":291164,"relics_obtained":[{"floor":6.0,"key":"Toy Ornithopter"},{"floor":8.0,"key":"Vajra"},{"floor":9.0,"key":"Bag of Marbles"},{"floor":13.0,"key":"Pen Nib"},{"floor":25,"key":"Matryoshka"},{"floor":26,"key":"Happy Flower"},{"floor":26,"key":"Ornamental Fan"},{"floor":27,"key":"Potion Belt"},{"floor":27,"key":"Mercury Hourglass"},{"floor":31,"key":"PreservedInsect"},{"floor":40,"key":"Dead Branch"},{"floor":42,"key":"Mummified Hand"},{"floor":43,"key":"Oddly Smooth Stone"},{"floor":46,"key":"Frozen Egg 2"}],"event_choices":[{"damage_healed":0.0,"max_hp_gain":0.0,"max_hp_loss":0.0,"gold_gain":0.0,"event_name":"Lab","player_choice":"Got Potions","floor":2.0,"gold_loss":0.0,"damage_taken":0.0},{"damage_healed":0.0,"max_hp_gain":0.0,"max_hp_loss":0.0,"gold_gain":0.0,"event_name":"Upgrade Shrine","player_choice":"Upgraded","floor":10.0,"gold_loss":0.0,"damage_taken":0.0,"cards_upgraded":["Carnage"]},{"damage_healed":0.0,"max_hp_gain":0.0,"max_hp_loss":0.0,"gold_gain":0.0,"event_name":"The Joust","player_choice":"Bet on Murderer","floor":22.0,"gold_loss":50.0,"damage_taken":0.0},{"cards_removed":["Clash"],"damage_healed":0,"gold_gain":0,"player_choice":"Upgrade and Remove","damage_taken":0,"max_hp_gain":0,"max_hp_loss":0,"event_name":"Designer","floor":37,"gold_loss":90,"cards_upgraded":["Bludgeon"]}],"is_beta":false,"boss_relics":[{"not_picked":["Ectoplasm","Mark of Pain"],"picked":"Pandora\u0027s Box"},{"not_picked":["Calling Bell","Runic Dome"],"picked":"Philosopher\u0027s Stone"}],"items_purged_floors":[4,30],"is_endless":false,"potions_floor_spawned":[1,5,13,18,20,25,31,36,38,40,46],"ascension_level":14}}