{"host":"ifd7sfhtlbe34qll","time":1611253884,"event":{"mods":["2.2 Compatiblity","BaseMod","Block Reminder","Colored Map","Curses Come First","Downfall","Highlight Path","Minty Spire (QoL Compilation)","Potion Indicator Mod","Quick Restart","Relic Stats","StSLib"],"gold_per_floor":[99,113,126,146,146,28,110,128,28,60,60,85,85,100,110,185,185,185,200,200,192,177,177,177,177,177,177],"floor_reached":25,"language":"ENG","playtime":1242,"items_purged":[],"score":508,"play_id":"ff36d3fb-fe31-4805-ac0d-f6a2656cb0ff","local_time":"20210121123124","is_ascension_mode":true,"campfire_choices":[{"data":"hexamod:Sear","floor":1.0,"key":"SMITH"},{"data":"hexamod:Incineration","floor":9.0,"key":"SMITH"},{"data":"hexamod:PhantomCloak","floor":11.0,"key":"SMITH"},{"data":"hexamod:HeatShield","floor":13.0,"key":"SMITH"},{"floor":18.0,"key":"RECALL"}],"circlet_count":0,"master_deck":["AscendersBane","hexamod:Strike","hexamod:Strike","hexamod:Strike","hexamod:Strike","hexamod:Defend","hexamod:Defend","hexamod:Defend","hexamod:Defend","hexamod:Sear+1","hexamod:Float+1","hexamod:Firestarter","hexamod:Incineration+1","hexamod:Hexaguard","hexamod:GhostOfSpirePresent","hexamod:RadiantFlame","hexamod:StepThrough","hexamod:PhantomCloak+1","hexamod:HeatShield+1","hexamod:FirstSeal","hexamod:SuperheatedStrike","hexamod:TimeOfNeed","hexamod:FastForward","downfall:Bewildered","hexamod:ThirdSeal","hexamod:FourthSeal","hexamod:SecondSeal","hexamod:HexaLevel"],"relics":["expansioncontent:StudyCardRelic","downfall:HeartBlessingBlue","StrikeDummy","Vajra","Cursed Key","sneckomod:BabySnecko"],"acts_visited":["Exordium","TheCity"],"potions_floor_usage":[23,23],"damage_taken":[{"damage":0.0,"enemies":"Cultist","floor":2.0,"turns":3.0},{"damage":9.0,"enemies":"2 Louse","floor":3.0,"turns":2.0},{"damage":2.0,"enemies":"Jaw Worm","floor":4.0,"turns":3.0},{"damage":0.0,"enemies":"downfall:FleeingMerchant","floor":6.0,"turns":4.0},{"damage":0.0,"enemies":"2 Fungi Beasts","floor":8.0,"turns":2.0},{"damage":0.0,"enemies":"Lagavulin","floor":10.0,"turns":4.0},{"damage":3.0,"enemies":"Gremlin Nob","floor":12.0,"turns":3.0},{"damage":1.0,"enemies":"Blue Slaver","floor":14.0,"turns":3.0},{"damage":0.0,"enemies":"Large Slime","floor":15.0,"turns":5.0},{"damage":46.0,"enemies":"WA_ARCHETYPE_RETAIN","floor":16.0,"turns":6.0},{"damage":2.0,"enemies":"Chosen","floor":19.0,"turns":3.0},{"damage":17.0,"enemies":"downfall:FleeingMerchant","floor":22.0,"turns":4.0},{"damage":45,"enemies":"Book of Stabbing","floor":23,"turns":5},{"damage":8,"enemies":"3 Byrds","floor":25,"turns":2}],"seed_played":"8506447835593772187","potions_obtained":[{"floor":2.0,"key":"SmokeBomb"},{"floor":8.0,"key":"bronze:BurnAndBuffPotion"},{"floor":16.0,"key":"FearPotion"},{"floor":22,"key":"Block Potion"}],"is_trial":false,"path_per_floor":["R","M","M","M","?","$","T","M","R","E","R","E","R","M","M","B",null,"R","M","?","?","$","E","T","M"],"character_chosen":"THE_SPIRIT","items_purchased":["hexamod:RadiantFlame","hexamod:FlamesFromBeyond"],"campfire_rested":0,"item_purchase_floors":[6,6],"current_hp_per_floor":[57,57,48,46,46,46,46,46,56,56,56,53,53,52,52,13,58,58,63,63,63,46,8,8,0,0,0],"gold":177,"neow_bonus":"BOSS_RELIC","is_daily":false,"chose_seed":false,"campfire_upgraded":4,"win_rate":0.0,"timestamp":1611253884,"path_taken":["R","M","M","?","?","?","T","M","R","E","R","E","R","M","M","BOSS","R","M","?","?","$","E","T","M"],"items_purchased_type":["Card","Card"],"build_version":"2020-12-22","purchased_purges":0,"victory":false,"max_hp_per_floor":[63,63,63,63,63,63,63,63,73,73,73,73,73,73,73,73,73,73,73,73,73,73,73,73,73,73,73],"relic_stats":{"counters":[14,49],"Cursed Key":0,"obtain_stats":[{"sneckomod:BabySnecko":20,"downfall:HeartBlessingBlue":9,"Vajra":12,"expansioncontent:StudyCardRelic":0,"StrikeDummy":10,"Cursed Key":17,"hexamod:SpiritBrand":0},{"sneckomod:BabySnecko":11,"downfall:HeartBlessingBlue":5,"Vajra":7,"expansioncontent:StudyCardRelic":0,"StrikeDummy":6,"Cursed Key":10,"hexamod:SpiritBrand":0},{"sneckomod:BabySnecko":38,"downfall:HeartBlessingBlue":14,"Vajra":21,"expansioncontent:StudyCardRelic":0,"StrikeDummy":18,"Cursed Key":35,"hexamod:SpiritBrand":0}]},"card_choices":[{"not_picked":["hexamod:ShieldOfDarkness","hexamod:GhostLash"],"picked":"hexamod:Firestarter","floor":2.0},{"not_picked":["hexamod:SpectralSpark","hexamod:HeatMetal"],"picked":"hexamod:Incineration","floor":3.0},{"not_picked":["hexamod:HauntingEcho","hexamod:AdvancingGuard"],"picked":"hexamod:Hexaguard","floor":4.0},{"not_picked":["hexamod:FastForward","hexamod:GhostOfSpireFuture"],"picked":"hexamod:GhostOfSpirePresent","floor":6.0},{"not_picked":["hexamod:Firestarter","hexamod:NightmareGuise"],"picked":"hexamod:StepThrough","floor":8.0},{"not_picked":["hexamod:ShieldOfDarkness","hexamod:InspiringFlames"],"picked":"hexamod:PhantomCloak","floor":10.0},{"not_picked":["hexamod:BacktrackSmack","hexamod:SpectralAdrenaline"],"picked":"hexamod:HeatShield","floor":12.0},{"not_picked":["hexamod:Incineration","hexamod:Hexaguard"],"picked":"hexamod:FirstSeal","floor":14.0},{"not_picked":["hexamod:Hexaguard","hexamod:GhostflameBarrier"],"picked":"hexamod:SuperheatedStrike","floor":15.0},{"not_picked":["hexamod:UnleashSpirits","hexamod:ApocalypseNow"],"picked":"hexamod:TimeOfNeed","floor":16.0},{"not_picked":["hexamod:SpectralSpark","hexamod:HeatMetal"],"picked":"hexamod:FastForward","floor":19.0},{"not_picked":["hexamod:SkipABeat","hexamod:GhostLash"],"picked":"hexamod:HexaLevel","floor":22}],"player_experience":1693201,"relics_obtained":[{"floor":10.0,"key":"StrikeDummy"},{"floor":12.0,"key":"Vajra"}],"event_choices":[{"damage_healed":0.0,"max_hp_gain":0.0,"max_hp_loss":0.0,"gold_gain":0.0,"event_name":"Living Wall","player_choice":"Grow","floor":5.0,"gold_loss":0.0,"damage_taken":0.0,"cards_upgraded":["hexamod:Float"]}],"is_beta":false,"boss_relics":[{"not_picked":["Busted Crown","Empty Cage"],"picked":"Cursed Key"}],"items_purged_floors":[],"is_endless":false,"potions_floor_spawned":[2,8,14,16],"killed_by":"3 Byrds","ascension_level":20}}