{"host":"uiaocagxbjlinul0","time":1611190330,"event":{"mods":["100% Spire Juice","Act Like it!","Arknights The Spire","BaseMod","Better Match","Block Reminder","CapriCore","ChefMod","Downfall","GifTheSpireLib","Hallownest","Hermit","Minty Spire (QoL Compilation)","Quick Restart","StSLib","Stuff the Spire","The Animator","The Bug Knight","The Marked","The Runesmith","The Spell Scribe","TheSwordswoman","Wandering Minibosses"],"gold_per_floor":[99,99,119,134,56,87,87,105,105,5,25,39,39,52,62,166,166,66,66,66,166,184,201,201,86,190,205,205,155,155,155,169,273,273,273,292,308,390,409,409,433,433,604,954,621,621,635,648,879,179],"floor_reached":51,"language":"ENG","playtime":2291,"items_purged":["animator:Curse_Greed","bronze:Defend"],"score":1003,"play_id":"9bf77b6d-2730-415d-a3ff-1e3f889f8d6f","local_time":"20210120165210","is_ascension_mode":false,"campfire_choices":[{"data":"bronze:RecursiveStrike","floor":1,"key":"SMITH"},{"floor":10,"key":"RECALL"},{"floor":13,"key":"REST"},{"data":"bronze:HardenedForm","floor":18,"key":"SMITH"},{"data":"bronze:Optimize","floor":30,"key":"SMITH"},{"data":"bronze:Verify","floor":35,"key":"SMITH"},{"floor":40,"key":"REST"}],"circlet_count":0,"master_deck":["bronze:Defend+1","bronze:Defend+1","bronze:Defend+1","bronze:Goto","bronze:RecursiveStrike+1","bronze:DarkDash","bronze:Flail","bronze:Optimize+1","bronze:ItsAFeature","bronze:Overload","bronze:Mutator","bronze:HardenedForm+1","bronze:OilSpill","bronze:DigitalCarnage","bronze:ChosenStrike+1","bronze:Verify+1","bronze:ChosenStrike+1","bronze:FineTuning+1","bronze:Fortify","expansioncontent:StudyTheSpire","bronze:ForceShield","StuffTheSpire:CelestialWarden","bronze:CloningBeam+1"],"relics":["bronze:BronzeCore","Regal Pillow","downfall:HeartBlessingGreen","Busted Crown","downfall:HeartBlessingRed","downfall:GremlinWheel","Eternal Feather","HollowMod:LifeEnderRelic","Sozu","Old Coin","wanderingMiniBosses:LockLocket"],"acts_visited":["Exordium","TheCity","TheBeyond"],"potions_floor_usage":[6,16,16,21,27,48,49,50],"damage_taken":[{"damage":0,"enemies":"Small Slimes","floor":3,"turns":2},{"damage":0,"enemies":"Cultist","floor":4,"turns":3},{"damage":0,"enemies":"downfall:FleeingMerchant","floor":5,"turns":4},{"damage":11,"enemies":"HollowMod:MossKnight","floor":6,"turns":5},{"damage":0,"enemies":"2 Louse","floor":8,"turns":3},{"damage":14,"enemies":"Large Slime","floor":11,"turns":3},{"damage":10,"enemies":"Lots of Slimes","floor":12,"turns":2},{"damage":0,"enemies":"2 Fungi Beasts","floor":14,"turns":2},{"damage":6,"enemies":"Red Slaver","floor":15,"turns":5},{"damage":8,"enemies":"SI_SHIV_ARCHETYPE","floor":16,"turns":7},{"damage":16,"enemies":"SI_SHIV_ARCHETYPE","floor":21,"turns":3},{"damage":10,"enemies":"Shell Parasite","floor":22,"turns":2},{"damage":0,"enemies":"Chosen and Byrds","floor":23,"turns":2},{"damage":0,"enemies":"downfall:FleeingMerchant","floor":25,"turns":4},{"damage":3,"enemies":"Snecko","floor":26,"turns":4},{"damage":14,"enemies":"Centurion and Healer","floor":27,"turns":4},{"damage":6,"enemies":"Sentry and Sphere","floor":32,"turns":4},{"damage":0,"enemies":"WA_ARCHETYPE_CALM","floor":33,"turns":7},{"damage":1,"enemies":"Orb Walker","floor":36,"turns":3},{"damage":31,"enemies":"3 Darklings","floor":37,"turns":4},{"damage":0,"enemies":"downfall:FleeingMerchant","floor":38,"turns":4},{"damage":29,"enemies":"4 Shapes","floor":39,"turns":3},{"damage":19,"enemies":"Sphere and 2 Shapes","floor":43,"turns":5},{"damage":2,"enemies":"Sphere and 2 Shapes","floor":44,"turns":4},{"damage":0,"enemies":"Maw","floor":47,"turns":6},{"damage":26,"enemies":"Spire Growth","floor":48,"turns":4},{"damage":36,"enemies":"3 Darklings","floor":49,"turns":7},{"damage":113,"enemies":"IC_BLOCK_ARCHETYPE","floor":50,"turns":10}],"seed_played":"5740638323237998648","potions_obtained":[{"floor":4,"key":"Fire Potion"},{"floor":6,"key":"champ:CounterPotion"},{"floor":11,"key":"Strength Potion"},{"floor":16,"key":"ColorlessPotion"},{"floor":22,"key":"PowerPotion"},{"floor":23,"key":"Dexterity Potion"},{"floor":26,"key":"bronze:BurnAndBuffPotion"},{"floor":27,"key":"SkillPotion"}],"is_trial":false,"path_per_floor":["R","?","M","M","$","E","T","M","?","R","M","M","R","M","M","B",null,"R","?","?","?","M","M","T","$","M","M","?","?","R","?","M","B",null,"R","M","M","$","M","R","T","?","M","?","?","?","M","M","M","B",null],"character_chosen":"THE_AUTOMATON","items_purchased":["bronze:Fortify","expansioncontent:StudyTheSpire"],"campfire_rested":2,"item_purchase_floors":[38,38],"current_hp_per_floor":[70,70,70,70,70,59,59,59,59,59,45,35,70,70,64,56,70,70,70,54,38,28,28,28,28,25,11,34,62,70,70,64,64,70,70,69,38,38,9,57,57,49,30,28,79,79,79,53,17,1],"gold":179,"neow_bonus":"ONE_RANDOM_RARE_CARD","is_daily":false,"chose_seed":false,"campfire_upgraded":4,"win_rate":0.0,"timestamp":1611190330,"path_taken":["R","?","?","?","$","E","T","M","?","R","M","M","R","M","M","BOSS","R","?","?","?","?","M","T","$","M","M","?","?","R","?","M","BOSS","R","M","M","$","M","R","T","?","?","?","?","?","M","M","M","BOSS"],"items_purchased_type":["Card","Card"],"build_version":"2020-12-22","purchased_purges":2,"victory":true,"max_hp_per_floor":[70,70,70,70,70,70,70,70,70,70,70,70,70,70,70,70,70,70,70,70,70,70,70,70,70,70,70,70,70,70,70,70,70,70,70,70,70,70,70,70,70,70,70,70,79,79,79,79,79,79],"card_choices":[{"not_picked":["bronze:GetLatest","bronze:ForLoop"],"picked":"bronze:DarkDash","floor":3},{"not_picked":["bronze:Shield","bronze:OilSpill"],"picked":"bronze:Flail","floor":4},{"not_picked":["bronze:Invalidate","bronze:Shell","bronze:Deprecate"],"picked":"SKIP","floor":5},{"not_picked":["bronze:WildBeam","bronze:Overheat"],"picked":"bronze:Optimize","floor":6},{"not_picked":["bronze:OilSpill","bronze:Return"],"picked":"bronze:ItsAFeature","floor":8},{"not_picked":["bronze:Overheat","bronze:HyperBeam"],"picked":"bronze:Overload","floor":11},{"not_picked":["bronze:ItsAFeature","bronze:DelayedGuard","bronze:Iterate"],"picked":"SKIP","floor":12},{"not_picked":["bronze:Separator","bronze:WhirlingStrike","bronze:DelayedSlice"],"picked":"SKIP","floor":14},{"not_picked":["bronze:CutThrough","bronze:Repulsor"],"picked":"bronze:Mutator","floor":15},{"not_picked":["bronze:Break","bronze:BurnOut"],"picked":"bronze:HardenedForm","floor":16},{"not_picked":[],"picked":"bronze:DigitalCarnage","floor":22},{"not_picked":["bronze:Iterate"],"picked":"SKIP","floor":23},{"not_picked":["bronze:DelayedGuard"],"picked":"SKIP","floor":25},{"not_picked":["bronze:Deprecate+1"],"picked":"SKIP","floor":26},{"not_picked":["bronze:Frontload"],"picked":"SKIP","floor":27},{"not_picked":[],"picked":"bronze:ChosenStrike","floor":32},{"not_picked":[],"picked":"bronze:Verify","floor":33},{"not_picked":[],"picked":"bronze:ChosenStrike+1","floor":36},{"not_picked":[],"picked":"bronze:FineTuning+1","floor":37},{"not_picked":["bronze:GetLatest"],"picked":"SKIP","floor":38},{"not_picked":["bronze:Overheat+1"],"picked":"SKIP","floor":39},{"not_picked":["bronze:Deprecate"],"picked":"SKIP","floor":43},{"not_picked":[],"picked":"bronze:ForceShield","floor":44},{"not_picked":["StuffTheSpire:Rapture","StuffTheSpire:Innocence"],"picked":"StuffTheSpire:CelestialWarden","floor":46},{"not_picked":["bronze:FineTuning+1"],"picked":"SKIP","floor":47},{"not_picked":[],"picked":"bronze:CloningBeam+1","floor":48},{"not_picked":["bronze:Constructor"],"picked":"SKIP","floor":49}],"player_experience":172493,"relics_obtained":[{"floor":6,"key":"StuffTheSpire:OldFever"},{"floor":7,"key":"Regal Pillow"},{"floor":21,"key":"downfall:GremlinWheel"},{"floor":24,"key":"Eternal Feather"},{"floor":30,"key":"HollowMod:LifeEnderRelic"},{"floor":44,"key":"Old Coin"},{"floor":49,"key":"wanderingMiniBosses:LockLocket"}],"event_choices":[{"damage_healed":23,"gold_gain":0,"player_choice":"Heal","damage_taken":0,"max_hp_gain":0,"max_hp_loss":0,"event_name":"The Library","floor":28,"gold_loss":0},{"damage_healed":0,"gold_gain":0,"player_choice":"Relic","damage_taken":0,"max_hp_gain":0,"max_hp_loss":0,"event_name":"Wheel of Change","floor":30,"gold_loss":0}],"is_beta":false,"boss_relics":[{"not_picked":["Astrolabe","Tiny House"],"picked":"Busted Crown"},{"not_picked":["StuffTheSpire:ModemDavis","SacredBark"],"picked":"Sozu"}],"items_purged_floors":[5,25],"is_endless":false,"potions_floor_spawned":[4,6,11,16,22,23,26,27,33,39,43,47,48,49],"ascension_level":0}}