{"host":"hzinic87vu8p95wn","time":1611236874,"event":{"mods":["BaseMod","Minty Spire (QoL Compilation)"],"gold_per_floor":[110,110,110,7,7,39,39,49,75,101,116,136,136,136],"floor_reached":13,"language":"ENG","playtime":446,"items_purged":[],"score":224,"play_id":"3d550bbf-e1d4-46db-bd38-9b0cf217a8fa","local_time":"20210122004754","is_ascension_mode":true,"campfire_choices":[{"data":"Accuracy","floor":7.0,"key":"SMITH"}],"circlet_count":0,"master_deck":["AscendersBane","Strike_G","Strike_G","Strike_G","Strike_G","Defend_G","Defend_G","Defend_G","Defend_G","Defend_G","Survivor","Neutralize","Bane","Flying Knee","Accuracy+1","All Out Attack","Deflect","Dodge and Roll","Cloak And Dagger"],"relics":["Ring of the Snake","NeowsBlessing","Ornamental Fan","MealTicket","Blood Vial","Bottled Lightning"],"acts_visited":["Exordium"],"potions_floor_usage":[],"damage_taken":[{"damage":0.0,"enemies":"2 Louse","floor":1.0,"turns":1.0},{"damage":0.0,"enemies":"Gremlin Nob","floor":6.0,"turns":1.0},{"damage":0.0,"enemies":"Small Slimes","floor":8.0,"turns":1.0},{"damage":11.0,"enemies":"3 Sentries","floor":10.0,"turns":8.0},{"damage":0,"enemies":"Jaw Worm","floor":11,"turns":5},{"damage":7,"enemies":"2 Fungi Beasts","floor":12,"turns":4},{"damage":12,"enemies":"Lagavulin","floor":13,"turns":7}],"seed_played":"-8864062132453976826","potions_obtained":[{"floor":1.0,"key":"SkillPotion"},{"floor":6.0,"key":"LiquidMemories"},{"floor":8.0,"key":"SmokeBomb"}],"is_trial":false,"path_per_floor":["M","?","?","$","?","E","R","M","T","E","M","M","E"],"character_chosen":"THE_SILENT","items_purchased":["Flying Knee","Accuracy"],"campfire_rested":0,"item_purchase_floors":[4,4],"current_hp_per_floor":[59,48,41,41,46,46,46,46,46,37,39,34,24,24],"gold":136,"neow_bonus":"THREE_ENEMY_KILL","is_daily":false,"chose_seed":false,"campfire_upgraded":1,"win_rate":0.0,"timestamp":1611236874,"path_taken":["M","?","?","$","?","E","R","M","T","E","M","M","E"],"items_purchased_type":["Card","Card"],"build_version":"2020-12-22","purchased_purges":0,"victory":false,"max_hp_per_floor":[66,66,66,66,71,71,71,71,71,71,71,71,71,71],"card_choices":[{"not_picked":["Backstab","Escape Plan"],"picked":"Bane","floor":1.0},{"not_picked":["Tools of the Trade","Deadly Poison"],"picked":"All Out Attack","floor":6.0},{"not_picked":["Bane","PiercingWail"],"picked":"Deflect","floor":8.0},{"not_picked":["PiercingWail","Setup"],"picked":"Dodge and Roll","floor":10},{"not_picked":["Deflect","Deadly Poison"],"picked":"Cloak And Dagger","floor":11},{"not_picked":["Riddle With Holes","Crippling Poison","Setup"],"picked":"SKIP","floor":12}],"player_experience":1590105,"relics_obtained":[{"floor":6.0,"key":"MealTicket"},{"floor":9.0,"key":"Blood Vial"},{"floor":10,"key":"Bottled Lightning"}],"event_choices":[{"damage_healed":0.0,"max_hp_gain":0.0,"max_hp_loss":0.0,"gold_gain":0.0,"event_name":"Scrap Ooze","player_choice":"Success","floor":2.0,"gold_loss":0.0,"damage_taken":11.0,"relics_obtained":["Ornamental Fan"]},{"cards_removed":["Strike_G"],"damage_healed":0.0,"max_hp_gain":0.0,"max_hp_loss":0.0,"gold_gain":0.0,"event_name":"Golden Wing","player_choice":"Card Removal","floor":3.0,"gold_loss":0.0,"damage_taken":7.0},{"damage_healed":0.0,"max_hp_gain":5.0,"max_hp_loss":0.0,"gold_gain":0.0,"event_name":"Big Fish","player_choice":"Donut","floor":5.0,"gold_loss":0.0,"damage_taken":0.0}],"is_beta":false,"boss_relics":[],"items_purged_floors":[],"is_endless":false,"potions_floor_spawned":[1,6,8],"killed_by":"Lagavulin","ascension_level":18}}