{"host":"l2dnabsh5e0fsksb","time":1611208329,"event":{"mods":["2.2 Compatiblity","BaseMod","Downfall","Minty Spire (QoL Compilation)","Quick Restart","StSLib"],"gold_per_floor":[199,216,216,226,226,259,286,311,411,424,135,170,70,85,105,202,202,102,114,128,128,145,145,145,55,84,101,86,121,140,159,169,169,169,169],"floor_reached":33,"language":"ENG","playtime":1390,"items_purged":["bronze:Strike"],"score":427,"play_id":"0abbaed6-bc6c-41d3-a0de-cb80a66a1058","local_time":"20210121162209","is_ascension_mode":true,"campfire_choices":[{"floor":1.0,"key":"RECALL"},{"floor":13.0,"key":"REST"},{"data":"bronze:Hardcode","floor":18.0,"key":"SMITH"},{"data":"bronze:Iterate","floor":23.0,"key":"SMITH"}],"circlet_count":0,"master_deck":["bronze:Strike","bronze:Strike","bronze:Strike+1","bronze:Defend","bronze:Defend","bronze:Defend+1","bronze:Defend","bronze:Replicate+1","bronze:Goto","bronze:Optimize","bronze:Flail","bronze:ChosenStrike","bronze:WhirlingStrike","bronze:OilSpill","bronze:Backtrace","bronze:Separator","bronze:Repulsor","bronze:Verify","bronze:Constructor","bronze:ClassDefault","bronze:Iterate+1","bronze:Frontload+1","bronze:Iterate","bronze:OilSpill+1","bronze:Philosophize","bronze:DelayedGuard","bronze:FineTuning","bronze:Shell+1","bronze:Terminator","bronze:FunctionCard"],"relics":["bronze:PlatinumCore","MealTicket","Strawberry","Oddly Smooth Stone","Boot","downfall:HeartBlessingRed","downfall:HeartBlessingBlue","Toy Ornithopter","Tiny Chest","Incense Burner"],"acts_visited":["Exordium","TheCity"],"potions_floor_usage":[29],"damage_taken":[{"damage":8.0,"enemies":"Jaw Worm","floor":2.0,"turns":4.0},{"damage":0.0,"enemies":"Small Slimes","floor":4.0,"turns":3.0},{"damage":16.0,"enemies":"Gremlin Nob","floor":6.0,"turns":2.0},{"damage":30.0,"enemies":"Lagavulin","floor":8.0,"turns":6.0},{"damage":0.0,"enemies":"2 Louse","floor":10.0,"turns":1.0},{"damage":10.0,"enemies":"downfall:FleeingMerchant","floor":11.0,"turns":4.0},{"damage":6.0,"enemies":"3 Sentries","floor":12.0,"turns":5.0},{"damage":1.0,"enemies":"Gremlin Gang","floor":14.0,"turns":3.0},{"damage":0.0,"enemies":"3 Louse","floor":15.0,"turns":1.0},{"damage":35.0,"enemies":"IC_STATUS_ARCHETYPE","floor":16.0,"turns":6.0},{"damage":20.0,"enemies":"Shell Parasite","floor":19.0,"turns":4.0},{"damage":0.0,"enemies":"3 Cultists","floor":20.0,"turns":3.0},{"damage":3.0,"enemies":"Snecko","floor":22.0,"turns":4.0},{"damage":9.0,"enemies":"downfall:FleeingMerchant","floor":25.0,"turns":4.0},{"damage":15.0,"enemies":"Slavers","floor":26.0,"turns":3.0},{"damage":6.0,"enemies":"Cultist and Chosen","floor":27.0,"turns":3.0},{"damage":11.0,"enemies":"downfall:FleeingMerchant","floor":28.0,"turns":4.0},{"damage":29,"enemies":"Book of Stabbing","floor":29,"turns":3},{"damage":0,"enemies":"3 Cultists","floor":30,"turns":3},{"damage":0,"enemies":"Chosen and Byrds","floor":31,"turns":4},{"damage":0,"enemies":"Centurion and Healer","floor":32,"turns":2},{"damage":33,"enemies":"WA_ARCHETYPE_CALM","floor":33,"turns":8}],"seed_played":"-1816685960622828546","potions_obtained":[{"floor":4.0,"key":"champ:CounterPotion"},{"floor":6.0,"key":"bronze:FreeFunctionsPotion"},{"floor":8.0,"key":"EntropicBrew"},{"floor":10.0,"key":"EssenceOfSteel"},{"floor":12.0,"key":"FearPotion"},{"floor":14.0,"key":"SkillPotion"},{"floor":16.0,"key":"PowerPotion"},{"floor":26.0,"key":"Strength Potion"},{"floor":29,"key":"SpeedPotion"}],"is_trial":false,"path_per_floor":["R","M","?","M","?","E","T","E","?","M","$","E","R","M","M","B",null,"R","M","M","?","M","R","T","$","E","M","$","E","M","M","M","B"],"character_chosen":"THE_AUTOMATON","items_purchased":["Oddly Smooth Stone","bronze:Separator","bronze:Repulsor"],"campfire_rested":1,"item_purchase_floors":[11,11,11],"current_hp_per_floor":[63,55,55,55,55,39,39,16,16,16,21,15,38,37,37,2,58,68,48,48,48,45,45,45,56,51,45,49,25,25,25,25,0,0,0],"gold":169,"neow_bonus":"HUNDRED_GOLD","is_daily":false,"chose_seed":false,"campfire_upgraded":2,"win_rate":0.0,"timestamp":1611208329,"path_taken":["R","M","?","M","?","E","T","E","?","M","?","E","R","M","M","BOSS","R","M","?","?","M","R","T","$","E","M","$","E","M","?","M","BOSS"],"items_purchased_type":["Relic","Card","Card"],"build_version":"2020-12-22","purchased_purges":1,"victory":false,"max_hp_per_floor":[70,70,70,70,70,70,70,77,77,77,77,77,77,77,77,77,77,87,87,87,87,87,87,87,87,87,87,87,87,87,87,87,87,87,87],"card_choices":[{"not_picked":["bronze:DelayedGuard","bronze:Backtrace"],"picked":"bronze:Optimize","floor":2.0},{"not_picked":["bronze:Overheat","bronze:Invalidate"],"picked":"bronze:Flail","floor":4.0},{"not_picked":["bronze:Overheat","bronze:Invalidate"],"picked":"bronze:WhirlingStrike","floor":6.0},{"not_picked":["bronze:NullPointer","bronze:Invalidate"],"picked":"bronze:OilSpill","floor":8.0},{"not_picked":["bronze:BitShift","bronze:Flail"],"picked":"bronze:Backtrace","floor":10.0},{"not_picked":["bronze:ShipIt","bronze:Overload","bronze:Overheat"],"picked":"SKIP","floor":11.0},{"not_picked":["bronze:ChildClass","bronze:FineTuning"],"picked":"bronze:Verify","floor":12.0},{"not_picked":["bronze:Frontload","bronze:Separator"],"picked":"bronze:Constructor","floor":14.0},{"not_picked":["bronze:Branch","bronze:BronzeOrb"],"picked":"bronze:ClassDefault","floor":15.0},{"not_picked":["bronze:Format","bronze:RecursiveStrike"],"picked":"bronze:Hardcode","floor":16.0},{"not_picked":["bronze:Separator","bronze:Frontload"],"picked":"bronze:Iterate","floor":19.0},{"not_picked":["bronze:Terminator","bronze:Flail"],"picked":"bronze:Frontload+1","floor":20.0},{"not_picked":["bronze:Flail","bronze:ChildClass","bronze:WildBeam"],"picked":"SKIP","floor":22.0},{"not_picked":["bronze:Break","bronze:Frontload"],"picked":"bronze:Iterate","floor":25.0},{"not_picked":["bronze:MaxOutput","bronze:ForLoop"],"picked":"bronze:OilSpill+1","floor":26.0},{"not_picked":["bronze:DelayedSlice","bronze:GetLatest"],"picked":"bronze:Philosophize","floor":27.0},{"not_picked":["bronze:Separator","bronze:WildBeam"],"picked":"bronze:DelayedGuard","floor":28.0},{"not_picked":["bronze:DarkDash","bronze:GetLatest"],"picked":"bronze:FineTuning","floor":29},{"not_picked":["bronze:HyperBeam","bronze:InfiniteBeams","bronze:DelayedGuard"],"picked":"SKIP","floor":30},{"not_picked":["bronze:Overheat","bronze:DigitalCarnage"],"picked":"bronze:Shell+1","floor":31},{"not_picked":["bronze:DarkDash","bronze:Backtrace"],"picked":"bronze:Terminator","floor":32}],"player_experience":1820623,"relics_obtained":[{"floor":6.0,"key":"MealTicket"},{"floor":8.0,"key":"Strawberry"},{"floor":12.0,"key":"Boot"},{"floor":24.0,"key":"Toy Ornithopter"},{"floor":26.0,"key":"Tiny Chest"},{"floor":29,"key":"Incense Burner"}],"event_choices":[{"damage_healed":0.0,"max_hp_gain":0.0,"max_hp_loss":0.0,"gold_gain":0.0,"event_name":"Lab","player_choice":"Got Potions","floor":21.0,"gold_loss":0.0,"damage_taken":0.0}],"is_beta":false,"boss_relics":[{"not_picked":["Busted Crown","Philosopher\u0027s Stone"],"picked":"bronze:PlatinumCore"}],"items_purged_floors":[25],"is_endless":false,"potions_floor_spawned":[4,6,8,10,12,14,16,22,26,29],"killed_by":"WA_ARCHETYPE_CALM","ascension_level":6}}