{"host":"7jl4uf745pjtflnx","time":1611254566,"event":{"mods":["BaseMod","BetterRewards","Hubris","Minty Spire (QoL Compilation)","Replay The Spire","StSLib","SuperFastMode","The Construct"],"gold_per_floor":[112,212,230,240,253,253,282,357,383,383,398,27,37,63,63,63,63],"floor_reached":16,"language":"ENG","playtime":489,"items_purged":["Strike_R"],"score":299,"play_id":"5b06d3eb-c638-426a-bcad-12e19f5166c3","local_time":"20210121134246","is_ascension_mode":true,"campfire_choices":[{"data":"Bash","floor":6,"key":"SMITH"},{"floor":10,"key":"REST"},{"data":"Double Tap","floor":15,"key":"SMITH"}],"circlet_count":0,"master_deck":["AscendersBane","Strike_R","Strike_R","Strike_R+1","Strike_R","Defend_R","Defend_R","Defend_R","Defend_R","Bash+1","Shrug It Off","Infernal Blade","Sword Boomerang","Sword Boomerang","Inflame","Flame Barrier","Inflame","Thunderclap","Double Tap+1"],"relics":["Burning Blood","Mummified Hand","ReplayTheSpireMod:TigerMarble","construct:RocketBooster","Juzu Bracelet"],"acts_visited":["Exordium"],"potions_floor_usage":[7,16,16],"damage_taken":[{"damage":6,"enemies":"2 Louse","floor":1,"turns":3},{"damage":7,"enemies":"Cultist","floor":3,"turns":5},{"damage":0,"enemies":"Jaw Worm","floor":4,"turns":3},{"damage":1,"enemies":"Looter","floor":5,"turns":4},{"damage":39,"enemies":"3 Sentries","floor":7,"turns":11},{"damage":0,"enemies":"Blue Slaver","floor":11,"turns":1},{"damage":3,"enemies":"2 Fungi Beasts","floor":13,"turns":3},{"damage":0,"enemies":"Gremlin Nob","floor":14,"turns":2},{"damage":88,"enemies":"Fading Forest","floor":16,"turns":8}],"seed_played":"7381435816440806108","potions_obtained":[{"floor":1,"key":"SneckoOil"},{"floor":3,"key":"construct:ShiftPotion"},{"floor":5,"key":"LiquidMemories"},{"floor":11,"key":"GamblersBrew"},{"floor":13,"key":"Venom Potion"}],"is_trial":false,"path_per_floor":["M","?","M","M","M","R","E","?","T","R","M","$","M","E","R","B"],"character_chosen":"IRONCLAD","items_purchased":["Shrug It Off","Inflame","construct:RocketBooster"],"campfire_rested":1,"item_purchase_floors":[0,12,12],"current_hp_per_floor":[72,72,71,77,80,80,47,36,36,60,66,66,69,75,75,0,0],"gold":63,"neow_bonus":"","is_daily":false,"chose_seed":false,"campfire_upgraded":2,"win_rate":0.0,"timestamp":1611254566,"path_taken":["M","?","M","M","?","R","E","?","T","R","M","$","M","E","R","BOSS"],"items_purchased_type":["Card","Card","Relic"],"build_version":"2020-12-22","purchased_purges":1,"victory":false,"max_hp_per_floor":[80,80,80,80,80,80,80,80,80,80,80,80,80,80,80,80,80],"card_choices":[{"not_picked":["Abandon","hubris:SharpeningStone","Havoc"],"picked":"SKIP","floor":1},{"not_picked":["Clash","Sever Soul"],"picked":"Infernal Blade","floor":3},{"not_picked":["Rupture","Twin Strike"],"picked":"Sword Boomerang","floor":4},{"not_picked":["ReplayTheSpireMod:Strike From Hell","hubris:ReadiedAction"],"picked":"Sword Boomerang","floor":5},{"not_picked":["Power Through","Replay:Undeath\u0027s Touch"],"picked":"Inflame","floor":7},{"not_picked":["ReplayTheSpireMod:Strike From Hell","Clothesline"],"picked":"Flame Barrier","floor":11},{"not_picked":["Second Wind","Body Slam"],"picked":"Thunderclap","floor":13},{"not_picked":["Metallicize","Battle Trance"],"picked":"Double Tap","floor":14}],"player_experience":723051,"relics_obtained":[{"floor":7,"key":"Mummified Hand"},{"floor":9,"key":"ReplayTheSpireMod:TigerMarble"},{"floor":14,"key":"Juzu Bracelet"}],"event_choices":[{"damage_healed":0,"gold_gain":100,"player_choice":"Pray","damage_taken":0,"max_hp_gain":0,"max_hp_loss":0,"event_name":"Golden Shrine","floor":2,"gold_loss":0},{"damage_healed":0,"gold_gain":75,"player_choice":"Gather Gold","damage_taken":11,"max_hp_gain":0,"max_hp_loss":0,"event_name":"World of Goop","floor":8,"gold_loss":0}],"is_beta":false,"boss_relics":[],"items_purged_floors":[0],"is_endless":false,"potions_floor_spawned":[1,3,5,11,13],"killed_by":"Fading Forest","ascension_level":12}}