{"host":"2se5dq1do2gp0x9k","time":1611242529,"event":{"mods":["AchievementEnabler","BaseMod","Block Reminder","Colored Map","Colored Powertips","Minty Spire (QoL Compilation)","Relic Stats","StSLib","SuperFastMode"],"gold_per_floor":[116,129,129,70,83,83,114,114,114,5,5,18,45,58,58,130,130,148,198,198,267,286,286,300,300,300],"floor_reached":25,"language":"ENG","playtime":934,"items_purged":[],"score":522,"play_id":"6b55edca-6778-44f1-a7ed-3529b1969420","local_time":"20210121072209","is_ascension_mode":true,"campfire_choices":[{"data":"Streamline","floor":6.0,"key":"SMITH"},{"data":"Chill","floor":8.0,"key":"SMITH"},{"data":"Loop","floor":11.0,"key":"SMITH"},{"data":"Capacitor","floor":15.0,"key":"SMITH"},{"data":"Ghostly","floor":23.0,"key":"SMITH"}],"circlet_count":0,"master_deck":["AscendersBane","Strike_B","Strike_B","Strike_B","Strike_B","Defend_B","Defend_B","Defend_B","Defend_B","Zap","Dualcast","CurseOfTheBell","Chill+1","Capacitor+1","Streamline+1","Melter","Echo Form","Loop+1","Turbo","Tempest","Cold Snap","Hologram","Buffer","Ghostly","Ghostly","Ghostly+1","Storm","Capacitor+1"],"relics":["Calling Bell","Toy Ornithopter","HornCleat","Torii","TungstenRod","Emotion Chip","Bird Faced Urn","Runic Pyramid","Shuriken"],"acts_visited":["Exordium","TheCity"],"potions_floor_usage":[25],"damage_taken":[{"damage":8.0,"enemies":"Small Slimes","floor":1.0,"turns":3.0},{"damage":1.0,"enemies":"Cultist","floor":2.0,"turns":5.0},{"damage":2.0,"enemies":"Jaw Worm","floor":5.0,"turns":5.0},{"damage":9.0,"enemies":"3 Sentries","floor":7.0,"turns":12.0},{"damage":0.0,"enemies":"Blue Slaver","floor":12.0,"turns":4.0},{"damage":14.0,"enemies":"Lagavulin","floor":13.0,"turns":5.0},{"damage":0.0,"enemies":"Looter","floor":14.0,"turns":3.0},{"damage":0.0,"enemies":"Hexaghost","floor":16.0,"turns":9.0},{"damage":36.0,"enemies":"Chosen","floor":18.0,"turns":6.0},{"damage":0.0,"enemies":"3 Byrds","floor":22.0,"turns":8.0},{"damage":6.0,"enemies":"Shelled Parasite and Fungi","floor":24.0,"turns":10.0},{"damage":44,"enemies":"Book of Stabbing","floor":25,"turns":6}],"seed_played":"4564180121031277304","potions_obtained":[{"floor":7.0,"key":"FearPotion"},{"floor":12.0,"key":"Weak Potion"},{"floor":13.0,"key":"AttackPotion"},{"floor":16.0,"key":"PotionOfCapacity"}],"is_trial":false,"path_per_floor":["M","M","?","$","M","R","E","R","T","$","R","M","E","M","R","B",null,"M","?","?","T","M","R","M","E"],"character_chosen":"DEFECT","items_purchased":["Streamline","Loop","Turbo"],"campfire_rested":0,"item_purchase_floors":[4,10,10],"current_hp_per_floor":[56,55,55,55,53,53,44,44,44,44,44,44,30,32,32,43,64,30,30,30,30,35,35,35,0,0],"gold":300,"neow_bonus":"BOSS_RELIC","is_daily":false,"chose_seed":false,"campfire_upgraded":5,"win_rate":0.0,"timestamp":1611242529,"path_taken":["M","M","?","$","M","R","E","R","T","?","R","M","E","M","R","BOSS","M","?","?","?","M","R","M","E"],"items_purchased_type":["Card","Card","Card"],"build_version":"2020-12-22","purchased_purges":0,"victory":false,"max_hp_per_floor":[71,71,71,71,71,71,71,71,71,71,71,71,71,71,71,71,71,71,71,35,35,35,35,35,35,35],"relic_stats":{"Emotion Chip":[25,18,7,0,0],"Torii":26,"counters":[12,75],"Shuriken":[3],"Bird Faced Urn":[22],"obtain_stats":[{"Calling Bell":0,"Emotion Chip":9,"HornCleat":0,"Torii":0,"Shuriken":21,"Bird Faced Urn":13,"Cracked Core":0,"Toy Ornithopter":0,"TungstenRod":7,"Runic Pyramid":17},{"Calling Bell":0,"Emotion Chip":4,"HornCleat":0,"Torii":0,"Shuriken":9,"Bird Faced Urn":6,"Cracked Core":0,"Toy Ornithopter":0,"TungstenRod":4,"Runic Pyramid":8},{"Calling Bell":0,"Emotion Chip":25,"HornCleat":0,"Torii":0,"Shuriken":52,"Bird Faced Urn":34,"Cracked Core":0,"Toy Ornithopter":0,"TungstenRod":25,"Runic Pyramid":46}],"Toy Ornithopter":10,"TungstenRod":29},"card_choices":[{"not_picked":["Sweeping Beam","Capacitor"],"picked":"Chill","floor":1.0},{"not_picked":["Force Field","Leap"],"picked":"Capacitor","floor":2.0},{"not_picked":["Reprogram","Turbo"],"picked":"Melter","floor":5.0},{"not_picked":["Ball Lightning","Turbo"],"picked":"Echo Form","floor":7.0},{"not_picked":["Hello World","Compile Driver"],"picked":"Tempest","floor":12.0},{"not_picked":["Sweeping Beam","Steam"],"picked":"Cold Snap","floor":13.0},{"not_picked":["Beam Cell","Leap"],"picked":"Hologram","floor":14.0},{"not_picked":["Amplify","Hyperbeam"],"picked":"Buffer","floor":16.0},{"not_picked":["Stack","Ball Lightning","Redo"],"picked":"SKIP","floor":18.0},{"not_picked":["Gash","Leap"],"picked":"Storm","floor":22.0},{"not_picked":["Hello World","Sweeping Beam"],"picked":"Capacitor+1","floor":24.0}],"player_experience":3929440,"relics_obtained":[{"floor":0.0,"key":"Toy Ornithopter"},{"floor":0.0,"key":"HornCleat"},{"floor":0.0,"key":"Torii"},{"floor":7.0,"key":"TungstenRod"},{"floor":9.0,"key":"Emotion Chip"},{"floor":13.0,"key":"Bird Faced Urn"},{"floor":21.0,"key":"Shuriken"}],"event_choices":[{"damage_healed":0.0,"max_hp_gain":0.0,"max_hp_loss":0.0,"gold_gain":0.0,"event_name":"WeMeetAgain","player_choice":"Ignored","floor":3.0,"gold_loss":0.0,"damage_taken":0.0},{"damage_healed":0.0,"max_hp_gain":0.0,"max_hp_loss":0.0,"gold_gain":50.0,"event_name":"Nest","player_choice":"Stole From Cult","floor":19.0,"gold_loss":0.0,"damage_taken":0.0},{"damage_healed":0.0,"max_hp_gain":0.0,"max_hp_loss":36.0,"gold_gain":0.0,"event_name":"Ghosts","player_choice":"Became a Ghost","floor":20.0,"gold_loss":0.0,"damage_taken":0.0,"cards_obtained":["Ghostly","Ghostly","Ghostly"]}],"is_beta":false,"boss_relics":[{"not_picked":["Cursed Key","Philosopher\u0027s Stone"],"picked":"Runic Pyramid"}],"items_purged_floors":[],"is_endless":false,"potions_floor_spawned":[7,12,13,16,18,22],"killed_by":"Book of Stabbing","ascension_level":20}}