{"host":"d4km6p8r92tm3vpl","time":1611242361,"event":{"mods":["AchievementEnabler","BaseMod","Colored Map","Colored Powertips","DeckTracker","Minty Spire (QoL Compilation)","Relic Stats","StSLib"],"gold_per_floor":[115,128,141,152,163,163,198,214,214,229,229,243,255,56,56,158,158,176,2,2,14,29,29,40,51,51,63,108,120,132,162,174,285,297,321,353,213,231,52,52,52],"floor_reached":40,"language":"ENG","playtime":2333,"items_purged":["Phantasmal Killer","Dagger Spray"],"score":691,"play_id":"9f2baad3-417d-44f3-a547-47bcf234cc90","local_time":"20210121101921","is_ascension_mode":true,"campfire_choices":[{"data":"Burst","floor":6.0,"key":"SMITH"},{"data":"Footwork","floor":15.0,"key":"SMITH"},{"floor":23.0,"key":"REST"},{"floor":27.0,"key":"REST"},{"floor":29,"key":"REST"},{"floor":32,"key":"REST"}],"circlet_count":0,"master_deck":["AscendersBane","Survivor+1","Neutralize","Burst+1","Skewer","Quick Slash","Infinite Blades","Backflip+1","Cloak And Dagger","Die Die Die","Dagger Spray","Well Laid Plans","Dagger Throw","Sucker Punch","Footwork+1","Malaise","Cloak And Dagger","Escape Plan","Deflect","Leg Sweep","Poisoned Stab","Deadly Poison","After Image","Endless Agony","Poisoned Stab","Acrobatics+1","Poisoned Stab+1","Poisoned Stab+1","PiercingWail","Infinite Blades","Panache"],"relics":["Pandora\u0027s Box","Sundial","Smiling Mask","War Paint","Fusion Hammer","MawBank","Bag of Marbles","WristBlade","Orrery"],"acts_visited":["Exordium","TheCity","TheBeyond"],"potions_floor_usage":[28,28,33,40],"damage_taken":[{"damage":0.0,"enemies":"Cultist","floor":1.0,"turns":3.0},{"damage":0.0,"enemies":"2 Louse","floor":2.0,"turns":2.0},{"damage":0.0,"enemies":"Small Slimes","floor":3.0,"turns":3.0},{"damage":8.0,"enemies":"Blue Slaver","floor":4.0,"turns":3.0},{"damage":0.0,"enemies":"2 Fungi Beasts","floor":5.0,"turns":1.0},{"damage":13.0,"enemies":"Gremlin Nob","floor":7.0,"turns":3.0},{"damage":11.0,"enemies":"Exordium Thugs","floor":8.0,"turns":4.0},{"damage":0.0,"enemies":"3 Louse","floor":10.0,"turns":3.0},{"damage":12.0,"enemies":"Lots of Slimes","floor":12.0,"turns":2.0},{"damage":0.0,"enemies":"2 Fungi Beasts","floor":13.0,"turns":2.0},{"damage":18.0,"enemies":"Hexaghost","floor":16.0,"turns":13.0},{"damage":23.0,"enemies":"Shell Parasite","floor":18.0,"turns":6.0},{"damage":5.0,"enemies":"Spheric Guardian","floor":21.0,"turns":5.0},{"damage":7.0,"enemies":"Snake Plant","floor":22.0,"turns":6.0},{"damage":6.0,"enemies":"Sentry and Sphere","floor":24.0,"turns":9.0},{"damage":10.0,"enemies":"Snecko","floor":25.0,"turns":7.0},{"damage":19,"enemies":"Gremlin Leader","floor":28,"turns":16},{"damage":4,"enemies":"Snake Plant","floor":31,"turns":7},{"damage":60,"enemies":"Automaton","floor":33,"turns":13},{"damage":6,"enemies":"Orb Walker","floor":35,"turns":5},{"damage":0,"enemies":"3 Shapes","floor":36,"turns":9},{"damage":27,"enemies":"3 Darklings","floor":38,"turns":8},{"damage":33,"enemies":"Nemesis","floor":40,"turns":2}],"seed_played":"-4562079443790245540","potions_obtained":[{"floor":5.0,"key":"Regen Potion"},{"floor":7.0,"key":"SkillPotion"},{"floor":8.0,"key":"Energy Potion"},{"floor":10.0,"key":"EssenceOfSteel"},{"floor":16.0,"key":"AttackPotion"},{"floor":31,"key":"Dexterity Potion"},{"floor":35,"key":"GamblersBrew"}],"is_trial":false,"path_per_floor":["M","M","M","M","M","R","E","M","T","M","$","M","M","$","R","B",null,"M","$","?","M","M","R","M","M","T","R","E","R","?","M","R","B",null,"M","M","$","M","$","E"],"character_chosen":"THE_SILENT","items_purchased":["War Paint","Cloak And Dagger","DuplicationPotion","Orrery","Panache"],"campfire_rested":4,"item_purchase_floors":[14,19,19,37,39],"current_hp_per_floor":[63,63,63,55,55,55,47,36,36,36,36,24,24,24,24,6,54,31,31,31,26,19,40,34,24,24,45,26,47,47,43,64,4,54,48,48,48,21,21,0,0],"gold":52,"neow_bonus":"BOSS_RELIC","is_daily":false,"chose_seed":false,"campfire_upgraded":2,"win_rate":0.0,"timestamp":1611242361,"path_taken":["M","?","M","M","M","R","E","M","T","M","$","M","M","$","R","BOSS","M","$","?","M","M","R","M","M","T","R","E","R","?","M","R","BOSS","M","M","$","M","$","E"],"items_purchased_type":["Relic","Card","Potion","Relic","Card"],"build_version":"2020-12-22","purchased_purges":2,"victory":false,"max_hp_per_floor":[70,70,70,70,70,70,70,70,70,70,70,70,70,70,70,70,70,70,70,70,70,70,70,70,70,70,70,70,70,70,70,70,70,70,70,70,70,70,70,70,70],"relic_stats":{"counters":[23,132],"Sundial":[30],"Pandora\u0027s Box":["Burst","Skewer","Phantasmal Killer","Dagger Spray","Quick Slash","Infinite Blades","Backflip","Cloak And Dagger","Riddle With Holes","Die Die Die"],"War Paint":["Backflip","Survivor"],"Smiling Mask":75,"MawBank":132,"obtain_stats":[{"WristBlade":34,"Sundial":7,"Orrery":37,"Pandora\u0027s Box":0,"Fusion Hammer":17,"Bag of Marbles":28,"War Paint":14,"Smiling Mask":9,"MawBank":26,"Ring of the Snake":0},{"WristBlade":19,"Sundial":6,"Orrery":21,"Pandora\u0027s Box":0,"Fusion Hammer":11,"Bag of Marbles":17,"War Paint":10,"Smiling Mask":7,"MawBank":16,"Ring of the Snake":0},{"WristBlade":108,"Sundial":15,"Orrery":122,"Pandora\u0027s Box":0,"Fusion Hammer":39,"Bag of Marbles":88,"War Paint":26,"Smiling Mask":19,"MawBank":72,"Ring of the Snake":0}]},"card_choices":[{"not_picked":["Bane","Quick Slash"],"picked":"Dagger Spray","floor":1.0},{"not_picked":["Infinite Blades","Choke"],"picked":"Well Laid Plans","floor":2.0},{"not_picked":["Dodge and Roll","Flying Knee"],"picked":"Dagger Throw","floor":3.0},{"not_picked":["Dagger Spray","Outmaneuver","Caltrops"],"picked":"SKIP","floor":4.0},{"not_picked":["Outmaneuver","Distraction","Acrobatics"],"picked":"SKIP","floor":5.0},{"not_picked":["Bane","Dagger Throw","Flying Knee"],"picked":"SKIP","floor":7.0},{"not_picked":["Flying Knee","Phantasmal Killer","Dagger Spray"],"picked":"SKIP","floor":8.0},{"not_picked":["Terror","Bane","Tactician"],"picked":"SKIP","floor":10.0},{"not_picked":["Terror","Bane","Tactician"],"picked":"SKIP","floor":10.0},{"not_picked":["Terror","Outmaneuver"],"picked":"Sucker Punch","floor":12.0},{"not_picked":["Poisoned Stab","Acrobatics"],"picked":"Footwork","floor":13.0},{"not_picked":["Unload","Phantasmal Killer"],"picked":"Malaise","floor":16.0},{"not_picked":["Flying Knee","Dagger Throw","Bane"],"picked":"SKIP","floor":18.0},{"not_picked":["Choke","Deadly Poison"],"picked":"Escape Plan","floor":21.0},{"not_picked":["Flechettes","Sucker Punch","Concentrate+1"],"picked":"SKIP","floor":22.0},{"not_picked":["Outmaneuver","Choke"],"picked":"Deflect","floor":24.0},{"not_picked":["Prepared","Terror"],"picked":"Leg Sweep","floor":25.0},{"not_picked":["Finisher+1","Grand Finale"],"picked":"Poisoned Stab","floor":28},{"not_picked":["Underhanded Strike","Concentrate"],"picked":"Deadly Poison","floor":31},{"not_picked":["Malaise","Grand Finale"],"picked":"After Image","floor":33},{"not_picked":["PiercingWail","Poisoned Stab+1"],"picked":"Endless Agony","floor":35},{"not_picked":["Endless Agony","Escape Plan","PiercingWail"],"picked":"SKIP","floor":36},{"not_picked":["Slice","Backstab+1"],"picked":"Poisoned Stab","floor":37},{"not_picked":["Expertise","Backstab"],"picked":"Acrobatics+1","floor":37},{"not_picked":["Distraction+1","PiercingWail"],"picked":"Poisoned Stab+1","floor":37},{"not_picked":["Sucker Punch","Outmaneuver"],"picked":"Poisoned Stab+1","floor":37},{"not_picked":["Sucker Punch+1","Unload"],"picked":"PiercingWail","floor":37},{"not_picked":["Flying Knee","Poisoned Stab"],"picked":"Infinite Blades","floor":38}],"player_experience":821882,"relics_obtained":[{"floor":7.0,"key":"Sundial"},{"floor":9.0,"key":"Smiling Mask"},{"floor":26.0,"key":"MawBank"},{"floor":28,"key":"Bag of Marbles"}],"event_choices":[{"cards_removed":["Riddle With Holes"],"damage_healed":0.0,"max_hp_gain":0.0,"max_hp_loss":0.0,"gold_gain":0.0,"event_name":"Back to Basics","player_choice":"Elegance","floor":20.0,"gold_loss":0.0,"damage_taken":0.0},{"damage_healed":0,"gold_gain":0,"player_choice":"Ignored","damage_taken":0,"max_hp_gain":0,"max_hp_loss":0,"event_name":"Ghosts","floor":30,"gold_loss":0}],"is_beta":false,"boss_relics":[{"not_picked":["SacredBark","Velvet Choker"],"picked":"Fusion Hammer"},{"not_picked":["Runic Pyramid","Coffee Dripper"],"picked":"WristBlade"}],"items_purged_floors":[14,19],"is_endless":false,"potions_floor_spawned":[5,7,8,10,12,16,22,25,31,35],"killed_by":"Nemesis","ascension_level":12}}