{"host":"l4am8ae7vj09bp0g","time":1611242098,"event":{"mods":["Act Like it!","BaseMod","Colored Powertips","Conspire","LagranYue(¿≠∏Ò¿ °§‘¬)","Minty Spire (QoL Compilation)","Quick Restart","Relic Filter","Replay The Spire","Shop Mod","StSLib","SuperFastMode","TestMod","vexMod"],"gold_per_floor":[112,112,112,175,193,227,259,259,259,287,303,303,336,367,367,467,467,450,199,227,250,250,250],"floor_reached":22,"language":"ZHS","playtime":1880,"items_purged":[],"score":408,"play_id":"8536428b-5ca0-48ec-890e-22afc2dc2c9f","local_time":"20210121231458","daily_mods":["SealedDeck","Heirloom","Flight","DeadlyEvents","Elite Swarm"],"is_ascension_mode":true,"campfire_choices":[{"data":"Armaments","floor":8,"key":"SMITH"},{"data":"Feed","floor":15,"key":"SMITH"}],"circlet_count":0,"master_deck":["Wild Strike","Evolve","Uppercut","Body Slam","Metallicize","Armaments+1","Sword Boomerang+1","Shrug It Off","Barricade","Feed+1","Feed","Exhume"],"relics":["Burning Blood","testmod-TestBox","LagranYue:RandomDrawCardRelic","Art of War","MerchantsRug","LagranYue:ReturningEmperorRelic","Toy Ornithopter","testmod-Justice","vexMod:ScavengeHelm","Bottled Flame","Nunchaku","Strawberry","Empty Cage","Replay:WaspNest","Red Mask","Smiling Mask"],"acts_visited":["Exordium","TheCity"],"potions_floor_usage":[7,7,10,16,16,22],"damage_taken":[{"damage":8,"enemies":"Jaw Worm","floor":1,"turns":2},{"damage":12,"enemies":"3 Sentries","floor":6,"turns":4},{"damage":0,"enemies":"Gremlin Nob","floor":7,"turns":2},{"damage":19,"enemies":"3 Sentries","floor":10,"turns":4},{"damage":0,"enemies":"Small Slimes","floor":11,"turns":2},{"damage":6,"enemies":"Replay:BlueRogue","floor":13,"turns":6},{"damage":12,"enemies":"3 Sentries","floor":14,"turns":6},{"damage":2,"enemies":"The Guardian","floor":16,"turns":9},{"damage":27,"enemies":"2 Thieves","floor":18,"turns":4},{"damage":45,"enemies":"Masked Bandits","floor":20,"turns":5},{"damage":17,"enemies":"Slavers","floor":22,"turns":3}],"seed_played":"3776316670829492304","potions_obtained":[{"floor":1,"key":"SteroidPotion"},{"floor":4,"key":"FearPotion"},{"floor":4,"key":"SmokeBomb"},{"floor":7,"key":"GamblersBrew"},{"floor":13,"key":"LiquidMemories"},{"floor":14,"key":"Dexterity Potion"},{"floor":18,"key":"Dexterity Potion"}],"is_trial":true,"path_per_floor":["M","?","T","?","$","E","E","R","T","E","M","T","E","E","R","B",null,"M","$","?","T","E"],"character_chosen":"IRONCLAD","items_purchased":["MerchantsRug","Replay:WaspNest"],"campfire_rested":0,"item_purchase_floors":[5,19],"current_hp_per_floor":[84,84,84,50,50,44,50,50,50,42,52,52,52,61,61,79,109,92,92,61,61,49,49],"gold":250,"neow_bonus":"","is_daily":false,"chose_seed":false,"campfire_upgraded":2,"win_rate":0.0,"timestamp":1611242098,"path_taken":["M","?","?","?","?","E","?","R","T","E","?","?","E","E","R","BOSS","M","$","?","?","?"],"items_purchased_type":["Relic","Relic"],"build_version":"2020-12-22","purchased_purges":0,"victory":false,"max_hp_per_floor":[86,86,86,86,86,86,86,86,86,86,90,90,90,105,105,109,109,113,113,121,121,121,121],"card_choices":[{"not_picked":["Perfected Strike","Warcry","Sword Boomerang"],"picked":"SKIP","floor":1},{"not_picked":["Double Tap","conspire:HitWhereItHurts","Replay:Many Hands"],"picked":"SKIP","floor":6},{"not_picked":["Corruption","Juggernaut"],"picked":"Barricade","floor":7},{"not_picked":["Brutality","Eclipse"],"picked":"Feed","floor":10},{"not_picked":["Warcry","ReplayTheSpireMod:Strike From Hell","Clash"],"picked":"SKIP","floor":11},{"not_picked":["Brutality","Impervious"],"picked":"Feed","floor":13},{"not_picked":["conspire:HitWhereItHurts","Corruption","Limit Break"],"picked":"SKIP","floor":14},{"not_picked":["Demon Form","Hemogenesis"],"picked":"Exhume","floor":16},{"not_picked":["ReplayTheSpireMod:Limb From Limb","Flex","Pummel+1"],"picked":"SKIP","floor":18}],"player_experience":44356,"relics_obtained":[{"floor":3,"key":"InkBottle"},{"floor":4,"key":"Art of War"},{"floor":6,"key":"LagranYue:ReturningEmperorRelic"},{"floor":7,"key":"Toy Ornithopter"},{"floor":9,"key":"testmod-Justice"},{"floor":10,"key":"vexMod:ScavengeHelm"},{"floor":12,"key":"Bottled Flame"},{"floor":13,"key":"Nunchaku"},{"floor":14,"key":"Strawberry"},{"floor":20,"key":"Red Mask"},{"floor":21,"key":"Smiling Mask"}],"event_choices":[{"damage_healed":0,"gold_gain":0,"player_choice":"Fought Bandits","damage_taken":0,"max_hp_gain":0,"max_hp_loss":0,"event_name":"Masked Bandits","floor":20,"gold_loss":0}],"is_beta":false,"boss_relics":[{"not_picked":["testmod-DreamHouse","Sozu"],"picked":"Empty Cage"}],"items_purged_floors":[],"is_endless":true,"potions_floor_spawned":[1,7,13,14,18],"killed_by":"Slavers","ascension_level":1}}