{"host":"bf9sa99gaumonoeu","time":1611232348,"event":{"mods":["AchievementEnabler","Act Like it!","Aspiration","BaseMod","Bestiary","Better Note","Block Reminder","Colored Map","Colored Powertips","Fox Events","Friendly Minions","Gensokyo","GifTheSpireLib","Googly Eyes","Hallownest","Hermit","Highlight Path","Jorbs\u0027s Wanderer Trilogy","KinomotoSakuraMod(????)","Koishi","Marisa????????","Minty Spire (QoL Compilation)","Rare Cards Sparkle","Relic Stats","Spire Arcade","StSLib","The Administrix","The Animator","The Bug Knight","The Construct","The Cursed","The Hierophant","The Mystic","The Necromancer","The Poker Player","The Runesmith","The Senshi","The Servant 0.9.4","ojb\u0027s Info Mod"],"gold_per_floor":[116,128,147,160,160,195,37,37,37,54,54,86,106,106,106,178,178,197,197,197,35,54,54,54,54,54,54,79,99,110,110,110,183,183,203,18,18,65,75,75,75,75,75,94,94,111,137,137,137,137,137],"floor_reached":50,"language":"ENG","playtime":4612,"items_purged":[],"score":1061,"play_id":"4205f771-0146-4ae1-ad23-e7acf9d7a358","local_time":"20210121103228","is_ascension_mode":true,"campfire_choices":[{"data":"Discovery","floor":11.0,"key":"SMITH"},{"data":"Neutralize","floor":15.0,"key":"SMITH"},{"data":"Venomology","floor":23.0,"key":"SMITH"},{"floor":25.0,"key":"REST"},{"data":"Brutality","floor":27.0,"key":"SMITH"},{"floor":32.0,"key":"REST"},{"floor":40,"key":"REST"},{"data":"Wraith Form v2","floor":42,"key":"SMITH"},{"floor":45,"key":"REST"},{"floor":49,"key":"REST"}],"circlet_count":0,"master_deck":["AscendersBane","Strike_G","Strike_G","Strike_G","Strike_G","Defend_G","Defend_G","Defend_G","Defend_G","Defend_G","Survivor","Neutralize+1","Discovery+1","Poisoned Stab","Bane","Deadly Poison","Dagger Throw","Venomology","Blade Dance","Cloak And Dagger","Accuracy","Flying Knee","Infinite Blades","Venomology+1","After Image","Shame","Corpse Explosion","True Grit+1","Brutality+1","Wraith Form v2+1","Well Laid Plans+1","Whirlwind","Tools of the Trade","Infinite Blades+1","Master of Strategy","Blade Dance","Disarm","Terror","Escape Plan","Inflame","Blade Dance+1","aspiration:Lunge","Wraith","Escape Plan"],"relics":["Ring of the Snake","Pear","Anchor","Dream Catcher","aspiration:IroncladSkillbook","Question Card","Shuriken","aspiration:FetidBarrel","aspiration:MobileForge","The Specimen","aspiration:Nostalgia","KSMOD_SealedBook","aspiration:FrozenJewel","StoneCalendar"],"acts_visited":["Exordium","TheCity","TheBeyond"],"potions_floor_usage":[38,38,38,44,44,46,46,46,47,47,50,50,50],"damage_taken":[{"damage":2.0,"enemies":"2 Louse","floor":1.0,"turns":3.0},{"damage":0.0,"enemies":"Cultist","floor":2.0,"turns":4.0},{"damage":0.0,"enemies":"Small Slimes","floor":3.0,"turns":2.0},{"damage":1.0,"enemies":"Red Slaver","floor":4.0,"turns":4.0},{"damage":25.0,"enemies":"3 Sentries","floor":6.0,"turns":8.0},{"damage":0.0,"enemies":"Gremlin Gang","floor":10.0,"turns":5.0},{"damage":33.0,"enemies":"Lagavulin","floor":12.0,"turns":9.0},{"damage":0.0,"enemies":"Looter","floor":13.0,"turns":2.0},{"damage":12.0,"enemies":"Hexaghost","floor":16.0,"turns":9.0},{"damage":9.0,"enemies":"Shell Parasite","floor":18.0,"turns":6.0},{"damage":20.0,"enemies":"3 Byrds","floor":22.0,"turns":4.0},{"damage":44.0,"enemies":"Slavers","floor":28.0,"turns":5.0},{"damage":10.0,"enemies":"Snecko","floor":29.0,"turns":4.0},{"damage":4.0,"enemies":"Chosen and Byrds","floor":30.0,"turns":5.0},{"damage":8.0,"enemies":"Book of Stabbing","floor":31.0,"turns":4.0},{"damage":34.0,"enemies":"Automaton","floor":33.0,"turns":8.0},{"damage":2,"enemies":"Orb Walker","floor":35,"turns":2},{"damage":48,"enemies":"2 Orb Walkers","floor":38,"turns":4},{"damage":2,"enemies":"3 Shapes","floor":39,"turns":3},{"damage":0,"enemies":"Transient","floor":44,"turns":6},{"damage":14,"enemies":"Jaw Worm Horde","floor":46,"turns":5},{"damage":20,"enemies":"Giant Head","floor":47,"turns":6},{"damage":110,"enemies":"Awakened One","floor":50,"turns":10}],"seed_played":"6237077810519470391","potions_obtained":[{"floor":2.0,"key":"Block Potion"},{"floor":3.0,"key":"Explosive Potion"},{"floor":8.0,"key":"EssenceOfSteel"},{"floor":8.0,"key":"Ancient Potion"},{"floor":28.0,"key":"Poison Potion"},{"floor":33.0,"key":"Block Potion"},{"floor":44,"key":"ColorlessPotion"},{"floor":46,"key":"FairyPotion"},{"floor":47,"key":"Swift Potion"}],"is_trial":false,"path_per_floor":["M","M","M","M","?","E","$","?","T","M","R","E","M","?","R","B",null,"M","?","?","$","M","R","?","R","T","R","E","M","M","E","R","B",null,"M","$","?","?","M","R","T","R","T","M","R","M","E","?","R","B"],"character_chosen":"THE_SILENT","items_purchased":["Blade Dance","Cloak And Dagger","Accuracy","Corpse Explosion","Master of Strategy"],"campfire_rested":5,"item_purchase_floors":[7,7,7,21,36],"current_hp_per_floor":[57,57,57,56,61,46,46,46,46,46,46,13,13,13,13,1,61,56,56,56,56,40,40,31,55,55,55,29,23,23,19,43,13,64,66,66,66,22,24,48,48,48,48,52,76,66,50,50,74,0,0],"gold":137,"neow_bonus":"RANDOM_COLORLESS","is_daily":false,"chose_seed":false,"campfire_upgraded":5,"win_rate":0.0,"timestamp":1611232348,"path_taken":["M","M","M","M","?","E","$","?","T","M","R","E","?","?","R","BOSS","M","?","?","$","M","R","?","R","T","R","E","?","M","E","R","BOSS","M","$","?","?","M","R","?","R","T","M","R","M","E","?","R","BOSS"],"items_purchased_type":["Card","Card","Card","Card","Card"],"build_version":"2020-12-22","purchased_purges":0,"victory":false,"max_hp_per_floor":[66,66,66,66,71,81,81,81,81,81,81,81,81,81,81,81,81,81,81,81,81,81,81,81,81,81,81,81,81,81,81,81,81,81,81,81,81,81,81,81,81,81,81,81,81,81,81,81,81,81,81],"relic_stats":{"Dream Catcher":5,"counters":[23,118],"Shuriken":[33],"StoneCalendar":[52],"Question Card":16,"obtain_stats":[{"Pear":6,"The Specimen":38,"aspiration:FetidBarrel":28,"aspiration:Nostalgia":41,"KSMOD_SealedBook":41,"StoneCalendar":47,"Question Card":20,"aspiration:IroncladSkillbook":17,"aspiration:FrozenJewel":43,"Anchor":9,"Dream Catcher":12,"Shuriken":26,"aspiration:MobileForge":34,"Ring of the Snake":0},{"Pear":5,"The Specimen":18,"aspiration:FetidBarrel":12,"aspiration:Nostalgia":19,"KSMOD_SealedBook":19,"StoneCalendar":22,"Question Card":10,"aspiration:IroncladSkillbook":9,"aspiration:FrozenJewel":19,"Anchor":5,"Dream Catcher":7,"Shuriken":11,"aspiration:MobileForge":16,"Ring of the Snake":0},{"Pear":21,"The Specimen":88,"aspiration:FetidBarrel":61,"aspiration:Nostalgia":91,"KSMOD_SealedBook":91,"StoneCalendar":108,"Question Card":52,"aspiration:IroncladSkillbook":46,"aspiration:FrozenJewel":91,"Anchor":21,"Dream Catcher":35,"Shuriken":56,"aspiration:MobileForge":82,"Ring of the Snake":0}],"Ring of the Snake":[46]},"card_choices":[{"not_picked":["Purity","Trip"],"picked":"Discovery","floor":0.0},{"not_picked":["Calculated Gamble","Eviscerate"],"picked":"Poisoned Stab","floor":1.0},{"not_picked":["Sucker Punch","Tactician"],"picked":"Bane","floor":2.0},{"not_picked":["Poisoned Stab","Quick Slash"],"picked":"Deadly Poison","floor":3.0},{"not_picked":["Accuracy","Heel Hook"],"picked":"Dagger Throw","floor":4.0},{"not_picked":["Acrobatics","Quick Slash"],"picked":"Venomology","floor":6.0},{"not_picked":["Underhanded Strike","Slice"],"picked":"Flying Knee","floor":10.0},{"not_picked":["Riddle With Holes","Slice"],"picked":"Infinite Blades","floor":12.0},{"not_picked":["Slice","Dagger Throw","Flying Knee"],"picked":"SKIP","floor":13.0},{"not_picked":["Glass Knife","Malaise"],"picked":"After Image","floor":16.0},{"not_picked":["Headbutt","Eviscerate","Intimidate","Poisoned Stab"],"picked":"SKIP","floor":18.0},{"not_picked":["Wild Strike","Flex+1","Underhanded Strike","Noxious Fumes+1"],"picked":"True Grit+1","floor":22.0},{"not_picked":["True Grit","Second Wind","Intimidate","Skewer"],"picked":"Brutality","floor":25.0},{"not_picked":["Combust+1","Backflip","Crippling Poison","Tactician"],"picked":"Wraith Form v2","floor":28.0},{"not_picked":["Dual Wield","Caltrops","Shrug It Off+1","Twin Strike"],"picked":"Well Laid Plans+1","floor":29.0},{"not_picked":["Acrobatics","Outmaneuver+1","Perfected Strike+1","Clash"],"picked":"Whirlwind","floor":30.0},{"not_picked":["Offering","Burst","Barricade","Corpse Explosion"],"picked":"Tools of the Trade","floor":33.0},{"not_picked":["Iron Wave","Choke","Perfected Strike+1","Anger"],"picked":"Infinite Blades+1","floor":35},{"not_picked":["Sword Boomerang","Bane","Wild Strike","Catalyst+1"],"picked":"Blade Dance","floor":38},{"not_picked":["Anger","Sword Boomerang+1","Warcry+1","Well Laid Plans"],"picked":"Disarm","floor":39},{"not_picked":["Cleave+1","Quick Slash","Reflex","Deadly Poison"],"picked":"Terror","floor":40},{"not_picked":["Bludgeon","Backstab","Dropkick","Acrobatics"],"picked":"Escape Plan","floor":44},{"not_picked":["Whirlwind","Dodge and Roll","Reckless Charge","Prepared"],"picked":"Inflame","floor":45},{"not_picked":["Cloak And Dagger","Rage","Armaments","Twin Strike"],"picked":"Blade Dance+1","floor":46},{"not_picked":["Choke+1","Clash","Sever Soul","Flex"],"picked":"aspiration:Lunge","floor":47},{"not_picked":["Bane","Body Slam+1","Clash+1","Acrobatics"],"picked":"Escape Plan","floor":49}],"player_experience":1044385,"relics_obtained":[{"floor":6.0,"key":"Pear"},{"floor":9.0,"key":"Anchor"},{"floor":12.0,"key":"Dream Catcher"},{"floor":26.0,"key":"Shuriken"},{"floor":28.0,"key":"aspiration:FetidBarrel"},{"floor":38,"key":"The Specimen"},{"floor":41,"key":"aspiration:Nostalgia"},{"floor":43,"key":"aspiration:FrozenJewel"},{"floor":47,"key":"StoneCalendar"}],"event_choices":[{"damage_healed":0.0,"max_hp_gain":5.0,"max_hp_loss":0.0,"gold_gain":0.0,"event_name":"Big Fish","player_choice":"Donut","floor":5.0,"gold_loss":0.0,"damage_taken":0.0},{"damage_healed":0.0,"max_hp_gain":0.0,"max_hp_loss":0.0,"gold_gain":0.0,"event_name":"Lab","player_choice":"Got Potions","floor":8.0,"gold_loss":0.0,"damage_taken":0.0},{"damage_healed":0.0,"max_hp_gain":0.0,"max_hp_loss":0.0,"gold_gain":0.0,"cards_transformed":["Strike_G"],"event_name":"Transmorgrifier","player_choice":"Transformed","floor":14.0,"gold_loss":0.0,"damage_taken":0.0,"cards_obtained":["Venomology"]},{"cards_removed":["Discovery"],"damage_healed":0.0,"max_hp_gain":0.0,"max_hp_loss":0.0,"gold_gain":0.0,"event_name":"betterNote:BetterNote","player_choice":"Give","floor":19.0,"gold_loss":0.0,"damage_taken":0.0,"cards_obtained":["Catalyst"]},{"damage_healed":0.0,"max_hp_gain":0.0,"max_hp_loss":0.0,"gold_gain":0.0,"event_name":"Addict","player_choice":"Stole Relic","floor":20.0,"gold_loss":0.0,"damage_taken":0.0,"relics_obtained":["Question Card"],"cards_obtained":["Shame"]},{"damage_healed":0,"gold_gain":0,"player_choice":"Fight","damage_taken":0,"max_hp_gain":0,"max_hp_loss":0,"event_name":"Mysterious Sphere","floor":38,"gold_loss":0},{"damage_healed":0,"gold_gain":0,"player_choice":"Ignored","damage_taken":0,"max_hp_gain":0,"max_hp_loss":0,"event_name":"OrinTheCat","floor":48,"gold_loss":0}],"is_beta":false,"boss_relics":[{"not_picked":["Calling Bell","Runic Dome"],"picked":"aspiration:IroncladSkillbook"},{"not_picked":["Black Star","aspiration:PoetsPen"],"picked":"aspiration:MobileForge"}],"items_purged_floors":[],"is_endless":false,"potions_floor_spawned":[2,3,4,28,31,33,44,46,47],"killed_by":"Awakened One","ascension_level":20}}