{"host":"skr63qsdfgeey3it","time":1611194583,"event":{"mods":["BaseMod","Colored Map","Hubris","Minty Spire (QoL Compilation)","Replay The Spire","Spicy Shops","StSLib"],"gold_per_floor":[119,186,186,202,271,271,271,301,301,329,329,329,4,4,4,229,229,329,329,340,357,407,421,86,86,105,133,158,158,50,67,94,21,21,126,126,146,164,12,62,112,112,139,139,162,195,257,283,295,88,88,88],"floor_reached":53,"language":"ENG","playtime":2624,"items_purged":["Strike_G","Strike_G"],"score":1851,"play_id":"cdb2a34c-19b2-4af3-849a-4c4984b22b5c","local_time":"20210120200303","is_ascension_mode":true,"campfire_choices":[{"data":"Masterful Stab","floor":9,"key":"SMITH"},{"floor":12,"key":"REST"},{"data":"Apotheosis","floor":14,"key":"SMITH"},{"floor":17,"key":"REST"},{"floor":25,"key":"REST"},{"floor":29,"key":"REST"},{"floor":34,"key":"REST"},{"data":"Mind Blast","floor":42,"key":"SMITH"},{"data":"After Image","floor":44,"key":"SMITH"},{"floor":49,"key":"REST"},{"data":"Infinite Blades","floor":51,"key":"SMITH"}],"circlet_count":0,"master_deck":["AscendersBane","Strike_G","Strike_G","Strike_G","Defend_G","Defend_G","Defend_G","Defend_G","Defend_G","Survivor","Neutralize","Masterful Stab+1","Infinite Blades+1","Backstab","Cloak And Dagger","Apotheosis+1","Backstab","Dodge and Roll","ReplayTheSpireMod:Scrap Shanks","After Image+1","Fluid Movement","Outmaneuver","Accuracy","Accuracy","Chrysalis","Terror","Accuracy","Backstab","ReplayTheSpireMod:Speed Training","Acrobatics","ReplayTheSpireMod:Shiv Toss+1","Cloak And Dagger","Hidden Blade","Outmaneuver","Footwork","Replay:Bag of Tricks","Accuracy+1","Blade Dance","Mind Blast+1","Backstab+1","Blade Dance","Choke","Accuracy"],"relics":["Ring of the Snake","NeowsBlessing","SsserpentHead","Ancient Tea Set","ReplayFunnel","Bottled Lightning","Membership Card","ReplayTheSpireMod:DimensionalGlitch","Strange Spoon","ReplayTheSpireMod:TigerMarble","Centennial Puzzle","Juzu Bracelet","Lantern","Orrery","Pondfish Scales","Black Star","Replay:Rubber Ducky","OrangePellets","Gambling Chip","hubris:Icosahedron","Incense Burner","Bag of Preparation","Boot","MawBank","Pantograph","Lee\u0027s Waffle"],"acts_visited":["Exordium","TheCity","TheBeyond"],"potions_floor_usage":[8,8,18,21,27,32,35,35,35,35,37,38,46,52],"damage_taken":[{"damage":0,"enemies":"2 Louse","floor":1,"turns":1},{"damage":0,"enemies":"Cultist","floor":4,"turns":1},{"damage":0,"enemies":"Jaw Worm","floor":5,"turns":1},{"damage":17,"enemies":"3 Sentries","floor":8,"turns":9},{"damage":28,"enemies":"Gremlin Nob","floor":10,"turns":5},{"damage":30,"enemies":"The Guardian","floor":18,"turns":13},{"damage":3,"enemies":"3 Byrds","floor":20,"turns":8},{"damage":12,"enemies":"Shell Parasite","floor":21,"turns":6},{"damage":14,"enemies":"Snecko","floor":23,"turns":5},{"damage":18,"enemies":"Snake Plant","floor":26,"turns":5},{"damage":16,"enemies":"Slavers","floor":27,"turns":7},{"damage":0,"enemies":"Cultist and Chosen","floor":31,"turns":8},{"damage":33,"enemies":"Book of Stabbing","floor":32,"turns":5},{"damage":8,"enemies":"Pondfish","floor":35,"turns":9},{"damage":0,"enemies":"Orb Walker","floor":37,"turns":3},{"damage":7,"enemies":"3 Darklings","floor":38,"turns":5},{"damage":0,"enemies":"Giant Head","floor":43,"turns":6},{"damage":25,"enemies":"Reptomancer","floor":46,"turns":4},{"damage":0,"enemies":"Maw","floor":48,"turns":4},{"damage":15,"enemies":"Time Eater","floor":52,"turns":6}],"seed_played":"-6296746827944630143","potions_obtained":[{"floor":1,"key":"SkillPotion"},{"floor":4,"key":"Swift Potion"},{"floor":10,"key":"Strength Potion"},{"floor":20,"key":"AttackPotion"},{"floor":26,"key":"Milkshake"},{"floor":31,"key":"Adrenaline Potion"},{"floor":35,"key":"DuplicationPotion"},{"floor":37,"key":"SteroidPotion"}],"is_trial":false,"path_per_floor":["M","?","?","M","M","PTL","PTL","E","R","E","T","R","$","R","$","?","R","B",null,"M","M","?","M","$","R","M","E","T","R","$","M","E","$","R_BF","B",null,"M","M","$","?","?","R","E","R","T","E","?","M","R","$","R","B",null],"character_chosen":"THE_SILENT","items_purchased":["Membership Card","Apotheosis","Backstab","Dodge and Roll","ReplayTheSpireMod:Scrap Shanks","Accuracy","Chrysalis","Strange Spoon","ReplayTheSpireMod:TigerMarble","Centennial Puzzle","Accuracy","Orrery","Footwork","Mind Blast","Replay:Rubber Ducky","OrangePellets","Gambling Chip","Lee\u0027s Waffle","Accuracy","Fire Potion"],"campfire_rested":6,"item_purchase_floors":[13,13,13,13,13,24,24,24,24,24,30,30,33,39,39,39,39,50,50,50],"current_hp_per_floor":[63,63,63,63,63,63,63,46,46,18,18,39,39,39,39,39,60,30,60,57,45,45,31,31,52,34,18,18,39,39,39,6,6,27,19,57,57,50,50,50,50,50,50,50,50,25,20,20,41,77,77,62],"gold":88,"neow_bonus":"THREE_ENEMY_KILL","is_daily":false,"chose_seed":false,"campfire_upgraded":5,"win_rate":0.0,"timestamp":1611194583,"path_taken":["M","?","?","M","?","PTL","PTL","E","R","E","T","R","$","R","$","?","R","BOSS","M","M","?","M","$","R","M","E","T","R","$","M","E","$","R_BF","BOSS","M","M","$","?","?","R","E","R","T","E","?","M","R","$","R","BOSS"],"items_purchased_type":["Relic","Card","Card","Card","Card","Card","Card","Relic","Relic","Relic","Card","Relic","Card","Card","Relic","Relic","Relic","Relic","Card","Potion"],"build_version":"2020-12-22","purchased_purges":2,"victory":true,"max_hp_per_floor":[70,70,70,70,70,70,70,70,70,70,70,70,70,70,70,70,70,70,70,70,70,70,70,70,70,70,70,70,70,70,70,70,70,70,70,70,70,70,70,70,70,70,70,70,70,70,70,70,70,77,77,77],"card_choices":[{"not_picked":["Deflect","Riddle With Holes"],"picked":"Masterful Stab","floor":1},{"not_picked":["Outmaneuver","Tactician"],"picked":"Infinite Blades","floor":4},{"not_picked":["Predator","Bane"],"picked":"Backstab","floor":5},{"not_picked":["Draining Mist","Sucker Punch","Dagger Throw"],"picked":"SKIP","floor":8},{"not_picked":["Blade Dance","Slice"],"picked":"Cloak And Dagger","floor":10},{"not_picked":["Night Terror","Doppelganger"],"picked":"After Image","floor":18},{"not_picked":["Hidden Blade","Dagger Spray"],"picked":"Fluid Movement","floor":20},{"not_picked":["Dagger Spray","Acrobatics"],"picked":"Outmaneuver","floor":21},{"not_picked":["Reflex","Dodge and Roll","Leg Sweep"],"picked":"SKIP","floor":23},{"not_picked":["Bane","Poisoned Stab","Underhanded Strike"],"picked":"SKIP","floor":26},{"not_picked":["Eviscerate","Deflect"],"picked":"Terror","floor":27},{"not_picked":["hubris:SlightOfHand","Bullet Time"],"picked":"Backstab","floor":30},{"not_picked":["Slice","Reflex"],"picked":"ReplayTheSpireMod:Speed Training","floor":30},{"not_picked":["Fluid Movement","Outmaneuver"],"picked":"Acrobatics","floor":30},{"not_picked":["Poisoned Stab","Quick Slash"],"picked":"ReplayTheSpireMod:Shiv Toss+1","floor":30},{"not_picked":["Dagger Spray","Poison Darts"],"picked":"Cloak And Dagger","floor":30},{"not_picked":["Noxious Fumes","hubris:TrickCloak"],"picked":"Hidden Blade","floor":31},{"not_picked":["Eviscerate","Fluid Movement"],"picked":"Outmaneuver","floor":32},{"not_picked":["Glass Knife","Poison Darts"],"picked":"Replay:Bag of Tricks","floor":35},{"not_picked":["Skewer","Dagger Throw"],"picked":"Accuracy+1","floor":37},{"not_picked":["Draining Mist","Infinite Blades"],"picked":"Blade Dance","floor":38},{"not_picked":["Slice+1","Outmaneuver+1"],"picked":"Backstab+1","floor":43},{"not_picked":["Grand Finale","Dagger Spray+1"],"picked":"Blade Dance","floor":46},{"not_picked":["Poisoned Stab","PiercingWail"],"picked":"Choke","floor":48}],"player_experience":787327,"relics_obtained":[{"floor":8,"key":"Ancient Tea Set"},{"floor":10,"key":"ReplayFunnel"},{"floor":11,"key":"Bottled Lightning"},{"floor":27,"key":"Juzu Bracelet"},{"floor":28,"key":"Lantern"},{"floor":32,"key":"Pondfish Scales"},{"floor":43,"key":"Incense Burner"},{"floor":43,"key":"Bag of Preparation"},{"floor":45,"key":"Boot"},{"floor":46,"key":"MawBank"},{"floor":46,"key":"Pantograph"}],"event_choices":[{"damage_healed":0,"gold_gain":67,"player_choice":"Gained Gold","damage_taken":0,"max_hp_gain":0,"max_hp_loss":0,"event_name":"Golden Wing","floor":2,"gold_loss":0},{"damage_healed":0,"gold_gain":0,"player_choice":"Trade","damage_taken":0,"relics_obtained":["SsserpentHead"],"max_hp_gain":0,"max_hp_loss":0,"event_name":"FaceTrader","floor":3,"gold_loss":0},{"damage_healed":0,"gold_gain":175,"player_choice":"AGREE","damage_taken":0,"max_hp_gain":0,"max_hp_loss":0,"event_name":"Liars Game","floor":16,"gold_loss":0,"cards_obtained":["Doubt"]},{"cards_removed":["Doubt"],"damage_healed":0,"gold_gain":0,"player_choice":"Purged","damage_taken":0,"max_hp_gain":0,"max_hp_loss":0,"event_name":"Purifier","floor":22,"gold_loss":0},{"damage_healed":0,"gold_gain":0,"player_choice":"Punched","damage_taken":3,"max_hp_gain":0,"max_hp_loss":0,"event_name":"Designer","floor":47,"gold_loss":0}],"is_beta":false,"boss_relics":[{"not_picked":["Snecko Eye","hubris:GrandSneckoEye"],"picked":"ReplayTheSpireMod:DimensionalGlitch"},{"not_picked":["Runic Pyramid","hubris:VirtuousBlindfold"],"picked":"Black Star"}],"items_purged_floors":[33,50],"is_endless":false,"potions_floor_spawned":[1,4,10,20,26,31,35,37,43],"ascension_level":12}}