{"host":"r53pw7z744tg3fxg","time":1611247291,"event":{"mods":["AchievementEnabler","BaseMod","Colored Map","Colored Powertips","Highlight Path","Minty Spire (QoL Compilation)","Quick Restart","Transform Curses"],"gold_per_floor":[19,37,51,70,70,70,70,70,123,157,177,216,236,258,258,258,258],"floor_reached":16,"language":"ENG","playtime":611,"items_purged":[],"score":211,"play_id":"df15ca1e-6328-492f-86b4-64ab26b11a99","local_time":"20210121094131","is_ascension_mode":true,"campfire_choices":[{"floor":6.0,"key":"REST"},{"floor":15.0,"key":"REST"}],"circlet_count":0,"master_deck":["AscendersBane","Strike_P","Strike_P","Strike_P","Strike_P","Defend_P","Defend_P","Defend_P","Defend_P","Eruption","Vigilance","BowlingBash","Prostrate","Ragnarok","Wallop","SpiritShield","ClearTheMind","FearNoEvil"],"relics":["PureWater","Dead Branch","CultistMask","Strawberry","Pen Nib","CeramicFish"],"acts_visited":["Exordium"],"potions_floor_usage":[16],"damage_taken":[{"damage":10.0,"enemies":"Small Slimes","floor":1.0,"turns":4.0},{"damage":8.0,"enemies":"Jaw Worm","floor":2.0,"turns":6.0},{"damage":0.0,"enemies":"Cultist","floor":3.0,"turns":3.0},{"damage":0.0,"enemies":"Blue Slaver","floor":4.0,"turns":3.0},{"damage":30.0,"enemies":"Gremlin Nob","floor":10.0,"turns":4.0},{"damage":0.0,"enemies":"Exordium Wildlife","floor":11.0,"turns":2.0},{"damage":17.0,"enemies":"Lagavulin","floor":12.0,"turns":4.0},{"damage":0.0,"enemies":"2 Fungi Beasts","floor":13.0,"turns":2.0},{"damage":0.0,"enemies":"3 Louse","floor":14.0,"turns":3.0},{"damage":47,"enemies":"Slime Boss","floor":16,"turns":8}],"seed_played":"-6034912451923454928","potions_obtained":[{"floor":1.0,"key":"Dexterity Potion"},{"floor":4.0,"key":"Block Potion"}],"is_trial":false,"path_per_floor":["M","M","M","M","$","R","?","?","T","E","M","E","M","M","R","B"],"character_chosen":"WATCHER","items_purchased":[],"campfire_rested":2,"item_purchase_floors":[],"current_hp_per_floor":[51,43,43,43,43,63,63,63,70,40,40,23,23,23,45,0,0],"gold":258,"neow_bonus":"ONE_RARE_RELIC","is_daily":false,"chose_seed":false,"campfire_upgraded":0,"win_rate":0.0,"timestamp":1611247291,"path_taken":["M","M","M","M","$","R","?","?","T","E","M","E","M","?","R","BOSS"],"items_purchased_type":[],"build_version":"2020-12-22","purchased_purges":0,"victory":false,"max_hp_per_floor":[68,68,68,68,68,68,68,68,75,75,75,75,75,75,75,75,75],"card_choices":[{"not_picked":["MentalFortress","JustLucky"],"picked":"BowlingBash","floor":1.0},{"not_picked":["Pray","FlyingSleeves","Consecrate"],"picked":"SKIP","floor":2.0},{"not_picked":["Evaluate","FlurryOfBlows","Vault"],"picked":"SKIP","floor":3.0},{"not_picked":["InnerPeace","CutThroughFate"],"picked":"Prostrate","floor":4.0},{"not_picked":["JustLucky","EmptyFist"],"picked":"Ragnarok","floor":10.0},{"not_picked":["Evaluate","Crescendo"],"picked":"Wallop","floor":11.0},{"not_picked":["Ragnarok","JustLucky"],"picked":"SpiritShield","floor":12.0},{"not_picked":["Collect","Nirvana"],"picked":"ClearTheMind","floor":13.0},{"not_picked":["ThirdEye","Swivel"],"picked":"FearNoEvil","floor":14.0}],"player_experience":1328344,"relics_obtained":[{"floor":9.0,"key":"Strawberry"},{"floor":10.0,"key":"Pen Nib"},{"floor":12.0,"key":"CeramicFish"}],"event_choices":[{"damage_healed":0.0,"max_hp_gain":0.0,"max_hp_loss":0.0,"gold_gain":0.0,"event_name":"Golden Wing","player_choice":"Ignored","floor":7.0,"gold_loss":0.0,"damage_taken":0.0},{"damage_healed":0.0,"max_hp_gain":0.0,"max_hp_loss":0.0,"gold_gain":0.0,"event_name":"FaceTrader","player_choice":"Trade","floor":8.0,"gold_loss":0.0,"damage_taken":0.0,"relics_obtained":["CultistMask"]}],"is_beta":false,"boss_relics":[],"items_purged_floors":[],"is_endless":false,"potions_floor_spawned":[1,4,11],"killed_by":"Slime Boss","ascension_level":17}}