{"host":"lxihx0b6awoz2w1j","time":1611243658,"event":{"mods":["Act Like it!","BaseMod","Better Third Choice","CapriCore","Colored Powertips","Conspire","Fox Events","Gensokyo","Hermit","Hubris","Infinite Spire","JesterMod","Luminous","Marisa????????","Melee Mod","Minty Spire (QoL Compilation)","Prisma Mod","Quick Restart","Relic Stats","Replay The Spire","Shade Mod","Spicy Shops","StSLib","The Alterego","The Blue Laboratory","The Cursed","The Disciple","The Forsaken","The Gatherer","The Immortal","The Jungle","The Marked","The Runesmith","The Senshi","The Servant 0.9.4","The Spell Scribe","Waifu the Spire"],"gold_per_floor":[109,123,45,45,145,145,173,173,173,190,190,225,241,252,252,347,347,391,408,419,419,431,464,464,464,488,488,532,532,555,555,555,692,692,763,723,796,238,281,341,38,40,40],"floor_reached":42,"language":"ENG","playtime":2235,"items_purged":[],"score":707,"play_id":"c8b6d0db-3392-436f-9f5d-148dc3bd84a4","local_time":"20210121164058","is_ascension_mode":true,"campfire_choices":[{"data":"BattleHymn","floor":6.0,"key":"SMITH"},{"data":"Perseverance","floor":8.0,"key":"SMITH"},{"data":"Halt","floor":11.0,"key":"SMITH"},{"floor":15.0,"key":"REST"},{"floor":24.0,"key":"REST"},{"floor":32.0,"key":"REST"}],"circlet_count":0,"master_deck":["Defend_P","Defend_P","Defend_P","Defend_P","Eruption","Vigilance","BattleHymn+1","FlyingSleeves","Worship","Perseverance+1","Halt+1","Wish","CrushJoints","PathToVictory","Judgement","Protect","CrushJoints","Crescendo+1","Wallop","Replay:LoomingThreat","ReplayTheSpireMod:Black Plague","MentalFortress","Bite+1","Bite+1","Bite+1","Bite+1","Bite+1","Prostrate","DeusExMachina","LikeWater","Replay:AtTheReady","Wallop","EmptyBody+1","FlurryOfBlows+1","ClearTheMind"],"relics":["infinitespire:Cupcake","Shuriken","infinitespire:Beetle Shell","Regal Pillow","Painkiller Herb","Blood Vial","Black Star","Replay:Bandana","Replay:Bottled Snecko","Centennial Puzzle","Vajra","infinitespire:EvilPickle","conspire:SlowCooker","jesterMod:MirrorMask","Replay:Bottled Eggs","Happy Flower","Letter Opener","infinitespire:CheckeredPen","Matryoshka"],"acts_visited":["Exordium","TheCity","TheBeyond"],"potions_floor_usage":[],"damage_taken":[{"damage":0.0,"enemies":"Jaw Worm","floor":1.0,"turns":4.0},{"damage":0.0,"enemies":"conspire:RoseBush","floor":2.0,"turns":2.0},{"damage":8.0,"enemies":"Lagavulin","floor":7.0,"turns":5.0},{"damage":0.0,"enemies":"Cultist","floor":10.0,"turns":4.0},{"damage":17.0,"enemies":"Gremlin Nob","floor":12.0,"turns":4.0},{"damage":0.0,"enemies":"conspire:2 RoseBushes","floor":13.0,"turns":3.0},{"damage":0.0,"enemies":"Large Slime","floor":14.0,"turns":3.0},{"damage":12.0,"enemies":"Hexaghost","floor":16.0,"turns":9.0},{"damage":4.0,"enemies":"3 Byrds","floor":18.0,"turns":5.0},{"damage":0.0,"enemies":"Spheric Guardian","floor":19.0,"turns":3.0},{"damage":6.0,"enemies":"Centurion and Healer","floor":20.0,"turns":6.0},{"damage":4.0,"enemies":"Snecko","floor":22.0,"turns":5.0},{"damage":22.0,"enemies":"Nightmare","floor":23.0,"turns":8.0},{"damage":12.0,"enemies":"conspire:SneckoGhost","floor":28.0,"turns":5.0},{"damage":18.0,"enemies":"Shelled Parasite and Fungi","floor":30.0,"turns":5.0},{"damage":32.0,"enemies":"Pondfish","floor":33.0,"turns":9.0},{"damage":22.0,"enemies":"3 Darklings","floor":35.0,"turns":4.0},{"damage":3.0,"enemies":"3 Shapes","floor":37.0,"turns":3.0},{"damage":3,"enemies":"Maw","floor":39,"turns":7},{"damage":47,"enemies":"Nemesis","floor":40,"turns":7},{"damage":0,"enemies":"Jaw Worm Horde","floor":42,"turns":2}],"seed_played":"8506375460435048261","potions_obtained":[{"floor":2.0,"key":"blueLaboratory:EnragingPotion"},{"floor":10.0,"key":"blueLaboratory:MidnightOil"},{"floor":13.0,"key":"Fire Potion"},{"floor":36.0,"key":"BottledMiracle"},{"floor":36.0,"key":"FearPotion"},{"floor":36.0,"key":"blueLaboratory:NullPotion"}],"is_trial":false,"path_per_floor":["M","M","$","?","?","R","E","R","T","M","R","E","M","M","R","B",null,"?","?","?","AVR","?","NM","T","?","T","?","E","?","?","?","T","B",null,"?","?","?","T","?","E","T","?"],"character_chosen":"WATCHER","items_purchased":["Worship","jesterMod:MirrorMask","Wallop","Replay:Bottled Eggs","Happy Flower","ClearTheMind","Matryoshka"],"campfire_rested":3,"item_purchase_floors":[3,38,38,38,38,41,41],"current_hp_per_floor":[72,72,72,72,72,72,64,64,64,64,64,47,47,47,72,60,72,68,68,62,62,60,40,72,72,72,55,45,45,39,39,72,52,72,54,54,57,57,71,34,34,36,36],"gold":40,"neow_bonus":"BOSS_RELIC","is_daily":false,"chose_seed":false,"campfire_upgraded":3,"win_rate":0.0,"timestamp":1611243658,"path_taken":["M","M","$","?","?","R","E","R","T","?","R","E","M","M","R","BOSS","?","?","?","AVR","?","NM","T","?","T","?","E","?","?","?","T","BOSS","?","?","?","T","?","E","?","?"],"items_purchased_type":["Card","Relic","Card","Relic","Relic","Card","Relic"],"build_version":"2020-12-22","purchased_purges":0,"victory":false,"max_hp_per_floor":[72,72,72,72,72,72,72,72,72,72,72,72,72,72,72,72,72,72,72,72,72,72,72,72,72,72,72,72,72,72,72,72,72,72,72,72,72,72,72,72,72,72,72],"relic_stats":{"Blood Vial":15,"Regal Pillow":27,"Centennial Puzzle":[22],"Happy Flower":[5],"counters":[21,103],"Shuriken":[30],"Black Star":3,"Letter Opener":[0],"obtain_stats":[{"Regal Pillow":12,"Happy Flower":38,"Vajra":28,"Painkiller Herb":17,"infinitespire:Beetle Shell":9,"conspire:SlowCooker":34,"Letter Opener":40,"infinitespire:CheckeredPen":40,"jesterMod:MirrorMask":38,"Blood Vial":21,"infinitespire:EvilPickle":33,"Replay:Bandana":23,"Centennial Puzzle":26,"Matryoshka":41,"Shuriken":7,"Black Star":21,"Replay:Bottled Snecko":23,"PureWater":0,"Replay:Bottled Eggs":38,"infinitespire:Cupcake":0},{"Regal Pillow":5,"Happy Flower":18,"Vajra":14,"Painkiller Herb":8,"infinitespire:Beetle Shell":3,"conspire:SlowCooker":16,"Letter Opener":20,"infinitespire:CheckeredPen":20,"jesterMod:MirrorMask":18,"Blood Vial":11,"infinitespire:EvilPickle":16,"Replay:Bandana":13,"Centennial Puzzle":13,"Matryoshka":20,"Shuriken":3,"Black Star":11,"Replay:Bottled Snecko":13,"PureWater":0,"Replay:Bottled Eggs":18,"infinitespire:Cupcake":0},{"Regal Pillow":19,"Happy Flower":87,"Vajra":66,"Painkiller Herb":34,"infinitespire:Beetle Shell":11,"conspire:SlowCooker":80,"Letter Opener":101,"infinitespire:CheckeredPen":101,"jesterMod:MirrorMask":87,"Blood Vial":48,"infinitespire:EvilPickle":80,"Replay:Bandana":61,"Centennial Puzzle":61,"Matryoshka":101,"Shuriken":11,"Black Star":48,"Replay:Bottled Snecko":61,"PureWater":0,"Replay:Bottled Eggs":87,"infinitespire:Cupcake":0}]},"card_choices":[{"not_picked":["ClearTheMind","Halt"],"picked":"BattleHymn","floor":1.0},{"not_picked":["Replay:Hum","Meditate"],"picked":"FlyingSleeves","floor":2.0},{"not_picked":["Study","FlyingSleeves"],"picked":"Perseverance","floor":7.0},{"not_picked":["Sanctity","BowlingBash"],"picked":"Halt","floor":10.0},{"not_picked":["Collect","Replay:Vibes"],"picked":"Wish","floor":12.0},{"not_picked":["Study","ThirdEye"],"picked":"CrushJoints","floor":13.0},{"not_picked":["Consecrate","Crescendo"],"picked":"PathToVictory","floor":14.0},{"not_picked":["Replay:AllIn","Scrawl"],"picked":"Judgement","floor":16.0},{"not_picked":["FlyingSleeves","ThirdEye"],"picked":"Protect","floor":18.0},{"not_picked":["Replay:AtTheReady","ReachHeaven"],"picked":"CrushJoints","floor":19.0},{"not_picked":["SashWhip+1","CrushJoints"],"picked":"Crescendo+1","floor":20.0},{"not_picked":["SignatureMove","PathToVictory"],"picked":"Wallop","floor":22.0},{"not_picked":["DeceiveReality","Replay:Hum"],"picked":"Replay:LoomingThreat","floor":23.0},{"not_picked":["hubris:Rewind","infinitespire:Collect"],"picked":"ReplayTheSpireMod:Black Plague","floor":27.0},{"not_picked":["ThirdEye+1","EmptyBody"],"picked":"MentalFortress","floor":28.0},{"not_picked":["JustLucky","Crescendo+1"],"picked":"Prostrate","floor":30.0},{"not_picked":["Judgement","Scrawl"],"picked":"DeusExMachina","floor":33.0},{"not_picked":["Consecrate","Conclude+1"],"picked":"LikeWater","floor":35.0},{"not_picked":["Replay:AllIn","CutThroughFate"],"picked":"Replay:AtTheReady","floor":37.0},{"not_picked":["FlurryOfBlows","EmptyFist+1"],"picked":"EmptyBody+1","floor":39},{"not_picked":["EmptyBody","Swivel"],"picked":"FlurryOfBlows+1","floor":40}],"player_experience":648373,"relics_obtained":[{"floor":7.0,"key":"Shuriken"},{"floor":9.0,"key":"infinitespire:Beetle Shell"},{"floor":12.0,"key":"Regal Pillow"},{"floor":23.0,"key":"Replay:Bandana"},{"floor":23.0,"key":"Replay:Bottled Snecko"},{"floor":26.0,"key":"Centennial Puzzle"},{"floor":28.0,"key":"Vajra"},{"floor":28.0,"key":"Blood Vial"},{"floor":40,"key":"Letter Opener"},{"floor":40,"key":"infinitespire:CheckeredPen"}],"event_choices":[{"damage_healed":0.0,"max_hp_gain":0.0,"max_hp_loss":0.0,"gold_gain":100.0,"event_name":"Wheel of Change","player_choice":"Gold","floor":5.0,"gold_loss":0.0,"damage_taken":0.0},{"damage_healed":0.0,"max_hp_gain":0.0,"max_hp_loss":0.0,"gold_gain":0.0,"event_name":"conspire:Investor","player_choice":"Leave","floor":25.0,"gold_loss":0.0,"damage_taken":0.0},{"damage_healed":0.0,"max_hp_gain":0.0,"max_hp_loss":0.0,"gold_gain":0.0,"event_name":"Vampires","player_choice":"Became a vampire (Vial)","floor":29.0,"relics_lost":["Blood Vial"],"gold_loss":0.0,"damage_taken":0.0,"cards_obtained":["Bite","Bite","Bite","Bite","Bite"]},{"damage_healed":0.0,"max_hp_gain":0.0,"max_hp_loss":0.0,"gold_gain":0.0,"event_name":"The Woman in Blue","player_choice":"Bought 3 Potions","floor":36.0,"gold_loss":0.0,"damage_taken":0.0}],"is_beta":false,"boss_relics":[{"not_picked":["hubris:Backtick","theSenshi:MoonKaleidoScopeRelic"],"picked":"Painkiller Herb"},{"not_picked":["Busted Crown","Replay:Bronze Core"],"picked":"conspire:SlowCooker"}],"items_purged_floors":[],"is_endless":true,"potions_floor_spawned":[2,10,13,20,28,30,37,40],"killed_by":"Jaw Worm Horde","ascension_level":1}}