{"host":"jkgg7n5hn1slsm35","time":1611233930,"event":{"mods":["Aspiration","BaseMod","BetterRewards","Conspire","Googly Eyes","Gremlin Skip","Halation","Highlight Path","Hubris","Infinite Spire","Minty Spire (QoL Compilation)","Permanent Neow","StSLib","SuperFastMode","vexMod"],"gold_per_floor":[115,115,135,151,151,184,184,184,254,281,281,296,313,331,331,405,405,418,20,39,39,56,56,76,1,76,92,106,106,106,106,106],"floor_reached":31,"language":"ENG","playtime":759,"items_purged":["Strike_G"],"score":489,"play_id":"0a57f8c4-7b34-41a2-a778-8a8fb66bf6bb","local_time":"20210121135850","is_ascension_mode":true,"campfire_choices":[{"floor":8,"key":"REST"},{"data":"Footwork","floor":11,"key":"SMITH"},{"data":"Terror","floor":15,"key":"SMITH"},{"floor":23,"key":"REST"}],"circlet_count":0,"master_deck":["AscendersBane","Strike_G","Strike_G","Strike_G","Defend_G","Defend_G","Defend_G","Defend_G","Defend_G","Survivor","Neutralize","Deflect","Flechettes","Deflect","Deflect","Footwork+1","Deflect","Blade Dance","Terror+1","Envenom","Slice","Footwork","Accuracy","Poisoned Stab","Deflect+1","Cloak And Dagger"],"relics":["Ring of the Snake","aspiration:Nostalgia","PureWater","Pen Nib","Centennial Puzzle","Ninja Scroll","Bronze Scales","hubris:CuriousFeather","Letter Opener","MutagenicStrength"],"acts_visited":["Exordium","TheCity"],"potions_floor_usage":[6,16,24,29],"damage_taken":[{"damage":0,"enemies":"Jaw Worm","floor":1,"turns":4},{"damage":0,"enemies":"Cultist","floor":3,"turns":4},{"damage":2,"enemies":"2 Louse","floor":4,"turns":4},{"damage":26,"enemies":"Gremlin Nob","floor":6,"turns":4},{"damage":13,"enemies":"3 Sentries","floor":10,"turns":12},{"damage":0,"enemies":"Gremlin Gang","floor":12,"turns":6},{"damage":0,"enemies":"3 Louse","floor":13,"turns":3},{"damage":0,"enemies":"Red Slaver","floor":14,"turns":3},{"damage":17,"enemies":"The Guardian","floor":16,"turns":12},{"damage":21,"enemies":"conspire:FuzzyDice","floor":18,"turns":5},{"damage":11,"enemies":"2 Thieves","floor":20,"turns":5},{"damage":15,"enemies":"Snake Plant","floor":22,"turns":4},{"damage":4,"enemies":"Chosen and Byrds","floor":24,"turns":3},{"damage":5,"enemies":"Centurion and Healer","floor":27,"turns":5},{"damage":12,"enemies":"3 Cultists","floor":28,"turns":6},{"damage":0,"enemies":"Cultist and Chosen","floor":29,"turns":2},{"damage":14,"enemies":"Snecko","floor":31,"turns":2}],"seed_played":"-6829559866296720702","potions_obtained":[{"floor":1,"key":"SpeedPotion"},{"floor":4,"key":"AttackPotion"},{"floor":10,"key":"GamblersBrew"},{"floor":14,"key":"SmokeBomb"},{"floor":16,"key":"LiquidMemories"}],"is_trial":false,"path_per_floor":["M","?","M","M","?","E","?","R","T","E","R","M","M","M","R","B",null,"M","$","M","?","M","R","M","$","T","M","M","M","?","M"],"character_chosen":"THE_SILENT","items_purchased":["Footwork","hubris:CuriousFeather"],"campfire_rested":2,"item_purchase_floors":[19,19],"current_hp_per_floor":[59,59,59,57,62,36,36,57,57,44,44,44,44,44,44,27,60,39,39,28,28,13,34,30,30,30,25,13,13,13,0,0],"gold":106,"neow_bonus":"NOSTALGIA","is_daily":false,"chose_seed":false,"campfire_upgraded":2,"win_rate":0.0,"timestamp":1611233930,"path_taken":["M","?","?","M","?","E","?","R","T","E","R","M","?","M","R","BOSS","M","$","M","?","M","R","?","?","T","M","M","M","?","M"],"items_purchased_type":["Card","Relic"],"build_version":"2020-12-22","purchased_purges":1,"victory":false,"max_hp_per_floor":[66,66,66,66,71,71,71,71,71,71,71,71,71,71,71,71,71,71,71,71,71,71,71,71,71,71,71,71,71,71,71,71],"card_choices":[{"not_picked":["Poisoned Stab","Flying Knee"],"picked":"Deflect","floor":1},{"not_picked":["Underhanded Strike","Acrobatics"],"picked":"Flechettes","floor":3},{"not_picked":["Backflip","Deadly Poison"],"picked":"Deflect","floor":4},{"not_picked":["Bane","All Out Attack"],"picked":"Deflect","floor":6},{"not_picked":["Noxious Fumes","Riddle With Holes"],"picked":"Footwork","floor":10},{"not_picked":["Bane","Sucker Punch"],"picked":"Deflect","floor":12},{"not_picked":["Sucker Punch","Deflect"],"picked":"Blade Dance","floor":13},{"not_picked":["Dodge and Roll","Well Laid Plans"],"picked":"Terror","floor":14},{"not_picked":["Burst","infinitespire:Neurotoxin"],"picked":"Envenom","floor":16},{"not_picked":["Setup","PiercingWail"],"picked":"Slice","floor":18},{"not_picked":["PiercingWail","Infinite Blades"],"picked":"Accuracy","floor":20},{"not_picked":["Acrobatics","Crippling Poison"],"picked":"Poisoned Stab","floor":22},{"not_picked":["Deadly Poison","Dagger Throw"],"picked":"Deflect+1","floor":24},{"not_picked":["hubris:SlightOfHand","Dodge and Roll","Bouncing Flask"],"picked":"SKIP","floor":27},{"not_picked":["Slice+1","Quick Slash+1"],"picked":"Cloak And Dagger","floor":28}],"player_experience":1845819,"relics_obtained":[{"floor":6,"key":"Centennial Puzzle"},{"floor":9,"key":"Ninja Scroll"},{"floor":10,"key":"Bronze Scales"},{"floor":26,"key":"Letter Opener"}],"event_choices":[{"damage_healed":0,"gold_gain":0,"player_choice":"Gave Potion","damage_taken":0,"relics_obtained":["Pen Nib"],"max_hp_gain":0,"max_hp_loss":0,"event_name":"WeMeetAgain","floor":2,"gold_loss":0},{"damage_healed":0,"gold_gain":0,"player_choice":"Donut","damage_taken":0,"max_hp_gain":5,"max_hp_loss":0,"event_name":"Big Fish","floor":5,"gold_loss":0},{"damage_healed":0,"gold_gain":0,"player_choice":"Ignored","damage_taken":0,"max_hp_gain":0,"max_hp_loss":0,"event_name":"Transmorgrifier","floor":7,"gold_loss":0},{"cards_removed":["Strike_G"],"damage_healed":0,"gold_gain":0,"player_choice":"Purged","damage_taken":0,"max_hp_gain":0,"max_hp_loss":0,"event_name":"Purifier","floor":21,"gold_loss":0},{"damage_healed":0,"gold_gain":0,"player_choice":"Inject Mutagens","damage_taken":0,"relics_obtained":["MutagenicStrength"],"max_hp_gain":0,"max_hp_loss":0,"event_name":"Drug Dealer","floor":30,"gold_loss":0}],"is_beta":false,"boss_relics":[{"not_picked":["halation:Prosthetics","Calling Bell","HoveringKite"]}],"items_purged_floors":[25],"is_endless":false,"potions_floor_spawned":[1,4,10,14,16,20,22],"killed_by":"Snecko","ascension_level":17}}