{"host":"agbyy69nq62afhwx","time":1611264469,"event":{"mods":["BaseMod","Colored Map","DeckTracker","Highlight Path","Keyboard Shortcuts","Minty Spire (QoL Compilation)","Quick Restart","StSLib","SuperFastMode","everything is the same but u backflip on backflip"],"gold_per_floor":[111,111,81,97,108,108,139,169,169,186,221,221,61,75,75,173,223,236,249,263,263,263],"floor_reached":21,"language":"KOR","playtime":642,"items_purged":["Defend_B"],"score":306,"play_id":"9ff8e175-fae1-415e-a4b7-9936362ca291","local_time":"20210122062749","is_ascension_mode":true,"campfire_choices":[{"data":"Zap","floor":6.0,"key":"SMITH"},{"data":"Loop","floor":15.0,"key":"SMITH"}],"circlet_count":0,"master_deck":["AscendersBane","Strike_B","Strike_B","Strike_B","Defend_B","Defend_B","Defend_B","Zap+1","Dualcast","Beam Cell","Sweeping Beam","Glacier","Loop+1","Auto Shields","Panacea","Streamline+1","Reboot","Redo","Self Repair","Hello World","Ball Lightning"],"relics":["Cracked Core","NeowsBlessing","Letter Opener","InkBottle","PreservedInsect","Tiny House"],"acts_visited":["Exordium","TheCity"],"potions_floor_usage":[],"damage_taken":[{"damage":0.0,"enemies":"Jaw Worm","floor":1.0,"turns":1.0},{"damage":0.0,"enemies":"2 Louse","floor":4.0,"turns":1.0},{"damage":0.0,"enemies":"Cultist","floor":5.0,"turns":1.0},{"damage":29.0,"enemies":"Gremlin Nob","floor":7.0,"turns":5.0},{"damage":14.0,"enemies":"3 Louse","floor":10.0,"turns":3.0},{"damage":10.0,"enemies":"3 Sentries","floor":11.0,"turns":6.0},{"damage":2.0,"enemies":"Large Slime","floor":14.0,"turns":4.0},{"damage":55.0,"enemies":"Slime Boss","floor":16.0,"turns":12.0},{"damage":15.0,"enemies":"Shell Parasite","floor":18.0,"turns":6.0},{"damage":8.0,"enemies":"Spheric Guardian","floor":19.0,"turns":6.0},{"damage":41.0,"enemies":"Shelled Parasite and Fungi","floor":20.0,"turns":7.0},{"damage":15,"enemies":"Snake Plant","floor":21,"turns":5}],"seed_played":"-1343283605558252918","potions_obtained":[{"floor":3.0,"key":"Explosive Potion"},{"floor":3.0,"key":"AttackPotion"},{"floor":4.0,"key":"PotionOfCapacity"},{"floor":5.0,"key":"PowerPotion"},{"floor":11.0,"key":"EssenceOfSteel"}],"is_trial":false,"path_per_floor":["M","?","?","M","M","R","E","?","T","M","E","?","$","M","R","B",null,"M","M","M","M"],"character_chosen":"DEFECT","items_purchased":["Panacea"],"campfire_rested":0,"item_purchase_floors":[13],"current_hp_per_floor":[68,68,68,68,68,68,39,39,39,25,15,75,75,73,73,18,66,51,50,16,1,1],"gold":263,"neow_bonus":"THREE_ENEMY_KILL","is_daily":false,"chose_seed":false,"campfire_upgraded":2,"win_rate":0.0,"timestamp":1611264469,"path_taken":["M","?","?","?","M","R","E","?","T","M","E","?","$","?","R","BOSS","M","M","M","M"],"items_purchased_type":["Card"],"build_version":"2020-12-22","purchased_purges":1,"victory":false,"max_hp_per_floor":[75,75,75,75,75,75,75,75,75,75,75,75,75,75,75,75,80,80,80,80,80,80],"card_choices":[{"not_picked":["Leap","Steam","Turbo"],"picked":"SKIP","floor":1.0},{"not_picked":["Conserve Battery","Barrage"],"picked":"Sweeping Beam","floor":4.0},{"not_picked":["Self Repair","Chill"],"picked":"Glacier","floor":5.0},{"not_picked":["Ball Lightning","Streamline"],"picked":"Fusion","floor":7.0},{"not_picked":["Beam Cell","Genetic Algorithm"],"picked":"Loop","floor":10.0},{"not_picked":["Chill","Beam Cell"],"picked":"Auto Shields","floor":11.0},{"not_picked":["Conserve Battery","Heatsinks"],"picked":"Streamline","floor":14.0},{"not_picked":["Hyperbeam","Fission"],"picked":"Reboot","floor":16.0},{"not_picked":["Steam","Compile Driver"],"picked":"Redo","floor":17.0},{"not_picked":["Gash","Capacitor"],"picked":"Self Repair","floor":18.0},{"not_picked":["Reprogram","Stack"],"picked":"Hello World","floor":19.0},{"not_picked":["FTL","Turbo"],"picked":"Ball Lightning","floor":20.0}],"player_experience":425841,"relics_obtained":[{"floor":7.0,"key":"Letter Opener"},{"floor":9.0,"key":"InkBottle"},{"floor":11.0,"key":"PreservedInsect"}],"event_choices":[{"damage_healed":0.0,"max_hp_gain":0.0,"max_hp_loss":0.0,"gold_gain":0.0,"cards_transformed":["Strike_B"],"event_name":"Living Wall","player_choice":"Change","floor":2.0,"gold_loss":0.0,"damage_taken":0.0,"cards_obtained":["Beam Cell"]},{"damage_healed":0.0,"max_hp_gain":0.0,"max_hp_loss":0.0,"gold_gain":0.0,"event_name":"The Woman in Blue","player_choice":"Bought 2 Potions","floor":3.0,"gold_loss":0.0,"damage_taken":0.0},{"damage_healed":0.0,"max_hp_gain":0.0,"max_hp_loss":0.0,"gold_gain":30.0,"event_name":"Dead Adventurer","player_choice":"Searched \u00271\u0027 times","floor":8.0,"gold_loss":0.0,"damage_taken":0.0},{"cards_removed":["Fusion"],"damage_healed":60.0,"max_hp_gain":0.0,"max_hp_loss":0.0,"gold_gain":0.0,"event_name":"Bonfire Elementals","player_choice":"Offered Uncommon","floor":12.0,"gold_loss":0.0,"damage_taken":0.0}],"is_beta":false,"boss_relics":[{"not_picked":["Fusion Hammer","Nuclear Battery"],"picked":"Tiny House"}],"items_purged_floors":[13],"is_endless":false,"potions_floor_spawned":[4,5,11,16,18,20],"killed_by":"Snake Plant","ascension_level":12}}