{"host":"rspt8ghchagqewrq","time":1611231354,"event":{"mods":["AchievementEnabler","BaseMod","Colored Map","Colored Powertips","Minty Spire (QoL Compilation)","Quick Restart"],"gold_per_floor":[116,116,116,129,146,146,146,146,172,207,207,226,243,161,161,264,264,278,124,124,136,136,161,161,176,176,176,176],"floor_reached":27,"language":"FRA","playtime":1103,"items_purged":[],"score":231,"play_id":"0c0b25d3-9387-4ea5-8253-5fd80b69c26a","local_time":"20210121131554","is_ascension_mode":false,"campfire_choices":[{"data":"Blade Dance","floor":7.0,"key":"SMITH"},{"data":"Catalyst","floor":15.0,"key":"SMITH"},{"floor":24,"key":"REST"}],"circlet_count":0,"master_deck":["Strike_G","Strike_G","Strike_G","Strike_G","Strike_G","Defend_G","Defend_G","Defend_G","Defend_G","Defend_G","Survivor+1","Neutralize","Blade Dance+1","Catalyst+1","Distraction","Footwork","All Out Attack","Cloak And Dagger","Noxious Fumes","Corpse Explosion","Deadly Poison+1","Envenom","Accuracy","Crippling Poison+1","Dagger Spray"],"relics":["SlaversCollar","Toy Ornithopter","Lantern","Nloth\u0027s Gift","Anchor","Darkstone Periapt"],"acts_visited":["Exordium","TheCity"],"potions_floor_usage":[23],"damage_taken":[{"damage":1.0,"enemies":"2 Louse","floor":1.0,"turns":3.0},{"damage":0.0,"enemies":"Cultist","floor":4.0,"turns":4.0},{"damage":5.0,"enemies":"Small Slimes","floor":5.0,"turns":5.0},{"damage":7.0,"enemies":"3 Sentries","floor":10.0,"turns":8.0},{"damage":5.0,"enemies":"3 Louse","floor":12.0,"turns":3.0},{"damage":5.0,"enemies":"Exordium Thugs","floor":13.0,"turns":4.0},{"damage":29.0,"enemies":"Hexaghost","floor":16.0,"turns":12.0},{"damage":7,"enemies":"3 Byrds","floor":18,"turns":3},{"damage":26,"enemies":"Shell Parasite","floor":21,"turns":6},{"damage":20,"enemies":"Slavers","floor":23,"turns":3},{"damage":28,"enemies":"Snake Plant","floor":25,"turns":5},{"damage":30,"enemies":"Cultist and Chosen","floor":27,"turns":4}],"seed_played":"-2658566138109098225","potions_obtained":[{"floor":1.0,"key":"CunningPotion"},{"floor":5.0,"key":"Fire Potion"},{"floor":10.0,"key":"GamblersBrew"},{"floor":16.0,"key":"Dexterity Potion"},{"floor":21,"key":"Fire Potion"}],"is_trial":false,"path_per_floor":["M","?","?","M","M","?","R","?","T","E","$","M","M","$","R","B",null,"M","$","?","M","?","E","R","M","T","M"],"character_chosen":"THE_SILENT","items_purchased":["Noxious Fumes","Envenom"],"campfire_rested":1,"item_purchase_floors":[14,19],"current_hp_per_floor":[69,74,74,74,69,69,69,69,69,71,71,66,61,61,61,32,75,68,68,68,42,42,27,49,21,21,0,0],"gold":176,"neow_bonus":"BOSS_RELIC","is_daily":false,"chose_seed":false,"campfire_upgraded":2,"win_rate":0.0,"timestamp":1611231354,"path_taken":["M","?","?","?","?","?","R","?","T","E","$","M","?","?","R","BOSS","M","$","?","?","?","E","R","M","T","M"],"items_purchased_type":["Card","Card"],"build_version":"2020-12-22","purchased_purges":0,"victory":false,"max_hp_per_floor":[70,75,75,75,75,75,75,75,75,75,75,75,75,75,75,75,75,75,75,75,75,75,75,75,75,75,75,75],"card_choices":[{"not_picked":["Riddle With Holes","Underhanded Strike"],"picked":"Blade Dance","floor":1.0},{"not_picked":["Acrobatics","PiercingWail"],"picked":"Catalyst","floor":4.0},{"not_picked":["Quick Slash","Underhanded Strike"],"picked":"Distraction","floor":5.0},{"not_picked":["Slice","Wraith Form v2"],"picked":"Footwork","floor":10.0},{"not_picked":["Well Laid Plans","Quick Slash"],"picked":"All Out Attack","floor":12.0},{"not_picked":["All Out Attack","Backflip"],"picked":"Cloak And Dagger","floor":13.0},{"not_picked":["Doppelganger","Phantasmal Killer"],"picked":"Corpse Explosion","floor":16.0},{"not_picked":["Sucker Punch","Outmaneuver+1"],"picked":"Deadly Poison+1","floor":18},{"not_picked":["Expertise+1","Endless Agony"],"picked":"Accuracy","floor":21},{"not_picked":["Storm of Steel","Footwork"],"picked":"Crippling Poison+1","floor":23},{"not_picked":["All Out Attack","Masterful Stab"],"picked":"Dagger Spray","floor":25}],"player_experience":68064,"relics_obtained":[{"floor":9.0,"key":"Toy Ornithopter"},{"floor":10.0,"key":"Lantern"},{"floor":23,"key":"Anchor"},{"floor":26,"key":"Darkstone Periapt"}],"event_choices":[{"damage_healed":0.0,"max_hp_gain":5.0,"max_hp_loss":0.0,"gold_gain":0.0,"event_name":"Big Fish","player_choice":"Donut","floor":2.0,"gold_loss":0.0,"damage_taken":0.0},{"damage_healed":0.0,"max_hp_gain":0.0,"max_hp_loss":0.0,"gold_gain":0.0,"event_name":"The Woman in Blue","player_choice":"Bought 0 Potions","floor":3.0,"gold_loss":0.0,"damage_taken":0.0},{"damage_healed":0.0,"max_hp_gain":0.0,"max_hp_loss":0.0,"gold_gain":0.0,"event_name":"Golden Idol","player_choice":"Ignored","floor":6.0,"gold_loss":0.0,"damage_taken":0.0},{"damage_healed":0.0,"max_hp_gain":0.0,"max_hp_loss":0.0,"gold_gain":0.0,"event_name":"Upgrade Shrine","player_choice":"Upgraded","floor":8.0,"gold_loss":0.0,"damage_taken":0.0,"cards_upgraded":["Survivor"]},{"damage_healed":0,"gold_gain":0,"player_choice":"Traded Relic","damage_taken":0,"relics_obtained":["Nloth\u0027s Gift"],"max_hp_gain":0,"max_hp_loss":0,"event_name":"N\u0027loth","floor":20,"relics_lost":["SacredBark"],"gold_loss":0},{"damage_healed":0,"gold_gain":0,"player_choice":"Leave","damage_taken":0,"max_hp_gain":0,"max_hp_loss":0,"event_name":"FaceTrader","floor":22,"gold_loss":0}],"is_beta":false,"boss_relics":[{"not_picked":["Sozu","Fusion Hammer"],"picked":"SacredBark"}],"items_purged_floors":[],"is_endless":false,"potions_floor_spawned":[1,5,10,16,21],"killed_by":"Cultist and Chosen","ascension_level":0}}