{"host":"1a3cjta80tad0aqj","time":1611246283,"event":{"mods":["2.2 Compatiblity","AchievementEnabler","BaseMod","Colored Map","DeckTracker","KOR Keyword Fix","Keyboard Shortcuts","Minty Spire (QoL Compilation)","Permanent Neow","Quick Restart","Random Character Button","StSLib","SuperFastMode","everything is the same but u backflip on backflip"],"gold_per_floor":[111,126,136,61,136,136,169,169,248,260,260,260,276,289,289,388,388,388,313,213,213,213,213],"floor_reached":22,"language":"KOR","playtime":882,"items_purged":["Defend_G","Strike_G"],"score":226,"play_id":"6b4e3086-a9cf-437e-a6e9-19694527f915","local_time":"20210122012443","is_ascension_mode":true,"campfire_choices":[{"data":"Quick Slash","floor":6.0,"key":"SMITH"},{"data":"Dagger Throw","floor":8.0,"key":"SMITH"},{"data":"Dagger Spray","floor":11.0,"key":"SMITH"},{"data":"Flying Knee","floor":15.0,"key":"SMITH"}],"circlet_count":0,"master_deck":["Strike_G","Strike_G","Strike_G","Defend_G","Defend_G","Defend_G","Defend_G","Survivor","Neutralize","Quick Slash+1","Dagger Throw+1","Flying Knee+1","Deflect","Dagger Spray+1","Storm of Steel","Deadly Poison","Deadly Poison","Bullet Time","PiercingWail","All Out Attack","Tactician+1"],"relics":["Ring of the Snake","Omamori","Eternal Feather","Ectoplasm"],"acts_visited":["Exordium","TheCity"],"potions_floor_usage":[16,16],"damage_taken":[{"damage":0.0,"enemies":"2 Louse","floor":1.0,"turns":3.0},{"damage":0.0,"enemies":"Small Slimes","floor":2.0,"turns":3.0},{"damage":1.0,"enemies":"Cultist","floor":3.0,"turns":3.0},{"damage":8.0,"enemies":"Gremlin Nob","floor":7.0,"turns":3.0},{"damage":0.0,"enemies":"Blue Slaver","floor":10.0,"turns":3.0},{"damage":0.0,"enemies":"3 Louse","floor":13.0,"turns":2.0},{"damage":1.0,"enemies":"Exordium Thugs","floor":14.0,"turns":3.0},{"damage":41,"enemies":"Hexaghost","floor":16,"turns":7},{"damage":6,"enemies":"Chosen","floor":18,"turns":4},{"damage":28,"enemies":"2 Thieves","floor":19,"turns":5},{"damage":28,"enemies":"Shelled Parasite and Fungi","floor":21,"turns":6},{"damage":3,"enemies":"Sentry and Sphere","floor":22,"turns":3}],"seed_played":"-6633010416735019222","potions_obtained":[{"floor":0.0,"key":"GhostInAJar"},{"floor":0.0,"key":"SteroidPotion"},{"floor":0.0,"key":"GamblersBrew"},{"floor":3.0,"key":"FearPotion"},{"floor":7.0,"key":"SkillPotion"},{"floor":13.0,"key":"FearPotion"}],"is_trial":false,"path_per_floor":["M","M","M","$","?","R","E","R","T","M","R","?","M","M","R","B",null,"M","M","$","M","M"],"character_chosen":"THE_SILENT","items_purchased":[],"campfire_rested":0,"item_purchase_floors":[],"current_hp_per_floor":[70,70,69,69,58,58,50,50,50,50,59,59,59,58,67,26,70,64,36,36,8,5,5],"gold":213,"neow_bonus":"THREE_SMALL_POTIONS","is_daily":false,"chose_seed":false,"campfire_upgraded":4,"win_rate":0.0,"timestamp":1611246283,"path_taken":["M","M","M","$","?","R","E","R","T","M","R","?","M","M","R","BOSS","M","M","$","M","M"],"items_purchased_type":[],"build_version":"2020-12-22","purchased_purges":2,"victory":false,"max_hp_per_floor":[70,70,70,70,70,70,70,70,70,70,70,70,70,70,70,70,70,70,70,70,70,70,70],"card_choices":[{"not_picked":["Skewer","Dagger Throw"],"picked":"Quick Slash","floor":1.0},{"not_picked":["Deflect","Backflip"],"picked":"Dagger Throw","floor":2.0},{"not_picked":["Setup","Slice"],"picked":"Flying Knee","floor":3.0},{"not_picked":["Dagger Throw","Eviscerate"],"picked":"Deflect","floor":7.0},{"not_picked":["Storm of Steel","Poisoned Stab"],"picked":"Dagger Spray","floor":10.0},{"not_picked":["Outmaneuver","Finisher"],"picked":"Deadly Poison","floor":13.0},{"not_picked":["Deflect","Quick Slash"],"picked":"Deadly Poison","floor":14.0},{"not_picked":["Unload","Envenom"],"picked":"Bullet Time","floor":16},{"not_picked":["Escape Plan","Blade Dance+1"],"picked":"PiercingWail","floor":18},{"not_picked":["Dodge and Roll","Deflect+1"],"picked":"All Out Attack","floor":19},{"not_picked":["Accuracy","Concentrate"],"picked":"Tactician+1","floor":21}],"player_experience":853453,"relics_obtained":[{"floor":7.0,"key":"Omamori"},{"floor":9.0,"key":"Eternal Feather"}],"event_choices":[{"damage_healed":0.0,"max_hp_gain":0.0,"max_hp_loss":0.0,"gold_gain":75.0,"event_name":"World of Goop","player_choice":"Gather Gold","floor":5.0,"gold_loss":0.0,"damage_taken":11.0},{"damage_healed":0.0,"max_hp_gain":0.0,"max_hp_loss":0.0,"gold_gain":0.0,"cards_transformed":["Strike_G"],"event_name":"Living Wall","player_choice":"Change","floor":12.0,"gold_loss":0.0,"damage_taken":0.0,"cards_obtained":["Storm of Steel"]}],"is_beta":false,"boss_relics":[{"not_picked":["Ring of the Serpent","Fusion Hammer"],"picked":"Ectoplasm"}],"items_purged_floors":[4,20],"is_endless":false,"potions_floor_spawned":[3,7,13],"killed_by":"Sentry and Sphere","ascension_level":4}}