{"host":"t9zjxed0utvsfjwc","time":1611235010,"event":{"mods":["2.2 Compatiblity","Aspiration","BaseMod","Better Altar","Better Match","Better Note","Better Sensory Stone","Better Skull","Better Third Choice","Block Reminder","Colored Map","Colored Powertips","Hermit","Highlight Path","Hubris","Infinite Spire","Minty Spire (QoL Compilation)","Quick Restart","Rare Cards Sparkle","Replay The Spire","Shade Mod","StSLib","The Cursed","The Marked","The Runesmith","Unceasing Turn Reminder","everything is the same but u backflip on backflip"],"gold_per_floor":[216,146,146,159,159,184,184,109,136,136,87,100,100,119,119,119,119],"floor_reached":16,"language":"ENG","playtime":628,"items_purged":["hermit:Defend_Hermit"],"score":98,"play_id":"cb33b66a-ff1b-47f4-a004-d39009cd94ba","local_time":"20210121131650","is_ascension_mode":false,"campfire_choices":[{"data":"hermit:FullyLoaded","floor":15,"key":"SMITH"}],"circlet_count":0,"master_deck":["hermit:Strike_Hermit","hermit:Strike_Hermit","hermit:Strike_Hermit","hermit:Strike_Hermit","hermit:Defend_Hermit","hermit:Defend_Hermit","hermit:Snapshot","hermit:Covet","hermit:FullyLoaded+1","hermit:HighCaliber","hermit:Showdown","Looming Evil","hermit:HighCaliber"],"relics":["Replay:Wanted Poster","infinitespire:Cubic Diamond","Bird Faced Urn","Replay:Mystery Machine","ReplayTheSpireMod:Ring of Exchange"],"acts_visited":["Exordium"],"potions_floor_usage":[6,12,14],"damage_taken":[{"damage":6,"enemies":"Small Slimes","floor":1,"turns":3},{"damage":4,"enemies":"Cultist","floor":4,"turns":4},{"damage":44,"enemies":"Lagavulin","floor":6,"turns":6},{"damage":11,"enemies":"Jaw Worm","floor":12,"turns":2},{"damage":0,"enemies":"2 Fungi Beasts","floor":14,"turns":1},{"damage":10,"enemies":"Hexaghost","floor":16,"turns":2}],"seed_played":"-2469440258684275857","potions_obtained":[{"floor":3,"key":"ColorlessPotion"},{"floor":3,"key":"Elixir"},{"floor":3,"key":"SpeedPotion"},{"floor":6,"key":"AttackPotion"}],"is_trial":false,"path_per_floor":["M","$","?","M","?","E","?","$","T","?","$","M","?","M","R","B"],"character_chosen":"HERMIT","items_purchased":["hermit:FullyLoaded","hermit:HighCaliber"],"campfire_rested":0,"item_purchase_floors":[2,11],"current_hp_per_floor":[69,69,69,65,65,21,21,21,21,21,21,10,10,10,10,0,0],"gold":119,"neow_bonus":"BOSS_RELIC","is_daily":false,"chose_seed":false,"campfire_upgraded":1,"win_rate":0.0,"timestamp":1611235010,"path_taken":["M","$","?","?","?","E","?","?","T","?","?","?","?","M","R","BOSS"],"items_purchased_type":["Card","Card"],"build_version":"2020-12-22","purchased_purges":1,"victory":false,"max_hp_per_floor":[75,75,75,75,75,75,75,75,75,75,75,75,75,75,75,75,75],"card_choices":[{"not_picked":["hermit:Misfire","hermit:Glare","hermit:Coalescence"],"picked":"SKIP","floor":1},{"not_picked":["hermit:TakeCover","hermit:Midnight"],"picked":"hermit:HighCaliber","floor":4},{"not_picked":["hermit:Roughhouse","hermit:Roulette"],"picked":"hermit:Showdown","floor":6},{"not_picked":["hermit:Desperado","hermit:Feint","hermit:FullyLoaded"],"picked":"SKIP","floor":12},{"not_picked":["hermit:Misfire","hermit:Virtue","hermit:Headshot"],"picked":"SKIP","floor":14}],"player_experience":396477,"relics_obtained":[{"floor":6,"key":"Bird Faced Urn"},{"floor":9,"key":"Replay:Mystery Machine"},{"floor":10,"key":"ReplayTheSpireMod:Ring of Exchange"}],"event_choices":[{"damage_healed":0,"gold_gain":0,"player_choice":"Got Potions","damage_taken":0,"max_hp_gain":0,"max_hp_loss":0,"event_name":"Lab","floor":3,"gold_loss":0},{"cards_removed":["hermit:Defend_Hermit"],"damage_healed":0,"gold_gain":0,"player_choice":"Forget","damage_taken":0,"max_hp_gain":0,"max_hp_loss":0,"event_name":"Living Wall","floor":7,"gold_loss":0}],"is_beta":false,"boss_relics":[],"items_purged_floors":[8],"is_endless":false,"potions_floor_spawned":[4,6],"killed_by":"Hexaghost","ascension_level":0}}