{"host":"ux8r2oyej5019q8x","time":1611254629,"event":{"mods":["AchievementEnabler","BaseMod","Colored Map","Colored Powertips","GifTheSpireLib","HexUI Lib","Highlight Path","Minty Spire (QoL Compilation)","Rare Cards Sparkle","Relic Stats","StSLib","everything is the same but u backflip on backflip"],"gold_per_floor":[114,126,126,140,30,55,55,55,55,72,72,86,97,114,114,114,114],"floor_reached":16,"language":"ENG","playtime":1114,"items_purged":["Strike_B"],"score":130,"play_id":"084f63db-3e11-4da8-ae1e-48d839c08c64","local_time":"20210121194349","is_ascension_mode":true,"campfire_choices":[{"data":"Storm","floor":8,"key":"SMITH"},{"data":"Darkness","floor":11,"key":"SMITH"},{"floor":15,"key":"REST"}],"circlet_count":0,"master_deck":["Strike_B","Strike_B","Strike_B","Defend_B","Defend_B","Defend_B","Zap","Dualcast","Static Discharge","Storm+1","Buffer","Sweeping Beam","Self Repair","FTL","Darkness+1","Heatsinks","Glacier","Static Discharge","Coolheaded","Capacitor","Chill"],"relics":["Cracked Core","Oddly Smooth Stone","Prayer Wheel","Bottled Tornado"],"acts_visited":["Exordium"],"potions_floor_usage":[6,16],"damage_taken":[{"damage":6,"enemies":"Jaw Worm","floor":1,"turns":3},{"damage":1,"enemies":"2 Louse","floor":2,"turns":3},{"damage":0,"enemies":"Small Slimes","floor":4,"turns":3},{"damage":39,"enemies":"Lagavulin","floor":6,"turns":7},{"damage":0,"enemies":"Exordium Thugs","floor":10,"turns":4},{"damage":15,"enemies":"2 Fungi Beasts","floor":12,"turns":3},{"damage":17,"enemies":"Red Slaver","floor":13,"turns":3},{"damage":20,"enemies":"Exordium Wildlife","floor":14,"turns":4},{"damage":36,"enemies":"The Guardian","floor":16,"turns":5}],"seed_played":"5790473334483463763","potions_obtained":[{"floor":1,"key":"ColorlessPotion"},{"floor":4,"key":"SneckoOil"}],"is_trial":false,"path_per_floor":["M","M","?","M","$","E","?","R","T","M","R","M","M","M","R","B"],"character_chosen":"DEFECT","items_purchased":["Self Repair"],"campfire_rested":1,"item_purchase_floors":[5],"current_hp_per_floor":[69,68,68,68,68,36,41,41,41,48,48,40,30,10,34,0,0],"gold":114,"neow_bonus":"RANDOM_COMMON_RELIC","is_daily":false,"chose_seed":false,"campfire_upgraded":2,"win_rate":0.0,"timestamp":1611254629,"path_taken":["M","M","?","M","$","E","?","R","T","M","R","M","?","M","R","BOSS"],"items_purchased_type":["Card"],"build_version":"2020-12-22","purchased_purges":1,"victory":false,"max_hp_per_floor":[75,75,75,75,75,75,80,80,80,80,80,80,80,80,80,80,80],"relic_stats":{"counters":[9,35],"Prayer Wheel":4,"obtain_stats":[{"Oddly Smooth Stone":0,"Prayer Wheel":6,"Bottled Tornado":9,"Cracked Core":0},{"Oddly Smooth Stone":0,"Prayer Wheel":4,"Bottled Tornado":4,"Cracked Core":0},{"Oddly Smooth Stone":0,"Prayer Wheel":16,"Bottled Tornado":16,"Cracked Core":0}]},"card_choices":[{"not_picked":["Undo","Tempest"],"picked":"Static Discharge","floor":1},{"not_picked":["Go for the Eyes","Undo"],"picked":"Storm","floor":2},{"not_picked":["Steam","Gash"],"picked":"Sweeping Beam","floor":4},{"not_picked":["Cold Snap","Undo"],"picked":"FTL","floor":6},{"not_picked":["Steam","Reprogram"],"picked":"Darkness","floor":10},{"not_picked":["Cold Snap","Reprogram"],"picked":"Heatsinks","floor":10},{"not_picked":["Barrage","Sweeping Beam"],"picked":"Glacier","floor":12},{"not_picked":["Redo","Self Repair"],"picked":"Static Discharge","floor":12},{"not_picked":["Ball Lightning","Beam Cell"],"picked":"Coolheaded","floor":13},{"not_picked":["Barrage","Compile Driver","Sweeping Beam"],"picked":"SKIP","floor":13},{"not_picked":["Coolheaded","Beam Cell"],"picked":"Capacitor","floor":14},{"not_picked":["Ball Lightning","Steam Power"],"picked":"Chill","floor":14}],"player_experience":190901,"relics_obtained":[{"floor":6,"key":"Prayer Wheel"},{"floor":9,"key":"Bottled Tornado"}],"event_choices":[{"damage_healed":0,"gold_gain":0,"cards_transformed":["Defend_B"],"player_choice":"Change","damage_taken":0,"max_hp_gain":0,"max_hp_loss":0,"event_name":"Living Wall","floor":3,"gold_loss":0,"cards_obtained":["Buffer"]},{"damage_healed":0,"gold_gain":0,"player_choice":"Donut","damage_taken":0,"max_hp_gain":5,"max_hp_loss":0,"event_name":"Big Fish","floor":7,"gold_loss":0}],"is_beta":false,"boss_relics":[],"items_purged_floors":[5],"is_endless":false,"potions_floor_spawned":[1,4],"killed_by":"The Guardian","ascension_level":5}}