{"host":"TotalDK","time":1611256479,"event":{"mods":["A Penny For Your Troubles","BaseMod","Block Reminder","Colored Powertips","Conspire","Fox Events","Hubris","Minty Spire (QoL Compilation)","Quick Restart","Replay The Spire","Spire Arcade","StS++","StSLib"],"gold_per_floor":[109,109,119,132,143,143,170,170,197,197,208,219,219,253,253,354,354,368,368,278,297,297,297,316,316,361,377,390,405,405,16,16,116,116,132,180,180,190,8,8,33,33,33,51,51,80,80,99,99,99,99,99,99,99],"floor_reached":53,"language":"ENG","playtime":8296,"items_purged":["EmptyBody","Replay:Hum"],"score":1004,"play_id":"75c37c30-d537-49c0-93c6-9dfb47c38da7","local_time":"20210121201439","is_ascension_mode":false,"campfire_choices":[{"data":"LikeWater","floor":6.0,"key":"SMITH"},{"data":"Eruption","floor":8.0,"key":"SMITH"},{"data":"Vigilance","floor":10.0,"key":"SMITH"},{"data":"Nirvana","floor":15.0,"key":"SMITH"},{"data":"Establishment","floor":23.0,"key":"SMITH"},{"data":"Protect","floor":25.0,"key":"SMITH"},{"floor":30.0,"key":"RECALL"},{"data":"SandsOfTime","floor":32.0,"key":"SMITH"},{"data":"Vault","floor":40.0,"key":"SMITH"},{"data":"TalkToTheHand","floor":42.0,"key":"SMITH"},{"data":"LikeWater","floor":45.0,"key":"SMITH"},{"floor":49.0,"key":"DIG"},{"data":"Perseverance","floor":52.0,"key":"SMITH"}],"circlet_count":0,"master_deck":["Eruption+1","Vigilance+1","InnerPeace","EmptyMind+1","Tantrum","LikeWater+1","Perseverance+1","Wireheading","SandsOfTime+1","Nirvana+1","Establishment+1","MentalFortress+1","Protect+1","Protect+1","CutThroughFate+1","Replay:Cycle","LikeWater+1","Vault+1","TalkToTheHand+1","TalkToTheHand+1","Replay:Vibes+1","Protect+1"],"relics":["Pandora\u0027s Box","Boot","Replay:Rubber Ducky","Omamori","hubris:Stopwatch","MutagenicStrength","HornCleat","hubris:TerracottaHorce","TungstenRod","Replay:Wax Seal","Bag of Preparation","The Courier","Counterbalance","hubris:Towel","hubris:SphereOfDissonance"],"acts_visited":[],"potions_floor_usage":[],"damage_taken":[{"damage":0.0,"enemies":"2 Louse","floor":1.0,"turns":4.0},{"damage":3.0,"enemies":"Jaw Worm","floor":3.0,"turns":5.0},{"damage":0.0,"enemies":"Small Slimes","floor":4.0,"turns":4.0},{"damage":1.0,"enemies":"Red Slaver","floor":5.0,"turns":6.0},{"damage":0.0,"enemies":"Lagavulin","floor":7.0,"turns":4.0},{"damage":0.0,"enemies":"Lots of Slimes","floor":11.0,"turns":6.0},{"damage":0.0,"enemies":"Exordium Thugs","floor":12.0,"turns":4.0},{"damage":0.0,"enemies":"Gremlin Nob","floor":14.0,"turns":3.0},{"damage":36.0,"enemies":"Hexaghost","floor":16.0,"turns":8.0},{"damage":0.0,"enemies":"Spheric Guardian","floor":18.0,"turns":5.0},{"damage":0.0,"enemies":"3 Byrds","floor":21.0,"turns":5.0},{"damage":0.0,"enemies":"Cultist and Chosen","floor":22.0,"turns":4.0},{"damage":0.0,"enemies":"Snecko","floor":24.0,"turns":2.0},{"damage":0.0,"enemies":"3 Cultists","floor":27.0,"turns":5.0},{"damage":0.0,"enemies":"conspire:HollyBat","floor":28.0,"turns":7.0},{"damage":0.0,"enemies":"Snecko","floor":29.0,"turns":6.0},{"damage":7.0,"enemies":"Champ","floor":33.0,"turns":9.0},{"damage":0.0,"enemies":"3 Darklings","floor":35.0,"turns":6.0},{"damage":18.0,"enemies":"2 Orb Walkers","floor":36.0,"turns":5.0},{"damage":0.0,"enemies":"3 Shapes","floor":38.0,"turns":6.0},{"damage":2.0,"enemies":"Reptomancer","floor":41.0,"turns":8.0},{"damage":0.0,"enemies":"Maw","floor":44.0,"turns":7.0},{"damage":0.0,"enemies":"Giant Head","floor":46.0,"turns":8.0},{"damage":0.0,"enemies":"Writhing Mass","floor":48.0,"turns":6.0},{"damage":0.0,"enemies":"Time Eater","floor":50.0,"turns":9.0}],"seed_played":"2860548003210502167","potions_obtained":[{"floor":1.0,"key":"Strength Potion"},{"floor":4.0,"key":"Doom Potion"},{"floor":5.0,"key":"Elixir"},{"floor":11.0,"key":"Venom Potion"},{"floor":14.0,"key":"SmokeBomb"},{"floor":21.0,"key":"Fruit Juice"},{"floor":24.0,"key":"Swift Potion"},{"floor":28.0,"key":"PowerPotion"},{"floor":36.0,"key":"Dexterity Potion"}],"is_trial":false,"path_per_floor":["M","?","M","M","M","R","E","R","T","R","M","M","?","E","R","B",null,"M","?","?","M","M","R","M","R","T","M","M","M","R","$","R","B",null,"M","?","?","M","$","R","E","R","T","M","R","E","?","M","R","B",null,"R","$"],"character_chosen":"WATCHER","items_purchased":["LikeWater","HornCleat","Replay:Wax Seal"],"campfire_rested":0,"item_purchase_floors":[31,31,39],"current_hp_per_floor":[72,72,69,69,68,68,68,68,68,68,68,68,73,73,73,37,77,77,77,77,77,77,77,77,77,77,77,77,77,77,77,77,70,75,75,62,62,62,62,62,60,60,60,60,60,60,60,60,60,60,77,77,77,77],"gold":99,"neow_bonus":"BOSS_RELIC","is_daily":false,"chose_seed":false,"campfire_upgraded":11,"win_rate":0.0,"timestamp":1611256479,"path_taken":["M","?","M","M","M","R","E","R","T","R","M","M","?","E","R","BOSS","M","?","?","?","M","R","M","R","T","M","M","?","R","?","R","BOSS","M","?","?","?","$","R","E","R","T","M","R","E","?","M","R","BOSS","R","$"],"items_purchased_type":["Card","Relic","Relic"],"build_version":"2020-12-18","purchased_purges":2,"victory":false,"max_hp_per_floor":[72,72,72,72,72,72,72,72,72,72,72,72,77,77,77,77,77,77,77,77,77,77,77,77,77,77,77,77,77,77,77,77,77,77,77,82,82,82,82,82,82,82,82,82,82,82,82,82,82,82,82,82,82,82],"card_choices":[{"not_picked":["CrushJoints","FollowUp"],"picked":"Wireheading","floor":1.0},{"not_picked":["Pray","FlurryOfBlows","CrushJoints"],"picked":"SKIP","floor":3.0},{"not_picked":["Evaluate","EmptyFist","MentalFortress"],"picked":"SKIP","floor":4.0},{"not_picked":["Halt","SashWhip","Protect"],"picked":"SKIP","floor":5.0},{"not_picked":["ConjureBlade","Halt"],"picked":"SandsOfTime","floor":7.0},{"not_picked":["Tantrum","WreathOfFlame"],"picked":"Nirvana","floor":11.0},{"not_picked":["ClearTheMind","SashWhip","FollowUp"],"picked":"SKIP","floor":12.0},{"not_picked":["CutThroughFate","Indignation","CrushJoints"],"picked":"SKIP","floor":14.0},{"not_picked":["DeusExMachina","Alpha"],"picked":"Establishment","floor":16.0},{"not_picked":["Study","Protect"],"picked":"MentalFortress+1","floor":18.0},{"not_picked":["Crescendo","EmptyBody+1"],"picked":"Protect+1","floor":21.0},{"not_picked":["Indignation","Consecrate"],"picked":"Protect","floor":24.0},{"not_picked":["WreathOfFlame","Consecrate"],"picked":"CutThroughFate+1","floor":27.0},{"not_picked":["SashWhip","FlyingSleeves","Evaluate"],"picked":"SKIP","floor":28.0},{"not_picked":["SashWhip","FlyingSleeves","Evaluate"],"picked":"SKIP","floor":28.0},{"not_picked":["Halt","CrushJoints"],"picked":"Replay:Cycle","floor":29.0},{"not_picked":["Wish","Scrawl"],"picked":"Vault","floor":33.0},{"not_picked":["Protect+1","CutThroughFate+1"],"picked":"TalkToTheHand","floor":35.0},{"not_picked":["Crescendo","EmptyFist"],"picked":"TalkToTheHand+1","floor":36.0},{"not_picked":["Wireheading+1","Evaluate","SashWhip"],"picked":"SKIP","floor":38.0},{"not_picked":["Evaluate","Tantrum+1","Indignation"],"picked":"SKIP","floor":41.0},{"not_picked":["SashWhip","ThirdEye+1"],"picked":"Replay:Vibes+1","floor":44.0},{"not_picked":["Swivel","Wallop+1"],"picked":"Protect+1","floor":46.0},{"not_picked":["Prostrate+1","DeceiveReality+1","ClearTheMind+1"],"picked":"SKIP","floor":48.0}],"player_experience":542191,"relics_obtained":[{"floor":7.0,"key":"Boot"},{"floor":9.0,"key":"Replay:Rubber Ducky"},{"floor":14.0,"key":"Omamori"},{"floor":36.0,"key":"TungstenRod"},{"floor":41.0,"key":"Bag of Preparation"},{"floor":43.0,"key":"The Courier"},{"floor":46.0,"key":"Counterbalance"},{"floor":49.0,"key":"hubris:SphereOfDissonance"}],"event_choices":[{"damage_healed":0.0,"max_hp_gain":0.0,"max_hp_loss":0.0,"gold_gain":0.0,"event_name":"Liars Game","player_choice":"Ignored","floor":2.0,"gold_loss":0.0,"damage_taken":0.0},{"damage_healed":0.0,"max_hp_gain":5.0,"max_hp_loss":0.0,"gold_gain":0.0,"event_name":"Big Fish","player_choice":"Donut","floor":13.0,"gold_loss":0.0,"damage_taken":0.0},{"damage_healed":0.0,"max_hp_gain":0.0,"max_hp_loss":0.0,"gold_gain":0.0,"event_name":"Drug Dealer","player_choice":"Inject Mutagens","floor":19.0,"gold_loss":0.0,"damage_taken":0.0,"relics_obtained":["MutagenicStrength"]},{"cards_removed":["Indignation"],"damage_healed":0.0,"max_hp_gain":0.0,"max_hp_loss":0.0,"gold_gain":0.0,"event_name":"Designer","player_choice":"Upgrade and Remove","floor":20.0,"gold_loss":90.0,"damage_taken":0.0,"cards_upgraded":["EmptyMind"]},{"damage_healed":0.0,"max_hp_gain":0.0,"max_hp_loss":0.0,"gold_gain":0.0,"event_name":"Mysterious Sphere","player_choice":"Fight","floor":36.0,"gold_loss":0.0,"damage_taken":0.0},{"damage_healed":0.0,"max_hp_gain":0.0,"max_hp_loss":0.0,"gold_gain":0.0,"event_name":"Tomb of Lord Red Mask","player_choice":"Ignored","floor":37.0,"gold_loss":0.0,"damage_taken":0.0}],"is_beta":true,"boss_relics":[{"not_picked":["ReplayTheSpireMod:DimensionalGlitch","Kintsugi"],"picked":"hubris:Stopwatch"},{"not_picked":["Tiny House","ChewingGum"],"picked":"hubris:TerracottaHorce"}],"items_purged_floors":[31,39],"is_endless":false,"potions_floor_spawned":[1,4,5,11,14,21,24,28,36,44],"ascension_level":0}}