{"host":"vhkdq3pn44gqx0jn","time":1611273595,"event":{"mods":["AchievementEnabler","BaseMod","Downfall","Hermit","Minty Spire (QoL Compilation)","StSLib","The Cursed","The Servant 0.9.4"],"gold_per_floor":[114,114,124,124,140,140,168,168,168,185,197,197,272,282,282,380,430,450,450,450,36,51,51,80,80,126,146,156,156,166,166,166,268,268,288,298,314,327,344,369,388,388,412,465,465,491,491,517,517,517],"floor_reached":51,"language":"ENG","playtime":3977,"items_purged":["Strike_S"],"score":784,"play_id":"852650a0-bd84-4d74-bade-ae839a6f0df7","local_time":"20210121235955","is_ascension_mode":false,"campfire_choices":[{"data":"BestPractice","floor":6,"key":"SMITH"},{"data":"InstantArmor","floor":8,"key":"SMITH"},{"floor":15,"key":"REST"},{"data":"Exchange","floor":23,"key":"SMITH"},{"floor":25,"key":"REST"},{"data":"SurpressingFire","floor":29,"key":"SMITH"},{"data":"Luminosity","floor":32,"key":"SMITH"},{"floor":42,"key":"REST"},{"data":"GearUp","floor":47,"key":"SMITH"},{"data":"SurpressingFire","floor":49,"key":"SMITH"}],"circlet_count":0,"master_deck":["Strike_S","Strike_S+1","Strike_S","Defend_S","Defend_S","Defend_S","KidneyShot","Exchange+1","Rearm","InstantArmor+1","BestPractice+1","GearUp+1","SurpressingFire+1","Rearm+1","KillingDoll+1","SurpressingFire+1","Starlight+1","Potential+1","Moonlight+1","Advance+1","Contraction+1","Collapse","Luminosity+1","TheWorld+1","Replace+1","BestPractice+1","FlawlessForm","Potential+1","ShiftingGears+1","Ricochet+1","SpecialFormula+1","RealityMarble+1","Contraction+1","Defy+1"],"relics":["Uniform","NeowsBlessing","InkBottle","Matryoshka","Toxic Egg 2","Art of War","Blood Vial","Tiny House","Vajra","Bag of Marbles","Whetstone","Omamori","Darkstone Periapt","SlaversCollar","Eternal Feather","Toy Ornithopter","Pocketwatch","Shuriken","Oddly Smooth Stone"],"acts_visited":["Exordium","TheCity","TheBeyond"],"potions_floor_usage":[24],"damage_taken":[{"damage":0,"enemies":"Small Slimes","floor":1,"turns":1},{"damage":0,"enemies":"Cultist","floor":3,"turns":1},{"damage":0,"enemies":"2 Louse","floor":5,"turns":1},{"damage":35,"enemies":"3 Sentries","floor":7,"turns":9},{"damage":2,"enemies":"2 Fungi Beasts","floor":10,"turns":4},{"damage":0,"enemies":"Red Slaver","floor":11,"turns":3},{"damage":0,"enemies":"3 Louse","floor":14,"turns":4},{"damage":13,"enemies":"The Guardian","floor":16,"turns":21},{"damage":13,"enemies":"Chosen","floor":18,"turns":7},{"damage":0,"enemies":"Spheric Guardian","floor":22,"turns":4},{"damage":25,"enemies":"Slavers","floor":24,"turns":5},{"damage":0,"enemies":"Chosen and Byrds","floor":27,"turns":4},{"damage":0,"enemies":"Centurion and Healer","floor":28,"turns":4},{"damage":0,"enemies":"Sentry and Sphere","floor":30,"turns":5},{"damage":19,"enemies":"Champ","floor":33,"turns":10},{"damage":15,"enemies":"3 Shapes","floor":35,"turns":5},{"damage":0,"enemies":"Orb Walker","floor":36,"turns":2},{"damage":0,"enemies":"3 Darklings","floor":37,"turns":4},{"damage":38,"enemies":"Transient","floor":38,"turns":5},{"damage":21,"enemies":"4 Shapes","floor":39,"turns":5},{"damage":0,"enemies":"Reptomancer","floor":40,"turns":5},{"damage":0,"enemies":"Writhing Mass","floor":41,"turns":5},{"damage":18,"enemies":"2 Orb Walkers","floor":44,"turns":3},{"damage":0,"enemies":"Nemesis","floor":46,"turns":6},{"damage":4,"enemies":"Giant Head","floor":48,"turns":6},{"damage":40,"enemies":"Awakened One","floor":50,"turns":11}],"seed_played":"-1702668040520543222","potions_obtained":[{"floor":5,"key":"champ:CounterPotion"},{"floor":11,"key":"hexamod:SoulburnPotion"},{"floor":17,"key":"FairyPotion"},{"floor":18,"key":"champ:CounterPotion"},{"floor":24,"key":"SpeedPotion"},{"floor":30,"key":"ColorlessPotion"},{"floor":35,"key":"LiquidBronze"}],"is_trial":false,"path_per_floor":["M","?","M","?","M","R","E","R","T","M","M","?","?","M","R","B",null,"M","?","?","$","M","R","E","R","T","M","M","R","M","?","R","B",null,"M","M","M","M","M","E","M","R","T","?","?","E","R","E","R","B",null],"character_chosen":"THE_SERVANT","items_purchased":["Vajra","Bag of Marbles","Potential"],"campfire_rested":3,"item_purchase_floors":[21,21,21],"current_hp_per_floor":[65,65,65,65,65,65,30,30,30,28,28,21,10,12,31,20,70,57,57,57,57,59,59,36,57,57,59,61,61,63,63,63,46,70,55,57,59,23,4,6,8,47,47,39,39,49,67,70,70,38],"gold":517,"neow_bonus":"THREE_ENEMY_KILL","is_daily":false,"chose_seed":false,"campfire_upgraded":7,"win_rate":0.0,"timestamp":1611273595,"path_taken":["M","?","?","?","M","R","E","R","T","M","M","?","?","M","R","BOSS","M","?","?","$","M","R","E","R","T","?","M","R","M","?","R","BOSS","M","M","M","M","M","E","M","R","T","?","?","E","R","E","R","BOSS"],"items_purchased_type":["Relic","Relic","Card"],"build_version":"2020-12-22","purchased_purges":1,"victory":true,"max_hp_per_floor":[65,65,65,65,65,65,65,65,65,65,65,65,65,65,65,65,70,70,70,70,70,70,70,70,70,70,70,70,70,70,70,70,70,70,70,70,70,70,70,70,70,70,70,70,70,70,70,70,70,70],"card_choices":[{"not_picked":["Unruled","FastForward"],"picked":"Rearm","floor":1},{"not_picked":["Rearm","Hightail"],"picked":"InstantArmor","floor":3},{"not_picked":["Alleviate","Replace"],"picked":"BestPractice","floor":5},{"not_picked":["FloweringNight","DoubleEdge"],"picked":"GearUp","floor":7},{"not_picked":["FanOfKnives","RealityMarble"],"picked":"SurpressingFire","floor":10},{"not_picked":["ShatteredReality","Potential","Alleviate+1"],"picked":"SKIP","floor":11},{"not_picked":["Rewind+1","Alleviate+1"],"picked":"Rearm+1","floor":14},{"not_picked":["SoulSculpture","Dilation+1"],"picked":"KillingDoll","floor":16},{"not_picked":["Unruled","FastForward+1"],"picked":"SurpressingFire","floor":17},{"not_picked":["MoonPhase","Alleviate+1"],"picked":"Starlight+1","floor":18},{"not_picked":["Revamp+1","MoonPhase+1"],"picked":"Moonlight","floor":22},{"not_picked":["Snipe+1","Rewind+1"],"picked":"Advance+1","floor":24},{"not_picked":["DoubleEdge","Rearm+1","Gouge"],"picked":"SKIP","floor":27},{"not_picked":["DoubleEdge+1","Rearm+1"],"picked":"Contraction+1","floor":28},{"not_picked":["DoubleEdge","Potential"],"picked":"Collapse","floor":30},{"not_picked":["Initiator","LightFlow"],"picked":"TheWorld+1","floor":33},{"not_picked":["Potential+1","Ricochet+1"],"picked":"Replace+1","floor":35},{"not_picked":["FastForward+1","Contraction+1"],"picked":"BestPractice+1","floor":36},{"not_picked":["TimeWarp","StarChef+1"],"picked":"FlawlessForm","floor":37},{"not_picked":["TimeWarp","Sabotage+1"],"picked":"Potential+1","floor":38},{"not_picked":["Alleviate+1","FanOfKnives"],"picked":"ShiftingGears+1","floor":39},{"not_picked":["Rearm+1","DoubleEdge+1"],"picked":"Ricochet+1","floor":40},{"not_picked":["Replace+1","ShiftingGears+1"],"picked":"SpecialFormula+1","floor":41},{"not_picked":["Replace+1","Rewind+1"],"picked":"RealityMarble+1","floor":44},{"not_picked":["Starlight","TheWorld+1"],"picked":"Contraction+1","floor":46},{"not_picked":["TimeWarp","Alleviate+1"],"picked":"Defy+1","floor":48}],"player_experience":135849,"relics_obtained":[{"floor":7,"key":"Matryoshka"},{"floor":9,"key":"Toxic Egg 2"},{"floor":9,"key":"Art of War"},{"floor":24,"key":"Whetstone"},{"floor":26,"key":"Omamori"},{"floor":26,"key":"Darkstone Periapt"},{"floor":40,"key":"Eternal Feather"},{"floor":43,"key":"Toy Ornithopter"},{"floor":44,"key":"Pocketwatch"},{"floor":46,"key":"Shuriken"},{"floor":48,"key":"Oddly Smooth Stone"}],"event_choices":[{"cards_removed":["Defend_S"],"damage_healed":0,"gold_gain":0,"player_choice":"Purged","damage_taken":0,"max_hp_gain":0,"max_hp_loss":0,"event_name":"Purifier","floor":2,"gold_loss":0},{"damage_healed":0,"gold_gain":0,"player_choice":"Box","damage_taken":0,"relics_obtained":["InkBottle"],"max_hp_gain":0,"max_hp_loss":0,"event_name":"Big Fish","floor":4,"gold_loss":0,"cards_obtained":["Regret"]},{"damage_healed":0,"gold_gain":0,"player_choice":"Success","damage_taken":7,"relics_obtained":["Blood Vial"],"max_hp_gain":0,"max_hp_loss":0,"event_name":"Scrap Ooze","floor":12,"gold_loss":0},{"damage_healed":0,"gold_gain":75,"player_choice":"Gather Gold","damage_taken":11,"max_hp_gain":0,"max_hp_loss":0,"event_name":"World of Goop","floor":13,"gold_loss":0},{"cards_removed":["Regret"],"damage_healed":0,"gold_gain":0,"player_choice":"Elegance","damage_taken":0,"max_hp_gain":0,"max_hp_loss":0,"event_name":"Back to Basics","floor":19,"gold_loss":0},{"damage_healed":0,"gold_gain":0,"player_choice":"Bought 0 Potions","damage_taken":0,"max_hp_gain":0,"max_hp_loss":0,"event_name":"The Woman in Blue","floor":20,"gold_loss":0},{"damage_healed":0,"gold_gain":0,"player_choice":"Read","damage_taken":0,"max_hp_gain":0,"max_hp_loss":0,"event_name":"The Library","floor":31,"gold_loss":0,"cards_obtained":["Luminosity"]},{"damage_healed":0,"gold_gain":0,"player_choice":"Fight","damage_taken":0,"max_hp_gain":0,"max_hp_loss":0,"event_name":"Mysterious Sphere","floor":44,"gold_loss":0},{"damage_healed":0,"gold_gain":0,"player_choice":"Forge","damage_taken":0,"max_hp_gain":0,"max_hp_loss":0,"event_name":"Accursed Blacksmith","floor":45,"gold_loss":0,"cards_upgraded":["Potential"]}],"is_beta":false,"boss_relics":[{"not_picked":["Runic Pyramid","Philosopher\u0027s Stone"],"picked":"Tiny House"},{"not_picked":["Coffee Dripper","bronze:MakeshiftBattery"],"picked":"SlaversCollar"}],"items_purged_floors":[21],"is_endless":false,"potions_floor_spawned":[5,11,18,24,30,33,35,37,38],"ascension_level":0}}