{"host":"hwrdjx5eod2cxh09","time":1611232436,"event":{"mods":["AchievementEnabler","BaseMod","Bestiary","Minty Spire (QoL Compilation)","Relic Stats"],"gold_per_floor":[213,233,52,2,13,40,56,89,89,108,108,126,156,156,156,252,252,177,190,208,226,241,276,276,311,311,322,322,322,342,373,373,469,469,479,494,544,544,559,586,586,586,586,586,311,340,359,127,127,127,127,127,51,84,84],"floor_reached":56,"language":"ENG","playtime":5360,"items_purged":["Parasite","Strike_B"],"score":1365,"play_id":"ca554a12-6b61-41f1-ad74-38fa98ab335a","local_time":"20210121213356","is_ascension_mode":true,"campfire_choices":[{"data":"Barrage","floor":15,"key":"SMITH"},{"floor":24,"key":"REST"},{"data":"Hologram","floor":32,"key":"SMITH"},{"floor":41,"key":"RECALL"},{"data":"Coolheaded","floor":44,"key":"SMITH"},{"data":"Turbo","floor":49,"key":"SMITH"},{"data":"Coolheaded","floor":52,"key":"SMITH"}],"circlet_count":0,"master_deck":["Defend_B","Defend_B+1","Defend_B+1","Defend_B","Zap","Coolheaded+1","Coolheaded+1","Ball Lightning","Barrage+1","Self Repair+1","Hologram+1","Core Surge","Tempest","Genetic Algorithm","Biased Cognition+1","Doom and Gloom","Glacier","Creative AI+1","Auto Shields+1","Consume+1","Buffer+1","Steam+1","Echo Form+1","Capacitor+1","Turbo+1"],"relics":["Cracked Core","Runic Capacitor","Frozen Egg 2","Letter Opener","Potion Belt","Oddly Smooth Stone","Black Star","Pantograph","Ginger","InkBottle","Bag of Preparation","HornCleat","Anchor","Vajra","Cursed Key","Turnip","Sundial","War Paint","Happy Flower","Art of War","Bronze Scales","Cables","Symbiotic Virus","Bottled Lightning"],"acts_visited":["Exordium","TheCity","TheBeyond","TheEnding"],"potions_floor_usage":[6,20,22,22,23,54,55,55,55],"damage_taken":[{"damage":4,"enemies":"2 Louse","floor":1,"turns":4},{"damage":0,"enemies":"Small Slimes","floor":2,"turns":3},{"damage":2,"enemies":"Cultist","floor":5,"turns":3},{"damage":4,"enemies":"Lagavulin","floor":6,"turns":7},{"damage":4,"enemies":"3 Louse","floor":7,"turns":4},{"damage":24,"enemies":"Gremlin Nob","floor":8,"turns":4},{"damage":8,"enemies":"Looter","floor":10,"turns":3},{"damage":4,"enemies":"Large Slime","floor":12,"turns":4},{"damage":17,"enemies":"Lagavulin","floor":13,"turns":6},{"damage":46,"enemies":"Hexaghost","floor":16,"turns":10},{"damage":32,"enemies":"2 Thieves","floor":18,"turns":5},{"damage":4,"enemies":"Chosen","floor":19,"turns":4},{"damage":2,"enemies":"Centurion and Healer","floor":20,"turns":7},{"damage":37,"enemies":"Snake Plant","floor":21,"turns":6},{"damage":19,"enemies":"Snecko","floor":22,"turns":7},{"damage":34,"enemies":"Slavers","floor":23,"turns":5},{"damage":1,"enemies":"Book of Stabbing","floor":25,"turns":5},{"damage":0,"enemies":"Cultist and Chosen","floor":27,"turns":7},{"damage":12,"enemies":"Shelled Parasite and Fungi","floor":30,"turns":7},{"damage":25,"enemies":"Gremlin Leader","floor":31,"turns":8},{"damage":16,"enemies":"Collector","floor":33,"turns":12},{"damage":0,"enemies":"3 Shapes","floor":35,"turns":4},{"damage":0,"enemies":"Orb Walker","floor":36,"turns":5},{"damage":0,"enemies":"Mind Bloom Boss Battle","floor":37,"turns":5},{"damage":0,"enemies":"4 Shapes","floor":39,"turns":7},{"damage":0,"enemies":"Nemesis","floor":40,"turns":13},{"damage":0,"enemies":"Giant Head","floor":46,"turns":9},{"damage":0,"enemies":"Spire Growth","floor":47,"turns":6},{"damage":23,"enemies":"Awakened One","floor":50,"turns":11},{"damage":0,"enemies":"Shield and Spear","floor":54,"turns":6},{"damage":20,"enemies":"The Heart","floor":55,"turns":9}],"seed_played":"5494679544812909545","potions_obtained":[{"floor":2,"key":"Fruit Juice"},{"floor":5,"key":"FearPotion"},{"floor":12,"key":"Dexterity Potion"},{"floor":13,"key":"EssenceOfSteel"},{"floor":19,"key":"Block Potion"},{"floor":21,"key":"LiquidMemories"},{"floor":27,"key":"SneckoOil"},{"floor":31,"key":"Block Potion"},{"floor":36,"key":"Swift Potion"},{"floor":39,"key":"EssenceOfSteel"},{"floor":46,"key":"DistilledChaos"}],"is_trial":false,"path_per_floor":["M","M","$","?","M","E","M","E","T","M","?","M","E","?","R","B",null,"M","M","M","M","M","E","R","E","T","M","?","?","M","E","R","B",null,"M","M","?","?","M","E","R","?","T","R","$","E","M","$","R","B",null,"R","$","E","B",null],"character_chosen":"DEFECT","items_purchased":["Ball Lightning","Runic Capacitor","PowerPotion","Art of War","Capacitor+1","Turbo","Ancient Potion"],"campfire_rested":1,"item_purchase_floors":[3,3,45,45,48,48,53],"current_hp_per_floor":[71,71,71,71,69,70,76,62,62,64,64,70,63,63,63,27,80,58,64,72,45,36,12,36,35,35,45,45,45,43,28,28,37,80,80,80,80,80,80,80,80,80,80,80,77,77,77,77,77,64,77,77,77,77,57],"gold":84,"neow_bonus":"HUNDRED_GOLD","is_daily":false,"chose_seed":false,"campfire_upgraded":5,"win_rate":0.0,"timestamp":1611232436,"path_taken":["M","M","$","?","M","E","M","E","T","M","?","?","E","?","R","BOSS","M","M","M","M","M","E","R","E","T","M","?","?","M","E","R","BOSS","M","M","?","?","M","E","R","?","T","R","$","E","M","$","R","BOSS","R","$","E","BOSS"],"items_purchased_type":["Card","Relic","Potion","Relic","Card","Card","Potion"],"build_version":"2020-12-22","purchased_purges":2,"victory":true,"max_hp_per_floor":[75,75,75,75,75,80,80,80,80,80,80,80,80,80,80,80,80,80,80,80,80,80,80,80,80,80,80,80,80,80,80,80,80,80,80,80,80,80,80,80,80,80,80,80,77,77,77,77,77,77,77,77,77,77,77],"relic_stats":{"Happy Flower":[13],"counters":[31,195],"Bag of Preparation":[28],"Letter Opener":[155],"Ginger":[7],"War Paint":["Defend_B","Defend_B"],"Cursed Key":1,"Cables":[30,22,5,3,0],"Sundial":[6],"Pantograph":25,"Bronze Scales":[213],"Turnip":[2],"Black Star":6,"Art of War":[24],"obtain_stats":[{"Potion Belt":11,"Happy Flower":43,"Oddly Smooth Stone":13,"Vajra":31,"Runic Capacitor":3,"Bag of Preparation":25,"Letter Opener":8,"Ginger":23,"Frozen Egg 2":6,"War Paint":40,"Cursed Key":34,"Cables":46,"Anchor":31,"HornCleat":26,"Sundial":40,"Pantograph":23,"Bronze Scales":46,"Turnip":37,"Black Star":17,"Art of War":45,"Bottled Lightning":54,"Cracked Core":0,"Symbiotic Virus":54,"InkBottle":25},{"Potion Belt":7,"Happy Flower":26,"Oddly Smooth Stone":9,"Vajra":20,"Runic Capacitor":2,"Bag of Preparation":17,"Letter Opener":6,"Ginger":16,"Frozen Egg 2":4,"War Paint":26,"Cursed Key":21,"Cables":27,"Anchor":20,"HornCleat":17,"Sundial":26,"Pantograph":16,"Bronze Scales":27,"Turnip":24,"Black Star":10,"Art of War":26,"Bottled Lightning":30,"Cracked Core":0,"Symbiotic Virus":30,"InkBottle":17},{"Potion Belt":28,"Happy Flower":155,"Oddly Smooth Stone":38,"Vajra":109,"Runic Capacitor":7,"Bag of Preparation":87,"Letter Opener":25,"Ginger":82,"Frozen Egg 2":17,"War Paint":155,"Cursed Key":121,"Cables":164,"Anchor":109,"HornCleat":87,"Sundial":155,"Pantograph":82,"Bronze Scales":164,"Turnip":135,"Black Star":48,"Art of War":155,"Bottled Lightning":187,"Cracked Core":0,"Symbiotic Virus":187,"InkBottle":87}],"InkBottle":[31]},"card_choices":[{"not_picked":["Stack","Force Field"],"picked":"Coolheaded","floor":1},{"not_picked":["Beam Cell","Hello World"],"picked":"Coolheaded","floor":2},{"not_picked":["Hologram","Lockon"],"picked":"Barrage","floor":5},{"not_picked":["Streamline","Skim"],"picked":"Self Repair+1","floor":6},{"not_picked":["Cold Snap","Conserve Battery"],"picked":"Hologram","floor":7},{"not_picked":["Sweeping Beam","Ball Lightning"],"picked":"Core Surge","floor":8},{"not_picked":["Chaos","Barrage","Heatsinks+1"],"picked":"SKIP","floor":10},{"not_picked":["Redo","Ball Lightning"],"picked":"Tempest","floor":12},{"not_picked":["BootSequence","Steam","Rebound"],"picked":"SKIP","floor":13},{"not_picked":["Core Surge","Hyperbeam"],"picked":"Biased Cognition+1","floor":16},{"not_picked":["Beam Cell+1","Cold Snap","Force Field"],"picked":"SKIP","floor":18},{"not_picked":["Cold Snap","Rebound","Leap+1"],"picked":"SKIP","floor":19},{"not_picked":["Barrage","Conserve Battery"],"picked":"Doom and Gloom","floor":20},{"not_picked":["Sweeping Beam","Cold Snap","Rebound"],"picked":"SKIP","floor":21},{"not_picked":["Aggregate","Undo"],"picked":"Glacier","floor":22},{"not_picked":["Streamline+1","Undo"],"picked":"Creative AI+1","floor":23},{"not_picked":["Reboot","Skim"],"picked":"Auto Shields+1","floor":25},{"not_picked":["BootSequence","Storm+1","Genetic Algorithm"],"picked":"SKIP","floor":27},{"not_picked":["Leap+1","Gash"],"picked":"Consume+1","floor":30},{"not_picked":["Gash+1","Stack","Leap"],"picked":"SKIP","floor":31},{"not_picked":["Thunder Strike","Reboot"],"picked":"Buffer+1","floor":33},{"not_picked":["Consume+1","Doom and Gloom+1","Darkness"],"picked":"SKIP","floor":35},{"not_picked":["Barrage+1","Go for the Eyes","Beam Cell"],"picked":"SKIP","floor":36},{"not_picked":["Beam Cell+1","Coolheaded"],"picked":"Steam+1","floor":39},{"not_picked":["Consume+1","Redo"],"picked":"Echo Form+1","floor":40},{"not_picked":["Barrage+1","Streamline","Cold Snap+1"],"picked":"SKIP","floor":46},{"not_picked":["Rebound","Go for the Eyes","Redo+1"],"picked":"SKIP","floor":47},{"not_picked":["Chaos","Rip and Tear+1","Go for the Eyes"],"picked":"SKIP","floor":54}],"player_experience":204584,"relics_obtained":[{"floor":6,"key":"Frozen Egg 2"},{"floor":8,"key":"Letter Opener"},{"floor":11,"key":"Potion Belt"},{"floor":13,"key":"Oddly Smooth Stone"},{"floor":23,"key":"Pantograph"},{"floor":23,"key":"Ginger"},{"floor":25,"key":"InkBottle"},{"floor":25,"key":"Bag of Preparation"},{"floor":26,"key":"HornCleat"},{"floor":31,"key":"Anchor"},{"floor":31,"key":"Vajra"},{"floor":37,"key":"Turnip"},{"floor":40,"key":"Sundial"},{"floor":40,"key":"War Paint"},{"floor":43,"key":"Happy Flower"},{"floor":46,"key":"Bronze Scales"},{"floor":46,"key":"Cables"},{"floor":54,"key":"Symbiotic Virus"},{"floor":54,"key":"Bottled Lightning"}],"event_choices":[{"cards_removed":["Strike_B"],"damage_healed":0,"gold_gain":0,"player_choice":"Card Removal","damage_taken":0,"max_hp_gain":0,"max_hp_loss":0,"event_name":"The Cleric","floor":4,"gold_loss":50},{"damage_healed":0,"gold_gain":0,"player_choice":"Relic","damage_taken":0,"max_hp_gain":0,"max_hp_loss":0,"event_name":"Wheel of Change","floor":11,"gold_loss":0},{"damage_healed":0,"gold_gain":0,"cards_transformed":["Strike_B"],"player_choice":"Change","damage_taken":0,"max_hp_gain":0,"max_hp_loss":0,"event_name":"Living Wall","floor":14,"gold_loss":0,"cards_obtained":["Genetic Algorithm"]},{"damage_healed":0,"gold_gain":0,"player_choice":"Ignored","damage_taken":0,"max_hp_gain":0,"max_hp_loss":0,"event_name":"The Mausoleum","floor":28,"gold_loss":0},{"cards_removed":["Strike_B"],"damage_healed":0,"gold_gain":0,"player_choice":"Elegance","damage_taken":0,"max_hp_gain":0,"max_hp_loss":0,"event_name":"Back to Basics","floor":29,"gold_loss":0},{"damage_healed":0,"gold_gain":0,"player_choice":"Fight","damage_taken":0,"max_hp_gain":0,"max_hp_loss":0,"event_name":"MindBloom","floor":37,"gold_loss":0},{"damage_healed":0,"gold_gain":0,"player_choice":"Ignored","damage_taken":0,"max_hp_gain":0,"max_hp_loss":0,"event_name":"Tomb of Lord Red Mask","floor":38,"gold_loss":0},{"cards_removed":["Dualcast"],"damage_healed":0,"gold_gain":0,"player_choice":"Removed Skill","damage_taken":0,"max_hp_gain":0,"max_hp_loss":0,"event_name":"Falling","floor":42,"gold_loss":0}],"is_beta":false,"boss_relics":[{"not_picked":["Calling Bell","SacredBark"],"picked":"Black Star"},{"not_picked":["Astrolabe","Inserter"],"picked":"Cursed Key"}],"items_purged_floors":[45,48],"is_endless":false,"potions_floor_spawned":[2,5,12,13,19,21,27,31,36,39,46],"ascension_level":1}}