{"host":"94qggqh0xz0sp6ai","time":1611189442,"event":{"mods":["100% Spire Juice","Abigail Mod","Act Like it!","BaseMod","CapriCore","Downfall","Friendly Minions","Gensokyo","Hermit","Jorbs\u0027s Wanderer Trilogy","Koishi","Marisa（霧雨　魔理沙）","Minty Spire (QoL Compilation)","Permanent Neow","Reimu（博??梦）","StSLib","The Alterego","The Construct","The Cursed","The Hierophant","The Immortal","The Marked","The Servant 0.9.4","TheBandit","Waifu the Spire"],"gold_per_floor":[115,115,130,130,130,130,165,178,178,178,191,204,204,204,204,308,308,326,146,163,163,163],"floor_reached":21,"language":"ENG","playtime":675,"items_purged":[],"score":275,"play_id":"f2279070-2050-4631-b31d-95705b6c44cd","local_time":"20210120183722","is_ascension_mode":true,"campfire_choices":[{"data":"hermit:LoneWolf","floor":6,"key":"SMITH"},{"floor":10,"key":"REST"},{"data":"hermit:BigShot","floor":13,"key":"SMITH"},{"data":"hermit:Manifest","floor":15,"key":"SMITH"}],"circlet_count":0,"master_deck":["hermit:Strike_Hermit","hermit:Strike_Hermit","hermit:Strike_Hermit","hermit:Strike_Hermit","hermit:Defend_Hermit","hermit:Defend_Hermit","hermit:Defend_Hermit","hermit:Defend_Hermit","hermit:Snapshot","hermit:Covet","hermit:BigShot+1","hermit:Maintenance+1","hermit:Ricochet","hermit:Manifest+1","hermit:HighCaliber+1","hermit:Manifest","hermit:LoneWolf+1","PanicButton","hermit:Enervate+1","hermit:Spite","hermit:Horror","hermit:FinalCanter","hermit:Determination","hermit:Brawl","hermit:Gestalt"],"relics":["hermit:Momento","PreservedInsect","CrazyTorch:ReiMu","Bottled Tornado","Whetstone","RedLine:ReiMu","Strange Spoon"],"acts_visited":["Exordium","TheCity"],"potions_floor_usage":[],"damage_taken":[{"damage":3,"enemies":"2 Louse","floor":1,"turns":2},{"damage":10,"enemies":"Cultist","floor":3,"turns":4},{"damage":0,"enemies":"Lagavulin","floor":7,"turns":5},{"damage":14,"enemies":"Jaw Worm","floor":8,"turns":4},{"damage":6,"enemies":"Lots of Slimes","floor":11,"turns":4},{"damage":9,"enemies":"Red Slaver","floor":12,"turns":3},{"damage":10,"enemies":"Hexaghost","floor":16,"turns":10},{"damage":0,"enemies":"Spheric Guardian","floor":18,"turns":4},{"damage":43,"enemies":"3 Byrds","floor":20,"turns":6},{"damage":62,"enemies":"Cultist and Chosen","floor":21,"turns":6}],"seed_played":"6864513810396464156","potions_obtained":[{"floor":1,"key":"FairyPotion"},{"floor":12,"key":"SpeedPotion"},{"floor":20,"key":"Dexterity Potion"}],"is_trial":false,"path_per_floor":["M","?","M","?","?","R","E","M","T","R","M","M","R","?","R","B",null,"M","$","M","M"],"character_chosen":"HERMIT","items_purchased":["hermit:Brawl","Strange Spoon"],"campfire_rested":1,"item_purchase_floors":[19,19],"current_hp_per_floor":[65,65,55,37,37,37,37,23,23,45,39,30,30,30,30,20,61,61,61,18,0,0],"gold":163,"neow_bonus":"RANDOM_COMMON_RELIC","is_daily":false,"chose_seed":false,"campfire_upgraded":3,"win_rate":0.0,"timestamp":1611189442,"path_taken":["M","?","M","?","?","R","E","M","T","R","?","M","R","?","R","BOSS","M","$","M","M"],"items_purchased_type":["Card","Relic"],"build_version":"2020-12-22","purchased_purges":0,"victory":false,"max_hp_per_floor":[75,75,75,75,75,75,75,75,75,75,75,75,75,75,75,75,75,75,75,75,75,75],"card_choices":[{"not_picked":["hermit:LuckOfTheDraw","hermit:Quickdraw"],"picked":"hermit:BigShot","floor":1},{"not_picked":["hermit:Malice","hermit:Ricochet"],"picked":"hermit:LoneWolf","floor":3},{"not_picked":["hermit:TakeAim","hermit:CursedWeapon"],"picked":"hermit:Enervate","floor":7},{"not_picked":["hermit:Shortfuse","hermit:LowProfile","hermit:Midnight"],"picked":"SKIP","floor":8},{"not_picked":["hermit:HoleUp","hermit:Desperado"],"picked":"hermit:Spite","floor":11},{"not_picked":["hermit:FullyLoaded","hermit:Vantage"],"picked":"hermit:Horror","floor":12},{"not_picked":["hermit:Magnum","hermit:Reprieve"],"picked":"hermit:FinalCanter","floor":16},{"not_picked":["hermit:HighCaliber","hermit:Malice"],"picked":"hermit:Determination","floor":18},{"not_picked":["hermit:HighCaliber","hermit:Desperado"],"picked":"hermit:Gestalt","floor":20}],"player_experience":1408817,"relics_obtained":[{"floor":7,"key":"Bottled Tornado"},{"floor":9,"key":"Whetstone"}],"event_choices":[{"damage_healed":0,"gold_gain":0,"player_choice":"Success","damage_taken":18,"relics_obtained":["CrazyTorch:ReiMu"],"max_hp_gain":0,"max_hp_loss":0,"event_name":"Scrap Ooze","floor":4,"gold_loss":0},{"damage_healed":0,"gold_gain":0,"player_choice":"1 cards matched","damage_taken":0,"max_hp_gain":0,"max_hp_loss":0,"event_name":"Match and Keep!","floor":5,"gold_loss":0,"cards_obtained":["PanicButton"]},{"damage_healed":0,"gold_gain":0,"player_choice":"Upgraded","damage_taken":0,"max_hp_gain":0,"max_hp_loss":0,"event_name":"Upgrade Shrine","floor":14,"gold_loss":0,"cards_upgraded":["hermit:Maintenance"]}],"is_beta":false,"boss_relics":[{"not_picked":["Ectoplasm","construct:ClawGrip"],"picked":"RedLine:ReiMu"}],"items_purged_floors":[],"is_endless":false,"potions_floor_spawned":[1,12,20],"killed_by":"Cultist and Chosen","ascension_level":7}}