{"host":"g907ck67u7c3hrs6","time":1611191240,"event":{"mods":["BaseMod","Colored Map","DeckTracker","Highlight Path","Keyboard Shortcuts","Minty Spire (QoL Compilation)","Permanent Neow","Say the Spire","SuperFastMode"],"gold_per_floor":[114,129,144,144,159,159,174,189,214,244,244,218,218,248,248,348,348,363,378,203,218,218,248,248,278,303,303,318,318,333,348,348,448,448,463,478,493,508,523,523,553,553,578,593,623,623,653,668,668,668],"floor_reached":51,"language":"KOR","playtime":739,"items_purged":[],"score":1293,"play_id":"44b7dec8-69d6-447b-b101-e0829ed1ba67","local_time":"20210121100720","daily_mods":["Chimera","Hoarder","Binary"],"is_ascension_mode":false,"campfire_choices":[{"data":"Perfected Strike","floor":6.0,"key":"SMITH"},{"data":"Perfected Strike","floor":11.0,"key":"SMITH"},{"data":"Perfected Strike","floor":15.0,"key":"SMITH"},{"data":"Perfected Strike","floor":24.0,"key":"SMITH"},{"data":"Perfected Strike","floor":27.0,"key":"SMITH"},{"data":"Perfected Strike","floor":29.0,"key":"SMITH"},{"data":"Perfected Strike","floor":32.0,"key":"SMITH"},{"data":"Perfected Strike","floor":40,"key":"SMITH"},{"data":"Perfected Strike","floor":49,"key":"SMITH"}],"circlet_count":0,"master_deck":["Bash+1","Survivor","Zap","Eruption","Strike_R","Strike_G","Strike_B+1","Defend_R","Defend_G+1","Defend_P","Perfected Strike+1","Perfected Strike+1","Perfected Strike+1","Wild Strike","Wild Strike","Wild Strike","Twin Strike","Twin Strike","Twin Strike+1","Double Tap","Double Tap","Perfected Strike+1","Perfected Strike+1","Perfected Strike+1","Perfected Strike+1","Perfected Strike+1","Perfected Strike+1","Apotheosis","Apotheosis","Apotheosis","Wild Strike","Wild Strike","Wild Strike","Twin Strike+1","Twin Strike+1","Twin Strike+1","Pommel Strike","Pommel Strike","Pommel Strike","Perfected Strike","Perfected Strike","Perfected Strike","Pommel Strike+1","Pommel Strike+1","Pommel Strike+1"],"relics":["Burning Blood","Whetstone","Bag of Preparation","Boot","Snecko Eye","MutagenicStrength","Singing Bowl","TungstenRod","Akabeko","SlaversCollar","The Courier","Bronze Scales","Happy Flower","HornCleat"],"acts_visited":["Exordium","TheCity","TheBeyond"],"potions_floor_usage":[45,50],"damage_taken":[{"damage":1.0,"enemies":"Jaw Worm","floor":1.0,"turns":3.0},{"damage":10.0,"enemies":"Small Slimes","floor":2.0,"turns":5.0},{"damage":1.0,"enemies":"2 Louse","floor":3.0,"turns":2.0},{"damage":0.0,"enemies":"2 Fungi Beasts","floor":5.0,"turns":2.0},{"damage":16.0,"enemies":"Gremlin Gang","floor":7.0,"turns":5.0},{"damage":7.0,"enemies":"Looter","floor":8.0,"turns":3.0},{"damage":0.0,"enemies":"Gremlin Nob","floor":10.0,"turns":2.0},{"damage":9.0,"enemies":"3 Sentries","floor":14.0,"turns":3.0},{"damage":0.0,"enemies":"Slime Boss","floor":16.0,"turns":4.0},{"damage":0.0,"enemies":"3 Byrds","floor":18.0,"turns":3.0},{"damage":12.0,"enemies":"Shell Parasite","floor":19.0,"turns":2.0},{"damage":0.0,"enemies":"Snake Plant","floor":21.0,"turns":1.0},{"damage":7.0,"enemies":"Slavers","floor":23.0,"turns":2.0},{"damage":0.0,"enemies":"Gremlin Leader","floor":25.0,"turns":1.0},{"damage":0.0,"enemies":"Snecko","floor":28.0,"turns":2.0},{"damage":5.0,"enemies":"Shelled Parasite and Fungi","floor":30.0,"turns":2.0},{"damage":0.0,"enemies":"Chosen and Byrds","floor":31.0,"turns":1.0},{"damage":0,"enemies":"Collector","floor":33,"turns":2},{"damage":0,"enemies":"3 Shapes","floor":35,"turns":1},{"damage":0,"enemies":"Orb Walker","floor":36,"turns":1},{"damage":0,"enemies":"Maw","floor":37,"turns":2},{"damage":0,"enemies":"Transient","floor":38,"turns":5},{"damage":0,"enemies":"Sphere and 2 Shapes","floor":39,"turns":2},{"damage":0,"enemies":"Nemesis","floor":41,"turns":1},{"damage":0,"enemies":"Jaw Worm Horde","floor":44,"turns":2},{"damage":0,"enemies":"Reptomancer","floor":45,"turns":1},{"damage":0,"enemies":"Nemesis","floor":47,"turns":1},{"damage":0,"enemies":"Writhing Mass","floor":48,"turns":1},{"damage":0,"enemies":"Awakened One","floor":50,"turns":2}],"seed_played":"811174962971598332","potions_obtained":[{"floor":1.0,"key":"Weak Potion"},{"floor":3.0,"key":"Fire Potion"},{"floor":7.0,"key":"DistilledChaos"},{"floor":8.0,"key":"PowerPotion"},{"floor":10.0,"key":"EntropicBrew"},{"floor":21.0,"key":"Swift Potion"},{"floor":45,"key":"Block Potion"}],"is_trial":false,"path_per_floor":["M","M","M","$","M","R","M","M","T","E","R","$","?","E","R","B",null,"M","M","$","M","?","E","R","E","T","R","M","R","M","M","R","B",null,"M","M","M","M","M","R","E","?","T","M","E","?","E","M","R","B",null],"character_chosen":"IRONCLAD","items_purchased":["Perfected Strike","Apotheosis"],"campfire_rested":0,"item_purchase_floors":[12,20],"current_hp_per_floor":[80,76,80,80,80,80,70,69,69,75,75,75,59,56,56,62,80,80,74,74,80,80,81,81,82,82,82,82,82,84,86,86,88,88,90,90,92,94,96,96,98,98,98,100,102,102,104,104,104,104],"gold":668,"neow_bonus":"","is_daily":true,"chose_seed":false,"campfire_upgraded":9,"win_rate":0.0,"timestamp":1611191240,"path_taken":["M","M","M","$","M","R","M","M","T","E","R","$","?","E","R","BOSS","M","M","$","M","?","E","R","E","T","R","M","R","M","M","R","BOSS","M","M","M","M","M","R","E","?","T","M","E","?","E","M","R","BOSS"],"items_purchased_type":["Card","Card"],"build_version":"2020-12-22","purchased_purges":0,"victory":true,"max_hp_per_floor":[80,80,80,80,80,80,80,80,80,80,80,80,80,80,80,80,80,80,80,80,80,80,82,82,82,82,82,82,82,84,86,86,88,88,90,90,92,94,96,96,98,98,98,100,102,102,104,104,104,104],"card_choices":[{"not_picked":["Burning Pact","Whirlwind"],"picked":"SKIP","floor":1.0},{"not_picked":["Anger"],"picked":"Perfected Strike","floor":2.0},{"not_picked":["Heavy Blade"],"picked":"Wild Strike","floor":3.0},{"not_picked":["Spot Weakness"],"picked":"Twin Strike","floor":5.0},{"not_picked":["Body Slam","Heavy Blade"],"picked":"SKIP","floor":7.0},{"not_picked":["Headbutt","Iron Wave"],"picked":"SKIP","floor":8.0},{"not_picked":["Clash"],"picked":"Double Tap","floor":10.0},{"not_picked":["Anger","Searing Blow"],"picked":"SKIP","floor":14.0},{"not_picked":["Clothesline","Hemokinesis"],"picked":"SKIP","floor":18.0},{"not_picked":["Iron Wave"],"picked":"Perfected Strike","floor":19.0},{"not_picked":["Shrug It Off"],"picked":"Wild Strike","floor":21.0},{"not_picked":["Fire Breathing","Flame Barrier"],"picked":"Singing Bowl","floor":23.0},{"not_picked":["Thunderclap+1"],"picked":"Twin Strike+1","floor":25.0},{"not_picked":["Carnage+1"],"picked":"Pommel Strike","floor":28.0},{"not_picked":["Anger+1","Fiend Fire"],"picked":"Singing Bowl","floor":30.0},{"not_picked":["Havoc+1","Entrench"],"picked":"Singing Bowl","floor":31.0},{"not_picked":["Reaper","Exhume"],"picked":"Singing Bowl","floor":33},{"not_picked":["Sword Boomerang+1","Thunderclap+1"],"picked":"Singing Bowl","floor":35},{"not_picked":["Burning Pact"],"picked":"Perfected Strike","floor":36},{"not_picked":["Shockwave","Clash"],"picked":"Singing Bowl","floor":37},{"not_picked":["Flame Barrier+1","Headbutt+1"],"picked":"Singing Bowl","floor":38},{"not_picked":["True Grit+1","Shrug It Off"],"picked":"Singing Bowl","floor":39},{"not_picked":["Berserk","True Grit+1"],"picked":"Singing Bowl","floor":41},{"not_picked":["Burning Pact+1","Heavy Blade+1"],"picked":"Singing Bowl","floor":44},{"not_picked":["Double Tap","Rampage+1"],"picked":"Singing Bowl","floor":45},{"not_picked":["Infernal Blade","Second Wind"],"picked":"Singing Bowl","floor":47},{"not_picked":["Dropkick+1"],"picked":"Pommel Strike+1","floor":48}],"player_experience":221411,"relics_obtained":[{"floor":9.0,"key":"Whetstone"},{"floor":10.0,"key":"Bag of Preparation"},{"floor":14.0,"key":"Boot"},{"floor":23.0,"key":"Singing Bowl"},{"floor":25.0,"key":"TungstenRod"},{"floor":26.0,"key":"Akabeko"},{"floor":41,"key":"The Courier"},{"floor":43,"key":"Bronze Scales"},{"floor":45,"key":"Happy Flower"},{"floor":47,"key":"HornCleat"}],"event_choices":[{"damage_healed":0.0,"max_hp_gain":0.0,"max_hp_loss":0.0,"gold_gain":0.0,"event_name":"Shining Light","player_choice":"Entered Light","floor":13.0,"gold_loss":0.0,"damage_taken":16.0,"cards_upgraded":["Strike_B","Defend_G"]},{"damage_healed":0.0,"max_hp_gain":0.0,"max_hp_loss":0.0,"gold_gain":0.0,"event_name":"Drug Dealer","player_choice":"Inject Mutagens","floor":22.0,"gold_loss":0.0,"damage_taken":0.0,"relics_obtained":["MutagenicStrength"]},{"damage_healed":0,"gold_gain":0,"player_choice":"Ignored","damage_taken":0,"max_hp_gain":0,"max_hp_loss":0,"event_name":"Tomb of Lord Red Mask","floor":42,"gold_loss":0},{"cards_removed":["Double Tap"],"damage_healed":0,"gold_gain":0,"player_choice":"Removed Skill","damage_taken":0,"max_hp_gain":0,"max_hp_loss":0,"event_name":"Falling","floor":46,"gold_loss":0}],"is_beta":false,"boss_relics":[{"not_picked":["SacredBark","Sozu"],"picked":"Snecko Eye"},{"not_picked":["Runic Cube","Tiny House"],"picked":"SlaversCollar"}],"items_purged_floors":[],"is_endless":false,"potions_floor_spawned":[1,3,7,8,10,21,23,30,33,36,37,45,47],"ascension_level":0}}