{"host":"sc0o2qwpf9j16a4i","time":1611252531,"event":{"mods":["AchievementEnabler","BaseMod","BetterRewards","Block Reminder","Colored Map","Colored Powertips","Custom Start","Highlight Path","Minty Spire (QoL Compilation)","Relic Stats"],"gold_per_floor":[117,192,2,21,21,49,69,82,82,96,96,128,128,128,128,207,207,220,220,231,261,275,275,301,315,315,315,328,358,370,395,395,474,474,494,494,188,213,213,213,238,255,301,312,337,337,371,391,391,391,391,391,391,22,47,47],"floor_reached":57,"language":"ENG","playtime":3135,"items_purged":["Hemokinesis"],"score":3320,"play_id":"f1fc7daf-3ba9-4afb-9148-cd0b4201e466","local_time":"20210121200851","is_ascension_mode":true,"campfire_choices":[{"floor":11,"key":"REST"},{"data":"Armaments","floor":13,"key":"SMITH"},{"floor":15,"key":"REST"},{"data":"True Grit","floor":23,"key":"SMITH"},{"floor":32,"key":"REST"},{"floor":40,"key":"RECALL"},{"floor":46,"key":"REST"},{"floor":49,"key":"REST"},{"floor":53,"key":"REST"}],"circlet_count":0,"master_deck":["AscendersBane","Bash","Cleave","Warcry","Bludgeon","Impervious","True Grit+1","Barricade","Bloodletting","Clothesline","Iron Wave","Armaments+1","Ghostly Armor","Shrug It Off","Impervious","Seeing Red","Flame Barrier","Dual Wield","Body Slam","Shrug It Off","Flame Barrier","Shrug It Off","Spot Weakness","Seeing Red+1","Corruption","Dark Embrace","Chrysalis","Discovery","Discovery","Apotheosis","Burning Pact","Exhume","True Grit","True Grit+1","Rupture","Metallicize","Feel No Pain","Havoc"],"relics":["Pandora\u0027s Box","Membership Card","Sundial","Ancient Tea Set","The Courier","Bag of Marbles","Snecko Eye","Red Mask","Red Skull","Molten Egg 2","Pear","Calipers","Orichalcum","Sozu","PreservedInsect","Art of War","Vajra","Torii","Bottled Lightning","Juzu Bracelet","HornCleat","Bird Faced Urn","Oddly Smooth Stone","Frozen Eye","Ornamental Fan"],"acts_visited":["Exordium","TheCity","TheBeyond","TheEnding"],"potions_floor_usage":[8,12,21,29,29,48,56],"damage_taken":[{"damage":4,"enemies":"Small Slimes","floor":1,"turns":3},{"damage":9,"enemies":"2 Louse","floor":4,"turns":3},{"damage":6,"enemies":"Lagavulin","floor":6,"turns":5},{"damage":0,"enemies":"Cultist","floor":7,"turns":2},{"damage":15,"enemies":"Gremlin Gang","floor":8,"turns":3},{"damage":5,"enemies":"Looter","floor":10,"turns":3},{"damage":8,"enemies":"Gremlin Nob","floor":12,"turns":3},{"damage":30,"enemies":"The Guardian","floor":16,"turns":15},{"damage":3,"enemies":"2 Thieves","floor":18,"turns":3},{"damage":0,"enemies":"Spheric Guardian","floor":20,"turns":4},{"damage":0,"enemies":"Masked Bandits","floor":21,"turns":3},{"damage":0,"enemies":"Centurion and Healer","floor":22,"turns":6},{"damage":0,"enemies":"Gremlin Leader","floor":24,"turns":6},{"damage":0,"enemies":"Chosen and Byrds","floor":25,"turns":4},{"damage":3,"enemies":"Snecko","floor":28,"turns":5},{"damage":0,"enemies":"Book of Stabbing","floor":29,"turns":4},{"damage":0,"enemies":"Sentry and Sphere","floor":30,"turns":5},{"damage":23,"enemies":"Gremlin Leader","floor":31,"turns":10},{"damage":0,"enemies":"Champ","floor":33,"turns":8},{"damage":0,"enemies":"Orb Walker","floor":35,"turns":3},{"damage":0,"enemies":"Mind Bloom Boss Battle","floor":38,"turns":3},{"damage":14,"enemies":"Giant Head","floor":41,"turns":5},{"damage":3,"enemies":"3 Shapes","floor":42,"turns":2},{"damage":0,"enemies":"Writhing Mass","floor":44,"turns":3},{"damage":1,"enemies":"Nemesis","floor":45,"turns":3},{"damage":0,"enemies":"Giant Head","floor":47,"turns":4},{"damage":0,"enemies":"4 Shapes","floor":48,"turns":3},{"damage":0,"enemies":"Donu and Deca","floor":50,"turns":5},{"damage":36,"enemies":"Time Eater","floor":51,"turns":16},{"damage":4,"enemies":"Shield and Spear","floor":55,"turns":4},{"damage":59,"enemies":"The Heart","floor":56,"turns":7}],"seed_played":"2559838933723338728","potions_obtained":[{"floor":7,"key":"Ancient Potion"},{"floor":8,"key":"ElixirPotion"},{"floor":16,"key":"DistilledChaos"},{"floor":20,"key":"AttackPotion"},{"floor":21,"key":"LiquidMemories"},{"floor":31,"key":"EssenceOfSteel"},{"floor":33,"key":"LiquidBronze"}],"is_trial":false,"path_per_floor":["M","?","$","M","?","E","M","M","T","M","R","E","R","?","R","B",null,"M","?","M","?","M","R","E","M","T","T","M","E","M","E","R","B",null,"M","?","$","?","?","R","E","M","T","M","E","R","E","M","R","B","B",null,"R","$","E","B",null],"character_chosen":"IRONCLAD","items_purchased":["Membership Card","Fire Potion","Apotheosis","PreservedInsect","Art of War","Vajra","Rupture","Metallicize","Feel No Pain","Bird Faced Urn","Oddly Smooth Stone","Frozen Eye","Havoc"],"campfire_rested":6,"item_purchase_floors":[3,3,37,37,37,37,54,54,54,54,54,54,54],"current_hp_per_floor":[64,53,53,44,44,38,38,23,23,18,40,32,32,21,43,13,60,57,57,57,57,57,57,57,57,57,67,64,64,64,41,66,66,80,80,70,70,70,70,70,56,53,53,53,52,77,77,77,85,85,49,76,85,85,82,34],"gold":47,"neow_bonus":"BOSS_RELIC","is_daily":false,"chose_seed":false,"campfire_upgraded":2,"win_rate":0.0,"timestamp":1611252531,"path_taken":["M","?","$","M","?","E","M","?","T","?","R","E","R","?","R","BOSS","M","?","M","?","M","R","E","M","T","?","M","E","?","E","R","BOSS","M","?","$","?","?","R","E","M","T","M","E","R","E","M","R","BOSS","BOSS","R","$","E","BOSS"],"items_purchased_type":["Relic","Potion","Card","Relic","Relic","Relic","Card","Card","Card","Relic","Relic","Relic","Card"],"build_version":"2020-12-22","purchased_purges":1,"victory":true,"max_hp_per_floor":[75,75,75,75,75,75,75,75,75,75,75,75,75,75,75,75,75,75,75,75,75,75,75,75,75,75,85,85,85,85,85,85,85,85,85,85,85,85,85,85,85,85,85,85,85,85,85,85,85,85,85,85,85,85,85,85],"relic_stats":{"Torii":4,"counters":[31,153],"PreservedInsect":400,"Juzu Bracelet":0,"Orichalcum":[0],"Sozu":3,"Sundial":[36],"Ornamental Fan":[16],"Bird Faced Urn":[12],"Snecko Eye":[261,247,310,286],"Pandora\u0027s Box":["Hemokinesis","Fire Breathing","Cleave","Warcry","Bludgeon","Impervious","True Grit","Barricade","Corruption"],"Art of War":[24],"obtain_stats":[{"Calipers":29,"Torii":38,"Vajra":37,"Juzu Bracelet":45,"Ancient Tea Set":6,"Burning Blood":0,"Sozu":34,"Frozen Eye":54,"HornCleat":47,"Sundial":5,"Red Mask":21,"Red Skull":24,"Pear":27,"Oddly Smooth Stone":54,"The Courier":9,"PreservedInsect":37,"Orichalcum":31,"Ornamental Fan":55,"Bird Faced Urn":54,"Snecko Eye":17,"Pandora\u0027s Box":0,"Molten Egg 2":26,"Bag of Marbles":12,"Art of War":37,"Membership Card":3,"Bottled Lightning":41},{"Calipers":16,"Torii":21,"Vajra":20,"Juzu Bracelet":25,"Ancient Tea Set":3,"Burning Blood":0,"Sozu":19,"Frozen Eye":29,"HornCleat":26,"Sundial":2,"Red Mask":11,"Red Skull":13,"Pear":14,"Oddly Smooth Stone":29,"The Courier":5,"PreservedInsect":20,"Orichalcum":18,"Ornamental Fan":30,"Bird Faced Urn":29,"Snecko Eye":8,"Pandora\u0027s Box":0,"Molten Egg 2":14,"Bag of Marbles":7,"Art of War":20,"Membership Card":1,"Bottled Lightning":22},{"Calipers":72,"Torii":101,"Vajra":98,"Juzu Bracelet":114,"Ancient Tea Set":11,"Burning Blood":0,"Sozu":95,"Frozen Eye":142,"HornCleat":118,"Sundial":6,"Red Mask":47,"Red Skull":59,"Pear":63,"Oddly Smooth Stone":142,"The Courier":16,"PreservedInsect":98,"Orichalcum":87,"Ornamental Fan":146,"Bird Faced Urn":142,"Snecko Eye":37,"Pandora\u0027s Box":0,"Molten Egg 2":63,"Bag of Marbles":22,"Art of War":98,"Membership Card":3,"Bottled Lightning":106}]},"card_choices":[{"not_picked":["Perfected Strike","Cleave"],"picked":"Bloodletting","floor":1},{"not_picked":["Flex","Clash"],"picked":"Clothesline","floor":4},{"not_picked":["Immolate","Reckless Charge"],"picked":"Iron Wave","floor":6},{"not_picked":["Headbutt","Cleave"],"picked":"Armaments","floor":7},{"not_picked":["Reckless Charge","Clothesline"],"picked":"Ghostly Armor","floor":8},{"not_picked":["Warcry","Reckless Charge"],"picked":"Shrug It Off","floor":10},{"not_picked":["Twin Strike","Rage","Perfected Strike"],"picked":"SKIP","floor":12},{"not_picked":["Offering","Barricade"],"picked":"Impervious","floor":16},{"not_picked":["Cleave+1","Warcry","Anger"],"picked":"SKIP","floor":18},{"not_picked":["Pommel Strike+1","Sword Boomerang"],"picked":"Seeing Red","floor":20},{"not_picked":["Whirlwind","Flex"],"picked":"Flame Barrier","floor":21},{"not_picked":["Cleave","Headbutt"],"picked":"Dual Wield","floor":22},{"not_picked":["Twin Strike","Burning Pact"],"picked":"Body Slam","floor":24},{"not_picked":["Brutality","Heavy Blade+1"],"picked":"Shrug It Off","floor":25},{"not_picked":["Twin Strike+1","Sever Soul+1"],"picked":"Flame Barrier","floor":28},{"not_picked":["Infernal Blade","Warcry"],"picked":"Shrug It Off","floor":29},{"not_picked":["Cleave+1","Perfected Strike+1"],"picked":"Spot Weakness","floor":30},{"not_picked":["True Grit","Clash+1"],"picked":"Seeing Red+1","floor":31},{"not_picked":["Brutality","Demon Form"],"picked":"Corruption","floor":33},{"not_picked":["Evolve","Wild Strike+1"],"picked":"Dark Embrace","floor":35},{"not_picked":["Swift Strike+1","Trip"],"picked":"Chrysalis","floor":36},{"not_picked":["Violence","Master of Strategy"],"picked":"Discovery","floor":36},{"not_picked":["Mind Blast+1","Blind"],"picked":"Discovery","floor":36},{"not_picked":["Clash+1","Clothesline+1"],"picked":"Burning Pact","floor":41},{"not_picked":["Clothesline+1","Warcry","Dark Embrace+1"],"picked":"SKIP","floor":42},{"not_picked":["Whirlwind+1","Dual Wield"],"picked":"Exhume","floor":44},{"not_picked":["Armaments","Anger+1"],"picked":"True Grit","floor":45},{"not_picked":["Armaments","Rupture+1","Dropkick+1"],"picked":"SKIP","floor":47},{"not_picked":["Clothesline+1","Thunderclap+1"],"picked":"True Grit+1","floor":48},{"not_picked":["Feed+1","Ghostly Armor","Cleave+1"],"picked":"SKIP","floor":55}],"player_experience":849770,"relics_obtained":[{"floor":6,"key":"Ancient Tea Set"},{"floor":9,"key":"The Courier"},{"floor":12,"key":"Bag of Marbles"},{"floor":21,"key":"Red Mask"},{"floor":24,"key":"Red Skull"},{"floor":26,"key":"Molten Egg 2"},{"floor":27,"key":"Pear"},{"floor":29,"key":"Calipers"},{"floor":31,"key":"Orichalcum"},{"floor":38,"key":"Torii"},{"floor":41,"key":"Bottled Lightning"},{"floor":45,"key":"Juzu Bracelet"},{"floor":47,"key":"HornCleat"},{"floor":55,"key":"Ornamental Fan"}],"event_choices":[{"damage_healed":0,"gold_gain":75,"player_choice":"Gather Gold","damage_taken":11,"max_hp_gain":0,"max_hp_loss":0,"event_name":"World of Goop","floor":2,"gold_loss":0},{"cards_removed":["Corruption"],"damage_healed":0,"gold_gain":0,"player_choice":"Gave Card","damage_taken":0,"relics_obtained":["Sundial"],"max_hp_gain":0,"max_hp_loss":0,"event_name":"WeMeetAgain","floor":5,"gold_loss":0},{"damage_healed":0,"gold_gain":0,"player_choice":"Damaged","damage_taken":11,"max_hp_gain":0,"max_hp_loss":0,"event_name":"Wheel of Change","floor":14,"gold_loss":0},{"damage_healed":0,"gold_gain":0,"player_choice":"Ignored","damage_taken":0,"max_hp_gain":0,"max_hp_loss":0,"event_name":"Vampires","floor":19,"gold_loss":0},{"damage_healed":0,"gold_gain":0,"player_choice":"Fought Bandits","damage_taken":0,"max_hp_gain":0,"max_hp_loss":0,"event_name":"Masked Bandits","floor":21,"gold_loss":0},{"damage_healed":0,"gold_gain":0,"player_choice":"Memory 3","damage_taken":10,"max_hp_gain":0,"max_hp_loss":0,"event_name":"SensoryStone","floor":36,"gold_loss":0},{"damage_healed":0,"gold_gain":0,"player_choice":"Fight","damage_taken":0,"max_hp_gain":0,"max_hp_loss":0,"event_name":"MindBloom","floor":38,"gold_loss":0},{"cards_removed":["Fire Breathing"],"damage_healed":0,"gold_gain":0,"player_choice":"Purged","damage_taken":0,"max_hp_gain":0,"max_hp_loss":0,"event_name":"Purifier","floor":39,"gold_loss":0}],"is_beta":false,"boss_relics":[{"not_picked":["Mark of Pain","Empty Cage"],"picked":"Snecko Eye"},{"not_picked":["Fusion Hammer","Cursed Key"],"picked":"Sozu"}],"items_purged_floors":[37],"is_endless":false,"potions_floor_spawned":[7,8,16,20,21,25,31,33,35,44,47],"ascension_level":20}}