{"host":"ftwnpa9ceeptmrn1","time":1611209240,"event":{"mods":["Aspiration","BaseMod","Colored Map","Colored Powertips","Conspire","Downfall","Hubris","Infinite Spire","Minty Spire (QoL Compilation)","Relic Stats","StSLib","Waifu the Spire","vexMod"],"gold_per_floor":[116,266,341,7,22,22,38,38,38,38,69,83,94,106,106,182,182,193,193,61,74,94,127,158,158,158,158,39,69,95,115,115,187,187,197,197,197,197,197,197,197,224,224,224,61,91,110,110,188,262,262,270,274,274,274,274,274,286,313,313,313,313,127,127,127,169,169,164,164,164,164,164,164,164,66,66,66,66,66,66,66,66,99,99,106,106,381,419,419,419,419,419,444,434,434,434,434,351,351,331,335,335,335,48,30,73],"floor_reached":109,"language":"ENG","playtime":10835,"items_purged":["Doubt","Pain","Coolheaded","Stack","Coolheaded","hubris:SpecializedCircuitry+1"],"score":7064,"play_id":"9240c76d-07d7-4dfb-89ec-943eee99a894","local_time":"20210121000720","daily_mods":["Draft","Vintage","Heirloom","Flight"],"is_ascension_mode":true,"campfire_choices":[{"data":"Capacitor","floor":6,"key":"SMITH"},{"data":"Consume","floor":8,"key":"SMITH"},{"data":"Loop","floor":10,"key":"SMITH"},{"data":"Consume","floor":15,"key":"SMITH"},{"data":"Electrodynamics","floor":25,"key":"SMITH"},{"data":"Aggregate","floor":32,"key":"SMITH"},{"floor":40,"key":"REST"},{"data":"Madness","floor":40,"key":"SMITH"},{"data":"Madness","floor":41,"key":"SMITH"},{"data":"Redo","floor":42,"key":"SMITH"},{"data":"Capacitor","floor":44,"key":"SMITH"},{"data":"Beam Cell","floor":49,"key":"SMITH"},{"data":"1","floor":58,"key":"LIFT"},{"data":"2","floor":59,"key":"LIFT"},{"data":"3","floor":62,"key":"LIFT"},{"data":"Recycle","floor":63,"key":"SMITH"},{"data":"Amplify","floor":67,"key":"SMITH"},{"floor":75,"key":"REST"},{"data":"hubris:SpecializedCircuitry","floor":75,"key":"SMITH"},{"data":"Heatsinks","floor":76,"key":"SMITH"},{"data":"Hologram","floor":79,"key":"SMITH"},{"data":"Defragment","floor":82,"key":"SMITH"},{"data":"Go for the Eyes","floor":84,"key":"SMITH"},{"data":"Madness","floor":92,"key":"SMITH"},{"data":"Buffer","floor":93,"key":"SMITH"},{"floor":94,"key":"REST"},{"data":"Self Repair","floor":94,"key":"SMITH"},{"data":"conspire:SharedLibrary","floor":101,"key":"SMITH"},{"data":"Seek","floor":105,"key":"SMITH"}],"circlet_count":0,"master_deck":["AscendersBane","Go for the Eyes+1","Beam Cell+1","Cold Snap","Loop+1","Self Repair+1","Ball Lightning","Aggregate+1","Glacier","Consume+1","Electrodynamics+1","hubris:DuctTapeCard","Redo+1","Heatsinks+1","Sweeping Beam+1","Doom and Gloom+1","Capacitor+1","Gash+1","Core Surge+1","Madness+1","Madness+1","Core Surge+1","Seek+1","Recycle+1","Amplify+1","Hologram+1","Defragment+1","Buffer+1","Madness+1","Madness+1","infinitespire:UltimateForm+1","Turbo+1","conspire:Rain+1","conspire:SharedLibrary+1","Thunder Strike+1","Seek+1","Meteor Strike+1","Creative AI"],"relics":["Unceasing Top","Peace Pipe","aspiration:Lifesprig","aspiration:HatOfInfinitePower","Molten Egg 2","Happy Flower","bronze:DecasWashers","vexMod:FocusSash","infinitespire:SolderingIron","Nunchaku","Girya","Runic Pyramid","hubris:DuctTape","infinitespire:Magic Flask","Empty Cage","infinitespire:Freezer","Boot","hubris:Teleporter","infinitespire:ShieldingShard","DataDisk","WarpedTongs","Guardian:GemstoneGun","conspire:TopHat","sneckomod:SneckoTalon","Bronze Scales","hubris:Towel","Bag of Preparation","hubris:SlimyHat","OrangePellets","Kunai","Gremlin Horn","hubris:Stopwatch","Thread and Needle","Juzu Bracelet","infinitespire:Satchel","MealTicket","hubris:BallOfYels","hubris:Icosahedron","Nuclear Battery","Omamori","Slimebound:PreparedRelic","aspiration:RitualStick","conspire:Dentures","Nloth\u0027s Gift","aspiration:RunicSpoon","aspiration:FaultyCoupler","Ice Cream","vexMod:PaidLearning","Lantern","Mercury Hourglass","Philosopher\u0027s Stone","Sundial","Bag of Marbles"],"acts_visited":["Exordium","TheCity","TheBeyond","Exordium","TheCity","TheBeyond","TheEnding"],"potions_floor_usage":[],"damage_taken":[{"damage":1,"enemies":"Jaw Worm","floor":1,"turns":7},{"damage":2,"enemies":"2 Louse","floor":5,"turns":4},{"damage":2,"enemies":"Small Slimes","floor":7,"turns":5},{"damage":33,"enemies":"Gremlin Nob","floor":11,"turns":6},{"damage":12,"enemies":"Gremlin Gang","floor":12,"turns":6},{"damage":0,"enemies":"2 Fungi Beasts","floor":13,"turns":5},{"damage":5,"enemies":"3 Louse","floor":14,"turns":7},{"damage":0,"enemies":"The Guardian","floor":16,"turns":11},{"damage":0,"enemies":"3 Byrds","floor":18,"turns":4},{"damage":2,"enemies":"Shell Parasite","floor":21,"turns":5},{"damage":0,"enemies":"3 Cultists","floor":22,"turns":3},{"damage":22,"enemies":"Gremlin Leader","floor":23,"turns":4},{"damage":0,"enemies":"conspire:SneckoGhost","floor":24,"turns":5},{"damage":0,"enemies":"Nightmare","floor":29,"turns":6},{"damage":0,"enemies":"Gremlin Leader","floor":30,"turns":4},{"damage":0,"enemies":"Centurion and Healer","floor":31,"turns":3},{"damage":0,"enemies":"Champ","floor":33,"turns":6},{"damage":0,"enemies":"3 Darklings","floor":35,"turns":2},{"damage":0,"enemies":"Reptomancer","floor":47,"turns":4},{"damage":0,"enemies":"3 Shapes","floor":48,"turns":3},{"damage":0,"enemies":"hubris:GrandSnecko","floor":50,"turns":7},{"damage":0,"enemies":"infinitespire:MassOfShapes","floor":51,"turns":7},{"damage":0,"enemies":"Cultist","floor":53,"turns":3},{"damage":0,"enemies":"Small Slimes","floor":54,"turns":2},{"damage":0,"enemies":"3 Sentries","floor":60,"turns":2},{"damage":0,"enemies":"The Guardian","floor":68,"turns":5},{"damage":0,"enemies":"Shell Parasite","floor":70,"turns":1},{"damage":6,"enemies":"Champ","floor":85,"turns":4},{"damage":0,"enemies":"3 Darklings","floor":87,"turns":2},{"damage":0,"enemies":"infinitespire:Three Voidlings","floor":90,"turns":1},{"damage":0,"enemies":"Nightmare_Alpha","floor":90,"turns":5},{"damage":0,"enemies":"conspire:MimicChest","floor":96,"turns":3},{"damage":19,"enemies":"infinitespire:MassOfShapes","floor":102,"turns":5},{"damage":0,"enemies":"Time Eater","floor":103,"turns":6},{"damage":0,"enemies":"Shield and Spear","floor":107,"turns":1},{"damage":65,"enemies":"The Heart","floor":108,"turns":8}],"seed_played":"-6709346311490286971","potions_obtained":[{"floor":5,"key":"Ancient Potion"},{"floor":12,"key":"sneckomod:MuddlingPotion"},{"floor":18,"key":"BlessingOfTheForge"},{"floor":48,"key":"FairyPotion"}],"is_trial":true,"path_per_floor":["M","?","?","$","M","R","M","R","T","R","E","M","M","M","R","B",null,"M","AVR","$","M","M","E","E","R","T","?","$","NM","E","M","R","B",null,"M","?","?","?","R","R","R","T","R","?","$","E","M","R","B","B",null,"M","M","AVR","?","R","R","E","T","R","R","?","$","?","R","B",null,"M","$","?","AVR","?","R","R","$","T","R","?","?","R","$","R","B",null,"M","?","?","?","AVR","R","R","R","T","?","?","?","?","$","R","B","B",null,"R","$","E","B",null],"character_chosen":"DEFECT","items_purchased":["aspiration:HatOfInfinitePower","Redo","Heatsinks","Doom and Gloom+1","OrangePellets","Amplify","Hologram","Defragment","conspire:SharedLibrary","Sundial"],"campfire_rested":3,"item_purchase_floors":[4,20,20,28,46,65,77,77,100,106],"current_hp_per_floor":[70,70,59,59,64,64,69,69,69,69,43,38,45,47,47,54,67,71,71,71,71,71,56,63,63,63,63,63,70,71,71,71,71,71,71,54,41,41,62,62,62,62,62,62,62,69,71,71,71,71,71,71,71,71,71,71,71,71,71,71,71,71,71,71,71,71,71,71,71,71,71,53,71,71,71,71,71,71,71,71,71,71,71,71,71,58,58,65,65,65,65,71,71,71,71,67,67,71,71,62,71,71,71,71,71,16],"gold":73,"neow_bonus":"","is_daily":false,"chose_seed":false,"campfire_upgraded":23,"win_rate":0.0,"timestamp":1611209240,"path_taken":["M","?","?","$","M","R","M","R","T","R","E","M","M","M","R","BOSS","M","AVR","$","M","M","E","E","R","T","?","$","NM","E","?","R","BOSS","M","?","?","?","R","R","R","T","R","?","$","E","?","R","BOSS","BOSS","M","?","AVR","?","R","R","E","T","R","R","?","$","?","R","BOSS","M","$","?","AVR","?","R","R","?","T","R","?","?","R","?","R","BOSS","M","?","?","?","AVR","R","R","R","T","?","?","?","?","?","R","BOSS","BOSS","R","$","E","BOSS"],"items_purchased_type":["Relic","Card","Card","Card","Relic","Card","Card","Card","Card","Relic"],"build_version":"2020-12-22","purchased_purges":6,"victory":true,"max_hp_per_floor":[71,71,71,71,71,71,71,71,71,71,71,71,71,71,71,71,71,71,71,71,71,71,71,71,71,71,71,71,71,71,71,71,71,71,71,71,71,71,71,71,71,71,71,71,71,71,71,71,71,71,71,71,71,71,71,71,71,71,71,71,71,71,71,71,71,71,71,71,71,71,71,71,71,71,71,71,71,71,71,71,71,71,71,71,71,71,71,71,71,71,71,71,71,71,71,71,71,71,71,71,71,71,71,71,71,71],"relic_stats":{"Happy Flower":[48],"Gremlin Horn":[28,28],"counters":[36,157],"aspiration:RunicSpoon":[128],"Bag of Preparation":[36],"Juzu Bracelet":4,"Boot":[58],"aspiration:RitualStick":[0],"WarpedTongs":[69],"Mercury Hourglass":[63],"Peace Pipe":0,"OrangePellets":[5],"Nunchaku":[27],"Sundial":[0],"Bronze Scales":[187],"MealTicket":4,"Nloth\u0027s Gift":4,"Kunai":[39],"obtain_stats":[{"Ice Cream":90,"hubris:BallOfYels":61,"Gremlin Horn":48,"Boot":22,"aspiration:RitualStick":74,"infinitespire:SolderingIron":12,"infinitespire:ShieldingShard":24,"Sundial":106,"MealTicket":60,"Philosopher\u0027s Stone":104,"Kunai":47,"aspiration:FaultyCoupler":87,"conspire:Dentures":78,"Girya":14,"hubris:Teleporter":23,"Happy Flower":7,"hubris:DuctTape":18,"vexMod:PaidLearning":91,"infinitespire:Magic Flask":19,"sneckomod:SneckoTalon":34,"WarpedTongs":27,"OrangePellets":46,"Bronze Scales":35,"Molten Egg 2":5,"Slimebound:PreparedRelic":73,"Nloth\u0027s Gift":81,"aspiration:HatOfInfinitePower":4,"Unceasing Top":0,"aspiration:Lifesprig":1,"Lantern":95,"Bag of Preparation":43,"hubris:SlimyHat":45,"Juzu Bracelet":54,"Empty Cage":19,"conspire:TopHat":30,"Nunchaku":13,"hubris:Icosahedron":66,"hubris:Stopwatch":52,"Runic Pyramid":17,"bronze:DecasWashers":9,"Guardian:GemstoneGun":29,"aspiration:RunicSpoon":86,"Thread and Needle":53,"Omamori":70,"vexMod:FocusSash":11,"Orichalcum":31,"hubris:Towel":39,"Nuclear Battery":69,"Mercury Hourglass":96,"Peace Pipe":0,"DataDisk":26,"infinitespire:Satchel":55,"Bag of Marbles":107,"infinitespire:Freezer":21},{"Ice Cream":31,"hubris:BallOfYels":25,"Gremlin Horn":20,"Boot":11,"aspiration:RitualStick":27,"infinitespire:SolderingIron":5,"infinitespire:ShieldingShard":13,"Sundial":34,"MealTicket":25,"Philosopher\u0027s Stone":34,"Kunai":19,"aspiration:FaultyCoupler":29,"conspire:Dentures":27,"Girya":7,"hubris:Teleporter":12,"Happy Flower":3,"hubris:DuctTape":9,"vexMod:PaidLearning":31,"infinitespire:Magic Flask":9,"sneckomod:SneckoTalon":17,"WarpedTongs":13,"OrangePellets":18,"Bronze Scales":18,"Molten Egg 2":2,"Slimebound:PreparedRelic":27,"Nloth\u0027s Gift":27,"aspiration:HatOfInfinitePower":1,"Unceasing Top":0,"aspiration:Lifesprig":1,"Lantern":31,"Bag of Preparation":18,"hubris:SlimyHat":18,"Juzu Bracelet":24,"Empty Cage":9,"conspire:TopHat":15,"Nunchaku":6,"hubris:Icosahedron":25,"hubris:Stopwatch":22,"Runic Pyramid":8,"bronze:DecasWashers":3,"Guardian:GemstoneGun":14,"aspiration:RunicSpoon":28,"Thread and Needle":23,"Omamori":27,"vexMod:FocusSash":4,"Orichalcum":16,"hubris:Towel":18,"Nuclear Battery":26,"Mercury Hourglass":32,"Peace Pipe":0,"DataDisk":13,"infinitespire:Satchel":24,"Bag of Marbles":35,"infinitespire:Freezer":10},{"Ice Cream":134,"hubris:BallOfYels":116,"Gremlin Horn":96,"Boot":62,"aspiration:RitualStick":122,"infinitespire:SolderingIron":28,"infinitespire:ShieldingShard":71,"Sundial":148,"MealTicket":116,"Philosopher\u0027s Stone":148,"Kunai":93,"aspiration:FaultyCoupler":128,"conspire:Dentures":122,"Girya":40,"hubris:Teleporter":66,"Happy Flower":16,"hubris:DuctTape":54,"vexMod:PaidLearning":134,"infinitespire:Magic Flask":54,"sneckomod:SneckoTalon":87,"WarpedTongs":71,"OrangePellets":89,"Bronze Scales":89,"Molten Egg 2":11,"Slimebound:PreparedRelic":122,"Nloth\u0027s Gift":122,"aspiration:HatOfInfinitePower":7,"Unceasing Top":0,"aspiration:Lifesprig":7,"Lantern":134,"Bag of Preparation":89,"hubris:SlimyHat":89,"Juzu Bracelet":114,"Empty Cage":54,"conspire:TopHat":79,"Nunchaku":33,"hubris:Icosahedron":116,"hubris:Stopwatch":110,"Runic Pyramid":51,"bronze:DecasWashers":16,"Guardian:GemstoneGun":76,"aspiration:RunicSpoon":126,"Thread and Needle":112,"Omamori":122,"vexMod:FocusSash":22,"Orichalcum":81,"hubris:Towel":89,"Nuclear Battery":121,"Mercury Hourglass":137,"Peace Pipe":0,"DataDisk":71,"infinitespire:Satchel":114,"Bag of Marbles":149,"infinitespire:Freezer":59}],"Unceasing Top":[31]},"card_choices":[{"not_picked":["Barrage","Coolheaded"],"picked":"Go for the Eyes","floor":0},{"not_picked":["Cold Snap","Streamline"],"picked":"Beam Cell","floor":0},{"not_picked":["Redo","Turbo"],"picked":"Cold Snap","floor":0},{"not_picked":["Streamline","Go for the Eyes"],"picked":"Loop","floor":0},{"not_picked":["Compile Driver","Coolheaded"],"picked":"Self Repair","floor":0},{"not_picked":["Chaos","Scrape"],"picked":"Ball Lightning","floor":0},{"not_picked":["Ball Lightning","Reprogram"],"picked":"Glacier","floor":0},{"not_picked":["Lockon","Barrage"],"picked":"Undo","floor":0},{"not_picked":["Barrage","Beam Cell"],"picked":"Aggregate","floor":0},{"not_picked":["Redo","Compile Driver"],"picked":"Coolheaded","floor":0},{"not_picked":["Conserve Battery","Streamline"],"picked":"Capacitor","floor":0},{"not_picked":["Streamline","Stack"],"picked":"Coolheaded","floor":0},{"not_picked":["Steam Power","Lockon"],"picked":"Glacier","floor":0},{"not_picked":["Leap","Storm"],"picked":"Consume","floor":0},{"not_picked":["Streamline","Darkness"],"picked":"Stack","floor":0},{"not_picked":["Scrape+1","Double Energy"],"picked":"Consume","floor":11},{"not_picked":["Buffer","Fission"],"picked":"Electrodynamics","floor":16},{"not_picked":["Reinforced Body","Turbo","Coolheaded"],"picked":"SKIP","floor":23},{"not_picked":["Conserve Battery","Leap"],"picked":"Sweeping Beam+1","floor":24},{"not_picked":["Turbo","All For One+1"],"picked":"Capacitor","floor":29},{"not_picked":["Beam Cell+1","Coolheaded"],"picked":"Gash+1","floor":30},{"not_picked":["All For One+1","Rainbow"],"picked":"Core Surge+1","floor":33},{"not_picked":["Steam","Turbo"],"picked":"Conserve Battery","floor":47},{"not_picked":["Machine Learning","All For One+1"],"picked":"Core Surge+1","floor":50},{"not_picked":["Reboot","Thunder Strike+1"],"picked":"Seek","floor":51},{"not_picked":["Rebound+1","hubris:PowerSurge"],"picked":"Recycle","floor":60},{"not_picked":["Hyperbeam+1","Biased Cognition"],"picked":"hubris:SpecializedCircuitry","floor":68},{"not_picked":["Hyperbeam+1","Biased Cognition"],"picked":"Buffer","floor":85},{"not_picked":["infinitespire:Starlight","hubris:Rewind"],"picked":"infinitespire:UltimateForm","floor":90},{"not_picked":["Coolheaded+1","Machine Learning"],"picked":"Turbo+1","floor":90},{"not_picked":["Turbo","Tempest+1"],"picked":"conspire:Rain+1","floor":96},{"not_picked":["Hyperbeam+1","hubris:SpecializedCircuitry"],"picked":"Thunder Strike+1","floor":102},{"not_picked":["Biased Cognition","Rainbow"],"picked":"Seek","floor":103},{"not_picked":["Gash+1","Defragment+1"],"picked":"Meteor Strike+1","floor":107},{"not_picked":["Seek","Hyperbeam+1"],"picked":"Creative AI","floor":108}],"player_experience":267545,"relics_obtained":[{"floor":1,"key":"aspiration:Lifesprig"},{"floor":5,"key":"Molten Egg 2"},{"floor":7,"key":"Happy Flower"},{"floor":9,"key":"bronze:DecasWashers"},{"floor":11,"key":"vexMod:FocusSash"},{"floor":12,"key":"infinitespire:SolderingIron"},{"floor":13,"key":"Nunchaku"},{"floor":14,"key":"Girya"},{"floor":18,"key":"hubris:DuctTape"},{"floor":21,"key":"infinitespire:Freezer"},{"floor":22,"key":"Boot"},{"floor":23,"key":"hubris:Teleporter"},{"floor":24,"key":"infinitespire:ShieldingShard"},{"floor":26,"key":"DataDisk"},{"floor":29,"key":"Guardian:GemstoneGun"},{"floor":30,"key":"conspire:TopHat"},{"floor":31,"key":"Orichalcum"},{"floor":35,"key":"Bronze Scales"},{"floor":43,"key":"Bag of Preparation"},{"floor":47,"key":"Kunai"},{"floor":48,"key":"Gremlin Horn"},{"floor":53,"key":"Thread and Needle"},{"floor":54,"key":"Juzu Bracelet"},{"floor":60,"key":"MealTicket"},{"floor":61,"key":"hubris:BallOfYels"},{"floor":70,"key":"Omamori"},{"floor":78,"key":"conspire:Dentures"},{"floor":87,"key":"aspiration:FaultyCoupler"},{"floor":90,"key":"Ice Cream"},{"floor":95,"key":"Lantern"},{"floor":96,"key":"Mercury Hourglass"},{"floor":107,"key":"Bag of Marbles"}],"event_choices":[{"damage_healed":0,"gold_gain":150,"player_choice":"AGREE","damage_taken":0,"max_hp_gain":0,"max_hp_loss":0,"event_name":"Liars Game","floor":2,"gold_loss":0,"cards_obtained":["Doubt"]},{"damage_healed":0,"gold_gain":75,"player_choice":"Gather Gold","damage_taken":11,"max_hp_gain":0,"max_hp_loss":0,"event_name":"World of Goop","floor":3,"gold_loss":0},{"damage_healed":0,"gold_gain":0,"player_choice":"Rummage","damage_taken":0,"relics_obtained":["WarpedTongs"],"max_hp_gain":0,"max_hp_loss":0,"event_name":"Accursed Blacksmith","floor":27,"gold_loss":0,"cards_obtained":["Pain"]},{"damage_healed":0,"gold_gain":0,"player_choice":"Embrace Madness","damage_taken":13,"max_hp_gain":0,"max_hp_loss":0,"event_name":"Winding Halls","floor":38,"gold_loss":0,"cards_obtained":["Madness","Madness"]},{"damage_healed":0,"gold_gain":0,"player_choice":"Gave Potion","damage_taken":0,"relics_obtained":["hubris:SlimyHat"],"max_hp_gain":0,"max_hp_loss":0,"event_name":"WeMeetAgain","floor":45,"gold_loss":0},{"damage_healed":0,"gold_gain":0,"player_choice":"Grow","damage_taken":0,"max_hp_gain":0,"max_hp_loss":0,"event_name":"Living Wall","floor":57,"gold_loss":0,"cards_upgraded":["Seek"]},{"damage_healed":0,"gold_gain":0,"player_choice":"Traded Relic","damage_taken":0,"relics_obtained":["Nloth\u0027s Gift"],"max_hp_gain":0,"max_hp_loss":0,"event_name":"N\u0027loth","floor":81,"relics_lost":["Orichalcum"],"gold_loss":0},{"damage_healed":0,"gold_gain":0,"player_choice":"Embrace Madness","damage_taken":13,"max_hp_gain":0,"max_hp_loss":0,"event_name":"Winding Halls","floor":88,"gold_loss":0,"cards_obtained":["Madness","Madness"]},{"damage_healed":0,"gold_gain":275,"player_choice":"Desecrate","damage_taken":0,"max_hp_gain":0,"max_hp_loss":0,"event_name":"Golden Shrine","floor":89,"gold_loss":0,"cards_obtained":["Regret"]},{"damage_healed":0,"gold_gain":0,"player_choice":"Ignored","damage_taken":0,"max_hp_gain":0,"max_hp_loss":0,"event_name":"Transmorgrifier","floor":97,"gold_loss":0},{"damage_healed":0,"gold_gain":0,"player_choice":"Leave","damage_taken":0,"max_hp_gain":0,"max_hp_loss":0,"event_name":"conspire:Investor","floor":98,"gold_loss":0},{"cards_removed":["Conserve Battery"],"damage_healed":0,"gold_gain":0,"player_choice":"Removed Skill","damage_taken":0,"max_hp_gain":0,"max_hp_loss":0,"event_name":"Falling","floor":99,"gold_loss":0}],"is_beta":false,"boss_relics":[{"not_picked":["Velvet Choker","aspiration:RunicSpoon"],"picked":"Runic Pyramid"},{"not_picked":["aspiration:FutureDiary","hubris:RunicObelisk"],"picked":"sneckomod:SneckoTalon"},{"not_picked":["bronze:MakeshiftBattery","Calling Bell"],"picked":"hubris:Stopwatch"},{"not_picked":["SlaversCollar","vexMod:MysteryBossChallenge"],"picked":"Nuclear Battery"},{"not_picked":["Coffee Dripper","conspire:SlowCooker"],"picked":"aspiration:RunicSpoon"},{"not_picked":["bronze:MakeshiftBattery","aspiration:PoetsPen_weak"],"picked":"Philosopher\u0027s Stone"}],"items_purged_floors":[19,28,55,65,73,91],"is_endless":true,"potions_floor_spawned":[5,12,18,22,23,31,35,48,54,60,85,87,90,96,103,108],"ascension_level":20}}