{"host":"haq22x9zdvtvc76a","time":1611261816,"event":{"mods":["BaseMod","Downfall","Minty Spire (QoL Compilation)","StSLib"],"gold_per_floor":[99,111,126,136,155,92,92,192,218,118,151,151,251,157,176,276,276,276,291,58,70,170,170,170,204,204,218,218,118,112,131,149,254,254,254,268,268,268,285,285,285,312,312,312,312],"floor_reached":43,"language":"ENG","playtime":4983,"items_purged":["champ:Defend","champ:Defend"],"score":475,"play_id":"53381f6a-9e62-4d6a-aaf7-c3e777a2ac67","local_time":"20210121154336","is_ascension_mode":true,"campfire_choices":[{"floor":1,"key":"RECALL"},{"data":"champ:BerserkerStyle","floor":10,"key":"SMITH"},{"data":"champ:StanceDance","floor":12,"key":"SMITH"},{"data":"champ:TripleStrike","floor":18,"key":"SMITH"},{"data":"champ:Circumvent","floor":23,"key":"SMITH"},{"floor":26,"key":"REST"},{"data":"champ:FancyFootwork","floor":29,"key":"SMITH"},{"data":"champ:UltimateStance","floor":35,"key":"SMITH"},{"data":"champ:StanceDance","floor":40,"key":"SMITH"}],"circlet_count":0,"master_deck":["champ:Defend","champ:Execute+1","champ:Taunt","champ:BerserkerStyle+1","champ:BringItOn","champ:AdrenalArmor","champ:EnGarde","champ:FancyFootwork+1","champ:Shatter+1","champ:GutPunch","champ:StanceDance+1","champ:StanceDance+1","champ:CrookedStrike","champ:CrownThrow","champ:Improvising+1","champ:StanceDance+1","champ:IronFortress+1","champ:EnragedBash","champ:TripleStrike+1","champ:DefensiveStyle+1","J.A.X.","champ:LastStand+1","champ:Circumvent+1","champ:BringItOn+1","champ:VampiricStrike","champ:IronFortress+1","Mayhem+1","champ:IronFortress+1","champ:UltimateStance+1","champ:ShieldSlam","Pride"],"relics":["champ:ChampionCrown","Blood Vial","StrikeDummy","downfall:HeartBlessingRed","Frozen Egg 2","WristBlade","SlaversCollar","ClockworkSouvenir","MutagenicStrength","Mummified Hand","Whetstone","downfall:HeartBlessingGreen","Busted Crown","PreservedInsect"],"acts_visited":["Exordium","TheCity","TheBeyond"],"potions_floor_usage":[8,8,9,13,32],"damage_taken":[{"damage":3,"enemies":"2 Louse","floor":2,"turns":3},{"damage":27,"enemies":"Small Slimes","floor":3,"turns":3},{"damage":31,"enemies":"Cultist","floor":4,"turns":4},{"damage":35,"enemies":"Large Slime","floor":5,"turns":9},{"damage":34,"enemies":"downfall:FleeingMerchant","floor":6,"turns":4},{"damage":61,"enemies":"downfall:Heads","floor":8,"turns":7},{"damage":62,"enemies":"3 Sentries","floor":9,"turns":7},{"damage":53,"enemies":"Lagavulin","floor":11,"turns":4},{"damage":53,"enemies":"Lagavulin","floor":13,"turns":5},{"damage":50,"enemies":"downfall:FleeingMerchant","floor":14,"turns":4},{"damage":10,"enemies":"3 Louse","floor":15,"turns":3},{"damage":34,"enemies":"IC_STATUS_ARCHETYPE","floor":16,"turns":4},{"damage":45,"enemies":"3 Byrds","floor":19,"turns":4},{"damage":63,"enemies":"downfall:FleeingMerchant","floor":20,"turns":4},{"damage":28,"enemies":"Sentry and Sphere","floor":21,"turns":3},{"damage":44,"enemies":"downfall:Augmenter","floor":22,"turns":3},{"damage":54,"enemies":"Slavers","floor":25,"turns":3},{"damage":27,"enemies":"Snake Plant","floor":27,"turns":2},{"damage":0,"enemies":"downfall:FleeingMerchant","floor":30,"turns":1},{"damage":19,"enemies":"3 Cultists","floor":31,"turns":4},{"damage":33,"enemies":"Chosen and Byrds","floor":32,"turns":3},{"damage":69,"enemies":"WA_ARCHETYPE_CALM","floor":33,"turns":6},{"damage":18,"enemies":"3 Shapes","floor":36,"turns":3},{"damage":52,"enemies":"3 Darklings","floor":39,"turns":6},{"damage":45,"enemies":"Nemesis","floor":43,"turns":2}],"seed_played":"1620101647451325921","potions_obtained":[{"floor":4,"key":"Fire Potion"},{"floor":5,"key":"GamblersBrew"},{"floor":8,"key":"AttackPotion"},{"floor":9,"key":"champ:OpenerPotion"},{"floor":19,"key":"bronze:BurnAndBuffPotion"},{"floor":25,"key":"bronze:BurnAndBuffPotion"},{"floor":27,"key":"champ:TechniquePotion"},{"floor":33,"key":"champ:TechniquePotion"}],"is_trial":false,"path_per_floor":["R","M","M","M","M","$","T","?","E","R","E","R","?","$","M","B",null,"R","M","$","M","?","R","T","E","R","M","?","R","$","M","M","B",null,"R","M","?","?","M","R","T","?","E"],"character_chosen":"THE_CHAMP","items_purchased":["champ:GutPunch","champ:IronFortress+1","ClockworkSouvenir","champ:IronFortress+1","Mayhem+1"],"campfire_rested":1,"item_purchase_floors":[6,14,20,30,30],"current_hp_per_floor":[90,87,87,87,82,82,82,68,61,61,62,62,49,51,53,42,90,90,90,70,68,59,59,59,29,56,55,55,55,57,59,56,45,90,90,79,79,44,34,34,34,34,0,0,0],"gold":312,"neow_bonus":"THREE_CARDS","is_daily":false,"chose_seed":false,"campfire_upgraded":7,"win_rate":0.0,"timestamp":1611261816,"path_taken":["R","M","M","M","M","$","T","?","E","R","E","R","?","$","M","BOSS","R","M","$","M","?","R","T","E","R","M","?","R","$","M","M","BOSS","R","M","?","?","?","R","T","?","E"],"items_purchased_type":["Card","Card","Relic","Card","Card"],"build_version":"2020-12-22","purchased_purges":2,"victory":false,"max_hp_per_floor":[90,90,90,90,90,90,90,90,90,90,90,90,90,90,90,90,90,90,90,90,90,90,90,90,90,90,90,90,90,90,90,90,90,90,90,90,90,90,90,90,90,90,90,90,90],"card_choices":[{"not_picked":["champ:Shatter","champ:CrownThrow"],"picked":"champ:BerserkerStyle","floor":0},{"not_picked":["champ:EndlessRage","champ:PerfectedStrike"],"picked":"champ:BringItOn","floor":2},{"not_picked":["champ:FalseCounter","champ:PerfectedStrike"],"picked":"champ:AdrenalArmor","floor":3},{"not_picked":["champ:DefensiveShout","champ:BladeFlurry"],"picked":"champ:EnGarde","floor":4},{"not_picked":["champ:DeathBlow","champ:DefensiveShout"],"picked":"champ:FancyFootwork","floor":5},{"not_picked":["champ:EnGarde","champ:DefensiveShout"],"picked":"champ:Shatter","floor":6},{"not_picked":["champ:PerfectedStrike","champ:GutPunch"],"picked":"champ:StanceDance","floor":8},{"not_picked":["champ:BringItOn","champ:Shatter"],"picked":"champ:CrookedStrike","floor":9},{"not_picked":["champ:Shatter","champ:TornadoPunch"],"picked":"champ:CrownThrow","floor":11},{"not_picked":["champ:PreciseThrust","champ:HeartStrike"],"picked":"champ:Improvising+1","floor":13},{"not_picked":["champ:HeartStrike","champ:RapidStrikes"],"picked":"champ:StanceDance","floor":14},{"not_picked":["champ:PerfectedStrike","champ:FalseCounter"],"picked":"champ:EnragedBash","floor":15},{"not_picked":["champ:ShieldThrow","champ:SteelEdge"],"picked":"champ:TripleStrike","floor":16},{"not_picked":["champ:TornadoPunch+1","champ:Shatter+1","champ:AdrenalArmor"],"picked":"SKIP","floor":19},{"not_picked":["champ:FanOfKnives","champ:BringItOn","champ:PreciseThrust"],"picked":"SKIP","floor":20},{"not_picked":["champ:Duel","champ:DeathBlow"],"picked":"champ:DefensiveStyle+1","floor":21},{"not_picked":[],"picked":"J.A.X.","floor":22},{"not_picked":["champ:DeathBlow","champ:Encircle"],"picked":"champ:Circumvent+1","floor":25},{"not_picked":["champ:DefensiveStyle+1","champ:GutPunch"],"picked":"champ:BringItOn+1","floor":27},{"not_picked":["champ:IgnorePain","champ:CrookedStrike"],"picked":"champ:VampiricStrike","floor":30},{"not_picked":["champ:Haymaker+1","champ:FocusedBerserking"],"picked":"champ:IronFortress+1","floor":31},{"not_picked":["champ:BladeFlurry","champ:EnragedBash","champ:FlashCut"],"picked":"SKIP","floor":32},{"not_picked":["champ:TripleStrike","champ:DancingMaster+1"],"picked":"champ:UltimateStance","floor":33},{"not_picked":[],"picked":"champ:ShieldSlam","floor":36},{"not_picked":["champ:Backstep"],"picked":"SKIP","floor":39}],"player_experience":1625796,"relics_obtained":[{"floor":7,"key":"Blood Vial"},{"floor":9,"key":"StrikeDummy"},{"floor":11,"key":"Frozen Egg 2"},{"floor":13,"key":"WristBlade"},{"floor":22,"key":"MutagenicStrength"},{"floor":24,"key":"Mummified Hand"},{"floor":25,"key":"Whetstone"},{"floor":42,"key":"PreservedInsect"}],"event_choices":[{"cards_removed":["champ:Circumvent"],"damage_healed":0,"gold_gain":0,"player_choice":"Removed Skill","damage_taken":0,"max_hp_gain":0,"max_hp_loss":0,"event_name":"Falling","floor":37,"gold_loss":0}],"is_beta":false,"boss_relics":[{"not_picked":["SacredBark","Runic Pyramid"],"picked":"SlaversCollar"},{"not_picked":["Pandora\u0027s Box","Astrolabe"],"picked":"Busted Crown"}],"items_purged_floors":[20,30],"is_endless":false,"potions_floor_spawned":[4,5,8,9,19,25,27,33],"killed_by":"Nemesis","ascension_level":1}}