{"host":"4is81fb983s94f8g","time":1611234996,"event":{"mods":["AchievementEnabler","AlwaysNeverKeys","Ascension Reborn","BaseMod","Better Synergies","Better Twitch Integration","BetterRewards","Challenge The Spire","Colored Map","Colored Powertips","Highlight Path","Marisa（F雨　魔理沙）","Minty Spire (QoL Compilation)","Quick Restart","Railgun Mod","Reimu（博丽灵梦）","Remilia（蕾米莉亚）","Remove Card Discount Mod","Replay The Spire","Shop Mod","StSLib","SuperFastMode","The Bladedancer","The Bug Knight","The Cursed","The Servant 0.9.4","UnlockEverythingMod","Youmu（魂魄妖梦）","【功能Mod】强力的原版药水","【功能Mod】混沌之环修复补丁","【功能Mod】精心准备","【角色mod】十八桐人","【遗物Mod】死灵法师NEW","没有小屋子和绿帽子啦","篝火指南"],"gold_per_floor":[114,129,144,12,12,12,27,42,67,97,97,45,45,75,75,175,-325,-310,-310,-295,-295,-295,-220,-190,-190,-165,-105,-90,-75,-60,-60,-60,40,40,55,70,130,145,160,190,220,220,245,260,290,340,370,385,112,112],"floor_reached":51,"language":"ZHS","playtime":3326,"items_purged":["Zap","Defend_G","Defend_R","Strike_G","Strike_B","Bash","Eruption","Amnesia","blademaster:DragonStrike"],"score":1521,"play_id":"5aa108d9-8717-4f28-846b-648e0f35d896","local_time":"20210121211636","daily_mods":["Chimera","Vintage","Binary"],"is_ascension_mode":false,"campfire_choices":[{"data":"Survivor","floor":6.0,"key":"SMITH"},{"data":"blademaster:Thrust","floor":11,"key":"SMITH"},{"data":"Defend_P","floor":15,"key":"SMITH"},{"data":"Defend_P","floor":25,"key":"SMITH"},{"data":"Defend_P","floor":32,"key":"SMITH"}],"circlet_count":0,"master_deck":["Survivor+1","Defend_P","blademaster:ChargingUp+1","blademaster:Gust","blademaster:RollingTyphoon+1","blademaster:Thrust+1","blademaster:SlyStabs+1","blademaster:Momentum","blademaster:Blindside","blademaster:CombatPrep","blademaster:FlockOfBlades","blademaster:Flurry+1","blademaster:SharpBlades+1","blademaster:KiBarrier","Flash of Steel"],"relics":["blademaster:DancersAmulet","Simple Rune","Anchor","Mercury Hourglass","Pondfish Scales","GodSword7","ZombieArmy","Blood Vial","Replay:WaspNest","Tiny House","Gremlin Horn","Replay:Bottled Snecko","ReplayTheSpireMod:Ring of Exchange","ReplayTheSpireMod:Ring of Challenge","Potion Belt","Meat on the Bone","Bag of Marbles","Pen Nib","Mastiff:ReiMu","Thread and Needle","CrazyTorch:ReiMu","MealTicket","MutagenicStrength","Replay:Bronze Core","Calipers","ReplayFunnel","MagicDraw4","Replay:Wax Seal","SumUndead","PreservedInsect","HollowMod:LifeEnderRelic","Replay:Baseball","Orichalcum","RuthlessExorcism:ReiMu","CatCart","ReplayTheSpireMod:TigerMarble","GodSword4","Nunchaku"],"acts_visited":["Exordium","TheCity","TheBeyond"],"potions_floor_usage":[10,10],"damage_taken":[{"damage":6.0,"enemies":"Jaw Worm","floor":1.0,"turns":4.0},{"damage":10.0,"enemies":"Small Slimes","floor":2.0,"turns":4.0},{"damage":0.0,"enemies":"2 Louse","floor":3.0,"turns":3.0},{"damage":0.0,"enemies":"2 Fungi Beasts","floor":7.0,"turns":9.0},{"damage":0.0,"enemies":"Blue Slaver","floor":8.0,"turns":16.0},{"damage":43,"enemies":"Gremlin Nob","floor":10,"turns":8},{"damage":0,"enemies":"3 Sentries","floor":14,"turns":6},{"damage":0,"enemies":"The Guardian","floor":16,"turns":7},{"damage":0,"enemies":"Shell Parasite","floor":18,"turns":3},{"damage":0,"enemies":"Chosen","floor":20,"turns":3},{"damage":0,"enemies":"Book of Stabbing","floor":23,"turns":4},{"damage":13,"enemies":"Slavers","floor":24,"turns":4},{"damage":0,"enemies":"Snake Plant","floor":27,"turns":3},{"damage":0,"enemies":"Snecko","floor":28,"turns":2},{"damage":0,"enemies":"Shelled Parasite and Fungi","floor":29,"turns":2},{"damage":0,"enemies":"Chosen and Byrds","floor":30,"turns":2},{"damage":0,"enemies":"Pondfish","floor":33,"turns":4},{"damage":0,"enemies":"Orb Walker","floor":35,"turns":2},{"damage":0,"enemies":"3 Shapes","floor":36,"turns":2},{"damage":0,"enemies":"Maw","floor":37,"turns":5},{"damage":0,"enemies":"4 Shapes","floor":38,"turns":1},{"damage":0,"enemies":"Transient","floor":39,"turns":5},{"damage":0,"enemies":"Reptomancer","floor":40,"turns":2},{"damage":0,"enemies":"Nemesis","floor":41,"turns":3},{"damage":0,"enemies":"Maw","floor":44,"turns":5},{"damage":0,"enemies":"R_Hoarder","floor":45,"turns":3},{"damage":0,"enemies":"Orin","floor":46,"turns":3},{"damage":0,"enemies":"Reptomancer","floor":47,"turns":1},{"damage":0,"enemies":"Jaw Worm Horde","floor":48,"turns":1},{"damage":0,"enemies":"Time Eater","floor":50,"turns":3}],"seed_played":"811174962971598332","potions_obtained":[{"floor":1.0,"key":"Dexterity Potion"},{"floor":3.0,"key":"SkillPotion"},{"floor":14,"key":"GrandPatriotsElixir:ReiMu"},{"floor":23,"key":"Regen Potion"},{"floor":28,"key":"Weak Potion"},{"floor":30,"key":"Block Potion"},{"floor":33,"key":"Death Potion"},{"floor":37,"key":"Milkshake"},{"floor":38,"key":"Regen Potion"},{"floor":39,"key":"Swift Potion"},{"floor":41,"key":"BlessingOfTheForge"}],"is_trial":false,"path_per_floor":["M","M","M","$","?","R","M","M","T","E","R","$","?","E","R","B",null,"M","?","M","?","?","E","E","R","T","M","M","M","M","?","R","B",null,"M","M","M","M","M","E","E","?","T","M","E","?","E","M","R","B",null],"character_chosen":"THE_BLADEMASTER","items_purchased":["blademaster:ChargingUp+1","blademaster:Gust","blademaster:SlyStabs","blademaster:KiBarrier","Nunchaku","Flash of Steel"],"campfire_rested":0,"item_purchase_floors":[4,4,12,49,49,49],"current_hp_per_floor":[69,59,59,59,59,59,65,71,71,34,34,34,19,27,27,35,75,75,75,75,75,75,75,68,68,68,75,75,75,75,75,75,75,75,75,75,75,75,75,75,75,75,75,75,75,75,75,75,75,75],"gold":112,"neow_bonus":"","is_daily":true,"chose_seed":false,"campfire_upgraded":5,"win_rate":0.0,"timestamp":1611234996,"path_taken":["M","M","M","$","?","R","M","M","T","E","R","$","?","E","R","BOSS","M","?","M","?","?","E","E","R","T","?","M","M","M","?","R","BOSS","M","M","M","M","M","E","E","?","T","M","E","?","E","M","R","BOSS"],"items_purchased_type":["Card","Card","Card","Card","Relic","Card"],"build_version":"2020-12-22","purchased_purges":9,"victory":true,"max_hp_per_floor":[75,75,75,75,75,75,75,75,75,75,75,75,75,75,75,75,75,75,75,75,75,75,75,75,75,75,75,75,75,75,75,75,75,75,75,75,75,75,75,75,75,75,75,75,75,75,75,75,75,75],"card_choices":[{"not_picked":["blademaster:BrainBloom"],"picked":"blademaster:Thrust","floor":10},{"not_picked":["blademaster:OneTrickPony"],"picked":"blademaster:Momentum","floor":14},{"not_picked":["blademaster:RollingTyphoon"],"picked":"blademaster:Blindside","floor":16},{"not_picked":["blademaster:Havoc"],"picked":"blademaster:CombatPrep","floor":23},{"not_picked":["blademaster:BloodyBlow+1","blademaster:Quickstep"],"picked":"SKIP","floor":24},{"not_picked":["blademaster:BladeDance"],"picked":"blademaster:FlockOfBlades","floor":33},{"not_picked":["blademaster:Sharpen","blademaster:Stormstrike"],"picked":"SKIP","floor":40},{"not_picked":["blademaster:DeadlyDance+1","blademaster:BloodyBlow+1"],"picked":"SKIP","floor":41},{"not_picked":["blademaster:CullingStrike+1"],"picked":"blademaster:Flurry+1","floor":45},{"not_picked":["blademaster:DaggerAndCloak+1"],"picked":"blademaster:SharpBlades+1","floor":47}],"player_experience":235415,"relics_obtained":[{"floor":1.0,"key":"Simple Rune"},{"floor":1.0,"key":"blademaster:LightningChargePerk"},{"floor":2.0,"key":"Anchor"},{"floor":2.0,"key":"blademaster:StanceHealPerk"},{"floor":3.0,"key":"Mercury Hourglass"},{"floor":3.0,"key":"blademaster:WindChargePerk"},{"floor":7.0,"key":"Pondfish Scales"},{"floor":7.0,"key":"blademaster:BonusComboPerk"},{"floor":8.0,"key":"blademaster:BleedingLaceratePerk"},{"floor":8.0,"key":"GodSword7"},{"floor":9.0,"key":"ZombieArmy"},{"floor":10,"key":"Blood Vial"},{"floor":10,"key":"blademaster:DextrousPerk"},{"floor":14,"key":"Replay:WaspNest"},{"floor":14,"key":"blademaster:StrongPerk"},{"floor":18,"key":"Gremlin Horn"},{"floor":18,"key":"blademaster:BleedingMoreDamagePerk"},{"floor":20,"key":"Replay:Bottled Snecko"},{"floor":20,"key":"blademaster:ComboEveryTurnPerk"},{"floor":21,"key":"ReplayTheSpireMod:Ring of Exchange"},{"floor":21,"key":"ReplayTheSpireMod:Ring of Challenge"},{"floor":22,"key":"Potion Belt"},{"floor":23,"key":"Meat on the Bone"},{"floor":23,"key":"blademaster:FinisherDrawCardPerk"},{"floor":24,"key":"Bag of Marbles"},{"floor":24,"key":"blademaster:RandomBladePerk"},{"floor":26,"key":"Pen Nib"},{"floor":27,"key":"Mastiff:ReiMu"},{"floor":27,"key":"blademaster:BonusFuryPerk"},{"floor":28,"key":"Thread and Needle"},{"floor":28,"key":"blademaster:FuryEveryTurnPerk"},{"floor":29,"key":"CrazyTorch:ReiMu"},{"floor":29,"key":"blademaster:OnAttackedChargePerk"},{"floor":30,"key":"MealTicket"},{"floor":30,"key":"blademaster:RandomStancePerk"},{"floor":35,"key":"Calipers"},{"floor":36,"key":"ReplayFunnel"},{"floor":37,"key":"MagicDraw4"},{"floor":38,"key":"Replay:Wax Seal"},{"floor":39,"key":"SumUndead"},{"floor":40,"key":"PreservedInsect"},{"floor":41,"key":"HollowMod:LifeEnderRelic"},{"floor":43,"key":"Replay:Baseball"},{"floor":44,"key":"Orichalcum"},{"floor":45,"key":"RuthlessExorcism:ReiMu"},{"floor":46,"key":"CatCart"},{"floor":47,"key":"ReplayTheSpireMod:TigerMarble"},{"floor":48,"key":"GodSword4"}],"event_choices":[{"damage_healed":0,"gold_gain":0,"player_choice":"Entered Light","damage_taken":15,"max_hp_gain":0,"max_hp_loss":0,"event_name":"Shining Light","floor":13,"gold_loss":0,"cards_upgraded":["Defend_P","blademaster:SlyStabs"]},{"damage_healed":0,"gold_gain":0,"player_choice":"Read","damage_taken":0,"max_hp_gain":0,"max_hp_loss":0,"event_name":"The Library","floor":19,"gold_loss":0,"cards_obtained":["blademaster:DragonStrike"]},{"damage_healed":0,"gold_gain":0,"player_choice":"Relic","damage_taken":0,"max_hp_gain":0,"max_hp_loss":0,"event_name":"Wheel of Change","floor":22,"gold_loss":0},{"damage_healed":0,"gold_gain":0,"player_choice":"Inject Mutagens","damage_taken":0,"relics_obtained":["MutagenicStrength"],"max_hp_gain":0,"max_hp_loss":0,"event_name":"Drug Dealer","floor":31,"gold_loss":0},{"damage_healed":0,"gold_gain":0,"player_choice":"Ignored","damage_taken":0,"max_hp_gain":0,"max_hp_loss":0,"event_name":"Tomb of Lord Red Mask","floor":42,"gold_loss":0},{"damage_healed":0,"gold_gain":0,"player_choice":"Fight","damage_taken":0,"max_hp_gain":0,"max_hp_loss":0,"event_name":"OrinTheCat","floor":46,"gold_loss":0}],"is_beta":false,"boss_relics":[{"not_picked":["Phylactery","Empty Cage"],"picked":"Tiny House"},{"not_picked":["HollowMod:JonisBlessing","ChewingGum"],"picked":"Replay:Bronze Core"}],"items_purged_floors":[4,4,4,4,4,4,4,49,49],"is_endless":false,"potions_floor_spawned":[1,3,14,23,28,30,33,37,38,39,41,47,48],"ascension_level":0}}