{"host":"ml2ro5l6hu6y0pll","time":1611247323,"event":{"mods":["AchievementEnabler","BaseMod","Colored Map","Colored Powertips","Custom Start","Downfall","Googly Eyes","Minty Spire (QoL Compilation)","Quick Restart","Rare Cards Sparkle","Relic Stats","StSLib","everything is the same but u backflip on backflip"],"gold_per_floor":[99,99,99,99,9,9,36,36,50,50,50,50,78,78,97,197,197,197,217,230,230,330,357,357,389,409,441,441,454,354,381,397,492,492,492,502,518,185,202,202,253,153,3,37,55,73,73,88,101,101],"floor_reached":51,"language":"ENG","playtime":12756,"items_purged":["hexamod:Strike"],"score":896,"play_id":"619b01d3-4ea6-40e0-92d1-eafaeac41227","local_time":"20210121164203","is_ascension_mode":true,"campfire_choices":[{"data":"hexamod:Sear","floor":1.0,"key":"SMITH"},{"data":"hexamod:GhostflameBarrier","floor":6.0,"key":"SMITH"},{"data":"hexamod:FlamesFromBeyond","floor":8.0,"key":"SMITH"},{"data":"hexamod:Hexaguard","floor":12.0,"key":"SMITH"},{"data":"hexamod:WildfireWeapon","floor":18.0,"key":"SMITH"},{"floor":30,"key":"REST"},{"floor":35,"key":"RECALL"},{"floor":42,"key":"REST"}],"circlet_count":0,"master_deck":["hexamod:Sear+1","hexamod:Float","hexamod:SpectersWail","hexamod:FlamesFromBeyond+1","hexamod:GhostflameBarrier+1","hexamod:Hexaguard+1","hexamod:PowerFromBeyond","hexamod:TimeOfNeed","hexamod:RadiantFlame","hexamod:WildfireWeapon+1","hexamod:HeatMetal+1","hexamod:CouncilsJustice","hexamod:CouncilsJustice","hexamod:CouncilsJustice","Ghostly","Ghostly","Ghostly","hexamod:FirstSeal","hexamod:ExtraCrispy","hexamod:RetreatToShadows+1","hexamod:RecurringNightmare","hexamod:PowerFromBeyond+1","hexamod:VolcanoVisage","hexamod:BurningTouch+1","expansioncontent:YouAreMine","hexamod:PhantomFireball","hexamod:NightmareGuise+1"],"relics":["hexamod:SpiritBrand","downfall:HeartsMalice","MealTicket","downfall:ShatteredFragment","Centennial Puzzle","Philosopher\u0027s Stone","The Courier","Blue Candle","Orichalcum","downfall:HeartBlessingBlue","Strawberry","Fusion Hammer","Vajra","downfall:HeartBlessingRed","Eternal Feather"],"acts_visited":["Exordium","TheCity","TheBeyond"],"potions_floor_usage":[27,27,32,37,49,50,50],"damage_taken":[{"damage":0.0,"enemies":"Jaw Worm","floor":2.0,"turns":1.0},{"damage":0.0,"enemies":"Small Slimes","floor":3.0,"turns":1.0},{"damage":0.0,"enemies":"Cultist","floor":4.0,"turns":1.0},{"damage":0.0,"enemies":"downfall:FleeingMerchant","floor":5.0,"turns":4.0},{"damage":4.0,"enemies":"Red Slaver","floor":9.0,"turns":5.0},{"damage":11.0,"enemies":"3 Sentries","floor":13.0,"turns":7.0},{"damage":0.0,"enemies":"Blue Slaver","floor":15.0,"turns":3.0},{"damage":0.0,"enemies":"IC_STATUS_ARCHETYPE","floor":16.0,"turns":7.0},{"damage":1.0,"enemies":"Shell Parasite","floor":19.0,"turns":6.0},{"damage":0.0,"enemies":"3 Byrds","floor":20.0,"turns":3.0},{"damage":3.0,"enemies":"Slavers","floor":23.0,"turns":4.0},{"damage":0,"enemies":"Book of Stabbing","floor":25,"turns":6},{"damage":0,"enemies":"Snecko","floor":26,"turns":3},{"damage":28,"enemies":"Gremlin Leader","floor":27,"turns":6},{"damage":0,"enemies":"3 Cultists","floor":29,"turns":3},{"damage":3,"enemies":"Slavers","floor":31,"turns":4},{"damage":19,"enemies":"Snake Plant","floor":32,"turns":3},{"damage":7,"enemies":"SI_MIRROR_ARCHETYPE","floor":33,"turns":8},{"damage":3,"enemies":"Orb Walker","floor":36,"turns":4},{"damage":28,"enemies":"3 Darklings","floor":37,"turns":3},{"damage":1,"enemies":"4 Shapes","floor":39,"turns":4},{"damage":1,"enemies":"Reptomancer","floor":44,"turns":6},{"damage":3,"enemies":"Maw","floor":45,"turns":6},{"damage":1,"enemies":"Transient","floor":46,"turns":5},{"damage":3,"enemies":"Spire Growth","floor":48,"turns":4},{"damage":0,"enemies":"3 Darklings","floor":49,"turns":4},{"damage":43,"enemies":"DF_ARCHETYPE_ORBS","floor":50,"turns":9}],"seed_played":"-8477283658054029234","potions_obtained":[{"floor":9.0,"key":"hexamod:DoubleChargePotion"},{"floor":13.0,"key":"Fruit Juice"},{"floor":19.0,"key":"LiquidBronze"},{"floor":23.0,"key":"DistilledChaos"},{"floor":31,"key":"Strength Potion"},{"floor":36,"key":"champ:CounterPotion"},{"floor":44,"key":"Block Potion"},{"floor":48,"key":"DistilledChaos"}],"is_trial":false,"path_per_floor":["R","M","M","M","$","R","T","R","M","?","?","R","E","?","M","B",null,"R","M","M","?","?","E","T","E","M","E","?","M","R","E","M","B",null,"R","M","M","?","M","?","T","R","?","E","M","M","?","M","M","B",null],"character_chosen":"THE_SPIRIT","items_purchased":[],"campfire_rested":2,"item_purchase_floors":[],"current_hp_per_floor":[70,70,70,70,70,70,70,70,66,66,45,45,34,57,57,57,70,70,69,69,35,35,37,37,40,40,19,19,19,44,55,43,43,57,57,57,36,64,64,64,64,64,74,74,74,74,74,74,74,38],"gold":101,"neow_bonus":"THREE_ENEMY_KILL","is_daily":false,"chose_seed":false,"campfire_upgraded":5,"win_rate":0.0,"timestamp":1611247323,"path_taken":["R","M","M","M","$","R","T","R","M","?","?","R","E","?","M","BOSS","R","M","M","?","?","E","T","E","M","E","?","?","R","E","M","BOSS","R","M","M","?","M","?","T","R","?","E","M","?","?","M","M","BOSS"],"items_purchased_type":[],"build_version":"2020-12-22","purchased_purges":1,"victory":true,"max_hp_per_floor":[70,70,70,70,70,70,70,70,70,70,70,70,70,70,70,70,70,70,70,70,35,35,40,40,40,40,40,40,40,50,57,57,57,57,57,57,57,64,64,64,64,64,74,74,74,74,74,74,74,74],"relic_stats":{"Centennial Puzzle":[42],"counters":[27,117],"Blue Candle":[0],"MealTicket":0,"Eternal Feather":0,"Orichalcum":[54],"obtain_stats":[{"downfall:ShatteredFragment":11,"downfall:HeartBlessingRed":42,"Blue Candle":25,"Vajra":41,"downfall:HeartsMalice":0,"Eternal Feather":44,"The Courier":23,"Orichalcum":27,"Centennial Puzzle":13,"downfall:HeartBlessingBlue":30,"Strawberry":31,"MealTicket":7,"Philosopher\u0027s Stone":17,"Fusion Hammer":34,"hexamod:SpiritBrand":0},{"downfall:ShatteredFragment":5,"downfall:HeartBlessingRed":21,"Blue Candle":12,"Vajra":21,"downfall:HeartsMalice":0,"Eternal Feather":22,"The Courier":11,"Orichalcum":14,"Centennial Puzzle":6,"downfall:HeartBlessingBlue":15,"Strawberry":16,"MealTicket":4,"Philosopher\u0027s Stone":8,"Fusion Hammer":18,"hexamod:SpiritBrand":0},{"downfall:ShatteredFragment":9,"downfall:HeartBlessingRed":83,"Blue Candle":45,"Vajra":83,"downfall:HeartsMalice":0,"Eternal Feather":89,"The Courier":39,"Orichalcum":54,"Centennial Puzzle":16,"downfall:HeartBlessingBlue":57,"Strawberry":61,"MealTicket":4,"Philosopher\u0027s Stone":26,"Fusion Hammer":72,"hexamod:SpiritBrand":0}]},"card_choices":[{"not_picked":["hexamod:SpectralAdrenaline","hexamod:RadiantFlame"],"picked":"hexamod:SpectersWail","floor":2.0},{"not_picked":["hexamod:Hexaguard","hexamod:EmpoweredFlame"],"picked":"hexamod:FlamesFromBeyond","floor":3.0},{"not_picked":["hexamod:HeatMetal","hexamod:Hexaguard"],"picked":"hexamod:GhostflameBarrier","floor":4.0},{"not_picked":["hexamod:ShieldOfDarkness","hexamod:BacktrackSmack"],"picked":"hexamod:Hexaguard","floor":5.0},{"not_picked":["hexamod:NightmareStrike","hexamod:ThermalTransfer"],"picked":"hexamod:PowerFromBeyond","floor":9.0},{"not_picked":["hexamod:SwordOfDarkness","hexamod:EtherealExpedition"],"picked":"hexamod:TimeOfNeed","floor":13.0},{"not_picked":["hexamod:GhostLash","hexamod:HauntingEcho"],"picked":"hexamod:RadiantFlame","floor":15.0},{"not_picked":["hexamod:ForkedFlame","hexamod:ParanormalForm"],"picked":"hexamod:WildfireWeapon","floor":16.0},{"not_picked":["hexamod:AdvancingGuard","hexamod:Firestarter+1"],"picked":"hexamod:HeatMetal+1","floor":19.0},{"not_picked":["hexamod:BurningTouch","hexamod:GhostShield","hexamod:NightmareStrike"],"picked":"SKIP","floor":20.0},{"not_picked":["hexamod:NightmareGuise","hexamod:HauntingEcho+1"],"picked":"hexamod:FirstSeal","floor":23.0},{"not_picked":["hexamod:FlamesFromBeyond","hexamod:GhostflameInferno"],"picked":"hexamod:ExtraCrispy","floor":25},{"not_picked":["hexamod:InspiringFlames","hexamod:EtherealExpedition","hexamod:BacktrackSmack"],"picked":"SKIP","floor":26},{"not_picked":["hexamod:TimeWarp","hexamod:SpectersWail+1","hexamod:GhostLash"],"picked":"SKIP","floor":27},{"not_picked":["hexamod:Haunt","hexamod:InspiringFlames"],"picked":"hexamod:RetreatToShadows+1","floor":29},{"not_picked":["hexamod:InspiringFlames","hexamod:NightmareGuise"],"picked":"hexamod:RecurringNightmare","floor":31},{"not_picked":["hexamod:Again+1","hexamod:FlamesFromBeyond"],"picked":"hexamod:PowerFromBeyond+1","floor":32},{"not_picked":["hexamod:HexaLevel","hexamod:FlameSwitch"],"picked":"hexamod:VolcanoVisage","floor":33},{"not_picked":["hexamod:Hexaguard","hexamod:RecurringNightmare","hexamod:ShieldOfDarkness+1"],"picked":"SKIP","floor":36},{"not_picked":["hexamod:PhantomCloak","hexamod:BacktrackSmack+1"],"picked":"hexamod:BurningTouch+1","floor":37},{"not_picked":["hexamod:AdvancingGuard","hexamod:FirstSeal","hexamod:Firestarter+1"],"picked":"SKIP","floor":39},{"not_picked":["expansioncontent:HyperBeam","expansioncontent:AwakenDeath"],"picked":"expansioncontent:YouAreMine","floor":40},{"not_picked":["hexamod:Rewind","hexamod:FirstSeal"],"picked":"hexamod:PhantomFireball","floor":44},{"not_picked":["hexamod:HeatMetal+1","hexamod:BurningTouch+1","hexamod:DynamicBlow+1"],"picked":"SKIP","floor":45},{"not_picked":["hexamod:FastForward","hexamod:BacktrackSmack+1"],"picked":"hexamod:NightmareGuise+1","floor":46},{"not_picked":["hexamod:SoulSteal+1","hexamod:StepThrough","hexamod:ShieldOfDarkness"],"picked":"SKIP","floor":48},{"not_picked":["hexamod:NightmareGuise","hexamod:ShieldOfDarkness","hexamod:ExtraCrispy"],"picked":"SKIP","floor":49}],"player_experience":870236,"relics_obtained":[{"floor":7.0,"key":"MealTicket"},{"floor":13.0,"key":"Centennial Puzzle"},{"floor":23.0,"key":"The Courier"},{"floor":25,"key":"Blue Candle"},{"floor":27,"key":"Orichalcum"},{"floor":31,"key":"Strawberry"},{"floor":41,"key":"Vajra"},{"floor":44,"key":"Eternal Feather"}],"event_choices":[{"damage_healed":23.0,"max_hp_gain":0.0,"max_hp_loss":0.0,"gold_gain":0.0,"event_name":"Big Fish","player_choice":"Banana","floor":14.0,"gold_loss":0.0,"damage_taken":0.0},{"damage_healed":0,"gold_gain":0,"player_choice":"Ignored","damage_taken":0,"max_hp_gain":0,"max_hp_loss":0,"event_name":"Mysterious Sphere","floor":47,"gold_loss":0}],"is_beta":false,"boss_relics":[{"not_picked":["bronze:MakeshiftBattery","Calling Bell"],"picked":"Philosopher\u0027s Stone"},{"not_picked":["Runic Pyramid","Coffee Dripper"],"picked":"Fusion Hammer"}],"items_purged_floors":[5],"is_endless":false,"potions_floor_spawned":[9,13,19,23,25,31,36,44,48],"ascension_level":1}}