{"host":"2se5dq1do2gp0x9k","time":1611203270,"event":{"mods":["AchievementEnabler","BaseMod","Block Reminder","Colored Map","Colored Powertips","Minty Spire (QoL Compilation)","Relic Stats","StSLib","SuperFastMode"],"gold_per_floor":[115,129,129,140,159,159,187,152,152,152,77,112,112,140,140,212,212,222,242,242,292,192,192,192],"floor_reached":23,"language":"ENG","playtime":710,"items_purged":["Defend_P","Strike_P"],"score":488,"play_id":"7106bea9-5b21-4d26-8e8a-b1ada07ae2e0","local_time":"20210120202750","is_ascension_mode":true,"campfire_choices":[{"data":"Consecrate","floor":6.0,"key":"SMITH"},{"data":"Eruption","floor":10.0,"key":"SMITH"},{"data":"Blasphemy","floor":15.0,"key":"SMITH"}],"circlet_count":0,"master_deck":["AscendersBane","Strike_P","Strike_P","Strike_P","Defend_P","Defend_P","Defend_P","Eruption+1","Vigilance","Consecrate+1","JustLucky","EmptyBody","WreathOfFlame","CarveReality","Blasphemy+1","TalkToTheHand","Establishment","FlyingSleeves","Fasting2"],"relics":["PureWater","NeowsBlessing","Kunai","HornCleat","Sundial","Pen Nib","Meat on the Bone","Philosopher\u0027s Stone"],"acts_visited":["Exordium","TheCity"],"potions_floor_usage":[],"damage_taken":[{"damage":0.0,"enemies":"2 Louse","floor":1.0,"turns":1.0},{"damage":0.0,"enemies":"Small Slimes","floor":2.0,"turns":1.0},{"damage":0.0,"enemies":"Jaw Worm","floor":4.0,"turns":1.0},{"damage":1.0,"enemies":"Looter","floor":5.0,"turns":3.0},{"damage":62.0,"enemies":"Lagavulin","floor":7.0,"turns":9.0},{"damage":8.0,"enemies":"Gremlin Nob","floor":12.0,"turns":3.0},{"damage":2.0,"enemies":"3 Sentries","floor":14.0,"turns":4.0},{"damage":0,"enemies":"Slime Boss","floor":16,"turns":6},{"damage":4,"enemies":"2 Thieves","floor":18,"turns":4},{"damage":0,"enemies":"Spheric Guardian","floor":19,"turns":3},{"damage":69,"enemies":"Slavers","floor":23,"turns":4}],"seed_played":"-9186318657407147656","potions_obtained":[{"floor":5.0,"key":"Fire Potion"},{"floor":7.0,"key":"Block Potion"},{"floor":16,"key":"Energy Potion"},{"floor":19,"key":"SteroidPotion"}],"is_trial":false,"path_per_floor":["M","M","?","M","M","R","E","?","T","R","$","E","?","E","R","B",null,"M","M","?","?","$","E"],"character_chosen":"WATCHER","items_purchased":[],"campfire_rested":0,"item_purchase_floors":[],"current_hp_per_floor":[61,61,66,66,65,65,3,21,21,21,21,13,13,11,11,23,61,57,57,57,57,57,0,0],"gold":192,"neow_bonus":"THREE_ENEMY_KILL","is_daily":false,"chose_seed":false,"campfire_upgraded":3,"win_rate":0.0,"timestamp":1611203270,"path_taken":["M","M","?","M","M","R","E","?","T","R","$","E","?","E","R","BOSS","M","M","?","?","$","E"],"items_purchased_type":[],"build_version":"2020-12-22","purchased_purges":2,"victory":false,"max_hp_per_floor":[68,68,73,73,73,73,73,73,73,73,73,73,73,73,73,73,73,73,73,73,73,73,73,73],"relic_stats":{"counters":[11,39],"Sundial":[2],"Pen Nib":[5],"Kunai":[11],"obtain_stats":[{"HornCleat":9,"NeowsBlessing":0,"Sundial":12,"Philosopher\u0027s Stone":17,"Pen Nib":13,"Kunai":7,"PureWater":0,"Meat on the Bone":14},{"HornCleat":5,"NeowsBlessing":0,"Sundial":6,"Philosopher\u0027s Stone":8,"Pen Nib":6,"Kunai":5,"PureWater":0,"Meat on the Bone":7},{"HornCleat":15,"NeowsBlessing":0,"Sundial":18,"Philosopher\u0027s Stone":28,"Pen Nib":18,"Kunai":15,"PureWater":0,"Meat on the Bone":22}],"Meat on the Bone":12},"card_choices":[{"not_picked":["PathToVictory","Halt"],"picked":"Consecrate","floor":1.0},{"not_picked":["Crescendo","EmptyBody"],"picked":"JustLucky","floor":2.0},{"not_picked":["ClearTheMind","Crescendo"],"picked":"EmptyBody","floor":4.0},{"not_picked":["ClearTheMind","Protect"],"picked":"WreathOfFlame","floor":5.0},{"not_picked":["CutThroughFate","Protect"],"picked":"CarveReality","floor":7.0},{"not_picked":["Consecrate","FlurryOfBlows"],"picked":"Blasphemy","floor":12.0},{"not_picked":["BowlingBash","DevaForm"],"picked":"TalkToTheHand","floor":14.0},{"not_picked":["Omniscience","Wish"],"picked":"Establishment","floor":16},{"not_picked":["WindmillStrike","ClearTheMind"],"picked":"FlyingSleeves","floor":18},{"not_picked":["CutThroughFate","Worship+1"],"picked":"Fasting2","floor":19}],"player_experience":3924590,"relics_obtained":[{"floor":7.0,"key":"Kunai"},{"floor":9.0,"key":"HornCleat"},{"floor":12.0,"key":"Sundial"},{"floor":14.0,"key":"Meat on the Bone"}],"event_choices":[{"damage_healed":0.0,"max_hp_gain":5.0,"max_hp_loss":0.0,"gold_gain":0.0,"event_name":"Big Fish","player_choice":"Donut","floor":3.0,"gold_loss":0.0,"damage_taken":0.0},{"damage_healed":18.0,"max_hp_gain":0.0,"max_hp_loss":0.0,"gold_gain":0.0,"event_name":"The Cleric","player_choice":"Healed","floor":8.0,"gold_loss":35.0,"damage_taken":0.0},{"damage_healed":0.0,"max_hp_gain":0.0,"max_hp_loss":0.0,"gold_gain":0.0,"event_name":"Dead Adventurer","player_choice":"Searched \u00271\u0027 times","floor":13.0,"gold_loss":0.0,"damage_taken":0.0,"relics_obtained":["Pen Nib"]},{"damage_healed":0,"gold_gain":0,"player_choice":"Ignored","damage_taken":0,"max_hp_gain":0,"max_hp_loss":0,"event_name":"The Mausoleum","floor":20,"gold_loss":0},{"damage_healed":0,"gold_gain":50,"player_choice":"Stole From Cult","damage_taken":0,"max_hp_gain":0,"max_hp_loss":0,"event_name":"Nest","floor":21,"gold_loss":0}],"is_beta":false,"boss_relics":[{"not_picked":["Coffee Dripper","Fusion Hammer"],"picked":"Philosopher\u0027s Stone"}],"items_purged_floors":[11,22],"is_endless":false,"potions_floor_spawned":[5,7,16,19],"killed_by":"Slavers","ascension_level":18}}