{"host":"z6c1sol8rulx2ubz","time":1611252510,"event":{"mods":["AchievementEnabler","Act Like it!","BaseMod","Better Note","Better Third Choice","Downfall","Elementarium","Gold Saver","Hallownest","Hubris","Infinite Spire","Minty Spire (QoL Compilation)","Potionbrewer","Quick Restart","Rare Cards Sparkle","StSLib","The Bug Knight","Wandering Minibosses"],"gold_per_floor":[111,111,36,46,65,97,152,184,211,211,221,263,141,154,154,256,256,271,284,284,234,234,234,263,263,314,134,134,172,184,210,210,318,318,528,457,457,457],"floor_reached":37,"language":"ENG","playtime":3027,"items_purged":["HollowMod:NailStrikeStart","Injury"],"score":435,"play_id":"8e2fffa3-2125-47c9-a177-e7cb731ec719","local_time":"20210121180830","is_ascension_mode":false,"campfire_choices":[{"floor":15,"key":"REST"},{"floor":28,"key":"REST"},{"floor":32,"key":"REST"}],"circlet_count":0,"master_deck":["HollowMod:NailStrikeStart","HollowMod:NailStrikeStart","HollowMod:NailStrikeStart","HollowMod:QuickDashStart","HollowMod:QuickDashStart","HollowMod:QuickDashStart","HollowMod:QuickDashStart","HollowMod:PogoStrike","HollowMod:MothsMistake","Hallownest:skillGreenpathMap","HollowMod:BrokenVessel","HollowMod:InfectedAttack","HollowMod:DoubleDash","HollowMod:NewGlowingWomb","HollowMod:MothsMistake","HollowMod:MothsMistake","HollowMod:NewInfectedGuardian","HollowMod:DoubleDash+1","HollowMod:LuriensSpire","HollowMod:InfectedCysts","HollowMod:LuriensSpire+1","HollowMod:CloakDash+1","HollowMod:HerrahsAnger+1","Hallownest:attackMasterDashSlash"],"relics":["Black Star","Smiling Mask","Akabeko","Guardian:PocketSentry","Dream Catcher","Hallownest:DreamNailRelic","hubris:HollowSoul","Meat on the Bone","Toxic Egg 2","HollowMod:LifeEnderRelic","Red Mask","CeramicFish","Regal Pillow","Dead Branch","Juzu Bracelet","MealTicket","HornCleat","Cursed Key"],"acts_visited":["Hallownest:Greenpath","Hallownest:CityofTears","Hallownest:KingdomsEdge"],"potions_floor_usage":[6,6,29,29,29,35,37,37],"damage_taken":[{"damage":0,"enemies":"Hallownest:monsterHuskWarrior","floor":1,"turns":3},{"damage":1,"enemies":"Hallownest:2_MossCreeps","floor":4,"turns":4},{"damage":7,"enemies":"Hallownest:monsterHuskGuard","floor":5,"turns":5},{"damage":15,"enemies":"Hallownest:eliteVengeflyKing","floor":6,"turns":6},{"damage":18,"enemies":"Hallownest:Guard_and_Warrior","floor":7,"turns":7},{"damage":10,"enemies":"Hallownest:eliteMossKnight","floor":8,"turns":7},{"damage":6,"enemies":"Hallownest:monsterFoolEater","floor":11,"turns":3},{"damage":0,"enemies":"Hallownest:2_Tiktiks_1_Baldur_1_Crawlid","floor":14,"turns":3},{"damage":36,"enemies":"Hallownest:BossFalseKnight","floor":16,"turns":8},{"damage":26,"enemies":"Hallownest:3_Youths","floor":18,"turns":4},{"damage":6,"enemies":"Hallownest:Flukemon_and_Top","floor":19,"turns":5},{"damage":38,"enemies":"Hallownest:eliteWatcherKnight","floor":24,"turns":14},{"damage":23,"enemies":"Nightmare","floor":29,"turns":9},{"damage":7,"enemies":"Hallownest:2_Husk_Sentries","floor":30,"turns":5},{"damage":15,"enemies":"Hallownest:Nosk","floor":31,"turns":8},{"damage":40,"enemies":"Hallownest:BossSoulMaster","floor":33,"turns":10},{"damage":32,"enemies":"Hallownest:3_Siblings","floor":35,"turns":5},{"damage":15,"enemies":"Hallownest:3_Siblings","floor":37,"turns":6},{"damage":10,"enemies":"Hallownest:3_Siblings","floor":37,"turns":6},{"damage":21,"enemies":"Hallownest:3_Siblings","floor":37,"turns":5}],"seed_played":"-2120057246962913425","potions_obtained":[{"floor":1,"key":"SkillPotion"},{"floor":4,"key":"hexamod:SoulburnPotion"},{"floor":7,"key":"SteroidPotion"},{"floor":19,"key":"EssenceOfSteel"},{"floor":24,"key":"SkillPotion"},{"floor":30,"key":"potionbrewer:BarricadePotion"},{"floor":33,"key":"SteroidPotion"},{"floor":35,"key":"bronze:BurnAndBuffPotion"}],"is_trial":false,"path_per_floor":["M","?","?","M","M","E","M","E","T","?","M","?","$","M","R","B",null,"M","M","?","$","?","?","E","?","T","$","R","NM","M","E","R","B",null,"M","?","?"],"character_chosen":"THE_BUGKNIGHT","items_purchased":["HollowMod:MothsMistake","HollowMod:LuriensSpire+1","Regal Pillow"],"campfire_rested":3,"item_purchase_floors":[13,27,27],"current_hp_per_floor":[75,75,75,74,67,52,34,24,24,24,18,18,18,18,40,4,75,49,43,43,43,43,43,17,17,17,17,54,43,48,45,75,47,75,43,43,0,0],"gold":457,"neow_bonus":"BOSS_RELIC","is_daily":false,"chose_seed":false,"campfire_upgraded":0,"win_rate":0.0,"timestamp":1611252510,"path_taken":["M","?","?","M","M","E","M","E","T","?","?","?","$","M","R","BOSS","M","M","?","$","?","?","E","?","T","?","R","NM","M","E","R","BOSS","M","?","?"],"items_purchased_type":["Card","Card","Relic"],"build_version":"2020-12-22","purchased_purges":2,"victory":false,"max_hp_per_floor":[75,75,75,75,75,75,75,75,75,75,75,75,75,75,75,75,75,75,75,75,75,75,75,75,75,75,75,75,75,75,75,75,75,75,75,75,75,75],"card_choices":[{"not_picked":["HollowMod:CloakDash","HollowMod:SoulSplash"],"picked":"HollowMod:MothsMistake","floor":1},{"not_picked":["HollowMod:BlackTendrils","HollowMod:SiblingsSouls"],"picked":"HollowMod:BrokenVessel","floor":4},{"not_picked":["HollowMod:PureNailStrike","HollowMod:SoulShaman","HollowMod:SharpenedShadows"],"picked":"SKIP","floor":5},{"not_picked":["HollowMod:SoulEater","HollowMod:SoulShaman","HollowMod:SoulSplash"],"picked":"SKIP","floor":6},{"not_picked":["HollowMod:GoodIntentions","HollowMod:DungDefenderAura"],"picked":"HollowMod:InfectedAttack","floor":7},{"not_picked":["HollowMod:MonarchWings","HollowMod:RecoilStrike"],"picked":"HollowMod:DoubleDash","floor":8},{"not_picked":["HollowMod:ElderbugsWisdom","HollowMod:DoubleDash"],"picked":"HollowMod:NewGlowingWomb","floor":11},{"not_picked":["HollowMod:SoulStrike","HollowMod:TaintedHusks"],"picked":"HollowMod:MothsMistake","floor":14},{"not_picked":["HollowMod:theNailsmith","HollowMod:ElderbugsWisdom"],"picked":"HollowMod:NewInfectedGuardian","floor":16},{"not_picked":["HollowMod:HeavyBlow+1","HollowMod:SoulVessel","HollowMod:RecoilStrike"],"picked":"SKIP","floor":18},{"not_picked":["HollowMod:LuriensSpire","HollowMod:AbyssShriek"],"picked":"HollowMod:DoubleDash+1","floor":19},{"not_picked":["HollowMod:GoodIntentions+1","HollowMod:FallenFury"],"picked":"HollowMod:InfectedCysts","floor":24},{"not_picked":["HollowMod:AbyssShriek","HollowMod:SharpenedShadows+1"],"picked":"HollowMod:CloakDash+1","floor":29},{"not_picked":["HollowMod:GoodIntentions+1","HollowMod:QuirrelsAssistance","HollowMod:CornifersMapStart+1"],"picked":"SKIP","floor":30},{"not_picked":["HollowMod:BlackTendrils","HollowMod:SoulSplash+1","HollowMod:DoubleDash+1"],"picked":"SKIP","floor":31},{"not_picked":["HollowMod:WhiteLadysBlessing","HollowMod:MidwifesHunger"],"picked":"HollowMod:HerrahsAnger+1","floor":33},{"not_picked":["HollowMod:CycloneSlash+1","HollowMod:InfectedAttack+1","HollowMod:SoulSplash+1"],"picked":"SKIP","floor":35}],"player_experience":254117,"relics_obtained":[{"floor":6,"key":"Smiling Mask"},{"floor":6,"key":"Akabeko"},{"floor":8,"key":"Guardian:PocketSentry"},{"floor":8,"key":"Dream Catcher"},{"floor":24,"key":"Toxic Egg 2"},{"floor":24,"key":"HollowMod:LifeEnderRelic"},{"floor":26,"key":"CeramicFish"},{"floor":29,"key":"Dead Branch"},{"floor":29,"key":"Juzu Bracelet"},{"floor":31,"key":"MealTicket"},{"floor":31,"key":"HornCleat"}],"event_choices":[],"is_beta":false,"boss_relics":[{"not_picked":["Pandora\u0027s Box","Ectoplasm"],"picked":"hubris:HollowSoul"},{"not_picked":["hubris:VirtuousBlindfold","Philosopher\u0027s Stone"],"picked":"Cursed Key"}],"items_purged_floors":[13,21],"is_endless":false,"potions_floor_spawned":[1,4,7,19,24,30,33,35],"killed_by":"Hallownest:3_Siblings","ascension_level":0}}