{"host":"l5xpox9cbdko122s","time":1611258561,"event":{"mods":["AchievementEnabler","BaseMod","Better Skull","Colored Map","Colored Powertips","Curses Come First","Displayed Cursed Tome","Hermit","Highlight Path","Minty Spire (QoL Compilation)","Quick Restart","Shop Mod","StSLib"],"gold_per_floor":[113,113,133,152,152,152,177,177,231,248,248,258,65,81,81,176,176,194,205,304,304,304],"floor_reached":21,"language":"ENG","playtime":963,"items_purged":[],"score":181,"play_id":"60e212d8-aa21-4ec8-b58d-ce26df2394f8","local_time":"20210121144921","is_ascension_mode":false,"campfire_choices":[{"floor":6,"key":"RECALL"},{"floor":8,"key":"REST"},{"data":"Spot Weakness","floor":15,"key":"SMITH"}],"circlet_count":0,"master_deck":["Strike_R","Strike_R","Strike_R","Strike_R","Strike_R","Defend_R","Defend_R","Defend_R","Defend_R","Bash","Flex","Spot Weakness+1","CurseOfTheBell"],"relics":["Burning Blood","NeowsBlessing","Happy Flower","MerchantsRug","Calling Bell","Lantern","Molten Egg 2","Unceasing Top"],"acts_visited":["Exordium","TheCity"],"potions_floor_usage":[7,12,14,21],"damage_taken":[{"damage":0,"enemies":"Small Slimes","floor":1,"turns":1},{"damage":0,"enemies":"Cultist","floor":3,"turns":1},{"damage":0,"enemies":"Jaw Worm","floor":4,"turns":1},{"damage":75,"enemies":"Lagavulin","floor":7,"turns":7},{"damage":6,"enemies":"2 Fungi Beasts","floor":10,"turns":4},{"damage":18,"enemies":"3 Louse","floor":12,"turns":4},{"damage":12,"enemies":"Looter","floor":14,"turns":5},{"damage":48,"enemies":"Hexaghost","floor":16,"turns":8},{"damage":40,"enemies":"Shell Parasite","floor":18,"turns":7},{"damage":31,"enemies":"Chosen","floor":19,"turns":8},{"damage":33,"enemies":"Masked Bandits","floor":21,"turns":3}],"seed_played":"-3773066340511365289","potions_obtained":[{"floor":1,"key":"Ancient Potion"},{"floor":10,"key":"PowerPotion"},{"floor":12,"key":"Regen Potion"},{"floor":19,"key":"SpeedPotion"}],"is_trial":false,"path_per_floor":["M","?","M","M","?","R","E","R","T","M","?","M","$","M","R","B",null,"M","M","?","?"],"character_chosen":"IRONCLAD","items_purchased":["MerchantsRug","Flex"],"campfire_rested":1,"item_purchase_floors":[13,13],"current_hp_per_floor":[80,80,80,80,80,80,11,35,35,35,61,49,49,57,57,15,80,46,21,21,0,0],"gold":304,"neow_bonus":"THREE_ENEMY_KILL","is_daily":false,"chose_seed":false,"campfire_upgraded":1,"win_rate":0.0,"timestamp":1611258561,"path_taken":["M","?","M","?","?","R","E","R","T","M","?","M","$","M","R","BOSS","M","M","?","?"],"items_purchased_type":["Relic","Card"],"build_version":"2020-12-22","purchased_purges":0,"victory":false,"max_hp_per_floor":[80,80,80,80,80,80,80,80,80,80,80,80,80,80,80,80,80,80,80,80,80,80],"card_choices":[{"not_picked":["Metallicize","Clothesline","Perfected Strike"],"picked":"SKIP","floor":1},{"not_picked":["Clothesline","Sever Soul","Warcry"],"picked":"SKIP","floor":3},{"not_picked":["Body Slam","Clash","Inflame"],"picked":"SKIP","floor":4},{"not_picked":["Second Wind","Sever Soul","Warcry"],"picked":"SKIP","floor":7},{"not_picked":["Headbutt","Havoc","Fire Breathing"],"picked":"SKIP","floor":10},{"not_picked":["Wild Strike","Dropkick","Anger"],"picked":"SKIP","floor":12},{"not_picked":["Fire Breathing","Clash"],"picked":"Spot Weakness","floor":14},{"not_picked":["Shockwave","Pommel Strike+1","Thunderclap+1"],"picked":"SKIP","floor":18},{"not_picked":["Combust","True Grit","Disarm"],"picked":"SKIP","floor":19}],"player_experience":177210,"relics_obtained":[{"floor":7,"key":"Happy Flower"},{"floor":17,"key":"Lantern"},{"floor":17,"key":"Molten Egg 2"},{"floor":17,"key":"Unceasing Top"}],"event_choices":[{"damage_healed":4,"gold_gain":0,"player_choice":"LEAVE ","damage_taken":0,"relics_obtained":[],"max_hp_gain":0,"max_hp_loss":0,"event_name":"betterSkull:BetterSkull","floor":2,"gold_loss":0,"cards_upgraded":[]},{"damage_healed":0,"gold_gain":0,"player_choice":"Ignored","damage_taken":0,"max_hp_gain":0,"max_hp_loss":0,"event_name":"Shining Light","floor":5,"gold_loss":0},{"damage_healed":26,"gold_gain":0,"player_choice":"Banana","damage_taken":0,"max_hp_gain":0,"max_hp_loss":0,"event_name":"Big Fish","floor":11,"gold_loss":0},{"damage_healed":0,"gold_gain":99,"player_choice":"Stole From Cult","damage_taken":0,"max_hp_gain":0,"max_hp_loss":0,"event_name":"Nest","floor":20,"gold_loss":0},{"damage_healed":0,"gold_gain":0,"player_choice":"Fought Bandits","damage_taken":0,"max_hp_gain":0,"max_hp_loss":0,"event_name":"Masked Bandits","floor":21,"gold_loss":0}],"is_beta":false,"boss_relics":[{"not_picked":["Philosopher\u0027s Stone","Runic Cube"],"picked":"Calling Bell"}],"items_purged_floors":[],"is_endless":false,"potions_floor_spawned":[1,10,12,19],"killed_by":"Masked Bandits","ascension_level":0}}