{"host":"sav7uxregyirlf69","time":1611231158,"event":{"mods":["AchievementEnabler","BaseMod","Colored Map","DeckTracker","Keyboard Shortcuts","Minty Spire (QoL Compilation)","READ ME - Guardian Mod","StSLib","SuperFastMode"],"gold_per_floor":[117,136,136,60,60,101,119,134,204,242,175,175,198,217,217,306,306,330,80,80,170,188,188,222,222,296,329,350,381,217,256,256,347,347,367,433,454,454,473,473,473,509,509,509,378,391,409,447,447,447,447],"floor_reached":50,"language":"KOR","playtime":740,"items_purged":[],"score":1501,"play_id":"098353e6-614b-4da9-8313-3f31e0ba3c49","local_time":"20210121211238","is_ascension_mode":true,"campfire_choices":[{"data":"Perfected Strike","floor":12.0,"key":"SMITH"},{"data":"Perfected Strike","floor":15.0,"key":"SMITH"},{"floor":23.0,"key":"REST"},{"data":"Bloodletting","floor":25.0,"key":"SMITH"},{"data":"Double Tap","floor":32.0,"key":"SMITH"},{"data":"Perfected Strike","floor":40.0,"key":"SMITH"},{"data":"Perfected Strike","floor":44.0,"key":"SMITH"},{"floor":49,"key":"RECALL"}],"circlet_count":0,"master_deck":["AscendersBane","Strike_R","Strike_R","Strike_R","Strike_R","Strike_R","Defend_R","Defend_R","Bash","Perfected Strike+1","Ghostly Armor","Pommel Strike","Wild Strike","Perfected Strike+1","Perfected Strike+1","Warcry","Twin Strike","Perfected Strike+1","Double Tap+1","Perfected Strike","Perfected Strike","Second Wind","Sentinel+1","Bloodletting+1","Wild Strike","Perfected Strike","Perfected Strike","Perfected Strike","Bloodletting+1","Impervious","Fiend Fire","Ghostly Armor+1","Enlightenment","Pommel Strike","Pommel Strike","Offering"],"relics":["Burning Blood","NeowsBlessing","Golden Idol","Peace Pipe","Bag of Marbles","Lantern","Runic Pyramid","Orrery","Nilry\u0027s Codex","Toy Ornithopter","Gremlin Horn","Potion Belt","Eternal Feather","Girya","SacredBark","Unceasing Top","The Courier","PreservedInsect"],"acts_visited":["Exordium","TheCity","TheBeyond"],"potions_floor_usage":[50,50,50,50],"damage_taken":[{"damage":0.0,"enemies":"Cultist","floor":1.0,"turns":1.0},{"damage":0.0,"enemies":"Jaw Worm","floor":2.0,"turns":1.0},{"damage":0.0,"enemies":"Gremlin Nob","floor":6.0,"turns":1.0},{"damage":3.0,"enemies":"Small Slimes","floor":7.0,"turns":2.0},{"damage":5.0,"enemies":"Gremlin Gang","floor":8.0,"turns":3.0},{"damage":25.0,"enemies":"3 Sentries","floor":10.0,"turns":9.0},{"damage":0.0,"enemies":"Red Slaver","floor":13.0,"turns":1.0},{"damage":1.0,"enemies":"3 Louse","floor":14.0,"turns":2.0},{"damage":43.0,"enemies":"The Guardian","floor":16.0,"turns":6.0},{"damage":12.0,"enemies":"2 Thieves","floor":18.0,"turns":3.0},{"damage":0.0,"enemies":"Chosen","floor":22.0,"turns":3.0},{"damage":0.0,"enemies":"Gremlin Leader","floor":24.0,"turns":2.0},{"damage":17.0,"enemies":"Book of Stabbing","floor":27.0,"turns":2.0},{"damage":6.0,"enemies":"Shelled Parasite and Fungi","floor":28.0,"turns":2.0},{"damage":3.0,"enemies":"Gremlin Leader","floor":29.0,"turns":2.0},{"damage":0.0,"enemies":"Book of Stabbing","floor":31.0,"turns":1.0},{"damage":22.0,"enemies":"Automaton","floor":33.0,"turns":3.0},{"damage":1.0,"enemies":"3 Shapes","floor":35.0,"turns":3.0},{"damage":0.0,"enemies":"2 Orb Walkers","floor":36.0,"turns":3.0},{"damage":12.0,"enemies":"3 Darklings","floor":37.0,"turns":3.0},{"damage":36.0,"enemies":"Writhing Mass","floor":39.0,"turns":3.0},{"damage":7.0,"enemies":"Reptomancer","floor":42.0,"turns":3.0},{"damage":28.0,"enemies":"Maw","floor":46.0,"turns":5.0},{"damage":0.0,"enemies":"Jaw Worm Horde","floor":47.0,"turns":1.0},{"damage":19,"enemies":"Nemesis","floor":48,"turns":3},{"damage":92,"enemies":"Awakened One","floor":50,"turns":6}],"seed_played":"-8733296307030522768","potions_obtained":[{"floor":2.0,"key":"ColorlessPotion"},{"floor":10.0,"key":"EntropicBrew"},{"floor":16.0,"key":"Energy Potion"},{"floor":29.0,"key":"PowerPotion"},{"floor":31.0,"key":"ColorlessPotion"},{"floor":35.0,"key":"ElixirPotion"},{"floor":39.0,"key":"Block Potion"}],"is_trial":false,"path_per_floor":["M","M","?","$","?","E","M","M","T","E","?","R","M","M","R","B",null,"M","$","?","?","M","R","E","R","T","E","M","E","$","E","R","B",null,"M","?","M","?","M","R","?","E","T","R","$","M","M","E","R","B"],"character_chosen":"IRONCLAD","items_purchased":["Pommel Strike","Wild Strike","Orrery","Bloodletting","Impervious","DistilledChaos","Strength Potion","Enlightenment"],"campfire_rested":1,"item_purchase_floors":[4,4,19,19,30,30,45,45],"current_hp_per_floor":[74,75,68,68,42,48,51,52,52,33,33,33,39,44,44,7,58,52,52,31,19,25,47,53,53,53,42,42,45,45,56,74,62,72,75,75,69,69,39,57,57,61,61,75,75,53,59,46,67,0,0],"gold":447,"neow_bonus":"THREE_ENEMY_KILL","is_daily":false,"chose_seed":false,"campfire_upgraded":6,"win_rate":0.0,"timestamp":1611231158,"path_taken":["M","?","?","$","?","E","M","M","T","E","?","R","?","M","R","BOSS","M","$","?","?","M","R","E","R","T","E","M","E","$","E","R","BOSS","M","?","M","?","?","R","?","E","T","R","$","M","M","E","R","BOSS"],"items_purchased_type":["Card","Card","Relic","Card","Card","Potion","Potion","Card"],"build_version":"2020-12-22","purchased_purges":0,"victory":false,"max_hp_per_floor":[75,75,75,75,75,75,75,75,75,75,75,75,75,75,75,75,75,75,75,75,75,75,75,75,75,75,75,75,75,75,75,75,75,75,75,75,75,75,75,75,75,75,75,75,75,75,75,75,75,75,75],"card_choices":[{"not_picked":["Iron Wave","Pommel Strike"],"picked":"Perfected Strike","floor":1.0},{"not_picked":["Spot Weakness","Warcry"],"picked":"Ghostly Armor","floor":2.0},{"not_picked":["Disarm","Ghostly Armor"],"picked":"Perfected Strike","floor":6.0},{"not_picked":["Seeing Red","Carnage"],"picked":"Perfected Strike","floor":7.0},{"not_picked":["Armaments","Pummel"],"picked":"Warcry","floor":8.0},{"not_picked":["Combust","Havoc"],"picked":"Twin Strike","floor":10.0},{"not_picked":["Inflame","Thunderclap"],"picked":"Perfected Strike","floor":13.0},{"not_picked":["Havoc","Dark Embrace","Carnage"],"picked":"SKIP","floor":14.0},{"not_picked":["Bludgeon","Offering"],"picked":"Double Tap","floor":16.0},{"not_picked":["Clothesline","Reckless Charge","Thunderclap"],"picked":"SKIP","floor":18.0},{"not_picked":["Havoc","Thunderclap+1"],"picked":"Perfected Strike","floor":19.0},{"not_picked":["Shockwave","Twin Strike+1"],"picked":"Perfected Strike","floor":19.0},{"not_picked":["Twin Strike","Iron Wave"],"picked":"Second Wind","floor":19.0},{"not_picked":["Warcry","Clash"],"picked":"Sentinel+1","floor":19.0},{"not_picked":["Cleave","Anger"],"picked":"Wild Strike","floor":22.0},{"not_picked":["Dark Embrace","Whirlwind"],"picked":"Perfected Strike","floor":24.0},{"not_picked":["Battle Trance","Burning Pact"],"picked":"Perfected Strike","floor":27.0},{"not_picked":["Cleave","Headbutt"],"picked":"Perfected Strike","floor":28.0},{"not_picked":["Anger","Double Tap"],"picked":"Bloodletting+1","floor":29.0},{"not_picked":["Fire Breathing","Thunderclap","Heavy Blade+1"],"picked":"SKIP","floor":31.0},{"not_picked":["Double Tap","Berserk"],"picked":"Fiend Fire","floor":33.0},{"not_picked":["Infernal Blade","Cleave+1","Dual Wield"],"picked":"SKIP","floor":35.0},{"not_picked":["Bloodletting","Iron Wave","Heavy Blade"],"picked":"SKIP","floor":37.0},{"not_picked":["Intimidate","Clash","Berserk"],"picked":"SKIP","floor":39.0},{"not_picked":["Cleave+1","Thunderclap"],"picked":"Ghostly Armor+1","floor":42.0},{"not_picked":["Reckless Charge","Cleave"],"picked":"Pommel Strike","floor":46.0},{"not_picked":["Body Slam","Whirlwind+1"],"picked":"Pommel Strike","floor":47.0},{"not_picked":["Anger","Armaments"],"picked":"Offering","floor":48}],"player_experience":1347512,"relics_obtained":[{"floor":6.0,"key":"Peace Pipe"},{"floor":10.0,"key":"Bag of Marbles"},{"floor":20.0,"key":"Nilry\u0027s Codex"},{"floor":24.0,"key":"Toy Ornithopter"},{"floor":26.0,"key":"Gremlin Horn"},{"floor":27.0,"key":"Potion Belt"},{"floor":29.0,"key":"Eternal Feather"},{"floor":31.0,"key":"Girya"},{"floor":36.0,"key":"Unceasing Top"},{"floor":42.0,"key":"The Courier"},{"floor":48,"key":"PreservedInsect"}],"event_choices":[{"cards_removed":["Defend_R"],"damage_healed":0.0,"max_hp_gain":0.0,"max_hp_loss":0.0,"gold_gain":0.0,"event_name":"Golden Wing","player_choice":"Card Removal","floor":3.0,"gold_loss":0.0,"damage_taken":7.0},{"damage_healed":0.0,"max_hp_gain":0.0,"max_hp_loss":0.0,"gold_gain":0.0,"event_name":"Golden Idol","player_choice":"Take Damage","floor":5.0,"gold_loss":0.0,"damage_taken":26.0,"relics_obtained":["Golden Idol"]},{"damage_healed":0.0,"max_hp_gain":0.0,"max_hp_loss":0.0,"gold_gain":0.0,"event_name":"WeMeetAgain","player_choice":"Paid Gold","floor":11.0,"gold_loss":67.0,"damage_taken":0.0,"relics_obtained":["Lantern"]},{"damage_healed":0.0,"max_hp_gain":0.0,"max_hp_loss":0.0,"gold_gain":0.0,"event_name":"Cursed Tome","player_choice":"Obtained Book","floor":20.0,"gold_loss":0.0,"damage_taken":21.0},{"damage_healed":0.0,"max_hp_gain":0.0,"max_hp_loss":0.0,"gold_gain":90.0,"event_name":"Knowing Skull","player_choice":"GOLD ","floor":21.0,"potions_obtained":[],"gold_loss":0.0,"damage_taken":12.0,"cards_obtained":[]},{"damage_healed":0.0,"max_hp_gain":0.0,"max_hp_loss":0.0,"gold_gain":0.0,"event_name":"Mysterious Sphere","player_choice":"Fight","floor":36.0,"gold_loss":0.0,"damage_taken":0.0},{"damage_healed":0.0,"max_hp_gain":0.0,"max_hp_loss":0.0,"gold_gain":0.0,"event_name":"Match and Keep!","player_choice":"0 cards matched","floor":38.0,"gold_loss":0.0,"damage_taken":0.0,"cards_obtained":[]},{"cards_removed":["Defend_R"],"damage_healed":0.0,"max_hp_gain":0.0,"max_hp_loss":0.0,"gold_gain":0.0,"event_name":"Falling","player_choice":"Removed Skill","floor":41.0,"gold_loss":0.0,"damage_taken":0.0}],"is_beta":false,"boss_relics":[{"not_picked":["Ectoplasm","Pandora\u0027s Box"],"picked":"Runic Pyramid"},{"not_picked":["Philosopher\u0027s Stone","Mark of Pain"],"picked":"SacredBark"}],"items_purged_floors":[],"is_endless":false,"potions_floor_spawned":[2,10,16,18,24,29,31,35,39,48],"killed_by":"Awakened One","ascension_level":20}}