{"host":"7jl348xfsxr8glry","time":1611237267,"event":{"mods":["AchievementEnabler","BaseMod","Colored Map","Minty Spire (QoL Compilation)","Random Character Button","Unceasing Turn Reminder"],"gold_per_floor":[113,113,133,133,149,149,163,177,200,226,226,257,257,271,271,372,372,392,117,117,117,135,135,135,135,135,65,65,81,81,101,101,203,203,219,219,231,231,246,246,262,262,262],"floor_reached":42,"language":"ENG","playtime":2142,"items_purged":["Strike_G"],"score":474,"play_id":"c18d9ec4-bb23-4b74-bd5a-b3bb30513237","local_time":"20210122005427","is_ascension_mode":true,"campfire_choices":[{"floor":6,"key":"REST"},{"floor":11,"key":"RECALL"},{"floor":13,"key":"REST"},{"floor":15,"key":"REST"},{"floor":23,"key":"REST"},{"data":"Accuracy","floor":25,"key":"SMITH"},{"data":"Terror","floor":28,"key":"SMITH"},{"floor":30,"key":"REST"},{"data":"Accuracy","floor":32,"key":"SMITH"},{"floor":40,"key":"REST"}],"circlet_count":0,"master_deck":["Defend_G","Defend_G","Defend_G","Defend_G","Survivor","Neutralize","Blade Dance+1","Dagger Throw","Blade Dance","Backflip","Slice","Terror+1","Accuracy+1","Flying Knee","Sucker Punch","Blade Dance","Bite","Bite","Bite","Bite","Bite","Footwork","Accuracy+1","Outmaneuver","A Thousand Cuts","Flying Knee","Cloak And Dagger+1","Catalyst","Backstab+1"],"relics":["Ring of the Snake","Boot","Bag of Preparation","Centennial Puzzle","SlaversCollar","PreservedInsect","Cursed Key"],"acts_visited":["Exordium","TheCity","TheBeyond"],"potions_floor_usage":[10,10,12,16,33,33,33,39],"damage_taken":[{"damage":0,"enemies":"Jaw Worm","floor":1,"turns":6},{"damage":0,"enemies":"2 Louse","floor":3,"turns":2},{"damage":9,"enemies":"Small Slimes","floor":5,"turns":2},{"damage":0,"enemies":"Looter","floor":7,"turns":2},{"damage":0,"enemies":"Large Slime","floor":8,"turns":4},{"damage":6,"enemies":"Gremlin Nob","floor":10,"turns":4},{"damage":26,"enemies":"Lagavulin","floor":12,"turns":4},{"damage":20,"enemies":"Exordium Thugs","floor":14,"turns":2},{"damage":44,"enemies":"The Guardian","floor":16,"turns":9},{"damage":17,"enemies":"2 Thieves","floor":18,"turns":4},{"damage":1,"enemies":"Spheric Guardian","floor":22,"turns":3},{"damage":29,"enemies":"Snake Plant","floor":29,"turns":3},{"damage":0,"enemies":"Centurion and Healer","floor":31,"turns":4},{"damage":48,"enemies":"Collector","floor":33,"turns":10},{"damage":10,"enemies":"3 Shapes","floor":35,"turns":5},{"damage":12,"enemies":"3 Darklings","floor":37,"turns":2},{"damage":30,"enemies":"Jaw Worm Horde","floor":39,"turns":5},{"damage":66,"enemies":"Writhing Mass","floor":41,"turns":5},{"damage":33,"enemies":"Maw","floor":42,"turns":4}],"seed_played":"445971816329022114","potions_obtained":[{"floor":1,"key":"SpeedPotion"},{"floor":3,"key":"EssenceOfSteel"},{"floor":10,"key":"Regen Potion"},{"floor":12,"key":"Weak Potion"},{"floor":14,"key":"SkillPotion"},{"floor":22,"key":"Poison Potion"},{"floor":31,"key":"PowerPotion"},{"floor":37,"key":"SpeedPotion"},{"floor":39,"key":"FairyPotion"}],"is_trial":false,"path_per_floor":["M","?","M","?","M","R","M","M","T","E","R","E","R","M","R","B",null,"M","$","?","?","M","R","?","R","T","$","R","M","R","M","R","B",null,"M","$","M","?","M","R","M","M"],"character_chosen":"THE_SILENT","items_purchased":["PreservedInsect","Blade Dance","Footwork"],"campfire_rested":6,"item_purchase_floors":[19,19,27],"current_hp_per_floor":[70,56,58,58,51,70,70,70,70,64,64,48,69,50,70,26,70,53,53,53,53,52,70,70,70,70,70,70,45,66,70,70,40,70,66,66,54,54,28,49,12,0,0],"gold":262,"neow_bonus":"RANDOM_COMMON_RELIC","is_daily":false,"chose_seed":false,"campfire_upgraded":3,"win_rate":0.0,"timestamp":1611237267,"path_taken":["M","?","M","?","M","R","M","M","T","E","R","E","R","M","R","BOSS","M","$","?","?","M","R","?","R","T","$","R","M","R","?","R","BOSS","M","$","M","?","?","R","M","M"],"items_purchased_type":["Relic","Card","Card"],"build_version":"2020-12-22","purchased_purges":1,"victory":false,"max_hp_per_floor":[70,70,70,70,70,70,70,70,70,70,70,70,70,70,70,70,70,70,70,70,70,70,70,70,70,70,70,70,70,70,70,70,70,70,70,70,70,70,70,70,70,70,70],"card_choices":[{"not_picked":["Riddle With Holes","Prepared"],"picked":"Blade Dance","floor":1},{"not_picked":["Well Laid Plans","Slice"],"picked":"Dagger Throw","floor":3},{"not_picked":["Backflip","Heel Hook"],"picked":"Blade Dance","floor":5},{"not_picked":["Riddle With Holes","Setup"],"picked":"Backflip","floor":7},{"not_picked":["Dagger Spray","Deadly Poison"],"picked":"Slice","floor":8},{"not_picked":["Quick Slash","Masterful Stab"],"picked":"Terror","floor":10},{"not_picked":["Corpse Explosion","All Out Attack"],"picked":"Accuracy","floor":12},{"not_picked":["Choke","Quick Slash"],"picked":"Flying Knee","floor":14},{"not_picked":["Caltrops","Slice"],"picked":"Sucker Punch","floor":18},{"not_picked":["Slice","Underhanded Strike","Quick Slash"],"picked":"SKIP","floor":22},{"not_picked":["Dagger Spray","Blur"],"picked":"Accuracy","floor":29},{"not_picked":["Slice+1","Deadly Poison"],"picked":"Outmaneuver","floor":31},{"not_picked":["Wraith Form v2","Doppelganger"],"picked":"A Thousand Cuts","floor":33},{"not_picked":["Bane+1","Poisoned Stab+1"],"picked":"Flying Knee","floor":35},{"not_picked":["Dodge and Roll","Backstab"],"picked":"Cloak And Dagger+1","floor":37},{"not_picked":["Flechettes","Dagger Spray+1","Dash"],"picked":"SKIP","floor":39},{"not_picked":["Backflip","Finisher+1"],"picked":"Backstab+1","floor":41}],"player_experience":141651,"relics_obtained":[{"floor":9,"key":"Boot"},{"floor":10,"key":"Bag of Preparation"},{"floor":12,"key":"Centennial Puzzle"}],"event_choices":[{"damage_healed":0,"gold_gain":0,"player_choice":"Entered Light","damage_taken":14,"max_hp_gain":0,"max_hp_loss":0,"event_name":"Shining Light","floor":2,"gold_loss":0,"cards_upgraded":["Blade Dance","Strike_G"]},{"damage_healed":0,"gold_gain":0,"player_choice":"Ignored","damage_taken":0,"max_hp_gain":0,"max_hp_loss":0,"event_name":"Golden Idol","floor":4,"gold_loss":0},{"cards_removed":["Strike_G"],"damage_healed":0,"gold_gain":0,"player_choice":"Elegance","damage_taken":0,"max_hp_gain":0,"max_hp_loss":0,"event_name":"Back to Basics","floor":20,"gold_loss":0},{"damage_healed":0,"gold_gain":0,"player_choice":"Became a vampire (Vial)","damage_taken":0,"max_hp_gain":0,"max_hp_loss":0,"event_name":"Vampires","floor":21,"relics_lost":["Blood Vial"],"gold_loss":0,"cards_obtained":["Bite","Bite","Bite","Bite","Bite"]},{"damage_healed":0,"gold_gain":0,"player_choice":"Ignored","damage_taken":0,"max_hp_gain":0,"max_hp_loss":0,"event_name":"N\u0027loth","floor":24,"gold_loss":0},{"damage_healed":0,"gold_gain":0,"cards_transformed":["Defend_G"],"player_choice":"Transformed","damage_taken":0,"max_hp_gain":0,"max_hp_loss":0,"event_name":"Transmorgrifier","floor":38,"gold_loss":0,"cards_obtained":["Catalyst"]}],"is_beta":false,"boss_relics":[{"not_picked":["Calling Bell","Sozu"],"picked":"SlaversCollar"},{"not_picked":["Philosopher\u0027s Stone","Runic Dome"],"picked":"Cursed Key"}],"items_purged_floors":[19],"is_endless":false,"potions_floor_spawned":[1,3,10,12,14,22,31,37,39],"killed_by":"Maw","ascension_level":2}}