{"host":"h4qgcirtxz6qax9j","time":1611232736,"event":{"mods":["AchievementEnabler","BaseMod","Colored Powertips","Hermit","Minty Spire (QoL Compilation)","StSLib","SuperFastMode","The Servant 0.9.4"],"gold_per_floor":[113,131,131,131,141,141,184,184,207,233,259,274,284,316,316,426,426,449,460,151,170,189,189,227,227,280,280,280,280,280],"floor_reached":29,"language":"KOR","playtime":4312,"items_purged":[],"score":273,"play_id":"eea4766d-632d-4944-ad71-440b747efa6b","local_time":"20210121213856","is_ascension_mode":true,"campfire_choices":[{"data":"InstantArmor","floor":6,"key":"SMITH"},{"floor":8,"key":"REST"},{"floor":15,"key":"REST"},{"floor":23,"key":"REST"},{"floor":27,"key":"REST"}],"circlet_count":0,"master_deck":["Strike_S","Strike_S","Strike_S","Strike_S","Defend_S","Defend_S","Defend_S","Defend_S","KidneyShot","Exchange","InstantArmor+1","TimeWarp","Advance","Comet","Potential","Potential","Alleviate","Deny","Alleviate","Advance","TheWorld","TimeWarp","ShatteredReality"],"relics":["Uniform","CeramicFish","Lantern","TungstenRod","Sozu","Pantograph","Red Mask","Omamori"],"acts_visited":["Exordium","TheCity"],"potions_floor_usage":[24],"damage_taken":[{"damage":0,"enemies":"2 Louse","floor":1,"turns":2},{"damage":0,"enemies":"Cultist","floor":2,"turns":3},{"damage":1,"enemies":"Jaw Worm","floor":5,"turns":3},{"damage":32,"enemies":"Lagavulin","floor":7,"turns":6},{"damage":0,"enemies":"Exordium Thugs","floor":10,"turns":4},{"damage":0,"enemies":"Exordium Wildlife","floor":11,"turns":2},{"damage":0,"enemies":"Red Slaver","floor":12,"turns":2},{"damage":0,"enemies":"Large Slime","floor":13,"turns":5},{"damage":19,"enemies":"Gremlin Nob","floor":14,"turns":5},{"damage":32,"enemies":"Hexaghost","floor":16,"turns":12},{"damage":0,"enemies":"3 Byrds","floor":18,"turns":5},{"damage":18,"enemies":"Chosen","floor":19,"turns":6},{"damage":14,"enemies":"Snake Plant","floor":21,"turns":5},{"damage":8,"enemies":"Cultist and Chosen","floor":22,"turns":7},{"damage":32,"enemies":"Masked Bandits","floor":24,"turns":6},{"damage":52,"enemies":"Gremlin Leader","floor":29,"turns":7}],"seed_played":"-7707764391600250619","potions_obtained":[{"floor":1,"key":"LiquidBronze"},{"floor":12,"key":"AttackPotion"},{"floor":13,"key":"SteroidPotion"}],"is_trial":false,"path_per_floor":["M","M","$","?","M","R","E","R","T","M","M","M","M","E","R","B",null,"M","M","$","M","M","R","?","$","T","R","?","E"],"character_chosen":"THE_SERVANT","items_purchased":["Pantograph","Advance"],"campfire_rested":4,"item_purchase_floors":[20,20],"current_hp_per_floor":[65,65,65,65,64,64,32,51,51,51,51,51,51,32,51,19,65,65,47,47,33,25,44,12,12,12,31,52,0,0],"gold":280,"neow_bonus":"THREE_CARDS","is_daily":false,"chose_seed":false,"campfire_upgraded":1,"win_rate":0.0,"timestamp":1611232736,"path_taken":["M","M","$","?","M","R","E","R","T","M","M","M","M","E","R","BOSS","M","M","$","M","M","R","?","$","T","R","?","E"],"items_purchased_type":["Relic","Card"],"build_version":"2020-12-22","purchased_purges":0,"victory":false,"max_hp_per_floor":[65,65,65,65,65,65,65,65,65,65,65,65,65,65,65,65,65,65,65,65,65,65,65,65,65,65,65,65,65,65],"card_choices":[{"not_picked":["TimeTheft","Revamp"],"picked":"InstantArmor","floor":0},{"not_picked":["Snipe","Manipulate"],"picked":"TimeWarp","floor":1},{"not_picked":["Revamp","Barrier","Starlight"],"picked":"SKIP","floor":2},{"not_picked":["Unruled","FastForward"],"picked":"Comet","floor":5},{"not_picked":["Moondial","Replace"],"picked":"Potential","floor":7},{"not_picked":["Rearm","Reset"],"picked":"Potential","floor":10},{"not_picked":["Spin","Replace"],"picked":"Alleviate","floor":11},{"not_picked":["Rearm","Revamp","SurpressingFire"],"picked":"SKIP","floor":12},{"not_picked":["Reset","Replace","ReturningBlade"],"picked":"SKIP","floor":13},{"not_picked":["Shuttle","Rearm","FastForward"],"picked":"SKIP","floor":14},{"not_picked":["TrueSight","ForgedInTime"],"picked":"Deny","floor":16},{"not_picked":["Ricochet","GearUp+1"],"picked":"Alleviate","floor":18},{"not_picked":["Unruled+1","Shuttle","Moondial"],"picked":"SKIP","floor":19},{"not_picked":["Alleviate","Ricochet"],"picked":"TheWorld","floor":21},{"not_picked":["DoubleEdge","Defy"],"picked":"TimeWarp","floor":22},{"not_picked":["Rearm","WasteNot"],"picked":"ShatteredReality","floor":24}],"player_experience":87651,"relics_obtained":[{"floor":7,"key":"CeramicFish"},{"floor":9,"key":"Lantern"},{"floor":14,"key":"TungstenRod"},{"floor":24,"key":"Red Mask"},{"floor":26,"key":"Omamori"}],"event_choices":[{"damage_healed":0,"gold_gain":0,"player_choice":"1 cards matched","damage_taken":0,"max_hp_gain":0,"max_hp_loss":0,"event_name":"Match and Keep!","floor":4,"gold_loss":0,"cards_obtained":["Advance"]},{"damage_healed":0,"gold_gain":0,"player_choice":"Fought Bandits","damage_taken":0,"max_hp_gain":0,"max_hp_loss":0,"event_name":"Masked Bandits","floor":24,"gold_loss":0},{"damage_healed":21,"gold_gain":0,"player_choice":"Heal","damage_taken":0,"max_hp_gain":0,"max_hp_loss":0,"event_name":"The Library","floor":28,"gold_loss":0}],"is_beta":false,"boss_relics":[{"not_picked":["Cursed Key","Fusion Hammer"],"picked":"Sozu"}],"items_purged_floors":[],"is_endless":false,"potions_floor_spawned":[1,12,13,14,16,21,22,24],"killed_by":"Gremlin Leader","ascension_level":3}}