{"host":"5a3ojr29q3aeapfp","time":1611209995,"event":{"mods":["ATMod(∞¢Ë™Mod)","BaseMod","CapriCore","Colored Powertips","Downfall","GungeonMod","Hermit","Highlight Path","Koishi","Minty Spire (QoL Compilation)","Quick Restart","Remilia£®¿Ÿ√◊¿Ú—«£©","Spicy Shops","StSLib","The Cursed","The Immortal","The Marked","Youmu£®ªÍ∆«—˝√Œ£©","°æ“≈ŒÔø®≈∆°øREMEMod"],"gold_per_floor":[99,115,161,174,187,187,187,87,116,116,116,216,116,151,166,297,297,197,207,207,224,224,224,224,259,259,273,301,312,324,353,369,369,369,369],"floor_reached":33,"language":"ZHS","playtime":2883,"items_purged":[],"score":358,"play_id":"6809d31d-02dc-4354-8204-7c64890b7349","local_time":"20210121141955","is_ascension_mode":true,"campfire_choices":[{"floor":1,"key":"RECALL"},{"data":"AT_KingSlayer","floor":8,"key":"SMITH"},{"data":"bronze:Verify","floor":11,"key":"SMITH"},{"data":"Venomology","floor":13,"key":"SMITH"},{"data":"bronze:Repair","floor":18,"key":"SMITH"},{"data":"bronze:HyperBeam","floor":26,"key":"SMITH"}],"circlet_count":0,"master_deck":["bronze:Defend","bronze:Defend","bronze:Defend","bronze:Defend","bronze:Replicate","bronze:Goto","Venomology+1","AT_KingSlayer+1","bronze:Repair+1","bronze:Shell","bronze:BitShift","bronze:ItsAFeature","bronze:Verify+1","bronze:Shield","bronze:BitShift","bronze:HyperBeam+1","bronze:GetLatest+1","Slimebound:Tackle+1","Slimebound:Tackle+1","Slimebound:Tackle+1","bronze:WhirlingStrike","Pain","bronze:ChildClass","bronze:Branch+1","bronze:WildBeam+1","bronze:NullPointer+1","bronze:Flail+1","bronze:FindAndReplace","bronze:Backtrace+1"],"relics":["bronze:BronzeCore","REME_ComplimentaryCards","AT_ATBox","downfall:HeartBlessingRed","AT_EbonyIvory","downfall:ShatteredFragment","downfall:HeartBlessingBlue","REME_PuzzleBoxRelic","Coffee Dripper","downfall:HeartBlessingGreen","WarpedTongs","Molten Egg 2","Bottled Tornado","DemoMod:WeirdEgg","Torii"],"acts_visited":["Exordium","TheCity"],"potions_floor_usage":[3,4,5,9,9,9,9,9,14,14,16,16,19,29,29,29,29,30,31,31,32,32,33,33],"damage_taken":[{"damage":7,"enemies":"Small Slimes","floor":2,"turns":4},{"damage":4,"enemies":"Jaw Worm","floor":3,"turns":4},{"damage":0,"enemies":"2 Louse","floor":4,"turns":3},{"damage":0,"enemies":"Blue Slaver","floor":5,"turns":5},{"damage":6,"enemies":"Lagavulin","floor":9,"turns":8},{"damage":23,"enemies":"3 Sentries","floor":14,"turns":6},{"damage":0,"enemies":"Large Slime","floor":15,"turns":4},{"damage":23,"enemies":"IC_STATUS_ARCHETYPE","floor":16,"turns":8},{"damage":0,"enemies":"Spheric Guardian","floor":19,"turns":1},{"damage":0,"enemies":"3 Cultists","floor":21,"turns":3},{"damage":26,"enemies":"Gremlin Leader","floor":25,"turns":5},{"damage":13,"enemies":"Snecko","floor":27,"turns":4},{"damage":16,"enemies":"Slavers","floor":28,"turns":2},{"damage":10,"enemies":"Centurion and Healer","floor":29,"turns":2},{"damage":4,"enemies":"Sentry and Sphere","floor":30,"turns":2},{"damage":10,"enemies":"Gremlin Leader","floor":31,"turns":2},{"damage":3,"enemies":"Snecko","floor":32,"turns":2},{"damage":32,"enemies":"WA_ARCHETYPE_CALM","floor":33,"turns":5}],"seed_played":"-5266901222263357108","potions_obtained":[{"floor":2,"key":"AttackPotion"},{"floor":3,"key":"FearPotion"},{"floor":5,"key":"EntropicBrew"},{"floor":28,"key":"SteroidPotion"},{"floor":29,"key":"Regen Potion"},{"floor":30,"key":"Explosive Potion"},{"floor":31,"key":"SmokeBomb"}],"is_trial":false,"path_per_floor":["R","M","M","M","M","?","T","R","E","?","R","?","R","E","M","B",null,"R","M","?","M","?","?","T","E","R","M","E","M","M","E","M","B"],"character_chosen":"THE_AUTOMATON","items_purchased":[],"campfire_rested":0,"item_purchase_floors":[],"current_hp_per_floor":[77,70,73,77,77,77,77,77,71,50,50,50,60,44,51,35,87,87,87,87,87,87,87,87,63,63,60,44,34,30,25,22,0,0,0],"gold":369,"neow_bonus":"TEN_PERCENT_HP_BONUS","is_daily":false,"chose_seed":false,"campfire_upgraded":5,"win_rate":0.0,"timestamp":1611209995,"path_taken":["R","M","M","M","M","?","T","R","E","?","R","?","R","E","M","BOSS","R","M","?","M","?","?","T","E","R","M","E","M","M","E","M","BOSS"],"items_purchased_type":[],"build_version":"2020-12-22","purchased_purges":0,"victory":false,"max_hp_per_floor":[77,77,77,77,77,77,77,77,77,77,77,77,87,87,87,87,87,87,87,87,87,87,87,87,87,87,87,87,87,87,87,87,87,87,87],"card_choices":[{"not_picked":["bronze:OilSpill","bronze:Shield"],"picked":"bronze:Repair","floor":2},{"not_picked":["bronze:Allocate","bronze:BronzeArmor"],"picked":"bronze:Shell","floor":3},{"not_picked":["bronze:Shell","bronze:OilSpill"],"picked":"bronze:BitShift","floor":4},{"not_picked":["bronze:Boost","bronze:Branch"],"picked":"bronze:ItsAFeature","floor":5},{"not_picked":["bronze:DigitalCarnage","bronze:Iterate"],"picked":"bronze:Verify","floor":9},{"not_picked":["bronze:FineTuning","bronze:Fortify"],"picked":"bronze:Shield","floor":14},{"not_picked":["bronze:Iterate","bronze:ForLoop"],"picked":"bronze:BitShift","floor":15},{"not_picked":["bronze:HardenedForm","bronze:CleanCode"],"picked":"bronze:HyperBeam","floor":16},{"not_picked":["bronze:Separator","bronze:Overheat"],"picked":"bronze:GetLatest+1","floor":19},{"not_picked":["bronze:FineTuning","bronze:Shield+1"],"picked":"bronze:WhirlingStrike","floor":21},{"not_picked":["bronze:Frontload","bronze:BugBarrage+1"],"picked":"bronze:ChildClass","floor":25},{"not_picked":["bronze:ItsAFeature","bronze:Overheat+1"],"picked":"bronze:Branch+1","floor":27},{"not_picked":["bronze:Deprecate+1","bronze:BugBarrage+1"],"picked":"bronze:WildBeam+1","floor":28},{"not_picked":["bronze:Branch+1","bronze:Deprecate+1"],"picked":"bronze:NullPointer+1","floor":29},{"not_picked":["bronze:Turbo","bronze:FineTuning"],"picked":"bronze:Flail+1","floor":30},{"not_picked":["bronze:Return","bronze:Fortify+1"],"picked":"bronze:FindAndReplace","floor":31},{"not_picked":["bronze:Constructor+1","bronze:FineTuning"],"picked":"bronze:Backtrace+1","floor":32}],"player_experience":182754,"relics_obtained":[{"floor":9,"key":"AT_EbonyIvory"},{"floor":14,"key":"REME_PuzzleBoxRelic"},{"floor":24,"key":"Molten Egg 2"},{"floor":25,"key":"Bottled Tornado"},{"floor":28,"key":"DemoMod:WeirdEgg"},{"floor":31,"key":"Torii"}],"event_choices":[],"is_beta":false,"boss_relics":[{"not_picked":["Astrolabe","Sozu"],"picked":"Coffee Dripper"}],"items_purged_floors":[],"is_endless":false,"potions_floor_spawned":[2,3,5,28,29,30,31],"killed_by":"WA_ARCHETYPE_CALM","ascension_level":1}}