{"host":"gqhy17d1xpb1p3ki","time":1611252278,"event":{"mods":["2.2 Compatiblity","AchievementEnabler","BaseMod","Bestiary","Colored Map","Colored Powertips","Curses Come First","Custom Start","Downfall","Duelist Mod","Hermit","Marisa????????","Minty Spire (QoL Compilation)","Rare Cards Sparkle","Shop Mod","StSLib","The Animator","The Bug Knight","The Cursed","The Disciple","The Hierophant","The Necromancer","The Runesmith","The Servant 0.9.4","Yuri Mod"],"gold_per_floor":[99,116,116,41,41,53,80,95,115,115,134,134,153,114,126,126,126],"floor_reached":16,"language":"ENG","playtime":5211,"items_purged":[],"score":94,"play_id":"37b69bcd-964b-48b1-93f5-3845170d2f91","local_time":"20210121130438","is_ascension_mode":false,"campfire_choices":[{"data":"Thinking Ahead","floor":1,"key":"SMITH"},{"data":"HollowMod:LifebloodCocoon","floor":10,"key":"SMITH"},{"data":"HollowMod:Weaversong","floor":12,"key":"SMITH"}],"circlet_count":0,"master_deck":["HollowMod:NailStrikeStart","HollowMod:NailStrikeStart","HollowMod:NailStrikeStart","HollowMod:NailStrikeStart","HollowMod:QuickDashStart","HollowMod:QuickDashStart","HollowMod:QuickDashStart","HollowMod:QuickDashStart","HollowMod:FocusHealStart","HollowMod:PogoStrike","Thinking Ahead+1","HollowMod:CycloneSlash","HollowMod:PogoStrike","HollowMod:WraithStrike","HollowMod:LifebloodCocoon+1","HollowMod:Weaversong+1","HollowMod:CornifersMapStart","HollowMod:DashSlash","HollowMod:CycloneSlash","HollowMod:DashSlash","HollowMod:SharpenedNail"],"relics":["HollowMod:VesselMask","Lantern"],"acts_visited":["Exordium"],"potions_floor_usage":[16],"damage_taken":[{"damage":1,"enemies":"Jaw Worm","floor":2,"turns":3},{"damage":1,"enemies":"2 Louse","floor":6,"turns":2},{"damage":2,"enemies":"Cultist","floor":8,"turns":3},{"damage":10,"enemies":"3 Louse","floor":9,"turns":2},{"damage":15,"enemies":"Gremlin Gang","floor":11,"turns":4},{"damage":24,"enemies":"Exordium Thugs","floor":13,"turns":3},{"damage":0,"enemies":"downfall:FleeingMerchant","floor":14,"turns":4},{"damage":0,"enemies":"Lots of Slimes","floor":15,"turns":1},{"damage":49,"enemies":"WA_ARCHETYPE_RETAIN","floor":16,"turns":7}],"seed_played":"7707589993019345998","potions_obtained":[{"floor":6,"key":"SpeedPotion"},{"floor":9,"key":"Energy Potion"},{"floor":15,"key":"hexamod:SoulburnPotion"}],"is_trial":false,"path_per_floor":["R","M","?","?","?","M","T","M","M","R","M","R","M","$","M","B"],"character_chosen":"THE_BUGKNIGHT","items_purchased":["HollowMod:DashSlash"],"campfire_rested":0,"item_purchase_floors":[14],"current_hp_per_floor":[68,67,67,72,72,73,73,71,61,61,52,52,28,34,34,0,0],"gold":126,"neow_bonus":"RANDOM_COLORLESS_2","is_daily":false,"chose_seed":false,"campfire_upgraded":3,"win_rate":0.0,"timestamp":1611252278,"path_taken":["R","M","?","?","?","M","T","M","?","R","M","R","M","$","M","BOSS"],"items_purchased_type":["Card"],"build_version":"2020-12-22","purchased_purges":0,"victory":false,"max_hp_per_floor":[68,68,68,73,73,73,73,73,73,73,73,73,73,73,73,73,73],"card_choices":[{"not_picked":["theDuelist:OrbMetronome","Secret Weapon"],"picked":"Thinking Ahead","floor":0},{"not_picked":["HollowMod:TaintedHusks","HollowMod:LifebloodCocoon"],"picked":"HollowMod:CycloneSlash","floor":2},{"not_picked":["HollowMod:NewLittleFool","HollowMod:TaintedHusks"],"picked":"HollowMod:WraithStrike","floor":6},{"not_picked":["HollowMod:ChannelNail","HollowMod:SoulStrike"],"picked":"HollowMod:LifebloodCocoon","floor":8},{"not_picked":["HollowMod:MothsMistake","HollowMod:NewLittleFool"],"picked":"HollowMod:Weaversong","floor":9},{"not_picked":["HollowMod:LifebloodCocoon","HollowMod:DungDefenderAura"],"picked":"HollowMod:CornifersMapStart","floor":11},{"not_picked":["HollowMod:LifebloodCocoon","HollowMod:NewJinnsSoul"],"picked":"HollowMod:DashSlash","floor":13},{"not_picked":["HollowMod:VengefulSpirit","HollowMod:MonarchWings"],"picked":"HollowMod:CycloneSlash","floor":14},{"not_picked":["HollowMod:ShadowDash","HollowMod:CoiledNail"],"picked":"HollowMod:SharpenedNail","floor":15}],"player_experience":420067,"relics_obtained":[{"floor":7,"key":"Lantern"}],"event_choices":[],"is_beta":false,"boss_relics":[],"items_purged_floors":[],"is_endless":false,"potions_floor_spawned":[6,9,15],"killed_by":"WA_ARCHETYPE_RETAIN","ascension_level":0}}