{"host":"iml8x8es9od4zowg","time":1611227778,"event":{"mods":["2.2 Compatiblity","BaseMod","Marisa£¨Ùöéë¡¡Øª×âÞÞ£©","Minty Spire (QoL Compilation)","StSLib","Td1madao Mod","The Jungle","¡¼?Úª?ø«¡½REMEMod"],"gold_per_floor":[116,116,156,59,59,59,111,154,206,244,194,194,258,314,314,488,488,524,116,180,190,122,122,178,178,203,18,18,18,18,46,46,275,325,337,354,152,152,222,277,277,59,59,0,0,0,25,45,45,45,45,45,45,80,80],"floor_reached":56,"language":"KOR","playtime":3468,"items_purged":["Strike_C","Defend_C","Strike_C","Defend_C"],"score":1447,"play_id":"9da1a94f-720c-43a5-8af7-6c8c89ae2397","local_time":"20210121201618","is_ascension_mode":true,"campfire_choices":[{"data":"HandOfGreed","floor":6,"key":"SMITH"},{"floor":12,"key":"RECALL"},{"data":"Here Defend Chip","floor":15,"key":"SMITH"},{"data":"Here Defend Chip+1","floor":23,"key":"SMITH"},{"data":"Black Contract","floor":25,"key":"SMITH"},{"floor":32,"key":"REST"},{"data":"Perfect Defend","floor":41,"key":"SMITH"},{"data":"Defend System","floor":46,"key":"SMITH"},{"data":"Defend System","floor":49,"key":"SMITH"},{"data":"Here Defend Chip","floor":52,"key":"SMITH"}],"circlet_count":0,"master_deck":["Strike_C","Strike_C","Defend_C","Knight Kick","HandOfGreed+1","Here Defend Chip+3","Here Defend Chip","Defend System+1","Black Contract+1","CurseOfTheBell","Here Defend Chip","Perfect Defend+1","Defend System+1","Moon Tear+1","Furious+1","Coercion+1","Pod Fire+1","Good Instincts+1","REME_MagicPocketWatch+1","REME_MagicPocketWatch+1","Bugfix+1","Here Defend Chip+1","Lunge+1","Pod Fire+1"],"relics":["Apod","REME_ComplimentaryCards","NeowsBlessing","Mummified Hand","Darkstone Periapt","Regal Pillow","Mercury Hourglass","Calling Bell","Blood Vial","Matryoshka","Gambling Chip","Molten Egg 2","Akabeko","theJungle:Creamberry","theJungle:BirthdayCakeSlice","Orichalcum","Tiny House","CatCart","MealTicket","Juzu Bracelet","Question Card","Red Mask","REME_HourglassOfDeath","InkBottle","Oddly Smooth Stone"],"acts_visited":["Exordium","Exordium","TheBeyond","TheEnding"],"potions_floor_usage":[20,55],"damage_taken":[{"damage":0,"enemies":"2 Louse","floor":1,"turns":1},{"damage":0,"enemies":"Cultist","floor":3,"turns":2},{"damage":0,"enemies":"Lagavulin","floor":7,"turns":1},{"damage":0,"enemies":"Jaw Worm","floor":8,"turns":3},{"damage":0,"enemies":"Looter","floor":10,"turns":3},{"damage":2,"enemies":"Large Slime","floor":13,"turns":4},{"damage":15,"enemies":"Gremlin Nob","floor":14,"turns":5},{"damage":11,"enemies":"Slime Boss","floor":16,"turns":16},{"damage":4,"enemies":"Shell Parasite","floor":18,"turns":5},{"damage":14,"enemies":"theJungle:MUSHROOMGANG","floor":20,"turns":7},{"damage":5,"enemies":"theJungle:JungleHuntersEncounter","floor":21,"turns":5},{"damage":10,"enemies":"theJungle:MamaSnecko","floor":24,"turns":8},{"damage":21,"enemies":"theJungle:2_Phrogs","floor":31,"turns":7},{"damage":2,"enemies":"theJungle:TotemBoss","floor":33,"turns":11},{"damage":2,"enemies":"Orb Walker","floor":35,"turns":5},{"damage":0,"enemies":"3 Darklings","floor":36,"turns":4},{"damage":8,"enemies":"Orin","floor":39,"turns":7},{"damage":0,"enemies":"Giant Head","floor":40,"turns":10},{"damage":0,"enemies":"Nemesis","floor":47,"turns":5},{"damage":0,"enemies":"Transient","floor":48,"turns":5},{"damage":6,"enemies":"Donu and Deca","floor":50,"turns":7},{"damage":4,"enemies":"Shield and Spear","floor":54,"turns":4},{"damage":32,"enemies":"The Heart","floor":55,"turns":8}],"seed_played":"-4003094177012273013","potions_obtained":[{"floor":10,"key":"Swift Potion"},{"floor":14,"key":"Block Potion"},{"floor":16,"key":"CultistPotion"},{"floor":18,"key":"ColorlessPotion"}],"is_trial":false,"path_per_floor":["M","?","M","$","T","R","E","M","T","M","?","R","M","E","R","B",null,"M","$","M","M","$","R","E","R","T","?","?","?","?","E","R","B",null,"M","M","$","?","?","E","R","$","T","?","T","R","E","M","R","B",null,"R","$","E","B",null],"character_chosen":"TD1MADAO_CLASS","items_purchased":["Here Defend Chip","Here Defend Chip","Molten Egg 2","Defend System","Pod Fire+1","Here Defend Chip","Lunge+1"],"campfire_rested":1,"item_purchase_floors":[4,19,19,22,37,42,42],"current_hp_per_floor":[70,70,70,70,70,70,70,70,70,70,70,70,68,53,53,42,76,72,72,60,57,57,57,49,49,49,49,59,64,64,45,81,79,86,84,86,86,76,70,72,72,86,86,86,86,86,86,86,86,80,86,86,86,82,56],"gold":80,"neow_bonus":"THREE_ENEMY_KILL","is_daily":false,"chose_seed":false,"campfire_upgraded":8,"win_rate":0.0,"timestamp":1611227778,"path_taken":["M","?","?","?","?","R","E","?","T","M","?","R","M","E","R","BOSS","M","$","M","M","$","R","E","R","T","?","?","?","?","E","R","BOSS","M","M","$","?","?","E","R","$","T","?","?","R","E","M","R","BOSS","R","$","E","BOSS"],"items_purchased_type":["Card","Card","Relic","Card","Card","Card","Card"],"build_version":"2020-12-22","purchased_purges":4,"victory":true,"max_hp_per_floor":[70,70,70,70,70,70,70,70,70,70,70,70,70,70,70,70,76,76,76,76,76,76,76,76,76,76,76,76,81,81,81,81,81,86,86,86,86,86,86,86,86,86,86,86,86,86,86,86,86,86,86,86,86,86,86],"card_choices":[{"not_picked":["Judgment","Provocative","Fixing"],"picked":"SKIP","floor":1},{"not_picked":["Break Into","Afterwards","Cursed Blade"],"picked":"SKIP","floor":3},{"not_picked":["Black Warm Hole","New Defend Magic"],"picked":"Here Defend Chip","floor":7},{"not_picked":["Provocative","Defend System","Coercion"],"picked":"SKIP","floor":8},{"not_picked":["Preparedness","Fixing","Black Hand"],"picked":"SKIP","floor":10},{"not_picked":["Weapon Shift","Break Into","Floating Swing Kick"],"picked":"SKIP","floor":13},{"not_picked":["Pod Fire","Bugfix"],"picked":"Defend System","floor":14},{"not_picked":["Optimization","Chip Synthesis"],"picked":"Black Contract","floor":16},{"not_picked":["Light Attack+1","Black Dance","Ruin Defend"],"picked":"SKIP","floor":18},{"not_picked":["E MP","Sudden Beat+1"],"picked":"Perfect Defend","floor":20},{"not_picked":["Reflection Mechanism","Fire Up","Transfer Energy+1"],"picked":"SKIP","floor":21},{"not_picked":["Reflection Mechanism","Fire Up","Transfer Energy+1"],"picked":"SKIP","floor":21},{"not_picked":["Resistance+1","Provocative+1","Machining"],"picked":"SKIP","floor":24},{"not_picked":["Judgment+1","Provocative"],"picked":"Moon Tear+1","floor":31},{"not_picked":["Moon Tear+1","Bursts+1"],"picked":"Furious+1","floor":33},{"not_picked":["Oblique Hack+1","Fire Up","Black Shadow+1"],"picked":"SKIP","floor":35},{"not_picked":["Black Shadow+1","Energy Supply+1"],"picked":"Coercion+1","floor":36},{"not_picked":["Bandage Up+1","Swift Strike+1"],"picked":"Good Instincts+1","floor":38},{"not_picked":["Mind Blast+1","Chrysalis+1"],"picked":"REME_MagicPocketWatch+1","floor":38},{"not_picked":["REME_AllRoundStrike+1","Dramatic Entrance+1"],"picked":"REME_MagicPocketWatch+1","floor":38},{"not_picked":["Fire Blade+1","Sudden Beat+1"],"picked":"Bugfix+1","floor":40},{"not_picked":["Fixing+1","Reflection Mechanism+1","Floating Swing Kick+1","Ruin Defend+1"],"picked":"SKIP","floor":47},{"not_picked":["Machining+1","Afterwards","Load Balancing+1","White Contract+1"],"picked":"SKIP","floor":48},{"not_picked":["Rupture+1","Oblique Hack+1","Cursed Blade+1"],"picked":"Pod Fire+1","floor":54}],"player_experience":553090,"relics_obtained":[{"floor":5,"key":"Mummified Hand"},{"floor":7,"key":"Darkstone Periapt"},{"floor":9,"key":"Regal Pillow"},{"floor":14,"key":"Mercury Hourglass"},{"floor":17,"key":"Blood Vial"},{"floor":17,"key":"Matryoshka"},{"floor":17,"key":"Gambling Chip"},{"floor":24,"key":"Akabeko"},{"floor":31,"key":"Orichalcum"},{"floor":39,"key":"CatCart"},{"floor":40,"key":"MealTicket"},{"floor":43,"key":"Juzu Bracelet"},{"floor":43,"key":"Question Card"},{"floor":45,"key":"REME_HourglassOfDeath"},{"floor":47,"key":"InkBottle"},{"floor":54,"key":"Oddly Smooth Stone"}],"event_choices":[{"cards_removed":["Chip"],"damage_healed":0,"gold_gain":0,"player_choice":"Purged","damage_taken":0,"max_hp_gain":0,"max_hp_loss":0,"event_name":"Purifier","floor":2,"gold_loss":0},{"cards_removed":["Defend_C"],"damage_healed":0,"gold_gain":0,"player_choice":"Card Removal","damage_taken":0,"max_hp_gain":0,"max_hp_loss":0,"event_name":"The Cleric","floor":11,"gold_loss":50},{"damage_healed":0,"gold_gain":0,"player_choice":"Memory 3","damage_taken":10,"max_hp_gain":0,"max_hp_loss":0,"event_name":"SensoryStone","floor":38,"gold_loss":0},{"damage_healed":0,"gold_gain":0,"player_choice":"Fight","damage_taken":0,"max_hp_gain":0,"max_hp_loss":0,"event_name":"OrinTheCat","floor":39,"gold_loss":0},{"damage_healed":0,"gold_gain":0,"player_choice":"Paid","damage_taken":0,"relics_obtained":["Red Mask"],"max_hp_gain":0,"max_hp_loss":0,"event_name":"Tomb of Lord Red Mask","floor":44,"gold_loss":59}],"is_beta":false,"boss_relics":[{"not_picked":["Velvet Choker","Snecko Eye"],"picked":"Calling Bell"},{"not_picked":["Fusion Hammer","Cursed Key"],"picked":"Tiny House"}],"items_purged_floors":[4,19,37,42],"is_endless":false,"potions_floor_spawned":[10,14,16,18,33,35,36,47,48],"ascension_level":1}}