{"host":"7l2t4psy44vpcd9q","time":1611228965,"event":{"mods":["AchievementEnabler","BaseMod","DeckTracker","Minty Spire (QoL Compilation)","SuperFastMode"],"gold_per_floor":[117,133,144,144,69,97,108,108,108,33,64,64,64,64,64,140,140,152,170,180,180,190,190,223,223,246,301,318,338,364,47,47,121,121,134,153,153,153,166,166,42,76,156,185,135,155,170,14,14,14,14],"floor_reached":52,"language":"KOR","playtime":2795,"items_purged":["Strike_R","Strike_R","Heavy Blade"],"score":2045,"play_id":"effac07d-a60a-4f92-94f5-97e1f093db71","local_time":"20210121203605","is_ascension_mode":true,"campfire_choices":[{"data":"Barricade","floor":8,"key":"SMITH"},{"data":"Entrench","floor":12,"key":"SMITH"},{"floor":15,"key":"REST"},{"data":"Bloodletting","floor":23,"key":"SMITH"},{"data":"Uppercut","floor":32,"key":"SMITH"},{"floor":40,"key":"REST"},{"floor":49,"key":"REST"}],"circlet_count":0,"master_deck":["AscendersBane","Strike_R+1","Defend_R","Defend_R+1","Defend_R","Bash","Barricade+1","Body Slam+1","Ghostly Armor","Battle Trance","Shrug It Off","Iron Wave","Entrench+1","Seeing Red","Uppercut+1","Bloodletting+1","Feel No Pain","Shrug It Off+1","Shrug It Off","True Grit","Evolve","Second Wind","Power Through","Body Slam+1"],"relics":["Burning Blood","Letter Opener","Self Forming Clay","Runic Pyramid","Shuriken","Smiling Mask","MealTicket","Anchor","Turnip","Fusion Hammer","Eternal Feather","Vajra","Mercury Hourglass","Nunchaku"],"acts_visited":["Exordium","TheCity","TheBeyond"],"potions_floor_usage":[6,11,24,33,46,51,51,51],"damage_taken":[{"damage":10,"enemies":"Small Slimes","floor":1,"turns":4},{"damage":1,"enemies":"2 Louse","floor":2,"turns":2},{"damage":2,"enemies":"Jaw Worm","floor":3,"turns":4},{"damage":42,"enemies":"Lagavulin","floor":6,"turns":10},{"damage":3,"enemies":"Blue Slaver","floor":7,"turns":4},{"damage":24,"enemies":"3 Sentries","floor":11,"turns":11},{"damage":19,"enemies":"Hexaghost","floor":16,"turns":7},{"damage":13,"enemies":"3 Byrds","floor":18,"turns":7},{"damage":13,"enemies":"Spheric Guardian","floor":19,"turns":6},{"damage":0,"enemies":"Chosen and Byrds","floor":20,"turns":7},{"damage":11,"enemies":"Centurion and Healer","floor":22,"turns":9},{"damage":14,"enemies":"Gremlin Leader","floor":24,"turns":6},{"damage":14,"enemies":"Snake Plant","floor":28,"turns":4},{"damage":3,"enemies":"Sentry and Sphere","floor":29,"turns":6},{"damage":8,"enemies":"Book of Stabbing","floor":30,"turns":7},{"damage":25,"enemies":"Collector","floor":33,"turns":7},{"damage":9,"enemies":"Orb Walker","floor":35,"turns":6},{"damage":0,"enemies":"3 Shapes","floor":36,"turns":6},{"damage":13,"enemies":"Writhing Mass","floor":39,"turns":9},{"damage":3,"enemies":"Giant Head","floor":42,"turns":7},{"damage":81,"enemies":"Reptomancer","floor":44,"turns":7},{"damage":21,"enemies":"Transient","floor":46,"turns":6},{"damage":0,"enemies":"Spire Growth","floor":47,"turns":3},{"damage":6,"enemies":"Time Eater","floor":50,"turns":6},{"damage":16,"enemies":"Awakened One","floor":51,"turns":8}],"seed_played":"-1277297485936510207","potions_obtained":[{"floor":1,"key":"EssenceOfSteel"},{"floor":7,"key":"BloodPotion"},{"floor":16,"key":"FairyPotion"},{"floor":20,"key":"GamblersBrew"},{"floor":28,"key":"SkillPotion"},{"floor":30,"key":"GamblersBrew"},{"floor":39,"key":"SteroidPotion"},{"floor":44,"key":"SkillPotion"},{"floor":47,"key":"ColorlessPotion"}],"is_trial":false,"path_per_floor":["M","M","M","?","?","E","M","R","T","$","E","R","?","$","R","B",null,"M","M","M","?","M","R","E","?","T","T","M","M","E","$","R","B",null,"M","M","T","?","M","R","$","E","T","E","?","M","M","$","R","B","B",null],"character_chosen":"IRONCLAD","items_purchased":["Turnip","Second Wind","EntropicBrew"],"campfire_rested":3,"item_purchase_floors":[31,41,48],"current_hp_per_floor":[64,69,73,73,73,37,40,40,40,40,37,37,14,14,36,23,62,55,48,54,54,49,49,41,41,41,41,33,36,34,49,49,30,64,61,67,67,67,60,75,75,75,75,25,25,10,16,31,65,65,55],"gold":14,"neow_bonus":"ONE_RANDOM_RARE_CARD","is_daily":false,"chose_seed":false,"campfire_upgraded":4,"win_rate":0.0,"timestamp":1611228965,"path_taken":["M","M","M","?","?","E","M","R","T","$","E","R","?","$","R","BOSS","M","M","M","?","M","R","E","?","T","?","M","M","E","$","R","BOSS","M","M","?","?","M","R","$","E","T","E","?","M","?","?","R","BOSS","BOSS"],"items_purchased_type":["Relic","Card","Potion"],"build_version":"2020-12-22","purchased_purges":3,"victory":true,"max_hp_per_floor":[75,75,75,75,75,75,75,75,75,75,75,75,75,75,75,75,75,75,75,75,75,75,75,75,75,75,75,75,75,75,75,75,75,75,75,75,75,75,75,75,75,75,75,75,75,75,75,75,75,75,75],"card_choices":[{"not_picked":["Power Through","Heavy Blade"],"picked":"Body Slam","floor":1},{"not_picked":["Spot Weakness","Metallicize"],"picked":"Ghostly Armor","floor":2},{"not_picked":["Flex","Warcry"],"picked":"Battle Trance","floor":3},{"not_picked":["Disarm","Hemokinesis"],"picked":"Shrug It Off","floor":6},{"not_picked":["Rage","Wild Strike"],"picked":"Iron Wave","floor":7},{"not_picked":["Thunderclap","Twin Strike"],"picked":"Entrench","floor":11},{"not_picked":["Sword Boomerang","Wild Strike"],"picked":"Seeing Red","floor":18},{"not_picked":["Armaments","Clothesline"],"picked":"Uppercut","floor":19},{"not_picked":["Seeing Red","Rampage","Wild Strike"],"picked":"SKIP","floor":20},{"not_picked":["Armaments","Twin Strike"],"picked":"Feel No Pain","floor":22},{"not_picked":["Fire Breathing","Disarm"],"picked":"Shrug It Off+1","floor":24},{"not_picked":["Clash","Heavy Blade"],"picked":"True Grit","floor":28},{"not_picked":["Havoc","Thunderclap"],"picked":"Evolve","floor":29},{"not_picked":["Immolate","Warcry","Twin Strike"],"picked":"SKIP","floor":30},{"not_picked":["Whirlwind+1","Infernal Blade","Searing Blow"],"picked":"SKIP","floor":35},{"not_picked":["Sword Boomerang+1","Wild Strike","Hemokinesis"],"picked":"SKIP","floor":36},{"not_picked":["Rage","Cleave","Rupture"],"picked":"SKIP","floor":39},{"not_picked":["Pommel Strike","Cleave"],"picked":"Power Through","floor":42},{"not_picked":["Demon Form","Sword Boomerang"],"picked":"Body Slam","floor":44},{"not_picked":["Perfected Strike","Shrug It Off","Pommel Strike"],"picked":"SKIP","floor":46},{"not_picked":["Armaments","Rupture+1","Spot Weakness+1"],"picked":"SKIP","floor":47}],"player_experience":1271584,"relics_obtained":[{"floor":6,"key":"Letter Opener"},{"floor":11,"key":"Self Forming Clay"},{"floor":24,"key":"Shuriken"},{"floor":26,"key":"Smiling Mask"},{"floor":27,"key":"MealTicket"},{"floor":30,"key":"Anchor"},{"floor":37,"key":"Eternal Feather"},{"floor":42,"key":"Vajra"},{"floor":43,"key":"Mercury Hourglass"},{"floor":44,"key":"Nunchaku"}],"event_choices":[{"damage_healed":0,"gold_gain":0,"player_choice":"Grow","damage_taken":0,"max_hp_gain":0,"max_hp_loss":0,"event_name":"Living Wall","floor":4,"gold_loss":0,"cards_upgraded":["Body Slam"]},{"cards_removed":["Strike_R"],"damage_healed":0,"gold_gain":0,"player_choice":"Card Removal","damage_taken":0,"max_hp_gain":0,"max_hp_loss":0,"event_name":"The Cleric","floor":5,"gold_loss":75},{"damage_healed":0,"gold_gain":0,"player_choice":"Entered Light","damage_taken":23,"max_hp_gain":0,"max_hp_loss":0,"event_name":"Shining Light","floor":13,"gold_loss":0,"cards_upgraded":["Defend_R","Strike_R"]},{"damage_healed":0,"gold_gain":0,"player_choice":"Read","damage_taken":0,"max_hp_gain":0,"max_hp_loss":0,"event_name":"The Library","floor":21,"gold_loss":0,"cards_obtained":["Bloodletting"]},{"damage_healed":0,"gold_gain":0,"cards_transformed":["Defend_R","Strike_R"],"player_choice":"Became Test Subject","damage_taken":0,"max_hp_gain":0,"max_hp_loss":0,"event_name":"Drug Dealer","floor":25,"gold_loss":0,"cards_obtained":["Shrug It Off","Heavy Blade"]},{"damage_healed":0,"gold_gain":0,"player_choice":"Ignored","damage_taken":0,"max_hp_gain":0,"max_hp_loss":0,"event_name":"Tomb of Lord Red Mask","floor":38,"gold_loss":0},{"damage_healed":0,"gold_gain":0,"player_choice":"Upgrade","damage_taken":0,"max_hp_gain":0,"max_hp_loss":0,"event_name":"Designer","floor":45,"gold_loss":50,"cards_upgraded":["Body Slam"]}],"is_beta":false,"boss_relics":[{"not_picked":["Runic Dome","Coffee Dripper"],"picked":"Runic Pyramid"},{"not_picked":["Velvet Choker","SacredBark"],"picked":"Fusion Hammer"}],"items_purged_floors":[10,41,48],"is_endless":false,"potions_floor_spawned":[1,7,16,20,28,29,30,39,44,47],"ascension_level":20}}