{"host":"gk5m6v7zec9neb0j","time":1611190078,"event":{"mods":["AchievementEnabler","AlwaysNeverKeys","BaseMod","BetterRewards","Block Reminder","Minty Spire (QoL Compilation)","Rare Cards Sparkle","Relic Stats","StSLib"],"gold_per_floor":[115,135,151,161,161,161,34,46,46,64,80,80,4,21,21,121,121,132,132,1,17,34,64,64,64,113,113,125,31,31,50,50,151,151,170,170,181,43,53,81,81,110,110,125,160,8,19,31,31,31,31,31,31,56,56],"floor_reached":56,"language":"ENG","playtime":2728,"items_purged":["Strike_G","Strike_G","Strike_G+1"],"score":1553,"play_id":"3ccec443-830e-4199-a325-a91103cd169e","local_time":"20210120194758","is_ascension_mode":false,"campfire_choices":[{"floor":12.0,"key":"REST"},{"data":"Footwork","floor":15.0,"key":"SMITH"},{"data":"Accuracy","floor":25.0,"key":"SMITH"},{"data":"Footwork","floor":27.0,"key":"SMITH"},{"floor":32.0,"key":"REST"},{"data":"A Thousand Cuts","floor":41,"key":"SMITH"},{"floor":49,"key":"REST"},{"data":"Caltrops","floor":52,"key":"SMITH"}],"circlet_count":0,"master_deck":["Defend_G","Defend_G","Defend_G+1","Defend_G","Defend_G","Survivor","Neutralize","Deflect","Flying Knee+1","Blade Dance","Well Laid Plans","Caltrops+1","Blade Dance","Footwork+1","Dodge and Roll+1","Footwork+1","Finesse+1","Die Die Die","Acrobatics+1","Accuracy+1","Panacea+1","Finisher+1","Cloak And Dagger+1","Panache","Cloak And Dagger+1","Terror+1","Night Terror+1","Prepared+1","Footwork+1","Cloak And Dagger+1","A Thousand Cuts+1","Backflip+1","Calculated Gamble+1","Cloak And Dagger+1","Deflect+1"],"relics":["Ring of the Snake","Membership Card","Ice Cream","Toxic Egg 2","SlaversCollar","Bronze Scales","Enchiridion","Orichalcum","Black Star","PreservedInsect","Sundial","Eternal Feather","Mummified Hand","White Beast Statue","Shuriken","Thread and Needle","MawBank","Ninja Scroll","Whetstone","Blue Candle"],"acts_visited":["Exordium","TheCity","TheBeyond","TheEnding"],"potions_floor_usage":[49,55,55,55],"damage_taken":[{"damage":0.0,"enemies":"2 Louse","floor":1.0,"turns":5.0},{"damage":0.0,"enemies":"Jaw Worm","floor":2.0,"turns":4.0},{"damage":2.0,"enemies":"Small Slimes","floor":3.0,"turns":3.0},{"damage":9.0,"enemies":"Exordium Wildlife","floor":4.0,"turns":5.0},{"damage":2.0,"enemies":"Blue Slaver","floor":8.0,"turns":4.0},{"damage":0.0,"enemies":"2 Fungi Beasts","floor":10.0,"turns":4.0},{"damage":0.0,"enemies":"Gremlin Gang","floor":11.0,"turns":4.0},{"damage":0.0,"enemies":"Red Slaver","floor":14.0,"turns":4.0},{"damage":19.0,"enemies":"Hexaghost","floor":16.0,"turns":15.0},{"damage":0.0,"enemies":"3 Byrds","floor":18.0,"turns":4.0},{"damage":5.0,"enemies":"Spheric Guardian","floor":21.0,"turns":6.0},{"damage":3.0,"enemies":"Centurion and Healer","floor":22.0,"turns":8.0},{"damage":5.0,"enemies":"Slavers","floor":23.0,"turns":7.0},{"damage":3.0,"enemies":"Chosen and Byrds","floor":28.0,"turns":6.0},{"damage":0.0,"enemies":"Snake Plant","floor":31.0,"turns":4.0},{"damage":30.0,"enemies":"Champ","floor":33.0,"turns":6.0},{"damage":0.0,"enemies":"3 Shapes","floor":35.0,"turns":5.0},{"damage":0.0,"enemies":"3 Darklings","floor":37.0,"turns":6.0},{"damage":28.0,"enemies":"Writhing Mass","floor":39.0,"turns":6.0},{"damage":0.0,"enemies":"Giant Head","floor":40.0,"turns":5.0},{"damage":27,"enemies":"Nemesis","floor":42,"turns":7},{"damage":10,"enemies":"4 Shapes","floor":44,"turns":3},{"damage":0,"enemies":"Giant Head","floor":45,"turns":4},{"damage":0,"enemies":"3 Darklings","floor":47,"turns":3},{"damage":0,"enemies":"Jaw Worm Horde","floor":48,"turns":2},{"damage":1,"enemies":"Donu and Deca","floor":50,"turns":8},{"damage":7,"enemies":"Shield and Spear","floor":54,"turns":5},{"damage":46,"enemies":"The Heart","floor":55,"turns":8}],"seed_played":"236170653801591393","potions_obtained":[{"floor":1.0,"key":"CunningPotion"},{"floor":4.0,"key":"PowerPotion"},{"floor":10.0,"key":"CunningPotion"},{"floor":21.0,"key":"ColorlessPotion"},{"floor":42,"key":"SteroidPotion"},{"floor":45,"key":"Fruit Juice"},{"floor":48,"key":"PowerPotion"},{"floor":54,"key":"Fire Potion"}],"is_trial":false,"path_per_floor":["M","M","M","M","?","?","$","M","T","M","M","R","$","M","R","B",null,"M","?","$","M","M","E","?","R","T","R","M","$","?","M","R","B",null,"M","?","M","$","M","E","R","E","T","M","E","$","M","M","R","B",null,"R","$","E","B",null],"character_chosen":"THE_SILENT","items_purchased":["Membership Card","Deflect","Caltrops","Fruit Juice","Footwork","Finesse+1","Accuracy","Panacea+1","Panache","Cloak And Dagger+1","PreservedInsect","Ninja Scroll","Deflect+1","Block Potion"],"campfire_rested":3,"item_purchase_floors":[0,0,7,7,13,13,20,20,29,29,38,46,46,46],"current_hp_per_floor":[56,56,54,45,45,31,36,34,34,34,34,56,56,56,56,37,75,75,75,75,70,67,62,46,46,46,46,43,43,43,43,65,35,75,75,75,75,75,47,47,65,38,38,28,28,28,28,28,76,75,80,80,80,73,27],"gold":56,"neow_bonus":"","is_daily":false,"chose_seed":false,"campfire_upgraded":5,"win_rate":0.0,"timestamp":1611190078,"path_taken":["M","M","M","M","?","?","$","M","T","M","M","R","$","M","R","BOSS","M","?","$","M","M","E","?","R","T","R","M","$","?","M","R","BOSS","M","?","M","$","?","E","R","E","T","M","E","?","M","M","R","BOSS","R","$","E","BOSS"],"items_purchased_type":["Relic","Card","Card","Potion","Card","Card","Card","Card","Card","Card","Relic","Relic","Card","Potion"],"build_version":"2020-12-22","purchased_purges":3,"victory":true,"max_hp_per_floor":[70,70,70,70,70,70,75,75,75,75,75,75,75,75,75,75,75,75,75,75,75,75,75,75,75,75,75,75,75,75,75,75,75,75,75,75,75,75,75,75,75,75,75,75,75,75,75,75,80,80,80,80,80,80,80],"relic_stats":{"counters":[250,1462],"Blue Candle":[0],"Eternal Feather":39,"PreservedInsect":365,"Whetstone":["Finisher","Flying Knee"],"Orichalcum":[30],"MawBank":12,"Sundial":[2],"Mummified Hand":[85],"Shuriken":[25],"Bronze Scales":[502],"Black Star":4,"obtain_stats":[{"Ice Cream":7,"Calipers":13,"CeramicFish":0,"HoveringKite":34,"Vajra":43,"Ginger":0,"Whetstone":11,"Bottled Tornado":43,"Blood Vial":17,"Sozu":34,"Sundial":24,"DollysMirror":4,"Strawberry":26,"Prayer Wheel":38,"Kunai":0,"Toxic Egg 2":28,"Happy Flower":13,"Astrolabe":34,"Blue Candle":54,"Oddly Smooth Stone":0,"Eternal Feather":54,"War Paint":43,"Question Card":48,"SlaversCollar":17,"Bottled Flame":25,"Shuriken":0,"Bronze Scales":10,"MutagenicStrength":19,"Bird Faced Urn":38,"Molten Egg 2":9,"Black Star":17,"StrikeDummy":27,"Unceasing Top":46,"Meat on the Bone":17,"Pocketwatch":17,"Darkstone Periapt":23,"Regal Pillow":9,"Torii":0,"Singing Bowl":43,"Enchiridion":22,"StoneCalendar":42,"Juzu Bracelet":43,"Ancient Tea Set":4,"Empty Cage":17,"ClockworkSouvenir":20,"Tough Bandages":25,"Nunchaku":31,"Matryoshka":37,"WristBlade":34,"Mummified Hand":30,"Ninja Scroll":0,"Pantograph":12,"Gambling Chip":0,"Tiny Chest":26,"WingedGreaves":17,"Red Mask":47,"Chemical X":37,"InkBottle":54,"Ring of the Snake":0,"Potion Belt":9,"Golden Idol":3,"Thread and Needle":45,"The Courier":26,"PreservedInsect":38,"Omamori":39,"Orichalcum":26,"Medical Kit":37,"MawBank":45,"White Beast Statue":9,"Peace Pipe":9,"Calling Bell":17,"Ornamental Fan":0,"Bloody Idol":31,"Orrery":0,"Turnip":38,"Art of War":17,"Bottled Lightning":43,"Membership Card":36,"Toy Ornithopter":27},{"Ice Cream":11,"Calipers":154,"CeramicFish":172,"HoveringKite":21,"Vajra":91,"Ginger":97,"Whetstone":100,"Bottled Tornado":52,"Blood Vial":129,"Sozu":136,"Sundial":44,"DollysMirror":123,"Strawberry":107,"Prayer Wheel":138,"Kunai":31,"Toxic Egg 2":108,"Happy Flower":12,"Astrolabe":86,"Blue Candle":249,"Oddly Smooth Stone":122,"Eternal Feather":146,"War Paint":191,"Question Card":94,"SlaversCollar":231,"Bottled Flame":16,"Shuriken":97,"Bronze Scales":36,"MutagenicStrength":156,"Bird Faced Urn":189,"Molten Egg 2":151,"Black Star":13,"StrikeDummy":17,"Unceasing Top":193,"Meat on the Bone":80,"Pocketwatch":129,"Darkstone Periapt":182,"Regal Pillow":36,"Torii":31,"Singing Bowl":116,"Enchiridion":68,"StoneCalendar":217,"Juzu Bracelet":141,"Ancient Tea Set":2,"Empty Cage":103,"ClockworkSouvenir":41,"Tough Bandages":16,"Nunchaku":85,"Matryoshka":137,"WristBlade":112,"Mummified Hand":110,"Ninja Scroll":172,"Pantograph":11,"Gambling Chip":197,"Tiny Chest":16,"WingedGreaves":80,"Red Mask":54,"Chemical X":22,"InkBottle":57,"Ring of the Snake":0,"Potion Belt":3,"Golden Idol":2,"Thread and Needle":245,"The Courier":183,"PreservedInsect":240,"Omamori":189,"Orichalcum":235,"Medical Kit":188,"MawBank":245,"White Beast Statue":11,"Peace Pipe":62,"Calling Bell":80,"Ornamental Fan":72,"Bloody Idol":161,"Orrery":58,"Turnip":116,"Art of War":80,"Bottled Lightning":24,"Membership Card":163,"Toy Ornithopter":17},{"Ice Cream":57,"Calipers":823,"CeramicFish":996,"HoveringKite":124,"Vajra":558,"Ginger":599,"Whetstone":611,"Bottled Tornado":309,"Blood Vial":722,"Sozu":746,"Sundial":249,"DollysMirror":699,"Strawberry":637,"Prayer Wheel":755,"Kunai":183,"Toxic Egg 2":643,"Happy Flower":68,"Astrolabe":533,"Blue Candle":1454,"Oddly Smooth Stone":696,"Eternal Feather":781,"War Paint":1131,"Question Card":574,"SlaversCollar":1359,"Bottled Flame":94,"Shuriken":599,"Bronze Scales":206,"MutagenicStrength":843,"Bird Faced Urn":1121,"Molten Egg 2":801,"Black Star":79,"StrikeDummy":100,"Unceasing Top":1141,"Meat on the Bone":500,"Pocketwatch":722,"Darkstone Periapt":1075,"Regal Pillow":206,"Torii":183,"Singing Bowl":676,"Enchiridion":435,"StoneCalendar":1281,"Juzu Bracelet":766,"Ancient Tea Set":5,"Empty Cage":621,"ClockworkSouvenir":234,"Tough Bandages":94,"Nunchaku":521,"Matryoshka":750,"WristBlade":661,"Mummified Hand":652,"Ninja Scroll":996,"Pantograph":57,"Gambling Chip":1176,"Tiny Chest":94,"WingedGreaves":500,"Red Mask":329,"Chemical X":129,"InkBottle":364,"Ring of the Snake":0,"Potion Belt":9,"Golden Idol":5,"Thread and Needle":1436,"The Courier":1085,"PreservedInsect":1411,"Omamori":1121,"Orichalcum":1384,"Medical Kit":1117,"MawBank":1436,"White Beast Statue":57,"Peace Pipe":387,"Calling Bell":500,"Ornamental Fan":459,"Bloody Idol":873,"Orrery":367,"Turnip":676,"Art of War":500,"Bottled Lightning":139,"Membership Card":899,"Toy Ornithopter":100}],"Ring of the Snake":[495]},"card_choices":[{"not_picked":["Dodge and Roll","Bouncing Flask"],"picked":"Flying Knee","floor":1.0},{"not_picked":["Cloak And Dagger","Slice"],"picked":"Blade Dance","floor":2.0},{"not_picked":["Dagger Spray","Bane","Poisoned Stab"],"picked":"SKIP","floor":3.0},{"not_picked":["Dagger Throw","Dash"],"picked":"Well Laid Plans","floor":4.0},{"not_picked":["Dodge and Roll","Sucker Punch"],"picked":"Blade Dance","floor":8.0},{"not_picked":["Slice","Quick Slash"],"picked":"Footwork","floor":10.0},{"not_picked":["Quick Slash","Prepared+1"],"picked":"Dodge and Roll+1","floor":11.0},{"not_picked":["Heel Hook","Flying Knee","Corpse Explosion+1"],"picked":"SKIP","floor":14.0},{"not_picked":["Wraith Form v2","Malaise+1"],"picked":"Die Die Die","floor":16.0},{"not_picked":["Underhanded Strike","Prepared+1"],"picked":"Acrobatics+1","floor":18.0},{"not_picked":["Flying Knee","Underhanded Strike","Backstab"],"picked":"SKIP","floor":21.0},{"not_picked":["Underhanded Strike","Masterful Stab"],"picked":"Finisher","floor":22.0},{"not_picked":["Dagger Spray+1","Tactician+1","Sucker Punch"],"picked":"SKIP","floor":23.0},{"not_picked":["Calculated Gamble+1","Well Laid Plans+1"],"picked":"Cloak And Dagger+1","floor":28.0},{"not_picked":["Dash","Doppelganger+1"],"picked":"Terror+1","floor":31.0},{"not_picked":["Doppelganger+1","Bullet Time+1"],"picked":"Night Terror+1","floor":33.0},{"not_picked":["Skewer+1","Crippling Poison+1"],"picked":"Prepared+1","floor":35.0},{"not_picked":["Quick Slash+1","Flying Knee+1","Dagger Throw+1"],"picked":"SKIP","floor":37.0},{"not_picked":["Distraction+1","Concentrate+1"],"picked":"Cloak And Dagger+1","floor":39.0},{"not_picked":["Endless Agony+1","Escape Plan+1"],"picked":"A Thousand Cuts","floor":40.0},{"not_picked":["Underhanded Strike+1","Blur+1"],"picked":"Backflip+1","floor":42},{"not_picked":["Deflect+1","Flying Knee"],"picked":"Calculated Gamble+1","floor":44},{"not_picked":["Masterful Stab+1","Slice"],"picked":"Cloak And Dagger+1","floor":45},{"not_picked":["Crippling Poison+1","Tactician+1","Eviscerate"],"picked":"SKIP","floor":47},{"not_picked":["Backflip+1","Outmaneuver+1","Deflect+1"],"picked":"SKIP","floor":48},{"not_picked":["Outmaneuver+1","Concentrate+1","Eviscerate"],"picked":"SKIP","floor":54}],"player_experience":750396,"relics_obtained":[{"floor":9.0,"key":"Toxic Egg 2"},{"floor":23.0,"key":"Bronze Scales"},{"floor":24.0,"key":"Enchiridion"},{"floor":26.0,"key":"Orichalcum"},{"floor":40.0,"key":"Sundial"},{"floor":40.0,"key":"Eternal Feather"},{"floor":42,"key":"Mummified Hand"},{"floor":42,"key":"White Beast Statue"},{"floor":43,"key":"Shuriken"},{"floor":45,"key":"Thread and Needle"},{"floor":45,"key":"MawBank"},{"floor":54,"key":"Whetstone"},{"floor":54,"key":"Blue Candle"}],"event_choices":[{"cards_removed":["Strike_G"],"damage_healed":0.0,"max_hp_gain":0.0,"max_hp_loss":0.0,"gold_gain":0.0,"event_name":"Living Wall","player_choice":"Forget","floor":5.0,"gold_loss":0.0,"damage_taken":0.0},{"damage_healed":0.0,"max_hp_gain":0.0,"max_hp_loss":0.0,"gold_gain":0.0,"event_name":"Shining Light","player_choice":"Entered Light","floor":6.0,"gold_loss":0.0,"damage_taken":14.0,"cards_upgraded":["Defend_G","Strike_G"]},{"cards_removed":["Strike_G"],"damage_healed":0.0,"max_hp_gain":0.0,"max_hp_loss":0.0,"gold_gain":0.0,"event_name":"Back to Basics","player_choice":"Elegance","floor":19.0,"gold_loss":0.0,"damage_taken":0.0},{"damage_healed":0.0,"max_hp_gain":0.0,"max_hp_loss":0.0,"gold_gain":0.0,"event_name":"Cursed Tome","player_choice":"Obtained Book","floor":24.0,"gold_loss":0.0,"damage_taken":16.0},{"damage_healed":0.0,"max_hp_gain":0.0,"max_hp_loss":0.0,"gold_gain":0.0,"event_name":"The Mausoleum","player_choice":"Ignored","floor":30.0,"gold_loss":0.0,"damage_taken":0.0},{"damage_healed":0.0,"max_hp_gain":0.0,"max_hp_loss":0.0,"gold_gain":0.0,"event_name":"Duplicator","player_choice":"Copied","floor":36.0,"gold_loss":0.0,"damage_taken":0.0,"cards_obtained":["Footwork"]}],"is_beta":false,"boss_relics":[{"not_picked":["Calling Bell","Runic Pyramid"],"picked":"SlaversCollar"},{"not_picked":["Tiny House","Velvet Choker"],"picked":"Black Star"}],"items_purged_floors":[7,20,38],"is_endless":false,"potions_floor_spawned":[1,4,10,21,28,33,39,40,42,44,45,47,48,54],"ascension_level":0}}