{"host":"v67gr4iepfhi0qby","time":1611271165,"event":{"mods":["BaseMod","Minty Spire (QoL Compilation)","StSLib","The Cursed","The Disciple"],"gold_per_floor":[113,113,113,132,132,167,167,185,210,210,210,227,256,36,36,138,138,155,155,173,190,65,80,93,93,93,93,118,118,118,118,118,225,225,237,237,74,101,126,126,126],"floor_reached":40,"language":"ENG","playtime":3781,"items_purged":["Strike_Br"],"score":487,"play_id":"c8f2e392-0e68-4616-90b6-3237d7993d2d","local_time":"20210121161925","is_ascension_mode":false,"campfire_choices":[{"data":"PatternShift","floor":7,"key":"SMITH"},{"data":"LockedThread","floor":11,"key":"SMITH"},{"data":"Analog","floor":15,"key":"SMITH"},{"floor":25,"key":"REST"},{"floor":27,"key":"REST"},{"floor":30,"key":"REST"},{"floor":32,"key":"REST"}],"circlet_count":0,"master_deck":["Strike_Br","Strike_Br","Defend_Br","SecondHand","PatternShift+1","LockedThread+1","AlternateTimeline","HandsUpC+1","BlueShift+1","ExoVibe","LockedBell+1","Analog+1","ExoVibe","OracleForm+1","CurseOfTheBell","BiteCommand+1","LockedBell+1","BiteCommand+1","LockedAnchor+1","Accruing+1","LockedTornado+1","LockedCalendar+1","Decay","LockedAnchor+1","LockedMedicine+1","OldTimer+1","LockedBlood+1","BeatsPerMinute+1","DaylightSavings+3","PrimeTime+1"],"relics":["Chronograph","NeowsBlessing","Frozen Egg 2","Molten Egg 2","SpringShield","MawBank","Vajra","MysticCrockPot","Ice Cream","Nloth\u0027s Gift","Ginger","Blood Vial","War Paint"],"acts_visited":["Exordium","TheCity","TheBeyond"],"potions_floor_usage":[13,21,23,28,33,39],"damage_taken":[{"damage":0,"enemies":"2 Louse","floor":1,"turns":1},{"damage":0,"enemies":"Cultist","floor":4,"turns":3},{"damage":0,"enemies":"Lagavulin","floor":6,"turns":2},{"damage":0,"enemies":"Jaw Worm","floor":8,"turns":4},{"damage":1,"enemies":"2 Fungi Beasts","floor":12,"turns":5},{"damage":6,"enemies":"3 Sentries","floor":13,"turns":10},{"damage":0,"enemies":"Hexaghost","floor":16,"turns":16},{"damage":3,"enemies":"Spheric Guardian","floor":18,"turns":12},{"damage":26,"enemies":"3 Byrds","floor":20,"turns":8},{"damage":16,"enemies":"Snake Plant","floor":21,"turns":7},{"damage":16,"enemies":"Shelled Parasite and Fungi","floor":23,"turns":7},{"damage":30,"enemies":"Chosen and Byrds","floor":24,"turns":6},{"damage":56,"enemies":"Gremlin Leader","floor":28,"turns":6},{"damage":2,"enemies":"Automaton","floor":33,"turns":10},{"damage":22,"enemies":"Orb Walker","floor":35,"turns":4},{"damage":16,"enemies":"3 Darklings","floor":39,"turns":5},{"damage":59,"enemies":"4 Shapes","floor":40,"turns":3}],"seed_played":"-7584219850116880953","potions_obtained":[{"floor":3,"key":"FairyPotion"},{"floor":3,"key":"BlessingOfTheForge"},{"floor":3,"key":"LiquidMemories"},{"floor":4,"key":"HastePotion"},{"floor":6,"key":"EntropicBrew"},{"floor":20,"key":"Explosive Potion"},{"floor":28,"key":"Dexterity Potion"}],"is_trial":false,"path_per_floor":["M","?","?","M","T","E","R","M","T","?","R","M","E","$","R","B",null,"M","?","M","M","$","M","M","R","T","R","E","?","R","?","R","B",null,"M","?","$","T","M","M"],"character_chosen":"CHRONO_CLASS","items_purchased":["LockedBell+1","Analog","ExoVibe","LockedAnchor+1","Accruing+1","DaylightSavings","WardPotion"],"campfire_rested":4,"item_purchase_floors":[14,14,14,22,22,37,37],"current_hp_per_floor":[65,65,65,65,65,65,65,65,65,65,65,64,58,58,58,58,65,62,62,36,20,20,4,19,38,38,57,1,1,20,20,39,39,65,43,43,43,43,35,0,0],"gold":126,"neow_bonus":"THREE_ENEMY_KILL","is_daily":false,"chose_seed":false,"campfire_upgraded":3,"win_rate":0.0,"timestamp":1611271165,"path_taken":["M","?","?","?","?","E","R","M","T","?","R","?","E","$","R","BOSS","M","?","?","M","$","M","M","R","T","R","E","?","R","?","R","BOSS","M","?","$","?","M","M"],"items_purchased_type":["Card","Card","Card","Card","Card","Card","Potion"],"build_version":"2020-12-22","purchased_purges":1,"victory":false,"max_hp_per_floor":[65,65,65,65,65,65,65,65,65,65,65,65,65,65,65,65,65,65,65,65,65,65,65,65,65,65,65,65,65,65,65,65,65,65,65,65,65,65,65,65,65],"card_choices":[{"not_picked":["ReapSow","LockedScales"],"picked":"LockedThread","floor":1},{"not_picked":["HandsUpB","Engulf"],"picked":"AlternateTimeline","floor":4},{"not_picked":["ResonantCall","Echoward"],"picked":"HandsUpC+1","floor":6},{"not_picked":["CrunchTime+1","VestedLegacy"],"picked":"BlueShift","floor":8},{"not_picked":["BlueShift","Facsimile","LockedUrn+1"],"picked":"SKIP","floor":12},{"not_picked":["Accruing+1","LockedBlood+1"],"picked":"ExoVibe","floor":13},{"not_picked":["Echonomics","BackFourSeconds"],"picked":"OracleForm+1","floor":16},{"not_picked":["Engulf+1","ShortSighted+1"],"picked":"BiteCommand+1","floor":18},{"not_picked":["HandsUpC+1","LockedWhetstone+1"],"picked":"LockedBell+1","floor":20},{"not_picked":["LockedMedicine+1","SlimeSpray+1"],"picked":"BiteCommand+1","floor":21},{"not_picked":["Keepsakes+1","HandsUpC+1"],"picked":"LockedTornado+1","floor":23},{"not_picked":["LockedMercury+1","LockedAnchor+1"],"picked":"LockedCalendar+1","floor":24},{"not_picked":["Stagnate","ReapSow+1","BlueShift+1"],"picked":"SKIP","floor":28},{"not_picked":["Flay+1","Echonomics"],"picked":"OldTimer+1","floor":33},{"not_picked":["Keepsakes+1","WindUp+1"],"picked":"LockedBlood+1","floor":35},{"not_picked":["ReapSow+1","LockedWhetstone+1"],"picked":"PrimeTime+1","floor":39}],"player_experience":2227,"relics_obtained":[{"floor":5,"key":"Frozen Egg 2"},{"floor":6,"key":"Molten Egg 2"},{"floor":9,"key":"SpringShield"},{"floor":13,"key":"MawBank"},{"floor":17,"key":"Vajra"},{"floor":17,"key":"MysticCrockPot"},{"floor":17,"key":"Ice Cream"},{"floor":26,"key":"Ginger"},{"floor":28,"key":"Blood Vial"},{"floor":38,"key":"War Paint"}],"event_choices":[{"damage_healed":0,"gold_gain":0,"player_choice":"Ignored","damage_taken":0,"max_hp_gain":0,"max_hp_loss":0,"event_name":"Liars Game","floor":2,"gold_loss":0},{"damage_healed":0,"gold_gain":0,"player_choice":"Got Potions","damage_taken":0,"max_hp_gain":0,"max_hp_loss":0,"event_name":"Lab","floor":3,"gold_loss":0},{"cards_removed":["Defend_Br"],"damage_healed":0,"gold_gain":0,"player_choice":"Purged","damage_taken":0,"max_hp_gain":0,"max_hp_loss":0,"event_name":"Purifier","floor":10,"gold_loss":0},{"damage_healed":0,"gold_gain":0,"player_choice":"Traded Relic","damage_taken":0,"relics_obtained":["Nloth\u0027s Gift"],"max_hp_gain":0,"max_hp_loss":0,"event_name":"N\u0027loth","floor":19,"relics_lost":["Calling Bell"],"gold_loss":0},{"damage_healed":0,"gold_gain":0,"player_choice":"Smashed Altar","damage_taken":0,"max_hp_gain":0,"max_hp_loss":0,"event_name":"Forgotten Altar","floor":29,"gold_loss":0,"cards_obtained":["Decay"]},{"damage_healed":0,"gold_gain":0,"cards_transformed":["Strike_Br"],"player_choice":"Transformed","damage_taken":0,"max_hp_gain":0,"max_hp_loss":0,"event_name":"Transmorgrifier","floor":36,"gold_loss":0,"cards_obtained":["BeatsPerMinute"]}],"is_beta":false,"boss_relics":[{"not_picked":["Coffee Dripper","Tiny House"],"picked":"Calling Bell"},{"not_picked":["Empty Cage","Black Star"],"picked":"Chronograph"}],"items_purged_floors":[37],"is_endless":false,"potions_floor_spawned":[4,6,20,23,28],"killed_by":"4 Shapes","ascension_level":0}}