{"host":"f0gpob8hq9vgebej","time":1611234482,"event":{"mods":["AchievementEnabler","BaseMod","Minty Spire (QoL Compilation)","Quick Restart","SuperFastMode"],"gold_per_floor":[119,130,147,147,165,165,194,194,194,220,292,317,349,464,476,586,598,628,690,459,470,150,150,178,56,83,108,108,174,53,72,72,167,167,180,197,347,359,193,193,206,217,217,235,235,235],"floor_reached":45,"language":"KOR","playtime":1200,"items_purged":["Decay","Strike_G","Strike_G","Caltrops"],"score":601,"play_id":"2ff8e066-7010-47e5-a0e5-f3e3db23b504","local_time":"20210121220802","is_ascension_mode":true,"campfire_choices":[{"data":"Deadly Poison","floor":6.0,"key":"SMITH"},{"data":"Noxious Fumes","floor":8.0,"key":"SMITH"},{"floor":15.0,"key":"REST"},{"floor":23.0,"key":"REST"},{"data":"Sadistic Nature","floor":28.0,"key":"SMITH"},{"floor":32.0,"key":"REST"},{"data":"Bouncing Flask","floor":40.0,"key":"SMITH"}],"circlet_count":0,"master_deck":["Survivor","Neutralize","Corpse Explosion","Backstab+1","Blade Dance","Noxious Fumes+1","Deadly Poison+1","Well Laid Plans","Calculated Gamble","Blur","Venomology","Bouncing Flask+1","Sadistic Nature","Setup","Sadistic Nature+1","Flash of Steel","Footwork","Bouncing Flask","Corpse Explosion","Blade Dance","Endless Agony","Escape Plan","Unload","Sucker Punch","Blur","Prepared","Sadistic Nature","Acrobatics+1","Catalyst+1"],"relics":["Ring of the Snake","SsserpentHead","Matryoshka","MawBank","Blue Candle","Philosopher\u0027s Stone","Membership Card","Potion Belt","Lee\u0027s Waffle","Art of War","Whetstone","Blood Vial","Singing Bowl","Pandora\u0027s Box","Darkstone Periapt"],"acts_visited":["Exordium","TheCity","TheBeyond"],"potions_floor_usage":[45,45,45,45],"damage_taken":[{"damage":6.0,"enemies":"Jaw Worm","floor":1.0,"turns":4.0},{"damage":2.0,"enemies":"Cultist","floor":2.0,"turns":4.0},{"damage":0.0,"enemies":"2 Louse","floor":3.0,"turns":1.0},{"damage":10.0,"enemies":"Exordium Wildlife","floor":5.0,"turns":4.0},{"damage":22.0,"enemies":"Lagavulin","floor":7.0,"turns":5.0},{"damage":5.0,"enemies":"Exordium Thugs","floor":10.0,"turns":4.0},{"damage":5.0,"enemies":"Red Slaver","floor":11.0,"turns":3.0},{"damage":10.0,"enemies":"Gremlin Gang","floor":12.0,"turns":3.0},{"damage":1.0,"enemies":"Looter","floor":13.0,"turns":3.0},{"damage":16.0,"enemies":"The Guardian","floor":16.0,"turns":9.0},{"damage":17.0,"enemies":"Shell Parasite","floor":18.0,"turns":6.0},{"damage":6.0,"enemies":"Chosen","floor":21.0,"turns":4.0},{"damage":16.0,"enemies":"Gremlin Leader","floor":24.0,"turns":6.0},{"damage":23.0,"enemies":"Slavers","floor":27.0,"turns":4.0},{"damage":0.0,"enemies":"Centurion and Healer","floor":29.0,"turns":4.0},{"damage":16.0,"enemies":"3 Cultists","floor":31.0,"turns":3.0},{"damage":35.0,"enemies":"Champ","floor":33.0,"turns":7.0},{"damage":0.0,"enemies":"3 Shapes","floor":35.0,"turns":2.0},{"damage":0.0,"enemies":"3 Darklings","floor":36.0,"turns":1.0},{"damage":9.0,"enemies":"Jaw Worm Horde","floor":38.0,"turns":2.0},{"damage":17.0,"enemies":"Maw","floor":41.0,"turns":4.0},{"damage":9.0,"enemies":"3 Darklings","floor":42.0,"turns":2.0},{"damage":29.0,"enemies":"Jaw Worm Horde","floor":44.0,"turns":3.0},{"damage":28,"enemies":"Nemesis","floor":45,"turns":2}],"seed_played":"2743453694269988328","potions_obtained":[{"floor":1.0,"key":"SneckoOil"},{"floor":2.0,"key":"LiquidMemories"},{"floor":5.0,"key":"Strength Potion"},{"floor":11.0,"key":"Block Potion"},{"floor":16.0,"key":"Explosive Potion"},{"floor":24.0,"key":"Fire Potion"},{"floor":27.0,"key":"Block Potion"},{"floor":29.0,"key":"Strength Potion"},{"floor":33.0,"key":"EntropicBrew"},{"floor":35.0,"key":"LiquidMemories"},{"floor":38.0,"key":"BlessingOfTheForge"},{"floor":44.0,"key":"BlessingOfTheForge"}],"is_trial":false,"path_per_floor":["M","M","M","?","M","R","E","R","T","M","M","M","M","?","R","B",null,"M","?","$","M","$","R","E","$","T","E","R","M","$","M","R","B",null,"M","M","?","M","$","R","M","M","T","M","E"],"character_chosen":"THE_SILENT","items_purchased":["Sadistic Nature","Membership Card","Sadistic Nature","Flash of Steel","Lee\u0027s Waffle","Footwork","Singing Bowl","Sadistic Nature"],"campfire_rested":3,"item_purchase_floors":[20,22,22,22,25,25,30,39],"current_hp_per_floor":[57,55,55,55,45,45,23,23,23,18,13,3,2,2,20,4,48,31,31,31,25,25,43,27,70,70,47,47,49,49,37,58,27,62,66,70,70,63,63,63,48,41,41,16,0,0],"gold":235,"neow_bonus":"THREE_RARE_CARDS","is_daily":false,"chose_seed":false,"campfire_upgraded":4,"win_rate":0.0,"timestamp":1611234482,"path_taken":["M","M","M","?","M","R","E","R","T","M","?","M","M","?","R","BOSS","M","?","$","M","$","R","E","?","T","E","R","?","$","M","R","BOSS","M","M","?","M","$","R","M","M","T","M","E"],"items_purchased_type":["Card","Relic","Card","Card","Relic","Card","Relic","Card"],"build_version":"2020-12-22","purchased_purges":4,"victory":false,"max_hp_per_floor":[63,63,63,63,63,63,63,63,63,63,63,63,63,63,63,63,63,63,63,63,63,63,63,63,70,70,70,70,70,70,72,72,74,74,76,78,78,78,78,78,78,78,78,80,80,80],"card_choices":[{"not_picked":["Tools of the Trade","Wraith Form v2"],"picked":"Corpse Explosion","floor":0.0},{"not_picked":["Distraction","Dagger Throw"],"picked":"Backstab","floor":1.0},{"not_picked":["Riddle With Holes","Backstab"],"picked":"Blade Dance","floor":2.0},{"not_picked":["All Out Attack","Sucker Punch"],"picked":"Noxious Fumes","floor":3.0},{"not_picked":["Quick Slash","Reflex"],"picked":"Deadly Poison","floor":5.0},{"not_picked":["Noxious Fumes","Infinite Blades","Bullet Time"],"picked":"SKIP","floor":7.0},{"not_picked":["Leg Sweep","Dagger Spray"],"picked":"Well Laid Plans","floor":10.0},{"not_picked":["Skewer","Accuracy"],"picked":"Calculated Gamble","floor":11.0},{"not_picked":["Bane","Blade Dance","Dodge and Roll"],"picked":"SKIP","floor":12.0},{"not_picked":["Slice","Heel Hook"],"picked":"Blur","floor":13.0},{"not_picked":["Envenom","Unload"],"picked":"Venomology","floor":16.0},{"not_picked":["Dagger Spray+1","Slice+1"],"picked":"Bouncing Flask","floor":18.0},{"not_picked":["Cloak And Dagger+1","Quick Slash+1"],"picked":"Setup","floor":21.0},{"not_picked":["Outmaneuver","Bane","Caltrops+1"],"picked":"SKIP","floor":24.0},{"not_picked":["Poisoned Stab","Die Die Die","Skewer"],"picked":"SKIP","floor":27.0},{"not_picked":["Blade Dance+1","Dagger Spray"],"picked":"Bouncing Flask","floor":29.0},{"not_picked":["Well Laid Plans","Outmaneuver","Infinite Blades+1"],"picked":"Singing Bowl","floor":31.0},{"not_picked":["Bullet Time","Tools of the Trade","Glass Knife"],"picked":"Singing Bowl","floor":33.0},{"not_picked":["Skewer+1","Flying Knee+1","Slice"],"picked":"Singing Bowl","floor":35.0},{"not_picked":["Blade Dance+1","Endless Agony","Bane+1"],"picked":"Singing Bowl","floor":36.0},{"not_picked":["Blade Dance+1","Dagger Throw+1"],"picked":"Prepared","floor":38.0},{"not_picked":["Footwork","Leg Sweep"],"picked":"Acrobatics+1","floor":41.0},{"not_picked":["Quick Slash","Choke+1"],"picked":"Catalyst+1","floor":42.0},{"not_picked":["Quick Slash","Dagger Spray","Deadly Poison"],"picked":"Singing Bowl","floor":44.0}],"player_experience":196807,"relics_obtained":[{"floor":7.0,"key":"Matryoshka"},{"floor":9.0,"key":"MawBank"},{"floor":9.0,"key":"Blue Candle"},{"floor":24.0,"key":"Potion Belt"},{"floor":26.0,"key":"Art of War"},{"floor":26.0,"key":"Whetstone"},{"floor":27.0,"key":"Blood Vial"},{"floor":43.0,"key":"Darkstone Periapt"}],"event_choices":[{"damage_healed":0.0,"max_hp_gain":0.0,"max_hp_loss":0.0,"gold_gain":0.0,"event_name":"FaceTrader","player_choice":"Trade","floor":4.0,"gold_loss":0.0,"damage_taken":0.0,"relics_obtained":["SsserpentHead"]},{"damage_healed":0.0,"max_hp_gain":0.0,"max_hp_loss":0.0,"gold_gain":53.0,"event_name":"Golden Wing","player_choice":"Gained Gold","floor":14.0,"gold_loss":0.0,"damage_taken":0.0},{"damage_healed":0.0,"max_hp_gain":0.0,"max_hp_loss":0.0,"gold_gain":0.0,"event_name":"Wheel of Change","player_choice":"Cursed","floor":19.0,"gold_loss":0.0,"damage_taken":0.0,"cards_obtained":["Decay"]},{"damage_healed":0.0,"max_hp_gain":0.0,"max_hp_loss":0.0,"gold_gain":100.0,"event_name":"Golden Shrine","player_choice":"Pray","floor":37.0,"gold_loss":0.0,"damage_taken":0.0}],"is_beta":false,"boss_relics":[{"not_picked":["Busted Crown","Ectoplasm"],"picked":"Philosopher\u0027s Stone"},{"not_picked":["Snecko Eye","Cursed Key"],"picked":"Pandora\u0027s Box"}],"items_purged_floors":[20,22,25,39],"is_endless":false,"potions_floor_spawned":[1,2,5,11,12,16,24,27,29,33,35,38,44],"killed_by":"Nemesis","ascension_level":5}}