{"host":"puf131q5awx2h4uh","time":1611226263,"event":{"mods":["BaseMod","Minty Spire (QoL Compilation)","Quick Restart","Shop Mod","StSLib"],"gold_per_floor":[109,109,109,34,50,50,82,94,130,169,199,211,223,255,267,279,279],"floor_reached":16,"language":"ZHS","playtime":344,"items_purged":["Strike_G"],"score":233,"play_id":"bf47f98c-b223-470a-a95d-02889a5b6254","local_time":"20210121185103","is_ascension_mode":true,"campfire_choices":[{"data":"Footwork","floor":6,"key":"SMITH"},{"data":"Neutralize","floor":8,"key":"SMITH"},{"data":"Bullet Time","floor":13,"key":"SMITH"},{"data":"Catalyst","floor":15,"key":"SMITH"}],"circlet_count":0,"master_deck":["AscendersBane","Strike_G","Strike_G","Strike_G","Strike_G","Defend_G","Defend_G","Defend_G","Defend_G","Defend_G","Survivor","Neutralize+1","Footwork+1","Acrobatics","Bullet Time+1","Catalyst+1"],"relics":["Ring of the Snake","NeowsBlessing","Shovel","MawBank","Ancient Tea Set","PreservedInsect","Turnip"],"acts_visited":["Exordium"],"potions_floor_usage":[10,16],"damage_taken":[{"damage":0,"enemies":"Small Slimes","floor":1,"turns":1},{"damage":0,"enemies":"Jaw Worm","floor":5,"turns":1},{"damage":0,"enemies":"3 Sentries","floor":7,"turns":1},{"damage":32,"enemies":"Lagavulin","floor":10,"turns":13},{"damage":4,"enemies":"Cultist","floor":11,"turns":5},{"damage":6,"enemies":"Exordium Thugs","floor":14,"turns":9},{"damage":0,"enemies":"The Guardian","floor":16,"turns":1}],"seed_played":"-2834409131470902885","potions_obtained":[{"floor":5,"key":"DistilledChaos"},{"floor":10,"key":"SpeedPotion"},{"floor":14,"key":"AttackPotion"}],"is_trial":false,"path_per_floor":["M","?","?","$","M","R","E","R","T","E","M","T","R","M","R","B"],"character_chosen":"THE_SILENT","items_purchased":[],"campfire_rested":0,"item_purchase_floors":[],"current_hp_per_floor":[59,54,54,54,54,54,54,54,54,22,18,18,18,12,12,12,12],"gold":279,"neow_bonus":"THREE_ENEMY_KILL","is_daily":false,"chose_seed":false,"campfire_upgraded":4,"win_rate":0.0,"timestamp":1611226263,"path_taken":["M","?","?","$","M","R","E","R","T","E","M","?","R","M","R","BOSS"],"items_purchased_type":[],"build_version":"2020-12-22","purchased_purges":1,"victory":false,"max_hp_per_floor":[66,66,66,66,66,66,66,66,66,66,66,66,66,66,66,66,66],"card_choices":[{"not_picked":["Outmaneuver","Distraction"],"picked":"Footwork","floor":1},{"not_picked":["Prepared","Concentrate"],"picked":"Acrobatics","floor":5},{"not_picked":["Backflip","Sucker Punch","Choke"],"picked":"SKIP","floor":7},{"not_picked":["Heel Hook","PiercingWail"],"picked":"Bullet Time","floor":10},{"not_picked":["All Out Attack","Dagger Throw","Acrobatics"],"picked":"SKIP","floor":11},{"not_picked":["Dodge and Roll","Acrobatics"],"picked":"Catalyst","floor":14}],"player_experience":328220,"relics_obtained":[{"floor":7,"key":"MawBank"},{"floor":9,"key":"Ancient Tea Set"},{"floor":10,"key":"PreservedInsect"},{"floor":12,"key":"Turnip"}],"event_choices":[{"damage_healed":0,"gold_gain":0,"player_choice":"Success","damage_taken":5,"relics_obtained":["Shovel"],"max_hp_gain":0,"max_hp_loss":0,"event_name":"Scrap Ooze","floor":2,"gold_loss":0},{"damage_healed":0,"gold_gain":0,"player_choice":"Ignored","damage_taken":0,"max_hp_gain":0,"max_hp_loss":0,"event_name":"Shining Light","floor":3,"gold_loss":0}],"is_beta":false,"boss_relics":[],"items_purged_floors":[4],"is_endless":false,"potions_floor_spawned":[5,10,14],"killed_by":"The Guardian","ascension_level":15}}