{"host":"sp1f3sybb350mzsh","time":1611210598,"event":{"mods":["BaseMod","Bestiary","Filter the Spire","Minty Spire (QoL Compilation)","Puzzle Mod","Relic Stats","StSLib"],"gold_per_floor":[115,131,57,57,75,107,123,152,152,152,172,172,172,182,182,283,283,272,286,27,58,68,68,98,117,117,117,152,152,152,167,167,270,270,281,503,553,553,553,578,26,26,26,41,69,69,86,119,119,119],"floor_reached":51,"language":"ENG","playtime":6025,"items_purged":["Strike_R","Strike_R+1"],"score":783,"play_id":"091f27a2-2b11-4afb-b807-36e5b8663f7d","local_time":"20210121002958","is_ascension_mode":false,"campfire_choices":[{"data":"Reaper","floor":10,"key":"SMITH"},{"data":"Sword Boomerang","floor":13,"key":"SMITH"},{"data":"Disarm","floor":15,"key":"SMITH"},{"data":"Trip","floor":23,"key":"SMITH"},{"data":"Feed","floor":27,"key":"SMITH"},{"data":"True Grit","floor":30,"key":"SMITH"},{"data":"Bloodletting","floor":32,"key":"SMITH"},{"data":"Inflame","floor":42,"key":"SMITH"},{"data":"Dark Shackles","floor":49,"key":"SMITH"}],"circlet_count":0,"master_deck":["Strike_R+1","Strike_R+1","Strike_R+1","Defend_R+1","Defend_R+1","Defend_R+1","Defend_R+1","Bash","Reaper+1","Battle Trance","Anger","Inflame+1","Sword Boomerang+1","Disarm+1","Reaper","Headbutt+1","Feed+1","Inflame+1","Trip+1","Warcry+1","True Grit+1","Bloodletting+1","Fiend Fire+1","Sword Boomerang+1","Dark Shackles+1","Secret Technique","Exhume","Whirlwind+1","Thunderclap+1","Pain","Inflame+1"],"relics":["Burning Blood","Meat on the Bone","The Courier","Pocketwatch","Runic Cube","OrangePellets","Red Mask","Mango","Bag of Marbles","Thread and Needle","Cursed Key","FossilizedHelix","Molten Egg 2","Nunchaku","Champion Belt","Whetstone","Smiling Mask","TungstenRod","InkBottle"],"acts_visited":["Exordium","TheCity","TheBeyond"],"potions_floor_usage":[6,21,24,24,33,47],"damage_taken":[{"damage":4,"enemies":"Small Slimes","floor":1,"turns":4},{"damage":15,"enemies":"Jaw Worm","floor":2,"turns":4},{"damage":7,"enemies":"2 Louse","floor":5,"turns":3},{"damage":30,"enemies":"3 Sentries","floor":6,"turns":6},{"damage":16,"enemies":"2 Fungi Beasts","floor":7,"turns":3},{"damage":18,"enemies":"Gremlin Nob","floor":8,"turns":4},{"damage":16,"enemies":"Large Slime","floor":11,"turns":4},{"damage":10,"enemies":"Exordium Thugs","floor":14,"turns":2},{"damage":29,"enemies":"The Guardian","floor":16,"turns":11},{"damage":35,"enemies":"2 Thieves","floor":18,"turns":4},{"damage":5,"enemies":"Spheric Guardian","floor":19,"turns":3},{"damage":19,"enemies":"Masked Bandits","floor":21,"turns":5},{"damage":39,"enemies":"Shelled Parasite and Fungi","floor":22,"turns":5},{"damage":44,"enemies":"Slavers","floor":24,"turns":4},{"damage":12,"enemies":"Snake Plant","floor":25,"turns":4},{"damage":25,"enemies":"Book of Stabbing","floor":28,"turns":5},{"damage":7,"enemies":"Snecko","floor":31,"turns":7},{"damage":97,"enemies":"Collector","floor":33,"turns":12},{"damage":17,"enemies":"Orb Walker","floor":35,"turns":6},{"damage":3,"enemies":"Mind Bloom Boss Battle","floor":37,"turns":8},{"damage":20,"enemies":"Nemesis","floor":40,"turns":5},{"damage":32,"enemies":"3 Darklings","floor":44,"turns":5},{"damage":25,"enemies":"Reptomancer","floor":45,"turns":4},{"damage":20,"enemies":"Maw","floor":47,"turns":7},{"damage":10,"enemies":"Giant Head","floor":48,"turns":7},{"damage":34,"enemies":"Awakened One","floor":50,"turns":11}],"seed_played":"4435891256140857141","potions_obtained":[{"floor":1,"key":"Regen Potion"},{"floor":5,"key":"Regen Potion"},{"floor":7,"key":"Regen Potion"},{"floor":11,"key":"AttackPotion"},{"floor":14,"key":"DistilledChaos"},{"floor":21,"key":"LiquidMemories"},{"floor":24,"key":"Fruit Juice"},{"floor":33,"key":"Fire Potion"},{"floor":35,"key":"Regen Potion"},{"floor":47,"key":"SneckoOil"}],"is_trial":false,"path_per_floor":["M","M","$","?","M","E","M","E","T","R","M","?","R","M","R","B",null,"M","M","$","?","M","R","E","M","T","R","E","?","R","M","R","B",null,"M","?","?","?","?","E","$","R","T","M","E","T","M","E","R","B",null],"character_chosen":"IRONCLAD","items_purchased":["Inflame","OrangePellets","Trip","Nunchaku","Champion Belt","Whetstone"],"campfire_rested":0,"item_purchase_floors":[3,20,20,41,41,41],"current_hp_per_floor":[64,61,61,61,60,69,67,62,62,62,68,68,68,76,76,65,80,62,73,73,76,55,55,86,94,94,94,79,79,79,95,95,71,124,120,120,132,132,122,128,128,128,128,123,121,121,128,144,144,143],"gold":119,"neow_bonus":"THREE_RARE_CARDS","is_daily":false,"chose_seed":false,"campfire_upgraded":9,"win_rate":0.0,"timestamp":1611210598,"path_taken":["M","M","$","?","M","E","M","E","T","R","M","?","R","M","R","BOSS","M","M","$","?","M","R","E","M","T","R","E","?","R","M","R","BOSS","M","?","?","?","?","E","$","R","T","M","E","?","?","E","R","BOSS"],"items_purchased_type":["Card","Relic","Card","Relic","Relic","Relic"],"build_version":"2020-12-22","purchased_purges":2,"victory":true,"max_hp_per_floor":[80,80,80,80,80,80,80,80,80,80,80,80,80,80,80,80,80,83,86,86,89,92,92,109,112,112,112,116,116,116,120,120,124,124,128,128,132,132,132,136,136,136,136,136,140,140,145,145,145,145],"relic_stats":{"counters":[26,143],"Whetstone":["Headbutt","Fiend Fire"],"Cursed Key":1,"Smiling Mask":0,"Burning Blood":150,"OrangePellets":[9],"Nunchaku":[6],"Champion Belt":[39],"obtain_stats":[{"Mango":24,"Thread and Needle":28,"The Courier":8,"Whetstone":41,"Cursed Key":34,"Smiling Mask":45,"Burning Blood":0,"OrangePellets":20,"Nunchaku":41,"Molten Egg 2":40,"Red Mask":21,"Bag of Marbles":26,"Champion Belt":41,"FossilizedHelix":37,"TungstenRod":46,"InkBottle":48,"Meat on the Bone":6,"Pocketwatch":9,"Runic Cube":17},{"Mango":14,"Thread and Needle":16,"The Courier":6,"Whetstone":21,"Cursed Key":18,"Smiling Mask":23,"Burning Blood":0,"OrangePellets":11,"Nunchaku":21,"Molten Egg 2":21,"Red Mask":12,"Bag of Marbles":15,"Champion Belt":21,"FossilizedHelix":20,"TungstenRod":23,"InkBottle":25,"Meat on the Bone":4,"Pocketwatch":6,"Runic Cube":9},{"Mango":62,"Thread and Needle":71,"The Courier":24,"Whetstone":109,"Cursed Key":90,"Smiling Mask":118,"Burning Blood":0,"OrangePellets":48,"Nunchaku":109,"Molten Egg 2":109,"Red Mask":53,"Bag of Marbles":66,"Champion Belt":109,"FossilizedHelix":104,"TungstenRod":118,"InkBottle":132,"Meat on the Bone":17,"Pocketwatch":24,"Runic Cube":41}],"TungstenRod":32,"InkBottle":[3],"Meat on the Bone":12,"Pocketwatch":[108],"Runic Cube":[69]},"card_choices":[{"not_picked":["Exhume","Brutality"],"picked":"Reaper","floor":0},{"not_picked":["Bloodletting","Wild Strike"],"picked":"Battle Trance","floor":1},{"not_picked":["Headbutt","Body Slam"],"picked":"Anger","floor":2},{"not_picked":["Second Wind","Sever Soul"],"picked":"Sword Boomerang","floor":5},{"not_picked":["Immolate","Perfected Strike","Cleave"],"picked":"SKIP","floor":6},{"not_picked":["Warcry","Clothesline"],"picked":"Disarm","floor":7},{"not_picked":["Clash","Body Slam"],"picked":"Reaper","floor":8},{"not_picked":["Wild Strike","Clash"],"picked":"Headbutt","floor":11},{"not_picked":["True Grit","Intimidate"],"picked":"Metallicize","floor":14},{"not_picked":["Immolate","Impervious"],"picked":"Feed","floor":16},{"not_picked":["Iron Wave","Flex+1"],"picked":"Inflame","floor":18},{"not_picked":["Heavy Blade","Pommel Strike","Twin Strike"],"picked":"SKIP","floor":19},{"not_picked":["Wild Strike","Pummel"],"picked":"Warcry+1","floor":21},{"not_picked":["Berserk","Entrench","Sentinel"],"picked":"SKIP","floor":22},{"not_picked":["Twin Strike","Burning Pact","Pommel Strike"],"picked":"SKIP","floor":24},{"not_picked":["Whirlwind","Flex","Burning Pact"],"picked":"SKIP","floor":25},{"not_picked":["Clash","Twin Strike"],"picked":"True Grit","floor":28},{"not_picked":["Warcry+1","Twin Strike"],"picked":"Bloodletting","floor":31},{"not_picked":["Feed","Berserk"],"picked":"Fiend Fire","floor":33},{"not_picked":["Perfected Strike+1","Dropkick"],"picked":"Sword Boomerang+1","floor":35},{"not_picked":["Secret Technique","Dramatic Entrance"],"picked":"Dark Shackles","floor":39},{"not_picked":["Swift Strike","Impatience"],"picked":"Secret Technique","floor":39},{"not_picked":["Whirlwind+1","Bludgeon+1"],"picked":"Exhume","floor":40},{"not_picked":["Cleave+1","Iron Wave+1"],"picked":"Whirlwind+1","floor":44},{"not_picked":["Headbutt+1","Pommel Strike+1"],"picked":"Thunderclap+1","floor":45},{"not_picked":["Second Wind+1","Thunderclap+1"],"picked":"Inflame+1","floor":47},{"not_picked":["Sever Soul+1","Anger+1","Warcry+1"],"picked":"SKIP","floor":48}],"player_experience":115753,"relics_obtained":[{"floor":6,"key":"Meat on the Bone"},{"floor":8,"key":"The Courier"},{"floor":9,"key":"Pocketwatch"},{"floor":21,"key":"Red Mask"},{"floor":24,"key":"Mango"},{"floor":26,"key":"Bag of Marbles"},{"floor":28,"key":"Thread and Needle"},{"floor":37,"key":"FossilizedHelix"},{"floor":40,"key":"Molten Egg 2"},{"floor":45,"key":"Smiling Mask"},{"floor":46,"key":"TungstenRod"},{"floor":48,"key":"InkBottle"}],"event_choices":[{"damage_healed":0,"gold_gain":0,"player_choice":"Grow","damage_taken":0,"max_hp_gain":0,"max_hp_loss":0,"event_name":"Living Wall","floor":4,"gold_loss":0,"cards_upgraded":["Inflame"]},{"damage_healed":0,"gold_gain":0,"player_choice":"Ignored","damage_taken":0,"max_hp_gain":0,"max_hp_loss":0,"event_name":"Liars Game","floor":12,"gold_loss":0},{"damage_healed":0,"gold_gain":0,"player_choice":"Fought Bandits","damage_taken":0,"max_hp_gain":0,"max_hp_loss":0,"event_name":"Masked Bandits","floor":21,"gold_loss":0},{"damage_healed":0,"gold_gain":0,"player_choice":"Simplicity","damage_taken":0,"max_hp_gain":0,"max_hp_loss":0,"event_name":"Back to Basics","floor":29,"gold_loss":0,"cards_upgraded":["Strike_R","Strike_R","Strike_R","Strike_R","Defend_R","Defend_R","Defend_R","Defend_R"]},{"damage_healed":0,"gold_gain":222,"player_choice":"Wore Mask","damage_taken":0,"max_hp_gain":0,"max_hp_loss":0,"event_name":"Tomb of Lord Red Mask","floor":36,"gold_loss":0},{"damage_healed":0,"gold_gain":0,"player_choice":"Fight","damage_taken":0,"max_hp_gain":0,"max_hp_loss":0,"event_name":"MindBloom","floor":37,"gold_loss":0},{"cards_removed":["Metallicize"],"damage_healed":0,"gold_gain":0,"player_choice":"Removed Power","damage_taken":0,"max_hp_gain":0,"max_hp_loss":0,"event_name":"Falling","floor":38,"gold_loss":0},{"damage_healed":0,"gold_gain":0,"player_choice":"Memory 3","damage_taken":10,"max_hp_gain":0,"max_hp_loss":0,"event_name":"SensoryStone","floor":39,"gold_loss":0}],"is_beta":false,"boss_relics":[{"not_picked":["Ectoplasm","Busted Crown"],"picked":"Runic Cube"},{"not_picked":["Velvet Choker","Calling Bell"],"picked":"Cursed Key"}],"items_purged_floors":[20,41],"is_endless":false,"potions_floor_spawned":[1,5,7,11,14,16,19,21,24,33,35,47],"ascension_level":0}}