{"host":"bq4pt811tk9yrmjl","time":1611192349,"event":{"mods":["AchievementEnabler","BaseMod","Colored Map","Colored Powertips","Defuse TimeMaze Blight","Hermit","Minty Spire (QoL Compilation)","StSLib","SuperFastMode"],"gold_per_floor":[111,111,111,111,36,36,47,78,78,92,92,103,103,134,134,232,232,246,12,12,22,22,22,91,171,171,185,205,354,368,380,380,479,479,494,544,612,712,731,731,731],"floor_reached":40,"language":"ENG","playtime":929,"items_purged":["Regret"],"score":469,"play_id":"ef7310e3-6658-4a58-99d5-b45e33cc19ab","local_time":"20210120232549","is_ascension_mode":true,"campfire_choices":[{"data":"Loop","floor":6.0,"key":"SMITH"},{"data":"Dualcast","floor":11.0,"key":"SMITH"},{"data":"Conserve Battery","floor":13.0,"key":"SMITH"},{"data":"Electrodynamics","floor":15.0,"key":"SMITH"},{"floor":23.0,"key":"RECALL"},{"data":"Reinforced Body","floor":32.0,"key":"SMITH"}],"circlet_count":0,"master_deck":["Defend_B","Defend_B","Defend_B","Defend_B","Zap+1","Dualcast+1","Loop+1","Conserve Battery+1","Ball Lightning","Electrodynamics+1","White Noise+1","Reinforced Body+1","Multi-Cast","Stack+1","Rebound+1","Loop+1","Rainbow","Force Field+1","Parasite"],"relics":["Cracked Core","NeowsBlessing","Ornamental Fan","Matryoshka","Meat on the Bone","Singing Bowl","Shuriken","Velvet Choker","Chemical X","SsserpentHead","Red Mask","Pen Nib","Turnip","Astrolabe","Ginger"],"acts_visited":["Exordium","TheCity","TheBeyond"],"potions_floor_usage":[40],"damage_taken":[{"damage":0.0,"enemies":"2 Louse","floor":1.0,"turns":1.0},{"damage":0.0,"enemies":"Jaw Worm","floor":7.0,"turns":1.0},{"damage":0.0,"enemies":"Gremlin Nob","floor":8.0,"turns":1.0},{"damage":8.0,"enemies":"Small Slimes","floor":10.0,"turns":3.0},{"damage":0.0,"enemies":"Blue Slaver","floor":12.0,"turns":4.0},{"damage":9.0,"enemies":"Lagavulin","floor":14.0,"turns":5.0},{"damage":39.0,"enemies":"Hexaghost","floor":16.0,"turns":9.0},{"damage":8.0,"enemies":"Shell Parasite","floor":18.0,"turns":4.0},{"damage":5.0,"enemies":"Chosen","floor":21.0,"turns":4.0},{"damage":17.0,"enemies":"Snake Plant","floor":24.0,"turns":3.0},{"damage":36.0,"enemies":"Masked Bandits","floor":25.0,"turns":4.0},{"damage":4.0,"enemies":"Centurion and Healer","floor":27.0,"turns":6.0},{"damage":0.0,"enemies":"Snecko","floor":28.0,"turns":4.0},{"damage":17.0,"enemies":"Shelled Parasite and Fungi","floor":30.0,"turns":6.0},{"damage":9.0,"enemies":"3 Cultists","floor":31.0,"turns":4.0},{"damage":37.0,"enemies":"Automaton","floor":33.0,"turns":11.0},{"damage":0.0,"enemies":"3 Shapes","floor":35.0,"turns":4.0},{"damage":13,"enemies":"Orb Walker","floor":37,"turns":4},{"damage":0,"enemies":"Mind Bloom Boss Battle","floor":38,"turns":8},{"damage":15,"enemies":"Writhing Mass","floor":39,"turns":6},{"damage":45,"enemies":"Giant Head","floor":40,"turns":11}],"seed_played":"-1091276013275953562","potions_obtained":[{"floor":7.0,"key":"Regen Potion"},{"floor":8.0,"key":"Ancient Potion"},{"floor":18.0,"key":"LiquidBronze"},{"floor":25.0,"key":"Block Potion"},{"floor":33.0,"key":"SneckoOil"},{"floor":37,"key":"Strength Potion"},{"floor":39,"key":"Weak Potion"}],"is_trial":false,"path_per_floor":["M","?","T","?","$","R","M","E","T","M","R","M","R","E","R","B",null,"M","$","?","M","?","R","M","?","T","M","M","?","M","M","R","B",null,"M","?","M","?","M","E"],"character_chosen":"DEFECT","items_purchased":["Reinforced Body","Chemical X"],"campfire_rested":0,"item_purchase_floors":[19,19],"current_hp_per_floor":[75,75,75,75,75,75,75,75,75,69,69,69,69,68,68,43,79,71,71,71,68,68,68,53,31,31,41,55,55,52,57,57,32,93,95,95,82,84,71,26,26],"gold":731,"neow_bonus":"THREE_ENEMY_KILL","is_daily":false,"chose_seed":false,"campfire_upgraded":5,"win_rate":0.0,"timestamp":1611192349,"path_taken":["M","?","?","?","$","R","M","E","T","M","R","M","R","E","R","BOSS","M","$","?","?","?","R","?","?","T","M","M","?","M","M","R","BOSS","M","?","?","?","M","E"],"items_purchased_type":["Card","Relic"],"build_version":"2020-12-22","purchased_purges":1,"victory":false,"max_hp_per_floor":[75,75,75,75,75,75,75,75,75,77,77,77,77,77,77,79,79,79,79,79,81,81,81,83,85,85,87,89,89,91,93,93,93,93,95,95,95,97,99,99,99],"card_choices":[{"not_picked":["Stack","Turbo"],"picked":"Loop","floor":1.0},{"not_picked":["Aggregate","Stack"],"picked":"Conserve Battery","floor":7.0},{"not_picked":["Doom and Gloom","Darkness","Multi-Cast"],"picked":"SKIP","floor":8.0},{"not_picked":["Beam Cell","Capacitor","Steam"],"picked":"Singing Bowl","floor":10.0},{"not_picked":["Stack","Go for the Eyes"],"picked":"Ball Lightning","floor":12.0},{"not_picked":["Compile Driver","Rip and Tear"],"picked":"Electrodynamics","floor":14.0},{"not_picked":["Thunder Strike","Electrodynamics","Machine Learning"],"picked":"Singing Bowl","floor":16.0},{"not_picked":["Ball Lightning+1","Leap"],"picked":"White Noise+1","floor":18.0},{"not_picked":["Hello World+1","Stack","Leap"],"picked":"Singing Bowl","floor":21.0},{"not_picked":["Glacier","Redo","BootSequence"],"picked":"Singing Bowl","floor":24.0},{"not_picked":["Ball Lightning","Auto Shields","Aggregate"],"picked":"Singing Bowl","floor":25.0},{"not_picked":["Recycle","Barrage","Hologram"],"picked":"Singing Bowl","floor":27.0},{"not_picked":["Darkness","Gash","Lockon"],"picked":"Singing Bowl","floor":28.0},{"not_picked":["Chaos+1","Gash+1","Compile Driver"],"picked":"Singing Bowl","floor":30.0},{"not_picked":["Redo","Tempest","Sweeping Beam"],"picked":"Singing Bowl","floor":31.0},{"not_picked":["Echo Form","Electrodynamics"],"picked":"Multi-Cast","floor":33.0},{"not_picked":["Turbo","Beam Cell","Rip and Tear"],"picked":"Singing Bowl","floor":35.0},{"not_picked":["Sweeping Beam+1","Hologram+1"],"picked":"Force Field+1","floor":37},{"not_picked":["Lockon","Hologram+1","Conserve Battery"],"picked":"Singing Bowl","floor":38},{"not_picked":["Melter","Sweeping Beam+1","Leap"],"picked":"Singing Bowl","floor":39}],"player_experience":194611,"relics_obtained":[{"floor":8.0,"key":"Matryoshka"},{"floor":9.0,"key":"Meat on the Bone"},{"floor":9.0,"key":"Singing Bowl"},{"floor":14.0,"key":"Shuriken"},{"floor":25.0,"key":"Red Mask"},{"floor":26.0,"key":"Pen Nib"},{"floor":26.0,"key":"Turnip"},{"floor":38,"key":"Ginger"}],"event_choices":[{"damage_healed":0.0,"max_hp_gain":0.0,"max_hp_loss":0.0,"gold_gain":0.0,"event_name":"Big Fish","player_choice":"Box","floor":2.0,"gold_loss":0.0,"damage_taken":0.0,"relics_obtained":["Ornamental Fan"],"cards_obtained":["Regret"]},{"damage_healed":0.0,"max_hp_gain":0.0,"max_hp_loss":0.0,"gold_gain":0.0,"event_name":"Living Wall","player_choice":"Grow","floor":4.0,"gold_loss":0.0,"damage_taken":0.0,"cards_upgraded":["Zap"]},{"cards_removed":["Strike_B"],"damage_healed":0.0,"max_hp_gain":0.0,"max_hp_loss":0.0,"gold_gain":0.0,"event_name":"Wheel of Change","player_choice":"Card Removal","floor":20.0,"gold_loss":0.0,"damage_taken":0.0},{"damage_healed":0.0,"max_hp_gain":0.0,"max_hp_loss":0.0,"gold_gain":0.0,"event_name":"FaceTrader","player_choice":"Trade","floor":22.0,"gold_loss":0.0,"damage_taken":0.0,"relics_obtained":["SsserpentHead"]},{"damage_healed":0.0,"max_hp_gain":0.0,"max_hp_loss":0.0,"gold_gain":0.0,"event_name":"Masked Bandits","player_choice":"Fought Bandits","floor":25.0,"gold_loss":0.0,"damage_taken":0.0},{"damage_healed":0.0,"max_hp_gain":0.0,"max_hp_loss":0.0,"gold_gain":99.0,"event_name":"Nest","player_choice":"Stole From Cult","floor":29.0,"gold_loss":0.0,"damage_taken":0.0},{"damage_healed":0,"gold_gain":0,"player_choice":"1 cards matched","damage_taken":0,"max_hp_gain":0,"max_hp_loss":0,"event_name":"Match and Keep!","floor":36,"gold_loss":0,"cards_obtained":["Rainbow"]},{"damage_healed":0,"gold_gain":0,"player_choice":"Fight","damage_taken":0,"max_hp_gain":0,"max_hp_loss":0,"event_name":"MindBloom","floor":38,"gold_loss":0}],"is_beta":false,"boss_relics":[{"not_picked":["Cursed Key","Coffee Dripper"],"picked":"Velvet Choker"},{"not_picked":["Fusion Hammer","SacredBark"],"picked":"Astrolabe"}],"items_purged_floors":[5],"is_endless":false,"potions_floor_spawned":[7,8,18,25,33,37,39],"killed_by":"Giant Head","ascension_level":1}}