{"host":"6h0diz2ap0m56grs","time":1611259682,"event":{"mods":["2.2 Compatiblity","BaseMod","Colored Map","Marisa????????","Minty Spire (QoL Compilation)","Quick Restart","Replay The Spire","Shop Mod","StSLib","The Servant 0.9.4"],"gold_per_floor":[113,131,131,131,131,164,197,225,225,251,261,261,261,295,295,393,393,413,386,386,411,411,446,446,446,446],"floor_reached":25,"language":"ENG","playtime":823,"items_purged":["Go for the Eyes"],"score":476,"play_id":"7f495c41-68f0-4ca4-b95f-187c75f1872f","local_time":"20210121140802","daily_mods":["SealedDeck","Heirloom","Time Dilation","Flight"],"is_ascension_mode":true,"campfire_choices":[{"data":"BasicCrystalCard","floor":12,"key":"SMITH"},{"data":"Glacier","floor":13,"key":"SMITH"},{"data":"Defragment","floor":15,"key":"SMITH"},{"data":"Mirror Shield","floor":24,"key":"SMITH"}],"circlet_count":0,"master_deck":["Steam","Crystallizer","Compile Driver","BasicCrystalCard+1","Ball Lightning","Doom and Gloom+1","Cold Snap","Glacier+1","Ball Lightning","Barrage","Consume","BootSequence","Chill","BasicCrystalCard+1","Defragment+1","Echo Form","AbeCurse","Go for the Eyes","Mirror Shield+1"],"relics":["Cracked Core","replay:Trail_Library","Happy Flower","Pocketwatch","Bronze Scales","Mercury Hourglass","DataDisk","Cables","Sozu","Abe\u0027s Treasure","Snecko Eye","MerchantsRug","Tiny Chest","ReplayTheSpireMod:Lightbulb"],"acts_visited":["Exordium","TheCity"],"potions_floor_usage":[16],"damage_taken":[{"damage":0,"enemies":"2 Louse","floor":1,"turns":2},{"damage":0,"enemies":"Cultist","floor":2,"turns":2},{"damage":0,"enemies":"Gremlin Nob","floor":6,"turns":3},{"damage":0,"enemies":"Lagavulin","floor":7,"turns":5},{"damage":0,"enemies":"3 Sentries","floor":8,"turns":4},{"damage":0,"enemies":"Gremlin Nob","floor":10,"turns":3},{"damage":0,"enemies":"Jaw Worm","floor":11,"turns":2},{"damage":0,"enemies":"3 Sentries","floor":14,"turns":2},{"damage":0,"enemies":"The Guardian","floor":16,"turns":6},{"damage":0,"enemies":"Shell Parasite","floor":18,"turns":3},{"damage":0,"enemies":"Book of Stabbing","floor":23,"turns":4},{"damage":0,"enemies":"Slavers","floor":25,"turns":1}],"seed_played":"-6250120367865237309","potions_obtained":[{"floor":1,"key":"GamblersBrew"},{"floor":8,"key":"Flashbang"},{"floor":14,"key":"Milkshake"},{"floor":16,"key":"Energy Potion"}],"is_trial":true,"path_per_floor":["M","M","$","?","?","E","E","E","T","E","M","R","R","E","R","B",null,"M","$","?","T","?","E","R","E"],"character_chosen":"DEFECT","items_purchased":["MerchantsRug"],"campfire_rested":0,"item_purchase_floors":[19],"current_hp_per_floor":[75,75,75,75,75,75,75,75,75,75,75,75,75,75,75,75,75,75,75,75,75,75,75,75,75,75],"gold":446,"neow_bonus":"","is_daily":false,"chose_seed":false,"campfire_upgraded":4,"win_rate":0.0,"timestamp":1611259682,"path_taken":["M","M","$","?","?","E","E","E","T","E","?","R","R","E","R","BOSS","M","$","?","?","?","E","R","E"],"items_purchased_type":["Relic"],"build_version":"2020-12-22","purchased_purges":1,"victory":false,"max_hp_per_floor":[75,75,75,75,75,75,75,75,75,75,75,75,75,75,75,75,75,75,75,75,75,75,75,75,75,75],"card_choices":[{"not_picked":["Gash","Aggregate","Steam"],"picked":"SKIP","floor":1},{"not_picked":["Compile Driver","Panic Button"],"picked":"Barrage","floor":2},{"not_picked":["Conserve Battery","White Noise"],"picked":"Consume","floor":6},{"not_picked":["Turbo","Stack"],"picked":"BootSequence","floor":7},{"not_picked":["Coolheaded","Reboot","Rebound"],"picked":"SKIP","floor":8},{"not_picked":["Self Repair","Ball Lightning"],"picked":"Chill","floor":10},{"not_picked":["Beam Cell","All For One","Force Field"],"picked":"SKIP","floor":11},{"not_picked":["Doom and Gloom","Go for the Eyes"],"picked":"Defragment","floor":14},{"not_picked":["Core Surge","All For One"],"picked":"Echo Form","floor":16},{"not_picked":["Skim","White Noise","Lockon+1"],"picked":"SKIP","floor":18},{"not_picked":["Chaos","Rip and Tear"],"picked":"Mirror Shield","floor":23}],"player_experience":225681,"relics_obtained":[{"floor":6,"key":"Happy Flower"},{"floor":7,"key":"Pocketwatch"},{"floor":8,"key":"Bronze Scales"},{"floor":9,"key":"Mercury Hourglass"},{"floor":10,"key":"DataDisk"},{"floor":14,"key":"Cables"},{"floor":21,"key":"Tiny Chest"},{"floor":23,"key":"ReplayTheSpireMod:Lightbulb"}],"event_choices":[{"damage_healed":0,"gold_gain":0,"player_choice":"Grow","damage_taken":0,"max_hp_gain":0,"max_hp_loss":0,"event_name":"Living Wall","floor":4,"gold_loss":0,"cards_upgraded":["Doom and Gloom"]},{"damage_healed":0,"gold_gain":0,"player_choice":"Forge","damage_taken":0,"max_hp_gain":0,"max_hp_loss":0,"event_name":"Accursed Blacksmith","floor":5,"gold_loss":0,"cards_upgraded":["BasicCrystalCard"]},{"damage_healed":0,"gold_gain":0,"player_choice":"Ignored","damage_taken":0,"max_hp_gain":0,"max_hp_loss":0,"event_name":"Ghosts","floor":22,"gold_loss":0}],"is_beta":false,"boss_relics":[{"not_picked":["SacredBark","Nuclear Battery"],"picked":"Replay:Grab Bag"},{"not_picked":["Replay:Bronze Core","Cursed Key"],"picked":"Sozu"},{"not_picked":["ReplayTheSpireMod:Onyx Gauntlets","Replay:Wanted Poster"],"picked":"Abe\u0027s Treasure"},{"not_picked":["Astrolabe","Calling Bell"],"picked":"Snecko Eye"}],"items_purged_floors":[19],"is_endless":false,"potions_floor_spawned":[1,8,14,16],"killed_by":"Slavers","ascension_level":1}}