{"host":"7qqg3hyzrz6apiso","time":1611248504,"event":{"mods":["AchievementEnabler","BaseMod","Better Debug","Colored Map","Keyboard Shortcuts","Minty Spire (QoL Compilation)","Permanent Neow","Quick Restart","StSLib","SuperFastMode"],"gold_per_floor":[110,110,35,35,71,71,87,125,149,324,364,407,435,178,178,281,281,206,265,140,152,172,172,201,213,213,213,227,0,60,15,15,115,115,130,130,143,74,112,112,112,128,128,350,369,386,401,29,29,29],"floor_reached":51,"language":"KOR","playtime":3208,"items_purged":["Strike_B","Pain","Decay","Doubt","Defend_B"],"score":746,"play_id":"c689d589-9157-4009-a125-6b9fef2804b0","local_time":"20210122020144","is_ascension_mode":true,"campfire_choices":[{"data":"HandOfGreed","floor":6,"key":"SMITH"},{"floor":15,"key":"REST"},{"floor":23,"key":"REST"},{"floor":32,"key":"REST"},{"floor":40,"key":"REST"},{"data":"Buffer","floor":49,"key":"SMITH"}],"circlet_count":0,"master_deck":["Defend_B","Zap","Dualcast","HandOfGreed+1","Ball Lightning","Chill","Cold Snap","Capacitor","Coolheaded","Genetic Algorithm","Conserve Battery","Capacitor","Creative AI","Beam Cell+1","Go for the Eyes","Buffer+1","Bite","Bite","Bite","Bite","Bite","Storm","Glacier+1","Hologram+1","Fission+1","Redo+1","Storm","Double Energy+1","Mayhem"],"relics":["Cracked Core","WarpedTongs","Bronze Scales","Orichalcum","Nuclear Battery","Red Mask","Toxic Egg 2","Pear","Shuriken","Empty Cage","Dead Branch"],"acts_visited":["Exordium","TheCity","TheBeyond"],"potions_floor_usage":[13,28,30,33,33,35,39,45,46,50],"damage_taken":[{"damage":6,"enemies":"Jaw Worm","floor":1,"turns":2},{"damage":5,"enemies":"2 Louse","floor":5,"turns":2},{"damage":2,"enemies":"Cultist","floor":7,"turns":2},{"damage":17,"enemies":"2 Fungi Beasts","floor":8,"turns":3},{"damage":3,"enemies":"Large Slime","floor":11,"turns":3},{"damage":15,"enemies":"3 Louse","floor":12,"turns":3},{"damage":15,"enemies":"Lagavulin","floor":13,"turns":6},{"damage":2,"enemies":"The Guardian","floor":16,"turns":10},{"damage":15,"enemies":"2 Thieves","floor":18,"turns":5},{"damage":43,"enemies":"Masked Bandits","floor":19,"turns":6},{"damage":5,"enemies":"Shell Parasite","floor":21,"turns":6},{"damage":11,"enemies":"3 Cultists","floor":22,"turns":6},{"damage":7,"enemies":"Book of Stabbing","floor":24,"turns":5},{"damage":8,"enemies":"Sentry and Sphere","floor":25,"turns":7},{"damage":1,"enemies":"Centurion and Healer","floor":28,"turns":5},{"damage":16,"enemies":"Slavers","floor":30,"turns":7},{"damage":32,"enemies":"Collector","floor":33,"turns":12},{"damage":63,"enemies":"3 Darklings","floor":35,"turns":9},{"damage":0,"enemies":"Orb Walker","floor":37,"turns":4},{"damage":1,"enemies":"4 Shapes","floor":39,"turns":5},{"damage":41,"enemies":"Spire Growth","floor":42,"turns":7},{"damage":21,"enemies":"Jaw Worm Horde","floor":45,"turns":7},{"damage":2,"enemies":"Transient","floor":46,"turns":5},{"damage":0,"enemies":"Maw","floor":47,"turns":7},{"damage":55,"enemies":"Time Eater","floor":50,"turns":9}],"seed_played":"-1372834431192993242","potions_obtained":[{"floor":5,"key":"SkillPotion"},{"floor":24,"key":"SteroidPotion"},{"floor":25,"key":"SpeedPotion"},{"floor":28,"key":"PotionOfCapacity"},{"floor":30,"key":"DistilledChaos"},{"floor":33,"key":"SpeedPotion"},{"floor":35,"key":"EssenceOfDarkness"},{"floor":42,"key":"Regen Potion"},{"floor":45,"key":"FocusPotion"},{"floor":47,"key":"FocusPotion"}],"is_trial":false,"path_per_floor":["M","?","$","?","M","R","M","M","T","?","M","M","E","$","R","B",null,"M","?","$","M","M","R","E","M","T","?","M","$","E","$","R","B",null,"M","?","M","$","M","R","?","M","T","?","M","M","M","$","R","B",null],"character_chosen":"DEFECT","items_purchased":["Genetic Algorithm","Conserve Battery","Capacitor","Storm","Hologram+1","Storm","Mayhem"],"campfire_rested":4,"item_purchase_floors":[14,14,14,29,31,38,48],"current_hp_per_floor":[69,69,69,69,64,64,62,45,45,45,42,27,12,12,34,32,75,60,17,17,12,1,23,16,8,18,18,25,25,17,17,34,20,59,6,6,14,14,24,41,41,19,19,19,34,42,59,59,59,10],"gold":29,"neow_bonus":"RANDOM_COLORLESS_2","is_daily":false,"chose_seed":false,"campfire_upgraded":2,"win_rate":0.0,"timestamp":1611248504,"path_taken":["M","?","$","?","?","R","M","M","T","?","M","M","E","$","R","BOSS","M","?","$","M","M","R","E","M","T","?","M","$","E","$","R","BOSS","M","?","M","$","M","R","?","?","T","?","M","M","M","$","R","BOSS"],"items_purchased_type":["Card","Card","Card","Card","Card","Card","Card"],"build_version":"2020-12-22","purchased_purges":5,"victory":true,"max_hp_per_floor":[75,75,75,75,75,75,75,75,75,75,75,75,75,75,75,75,75,75,75,75,75,75,75,75,75,85,59,59,59,59,59,59,59,59,59,59,59,59,59,59,59,59,59,59,59,59,59,59,59,59],"card_choices":[{"not_picked":["Transmutation","Secret Technique"],"picked":"HandOfGreed","floor":0},{"not_picked":["Streamline","Barrage"],"picked":"Ball Lightning","floor":1},{"not_picked":["Stack","FTL"],"picked":"Chill","floor":5},{"not_picked":["Sweeping Beam","Hologram"],"picked":"Cold Snap","floor":7},{"not_picked":["Machine Learning","Sunder","Compile Driver"],"picked":"SKIP","floor":8},{"not_picked":["Lockon","Streamline"],"picked":"Capacitor","floor":11},{"not_picked":["Streamline","Steam Power"],"picked":"Coolheaded","floor":12},{"not_picked":["Tempest","Barrage","All For One"],"picked":"SKIP","floor":13},{"not_picked":["Seek","Hyperbeam"],"picked":"Creative AI","floor":16},{"not_picked":["Chill","Beam Cell+1","Cold Snap+1"],"picked":"SKIP","floor":18},{"not_picked":["Chill","Cold Snap+1"],"picked":"Beam Cell+1","floor":18},{"not_picked":["FTL","BootSequence","Streamline+1"],"picked":"SKIP","floor":21},{"not_picked":["Redo","Capacitor"],"picked":"Go for the Eyes","floor":22},{"not_picked":["Rebound","Streamline","Chill+1"],"picked":"SKIP","floor":24},{"not_picked":["FTL","Rebound"],"picked":"Buffer","floor":25},{"not_picked":["Streamline","Gash","Loop"],"picked":"SKIP","floor":28},{"not_picked":["Cold Snap","Buffer"],"picked":"Glacier+1","floor":30},{"not_picked":["Reboot+1","Amplify+1"],"picked":"Fission+1","floor":33},{"not_picked":["Streamline","Stack+1","Sweeping Beam+1"],"picked":"SKIP","floor":35},{"not_picked":["Go for the Eyes+1","Heatsinks+1"],"picked":"Redo+1","floor":37},{"not_picked":["Recycle+1","Barrage","Leap+1"],"picked":"SKIP","floor":39},{"not_picked":["Leap+1","Hologram+1"],"picked":"Double Energy+1","floor":42},{"not_picked":["Steam+1","Hologram+1","BootSequence+1"],"picked":"SKIP","floor":45},{"not_picked":["Steam+1","Compile Driver","Reboot+1"],"picked":"SKIP","floor":46},{"not_picked":["Go for the Eyes+1","Undo+1","Chaos+1"],"picked":"SKIP","floor":47}],"player_experience":148371,"relics_obtained":[{"floor":9,"key":"Bronze Scales"},{"floor":13,"key":"Orichalcum"},{"floor":19,"key":"Red Mask"},{"floor":24,"key":"Toxic Egg 2"},{"floor":26,"key":"Pear"},{"floor":30,"key":"Shuriken"},{"floor":43,"key":"Dead Branch"}],"event_choices":[{"cards_removed":["Strike_B"],"damage_healed":0,"gold_gain":0,"player_choice":"Forget","damage_taken":0,"max_hp_gain":0,"max_hp_loss":0,"event_name":"Living Wall","floor":2,"gold_loss":0},{"damage_healed":0,"gold_gain":0,"player_choice":"Rummage","damage_taken":0,"relics_obtained":["WarpedTongs"],"max_hp_gain":0,"max_hp_loss":0,"event_name":"Accursed Blacksmith","floor":4,"gold_loss":0,"cards_obtained":["Pain"]},{"damage_healed":0,"gold_gain":175,"player_choice":"AGREE","damage_taken":0,"max_hp_gain":0,"max_hp_loss":0,"event_name":"Liars Game","floor":10,"gold_loss":0,"cards_obtained":["Doubt"]},{"damage_healed":0,"gold_gain":0,"player_choice":"Fought Bandits","damage_taken":0,"max_hp_gain":0,"max_hp_loss":0,"event_name":"Masked Bandits","floor":19,"gold_loss":0},{"damage_healed":0,"gold_gain":0,"player_choice":"Became a vampire","damage_taken":0,"max_hp_gain":0,"max_hp_loss":26,"event_name":"Vampires","floor":27,"gold_loss":0,"cards_obtained":["Bite","Bite","Bite","Bite","Bite"]},{"damage_healed":0,"gold_gain":0,"player_choice":"Memory 1","damage_taken":0,"max_hp_gain":0,"max_hp_loss":0,"event_name":"SensoryStone","floor":36,"gold_loss":0},{"damage_healed":0,"gold_gain":0,"player_choice":"Ignored","damage_taken":0,"max_hp_gain":0,"max_hp_loss":0,"event_name":"Mysterious Sphere","floor":41,"gold_loss":0},{"damage_healed":0,"gold_gain":222,"player_choice":"Wore Mask","damage_taken":0,"max_hp_gain":0,"max_hp_loss":0,"event_name":"Tomb of Lord Red Mask","floor":44,"gold_loss":0}],"is_beta":false,"boss_relics":[{"not_picked":["Inserter","Black Star"],"picked":"Nuclear Battery"},{"not_picked":["Velvet Choker","Runic Pyramid"],"picked":"Empty Cage"}],"items_purged_floors":[3,14,20,29,48],"is_endless":false,"potions_floor_spawned":[5,24,25,28,30,33,35,42,45,47],"ascension_level":1}}