{"host":"yuhy0i501zzmn1iz","time":1611247600,"event":{"mods":["AchievementEnabler","AlwaysNeverKeys","BaseMod","Bestiary","Better Match","Better Third Choice","Curses Come First","Downfall","Minty Spire (QoL Compilation)","StSLib","slay the spire mod where everything is the same but ironclad has a cowboy hat"],"gold_per_floor":[117,117,129,147,147,174,174,189,261,296,296,296,296,296],"floor_reached":13,"language":"ENG","playtime":554,"items_purged":[],"score":116,"play_id":"3cb4275b-e1ff-4836-a48a-52f10ef16d17","local_time":"20210121114640","is_ascension_mode":true,"campfire_choices":[{"floor":7,"key":"REST"}],"circlet_count":0,"master_deck":["Strike_G","Strike_G","Strike_G","Defend_G","Defend_G","Defend_G","Defend_G","Defend_G","Survivor","Neutralize","Deflect","Heel Hook","Blade Dance","Bouncing Flask","Terror","Grand Finale"],"relics":["Black Star","Thread and Needle","Tiny Chest","InkBottle","Blue Candle","Darkstone Periapt","Golden Idol"],"acts_visited":["Exordium"],"potions_floor_usage":[6],"damage_taken":[{"damage":4,"enemies":"Jaw Worm","floor":1,"turns":4},{"damage":2,"enemies":"Small Slimes","floor":3,"turns":4},{"damage":2,"enemies":"2 Louse","floor":4,"turns":4},{"damage":43,"enemies":"Lagavulin","floor":6,"turns":10},{"damage":1,"enemies":"Blue Slaver","floor":8,"turns":3},{"damage":13,"enemies":"3 Sentries","floor":10,"turns":10},{"damage":24,"enemies":"Gremlin Nob","floor":13,"turns":3}],"seed_played":"-5372529658371253798","potions_obtained":[{"floor":4,"key":"Fire Potion"},{"floor":8,"key":"Regen Potion"},{"floor":10,"key":"GamblersBrew"}],"is_trial":false,"path_per_floor":["M","?","M","M","?","E","R","M","T","E","?","?","E"],"character_chosen":"THE_SILENT","items_purchased":[],"campfire_rested":1,"item_purchase_floors":[],"current_hp_per_floor":[66,66,64,62,55,12,33,32,32,19,19,19,0,0],"gold":296,"neow_bonus":"BOSS_RELIC","is_daily":false,"chose_seed":false,"campfire_upgraded":0,"win_rate":0.0,"timestamp":1611247600,"path_taken":["M","?","M","M","?","E","R","M","T","E","?","?","E"],"items_purchased_type":[],"build_version":"2020-12-22","purchased_purges":0,"victory":false,"max_hp_per_floor":[70,70,70,70,70,70,70,70,70,70,70,65,65,65],"card_choices":[{"not_picked":["Prepared","Skewer"],"picked":"Deflect","floor":1},{"not_picked":["Dodge and Roll","Outmaneuver"],"picked":"Heel Hook","floor":3},{"not_picked":["Crippling Poison","Sucker Punch"],"picked":"Blade Dance","floor":4},{"not_picked":["Tactician","Poisoned Stab"],"picked":"Bouncing Flask","floor":6},{"not_picked":["Acrobatics","Bane"],"picked":"Terror","floor":8},{"not_picked":["PiercingWail","Reflex"],"picked":"Grand Finale","floor":10}],"player_experience":323351,"relics_obtained":[{"floor":6,"key":"Thread and Needle"},{"floor":6,"key":"Tiny Chest"},{"floor":9,"key":"InkBottle"},{"floor":10,"key":"Blue Candle"},{"floor":10,"key":"Darkstone Periapt"}],"event_choices":[{"cards_removed":["Strike_G"],"damage_healed":0,"gold_gain":0,"player_choice":"Forget","damage_taken":0,"max_hp_gain":0,"max_hp_loss":0,"event_name":"Living Wall","floor":2,"gold_loss":0},{"cards_removed":["Strike_G"],"damage_healed":0,"gold_gain":0,"player_choice":"Card Removal","damage_taken":7,"max_hp_gain":0,"max_hp_loss":0,"event_name":"Golden Wing","floor":5,"gold_loss":0},{"damage_healed":0,"gold_gain":0,"player_choice":"LEAVE","damage_taken":0,"max_hp_gain":0,"max_hp_loss":0,"event_name":"betterThird:BetterScrap","floor":11,"gold_loss":0,"cards_obtained":["Offering"]},{"damage_healed":0,"gold_gain":0,"player_choice":"Lose Max HP","damage_taken":0,"relics_obtained":["Golden Idol"],"max_hp_gain":0,"max_hp_loss":5,"event_name":"Golden Idol","floor":12,"gold_loss":0}],"is_beta":false,"boss_relics":[],"items_purged_floors":[],"is_endless":false,"potions_floor_spawned":[4,8,10],"killed_by":"Gremlin Nob","ascension_level":5}}