{"host":"3a5itcmwo6ddh3id","time":1611261020,"event":{"mods":["BaseMod","Colored Map","Colored Powertips","Minty Spire (QoL Compilation)","Relic Stats"],"gold_per_floor":[99,99,99,99,24,24,24,24,24,24,24,0,0,0,0,0,0,0,0,0,0,0,0,0,0,0,0,0,0,0,0,0,0,0,0,0,0,0,0,0,0,0,0,0,0,0,0,0,0,0,0,0,0,0,0,0],"floor_reached":55,"language":"ENG","playtime":2972,"items_purged":["Strike_R"],"score":2012,"play_id":"471f3b27-a0da-48cd-ae07-8351a4e52f3f","local_time":"20210121143020","is_ascension_mode":true,"campfire_choices":[{"data":"Uppercut","floor":6.0,"key":"SMITH"},{"data":"Hemokinesis","floor":10.0,"key":"SMITH"},{"data":"Shockwave","floor":15.0,"key":"SMITH"},{"data":"Flame Barrier","floor":23.0,"key":"SMITH"},{"floor":29.0,"key":"REST"},{"floor":32.0,"key":"REST"},{"data":"Impervious","floor":41.0,"key":"SMITH"},{"data":"Uppercut","floor":44.0,"key":"SMITH"},{"floor":49.0,"key":"RECALL"},{"data":"Juggernaut","floor":53,"key":"SMITH"}],"circlet_count":0,"master_deck":["AscendersBane","Bash","Carnage","Clothesline","Uppercut+1","Hemokinesis+1","Metallicize+1","Shockwave+1","Corruption","Shockwave","Carnage","Flame Barrier+1","Dark Embrace","Shrug It Off","Ghostly Armor","Decay","Juggernaut+1","Barricade","Sword Boomerang","Shockwave","Uppercut+1","Sever Soul","Battle Trance","Juggernaut","Impervious+1","Feel No Pain+1","Reaper","Sentinel+1"],"relics":["Ectoplasm","Akabeko","HornCleat","Bottled Flame","Centennial Puzzle","Snecko Eye","Red Mask","Ornamental Fan","Turnip","Art of War","Pandora\u0027s Box","WingedGreaves","Matryoshka","CeramicFish","Boot","Happy Flower"],"acts_visited":["Exordium","TheCity","TheBeyond","TheEnding"],"potions_floor_usage":[],"damage_taken":[{"damage":7.0,"enemies":"Jaw Worm","floor":1.0,"turns":3.0},{"damage":0.0,"enemies":"Small Slimes","floor":2.0,"turns":3.0},{"damage":0.0,"enemies":"Cultist","floor":3.0,"turns":2.0},{"damage":25.0,"enemies":"3 Sentries","floor":7.0,"turns":7.0},{"damage":0.0,"enemies":"2 Fungi Beasts","floor":8.0,"turns":2.0},{"damage":3.0,"enemies":"Lagavulin","floor":11.0,"turns":4.0},{"damage":0.0,"enemies":"Red Slaver","floor":13.0,"turns":2.0},{"damage":0.0,"enemies":"Gremlin Nob","floor":14.0,"turns":3.0},{"damage":17.0,"enemies":"Hexaghost","floor":16.0,"turns":9.0},{"damage":10.0,"enemies":"3 Byrds","floor":18.0,"turns":4.0},{"damage":9.0,"enemies":"Masked Bandits","floor":19.0,"turns":4.0},{"damage":0.0,"enemies":"2 Thieves","floor":21.0,"turns":3.0},{"damage":2.0,"enemies":"Shelled Parasite and Fungi","floor":22.0,"turns":2.0},{"damage":0.0,"enemies":"Sentry and Sphere","floor":24.0,"turns":3.0},{"damage":14.0,"enemies":"Cultist and Chosen","floor":25.0,"turns":5.0},{"damage":24.0,"enemies":"Gremlin Leader","floor":27.0,"turns":6.0},{"damage":13.0,"enemies":"Chosen and Byrds","floor":30.0,"turns":6.0},{"damage":2.0,"enemies":"Book of Stabbing","floor":31.0,"turns":4.0},{"damage":12.0,"enemies":"Collector","floor":33.0,"turns":9.0},{"damage":6.0,"enemies":"3 Shapes","floor":35.0,"turns":4.0},{"damage":0.0,"enemies":"Mind Bloom Boss Battle","floor":37.0,"turns":4.0},{"damage":4.0,"enemies":"Giant Head","floor":40.0,"turns":7.0},{"damage":8.0,"enemies":"Reptomancer","floor":42.0,"turns":6.0},{"damage":0.0,"enemies":"Orb Walker","floor":45.0,"turns":3.0},{"damage":6.0,"enemies":"Time Eater","floor":50.0,"turns":13.0},{"damage":69,"enemies":"Awakened One","floor":51,"turns":11},{"damage":77,"enemies":"Shield and Spear","floor":55,"turns":5}],"seed_played":"-5128287214758434997","potions_obtained":[{"floor":2.0,"key":"Explosive Potion"},{"floor":3.0,"key":"DuplicationPotion"},{"floor":11.0,"key":"ElixirPotion"},{"floor":31.0,"key":"Swift Potion"},{"floor":33.0,"key":"LiquidBronze"},{"floor":35.0,"key":"Explosive Potion"},{"floor":40.0,"key":"Fire Potion"}],"is_trial":false,"path_per_floor":["M","M","M","?","$","R","E","M","T","R","E","?","M","E","R","B",null,"M","?","?","M","M","R","M","M","T","E","?","R","M","E","R","B",null,"M","?","?","T","?","E","R","E","T","R","M","?","$","?","R","B","B",null,"R","$","E"],"character_chosen":"IRONCLAD","items_purchased":[],"campfire_rested":2,"item_purchase_floors":[],"current_hp_per_floor":[61,61,61,66,66,66,41,41,41,41,38,38,38,38,38,21,65,55,46,46,46,44,44,44,30,30,6,6,30,17,15,39,27,67,61,61,61,61,61,57,57,61,61,61,73,73,73,73,73,72,9,59,59,59,0,0],"gold":0,"neow_bonus":"BOSS_RELIC","is_daily":false,"chose_seed":false,"campfire_upgraded":7,"win_rate":0.0,"timestamp":1611261020,"path_taken":["M","M","M","?","$","R","E","M","T","R","E","?","M","E","R","BOSS","M","?","?","M","M","R","?","M","T","E","?","R","?","E","R","BOSS","M","?","?","?","?","E","R","E","T","R","?","?","$","?","R","BOSS","BOSS","R","$","E"],"items_purchased_type":[],"build_version":"2020-12-22","purchased_purges":1,"victory":false,"max_hp_per_floor":[75,75,75,80,80,80,80,80,80,80,80,80,80,80,80,80,80,80,80,80,80,80,80,80,80,80,80,80,80,80,80,80,80,80,80,76,76,76,76,76,76,76,76,76,76,76,76,76,76,76,76,76,76,76,76,76],"relic_stats":{"Centennial Puzzle":[45],"Happy Flower":[10],"counters":[27,134],"Ornamental Fan":[96],"CeramicFish":0,"Snecko Eye":[169,204,187,203],"Pandora\u0027s Box":["Sword Boomerang","Shockwave","Uppercut","Sever Soul","Battle Trance","Juggernaut","Impervious","Corruption"],"Ectoplasm":679,"Turnip":[7],"Art of War":[6],"Boot":[14],"obtain_stats":[{"Happy Flower":43,"CeramicFish":40,"Boot":42,"Burning Blood":0,"Akabeko":7,"Bottled Flame":11,"Centennial Puzzle":14,"HornCleat":9,"Matryoshka":38,"Ornamental Fan":26,"Snecko Eye":17,"Pandora\u0027s Box":34,"Ectoplasm":0,"Turnip":27,"WingedGreaves":37,"Red Mask":19,"Art of War":31},{"Happy Flower":23,"CeramicFish":22,"Boot":23,"Burning Blood":0,"Akabeko":4,"Bottled Flame":6,"Centennial Puzzle":8,"HornCleat":5,"Matryoshka":21,"Ornamental Fan":15,"Snecko Eye":9,"Pandora\u0027s Box":19,"Ectoplasm":0,"Turnip":16,"WingedGreaves":21,"Red Mask":11,"Art of War":18},{"Happy Flower":102,"CeramicFish":96,"Boot":102,"Burning Blood":0,"Akabeko":15,"Bottled Flame":21,"Centennial Puzzle":26,"HornCleat":17,"Matryoshka":89,"Ornamental Fan":56,"Snecko Eye":35,"Pandora\u0027s Box":81,"Ectoplasm":0,"Turnip":62,"WingedGreaves":89,"Red Mask":43,"Art of War":72}]},"card_choices":[{"not_picked":["Iron Wave","True Grit"],"picked":"Carnage","floor":1.0},{"not_picked":["True Grit","Wild Strike"],"picked":"Clothesline","floor":2.0},{"not_picked":["Twin Strike","Double Tap"],"picked":"Uppercut","floor":3.0},{"not_picked":["Iron Wave","Headbutt"],"picked":"Hemokinesis","floor":7.0},{"not_picked":["Twin Strike","Sever Soul","Perfected Strike"],"picked":"SKIP","floor":8.0},{"not_picked":["Wild Strike","Ghostly Armor"],"picked":"Metallicize","floor":11.0},{"not_picked":["Perfected Strike","Clothesline","Clash"],"picked":"SKIP","floor":13.0},{"not_picked":["Havoc","Sword Boomerang"],"picked":"Shockwave","floor":14.0},{"not_picked":["Bludgeon","Juggernaut"],"picked":"Corruption","floor":16.0},{"not_picked":["Intimidate","Sword Boomerang"],"picked":"Shockwave","floor":18.0},{"not_picked":["Clothesline","Wild Strike"],"picked":"Carnage","floor":19.0},{"not_picked":["Uppercut","Fire Breathing"],"picked":"Flame Barrier","floor":21.0},{"not_picked":["Armaments","Disarm"],"picked":"Dark Embrace","floor":22.0},{"not_picked":["Anger","Thunderclap"],"picked":"Shrug It Off","floor":24.0},{"not_picked":["Seeing Red","Power Through"],"picked":"Ghostly Armor","floor":25.0},{"not_picked":["Wild Strike","Sword Boomerang","Combust+1"],"picked":"SKIP","floor":27.0},{"not_picked":["Fire Breathing","Clash"],"picked":"Juggernaut","floor":30.0},{"not_picked":["Warcry","Wild Strike","Thunderclap"],"picked":"SKIP","floor":31.0},{"not_picked":["Fiend Fire","Immolate"],"picked":"Barricade","floor":33.0},{"not_picked":["Body Slam","Sword Boomerang","Clash+1"],"picked":"SKIP","floor":35.0},{"not_picked":["Shrug It Off","Thunderclap+1"],"picked":"Feel No Pain+1","floor":37.0},{"not_picked":["Battle Trance+1","Burning Pact"],"picked":"Reaper","floor":40.0},{"not_picked":["Body Slam+1","Clothesline+1"],"picked":"Sentinel+1","floor":42.0},{"not_picked":["Twin Strike","Cleave+1","Uppercut"],"picked":"SKIP","floor":45.0}],"player_experience":1085723,"relics_obtained":[{"floor":7.0,"key":"Akabeko"},{"floor":9.0,"key":"HornCleat"},{"floor":11.0,"key":"Bottled Flame"},{"floor":14.0,"key":"Centennial Puzzle"},{"floor":19.0,"key":"Red Mask"},{"floor":26.0,"key":"Ornamental Fan"},{"floor":27.0,"key":"Turnip"},{"floor":31.0,"key":"Art of War"},{"floor":37.0,"key":"WingedGreaves"},{"floor":38.0,"key":"Matryoshka"},{"floor":40.0,"key":"CeramicFish"},{"floor":42.0,"key":"Boot"},{"floor":43.0,"key":"Happy Flower"}],"event_choices":[{"damage_healed":0.0,"max_hp_gain":5.0,"max_hp_loss":0.0,"gold_gain":0.0,"event_name":"Big Fish","player_choice":"Donut","floor":4.0,"gold_loss":0.0,"damage_taken":0.0},{"damage_healed":0.0,"max_hp_gain":0.0,"max_hp_loss":0.0,"gold_gain":0.0,"event_name":"World of Goop","player_choice":"Left Gold","floor":12.0,"gold_loss":24.0,"damage_taken":0.0},{"damage_healed":0.0,"max_hp_gain":0.0,"max_hp_loss":0.0,"gold_gain":0.0,"event_name":"Masked Bandits","player_choice":"Fought Bandits","floor":19.0,"gold_loss":0.0,"damage_taken":0.0},{"damage_healed":0.0,"max_hp_gain":0.0,"max_hp_loss":0.0,"gold_gain":0.0,"event_name":"Accursed Blacksmith","player_choice":"Forge","floor":20.0,"gold_loss":0.0,"damage_taken":0.0,"cards_upgraded":["Metallicize"]},{"damage_healed":0.0,"max_hp_gain":0.0,"max_hp_loss":0.0,"gold_gain":0.0,"event_name":"Wheel of Change","player_choice":"Cursed","floor":28.0,"gold_loss":0.0,"damage_taken":0.0,"cards_obtained":["Decay"]},{"damage_healed":0.0,"max_hp_gain":0.0,"max_hp_loss":4.0,"gold_gain":0.0,"event_name":"Winding Halls","player_choice":"Max HP","floor":36.0,"gold_loss":0.0,"damage_taken":0.0},{"damage_healed":0.0,"max_hp_gain":0.0,"max_hp_loss":0.0,"gold_gain":0.0,"event_name":"MindBloom","player_choice":"Fight","floor":37.0,"gold_loss":0.0,"damage_taken":0.0},{"cards_removed":["Corruption"],"damage_healed":0.0,"max_hp_gain":0.0,"max_hp_loss":0.0,"gold_gain":0.0,"event_name":"Falling","player_choice":"Removed Power","floor":39.0,"gold_loss":0.0,"damage_taken":0.0},{"damage_healed":0.0,"max_hp_gain":0.0,"max_hp_loss":0.0,"gold_gain":0.0,"event_name":"Tomb of Lord Red Mask","player_choice":"Ignored","floor":46.0,"gold_loss":0.0,"damage_taken":0.0},{"damage_healed":0.0,"max_hp_gain":0.0,"max_hp_loss":0.0,"gold_gain":0.0,"event_name":"SecretPortal","player_choice":"Ignored","floor":48.0,"gold_loss":0.0,"damage_taken":0.0}],"is_beta":false,"boss_relics":[{"not_picked":["Cursed Key","Coffee Dripper"],"picked":"Snecko Eye"},{"not_picked":["Velvet Choker","Philosopher\u0027s Stone"],"picked":"Pandora\u0027s Box"}],"items_purged_floors":[5],"is_endless":false,"potions_floor_spawned":[2,3,11,18,24,31,33,35,40],"killed_by":"Shield and Spear","ascension_level":20}}