{"host":"uox1h4bzknqjes88","time":1611252030,"event":{"mods":["BaseMod","Colored Powertips","Downfall","Minty Spire (QoL Compilation)","Quick Restart","StSLib"],"gold_per_floor":[99,117,133,133,133,133,185,204,217,242,256,23,81,93,106,206,206,206,206,222,233,233,48,73,58,58,68,102,117,117,129,149,251,251,251,97,97,97,111,141,141,166,180,180,180,205,5,39,59,59],"floor_reached":51,"language":"ZHS","playtime":3950,"items_purged":["Slimebound:Strike_Slimebound","Slimebound:Defend_Slimebound"],"score":901,"play_id":"de696b42-a875-4122-bfc2-0f218d36cd77","local_time":"20210122020030","is_ascension_mode":true,"campfire_choices":[{"data":"Slimebound:Split","floor":1.0,"key":"SMITH"},{"data":"Slimebound:CorrosiveSpit","floor":6.0,"key":"SMITH"},{"data":"Slimebound:MassRepurpose","floor":18.0,"key":"SMITH"},{"data":"expansioncontent:StudyTheSpire","floor":26.0,"key":"SMITH"},{"data":"Slimebound:SelfFormingGoo","floor":35.0,"key":"SMITH"},{"floor":44.0,"key":"RECALL"},{"data":"Slimebound:LeadByExample","floor":47.0,"key":"SMITH"}],"circlet_count":0,"master_deck":["Slimebound:Strike_Slimebound","Slimebound:Defend_Slimebound","Slimebound:Split+1","Slimebound:CorrosiveSpit+1","Slimebound:SelfFormingGoo+1","Slimebound:GrowthPunch","Slimebound:ComboTackle","Slimebound:SlimeTap","Slimebound:SplitMire","Slimebound:SpikyOuterGoop","Slimebound:SlimeTap","Slimebound:Repurpose","Slimebound:LeechingTouch","Slimebound:LeadByExample+1","Slimebound:MassRepurpose+1","Slimebound:Schlurp","Slimebound:MassFeed","expansioncontent:StudyTheSpire+1","Slimebound:SamplingLick+1","Slimebound:Replication+1","Slimebound:LivingWall","Slimebound:AcidTongue","Slimebound:FirmFortitude","Finesse","Slimebound:SplitLeeching","Slimebound:SamplingLick+1","Slimebound:SamplingLick+1","Slimebound:HauntingLick+1","Slimebound:SamplingLick+1"],"relics":["Slimebound:AbsorbEndCombat","Pen Nib","Mummified Hand","Bag of Preparation","Boot","bronze:MakeshiftBattery","Happy Flower","Coffee Dripper","Gambling Chip","Smiling Mask","Juzu Bracelet","Nunchaku","downfall:HeartBlessingRed","downfall:HeartBlessingGreen","Pear"],"acts_visited":["TheCity","TheBeyond"],"potions_floor_usage":[],"damage_taken":[{"damage":3.0,"enemies":"Cultist","floor":2.0,"turns":3.0},{"damage":8.0,"enemies":"2 Louse","floor":3.0,"turns":2.0},{"damage":9.0,"enemies":"Jaw Worm","floor":8.0,"turns":2.0},{"damage":3.0,"enemies":"Large Slime","floor":9.0,"turns":3.0},{"damage":3.0,"enemies":"Lagavulin","floor":10.0,"turns":5.0},{"damage":13.0,"enemies":"Blue Slaver","floor":11.0,"turns":2.0},{"damage":12.0,"enemies":"downfall:FleeingMerchant","floor":12.0,"turns":4.0},{"damage":15.0,"enemies":"3 Sentries","floor":13.0,"turns":5.0},{"damage":0.0,"enemies":"3 Louse","floor":14.0,"turns":1.0},{"damage":8.0,"enemies":"Red Slaver","floor":15.0,"turns":2.0},{"damage":26.0,"enemies":"SI_SHIV_ARCHETYPE","floor":16.0,"turns":6.0},{"damage":0.0,"enemies":"Chosen","floor":19.0,"turns":1.0},{"damage":8.0,"enemies":"3 Byrds","floor":20.0,"turns":3.0},{"damage":3.0,"enemies":"Shelled Parasite and Fungi","floor":21.0,"turns":3.0},{"damage":0.0,"enemies":"downfall:FleeingMerchant","floor":23.0,"turns":4.0},{"damage":15.0,"enemies":"downfall:FleeingMerchant","floor":25.0,"turns":4.0},{"damage":14.0,"enemies":"Snake Plant","floor":27.0,"turns":3.0},{"damage":8.0,"enemies":"Book of Stabbing","floor":28.0,"turns":3.0},{"damage":10.0,"enemies":"Cultist and Chosen","floor":29.0,"turns":4.0},{"damage":0.0,"enemies":"3 Cultists","floor":31.0,"turns":4.0},{"damage":18.0,"enemies":"Snecko","floor":32.0,"turns":4.0},{"damage":0.0,"enemies":"WA_ARCHETYPE_CALM","floor":33.0,"turns":8.0},{"damage":0.0,"enemies":"downfall:FleeingMerchant","floor":36.0,"turns":1.0},{"damage":5.0,"enemies":"Orb Walker","floor":39.0,"turns":3.0},{"damage":25.0,"enemies":"Nemesis","floor":40.0,"turns":6.0},{"damage":18.0,"enemies":"Reptomancer","floor":42.0,"turns":5.0},{"damage":0.0,"enemies":"3 Darklings","floor":43.0,"turns":4.0},{"damage":19.0,"enemies":"Giant Head","floor":46.0,"turns":7.0},{"damage":16.0,"enemies":"Reptomancer","floor":48.0,"turns":5.0},{"damage":0.0,"enemies":"Jaw Worm Horde","floor":49.0,"turns":3.0},{"damage":28,"enemies":"DF_ARCHETYPE_ORBS","floor":50,"turns":6}],"seed_played":"-5902600002470594176","potions_obtained":[{"floor":3.0,"key":"champ:CounterPotion"},{"floor":8.0,"key":"Explosive Potion"},{"floor":9.0,"key":"Fire Potion"},{"floor":13.0,"key":"Regen Potion"},{"floor":16.0,"key":"SpeedPotion"},{"floor":20.0,"key":"Fire Potion"},{"floor":32.0,"key":"Guardian:BlockOnCardUsePotion"}],"is_trial":false,"path_per_floor":["R","M","M","?","?","R","T","M","M","E","M","$","?","M","M","B",null,"R","M","M","M","?","$","T","$","R","M","E","M","?","M","M","B",null,"R","$","?","?","M","E","T","E","M","R","?","E","R","E","M","B",null],"character_chosen":"SLIMEBOUND","items_purchased":["Bag of Preparation","expansioncontent:StudyTheSpire","Finesse","Gambling Chip"],"campfire_rested":0,"item_purchase_floors":[12,23,36,36],"current_hp_per_floor":[59,59,53,53,53,53,53,46,47,52,41,33,26,30,26,23,59,59,59,56,59,59,59,59,50,50,42,40,39,39,56,46,54,71,71,74,74,74,74,55,55,45,53,53,53,45,45,47,58,41],"gold":59,"neow_bonus":"TRANSFORM_TWO_CARDS","is_daily":false,"chose_seed":false,"campfire_upgraded":6,"win_rate":0.0,"timestamp":1611252030,"path_taken":["R","M","M","?","?","R","T","M","M","E","M","$","?","?","M","BOSS","R","M","M","M","?","$","T","$","R","M","E","M","?","M","M","BOSS","R","$","?","?","M","E","T","E","M","R","?","E","R","E","M","BOSS"],"items_purchased_type":["Relic","Card","Card","Relic"],"build_version":"2020-12-22","purchased_purges":2,"victory":true,"max_hp_per_floor":[59,59,59,59,59,59,59,59,59,59,59,59,59,59,59,59,59,59,59,59,59,59,59,59,59,59,59,59,62,62,71,71,71,71,71,74,74,74,74,74,74,74,74,74,74,77,77,87,90,93],"card_choices":[{"not_picked":["Slimebound:FinishingTackle","Slimebound:LivingWall"],"picked":"Slimebound:ComboTackle","floor":2.0},{"not_picked":["Slimebound:LevelUp","Slimebound:GoopSpray"],"picked":"Slimebound:SlimeTap","floor":3.0},{"not_picked":["Slimebound:SplitBruiser","Slimebound:LeechEnergy"],"picked":"Slimebound:SplitMire","floor":8.0},{"not_picked":["Slimebound:RollThrough","Slimebound:TongueLash"],"picked":"Slimebound:SpikyOuterGoop","floor":9.0},{"not_picked":["Slimebound:DuplicatedForm","Slimebound:LeechingTouch"],"picked":"Slimebound:SlimeTap","floor":10.0},{"not_picked":["Slimebound:LeechingTouch","Slimebound:SplitBruiser"],"picked":"Slimebound:Repurpose","floor":11.0},{"not_picked":["Slimebound:RollThrough","Slimebound:Dissolve","Slimebound:Replication"],"picked":"SKIP","floor":12.0},{"not_picked":["Slimebound:ComboTackle","Slimebound:LeechEnergy"],"picked":"Slimebound:LeechingTouch","floor":13.0},{"not_picked":["Slimebound:SlimeBrawl","Slimebound:ComboTackle"],"picked":"Slimebound:LeadByExample","floor":14.0},{"not_picked":["Slimebound:Equalize","Slimebound:DivideAndConquer","Slimebound:RainOfGoop"],"picked":"SKIP","floor":15.0},{"not_picked":["Slimebound:SelfFormingGoo","Slimebound:MassFeed"],"picked":"Slimebound:MassRepurpose","floor":16.0},{"not_picked":["Slimebound:SlimeSpikes+1","Slimebound:GoopTackle+1"],"picked":"Slimebound:Schlurp","floor":19.0},{"not_picked":["Slimebound:ComboTackle","Slimebound:PressTheAttack","Slimebound:Prepare"],"picked":"SKIP","floor":20.0},{"not_picked":["Slimebound:LevelUp","Slimebound:Prepare","Slimebound:SlimeSpikes"],"picked":"SKIP","floor":21.0},{"not_picked":["Slimebound:Prepare","Slimebound:SplitBruiser+1"],"picked":"Slimebound:MassFeed","floor":23.0},{"not_picked":["Slimebound:ItLooksTasty","Slimebound:Prepare","Slimebound:GrowthPunch"],"picked":"SKIP","floor":25.0},{"not_picked":["Slimebound:SplitAcid+1","Slimebound:RainOfGoop"],"picked":"Slimebound:SamplingLick+1","floor":27.0},{"not_picked":["Slimebound:SlimeBrawl","Slimebound:Prepare+1"],"picked":"Slimebound:Replication+1","floor":28.0},{"not_picked":["Slimebound:Prepare","Slimebound:ItLooksTasty"],"picked":"Slimebound:LivingWall","floor":29.0},{"not_picked":["Slimebound:SplitAcid","Slimebound:SamplingLick"],"picked":"Slimebound:AcidTongue","floor":31.0},{"not_picked":["Slimebound:Schlurp","Slimebound:SplitMire","Slimebound:PrepareCrush"],"picked":"SKIP","floor":32.0},{"not_picked":["Slimebound:CheckThePlaybook","Slimebound:MassRepurpose"],"picked":"Slimebound:FirmFortitude","floor":33.0},{"not_picked":["Slimebound:LevelUp","Slimebound:ComboTackle+1"],"picked":"Slimebound:SplitLeeching","floor":39.0},{"not_picked":["Slimebound:MegaLick","Slimebound:Dissolve"],"picked":"Slimebound:SamplingLick+1","floor":40.0},{"not_picked":["Slimebound:GoopSpray","Slimebound:PressTheAttack+1"],"picked":"Slimebound:SamplingLick+1","floor":42.0},{"not_picked":["Slimebound:LevelUp+1","Slimebound:RollThrough"],"picked":"Slimebound:HauntingLick+1","floor":43.0},{"not_picked":["Slimebound:LeechEnergy","Slimebound:FinishingTackle+1","Slimebound:FormOfPuddle+1"],"picked":"SKIP","floor":46.0},{"not_picked":["Slimebound:ServeAndProtect","Slimebound:ForwardTackle+1"],"picked":"Slimebound:SamplingLick+1","floor":48.0},{"not_picked":["Slimebound:GrowthPunch+1","Slimebound:SpikyOuterGoop+1","Slimebound:GoopSpray"],"picked":"SKIP","floor":49.0}],"player_experience":316034,"relics_obtained":[{"floor":7.0,"key":"Pen Nib"},{"floor":10.0,"key":"Mummified Hand"},{"floor":24.0,"key":"Happy Flower"},{"floor":40.0,"key":"Smiling Mask"},{"floor":42.0,"key":"Juzu Bracelet"},{"floor":46.0,"key":"Nunchaku"},{"floor":48.0,"key":"Pear"}],"event_choices":[{"damage_healed":0.0,"max_hp_gain":0.0,"max_hp_loss":0.0,"gold_gain":0.0,"event_name":"Vampires","player_choice":"Ignored","floor":30.0,"gold_loss":0.0,"damage_taken":0.0},{"cards_removed":["Slimebound:Strike_Slimebound"],"damage_healed":0.0,"max_hp_gain":0.0,"max_hp_loss":0.0,"gold_gain":0.0,"event_name":"Falling","player_choice":"Removed Attack","floor":45.0,"gold_loss":0.0,"damage_taken":0.0}],"is_beta":false,"boss_relics":[{"not_picked":["Tiny House","Velvet Choker"],"picked":"bronze:MakeshiftBattery"},{"not_picked":["Slimebound:TarBlob","Philosopher\u0027s Stone"],"picked":"Coffee Dripper"}],"items_purged_floors":[12,36],"is_endless":false,"potions_floor_spawned":[3,8,9,13,16,20,21,31,32,39,40,43,46],"ascension_level":1}}