{"host":"3a1ypf1irl30q4k8","time":1611217020,"event":{"mods":["AchievementEnabler","BaseMod","Bestiary","Colored Map","Minty Spire (QoL Compilation)","Relic Stats"],"gold_per_floor":[114,125,125,139,157,157,157,184,210,262,276,276,293,309,309,309,309],"floor_reached":16,"language":"ENG","playtime":807,"items_purged":[],"score":125,"play_id":"5ebd6744-3074-4283-a7eb-52f9929527c7","local_time":"20210121081700","is_ascension_mode":true,"campfire_choices":[{"data":"Bash","floor":6,"key":"SMITH"},{"floor":12,"key":"REST"},{"data":"Pommel Strike","floor":15,"key":"SMITH"}],"circlet_count":0,"master_deck":["Strike_R","Strike_R","Strike_R","Strike_R","Strike_R","Defend_R","Defend_R","Defend_R","Defend_R","Bash+1","CurseOfTheBell","Intimidate","Pommel Strike+1","Warcry","Iron Wave","Uppercut","Metallicize","Twin Strike","Feel No Pain"],"relics":["Calling Bell","MealTicket","Darkstone Periapt","Pocketwatch","Centennial Puzzle","Omamori"],"acts_visited":["Exordium"],"potions_floor_usage":[8,14,14,16],"damage_taken":[{"damage":12,"enemies":"Jaw Worm","floor":1,"turns":3},{"damage":8,"enemies":"Small Slimes","floor":2,"turns":4},{"damage":0,"enemies":"Cultist","floor":4,"turns":4},{"damage":13,"enemies":"Large Slime","floor":5,"turns":5},{"damage":30,"enemies":"Lagavulin","floor":8,"turns":6},{"damage":4,"enemies":"Looter","floor":11,"turns":3},{"damage":8,"enemies":"2 Fungi Beasts","floor":13,"turns":4},{"damage":0,"enemies":"3 Louse","floor":14,"turns":2},{"damage":29,"enemies":"Hexaghost","floor":16,"turns":13}],"seed_played":"-2772551524273787204","potions_obtained":[{"floor":1,"key":"LiquidMemories"},{"floor":4,"key":"Weak Potion"},{"floor":13,"key":"EssenceOfSteel"},{"floor":14,"key":"Dexterity Potion"}],"is_trial":false,"path_per_floor":["M","M","?","M","M","R","?","E","T","?","M","R","M","M","R","B"],"character_chosen":"IRONCLAD","items_purchased":[],"campfire_rested":1,"item_purchase_floors":[],"current_hp_per_floor":[68,60,60,60,47,47,47,17,17,17,13,37,29,29,29,0,0],"gold":309,"neow_bonus":"BOSS_RELIC","is_daily":false,"chose_seed":false,"campfire_upgraded":2,"win_rate":0.0,"timestamp":1611217020,"path_taken":["M","M","?","M","M","R","?","E","T","?","?","R","M","M","R","BOSS"],"items_purchased_type":[],"build_version":"2020-12-22","purchased_purges":0,"victory":false,"max_hp_per_floor":[80,80,80,80,80,80,80,80,80,80,80,80,80,80,80,80,80],"relic_stats":{"Darkstone Periapt":0,"Centennial Puzzle":[9],"counters":[9,44],"MealTicket":0,"obtain_stats":[{"Calling Bell":0,"Darkstone Periapt":0,"Centennial Puzzle":8,"MealTicket":0,"Omamori":9,"Burning Blood":0,"Pocketwatch":0},{"Calling Bell":0,"Darkstone Periapt":0,"Centennial Puzzle":5,"MealTicket":0,"Omamori":5,"Burning Blood":0,"Pocketwatch":0},{"Calling Bell":0,"Darkstone Periapt":0,"Centennial Puzzle":22,"MealTicket":0,"Omamori":22,"Burning Blood":0,"Pocketwatch":0}],"Pocketwatch":[99]},"card_choices":[{"not_picked":["Warcry","Second Wind"],"picked":"Intimidate","floor":1},{"not_picked":["Feel No Pain","Bloodletting"],"picked":"Pommel Strike","floor":2},{"not_picked":["Intimidate","Iron Wave"],"picked":"Warcry","floor":4},{"not_picked":["Body Slam","Havoc"],"picked":"Iron Wave","floor":5},{"not_picked":["Thunderclap","Infernal Blade"],"picked":"Uppercut","floor":8},{"not_picked":["Body Slam","Berserk"],"picked":"Metallicize","floor":11},{"not_picked":["Rage","Heavy Blade"],"picked":"Twin Strike","floor":13},{"not_picked":["Heavy Blade","Warcry"],"picked":"Feel No Pain","floor":14}],"player_experience":1145216,"relics_obtained":[{"floor":0,"key":"MealTicket"},{"floor":0,"key":"Darkstone Periapt"},{"floor":0,"key":"Pocketwatch"},{"floor":8,"key":"Centennial Puzzle"},{"floor":9,"key":"Omamori"}],"event_choices":[{"damage_healed":0,"gold_gain":0,"player_choice":"Ignored","damage_taken":0,"max_hp_gain":0,"max_hp_loss":0,"event_name":"Shining Light","floor":3,"gold_loss":0},{"damage_healed":0,"gold_gain":0,"player_choice":"Ignored","damage_taken":0,"max_hp_gain":0,"max_hp_loss":0,"event_name":"Liars Game","floor":7,"gold_loss":0},{"damage_healed":0,"gold_gain":52,"player_choice":"Gained Gold","damage_taken":0,"max_hp_gain":0,"max_hp_loss":0,"event_name":"Golden Wing","floor":10,"gold_loss":0}],"is_beta":false,"boss_relics":[],"items_purged_floors":[],"is_endless":false,"potions_floor_spawned":[1,4,13,14],"killed_by":"Hexaghost","ascension_level":4}}