{"host":"bq4pt811tk9yrmjl","time":1611232591,"event":{"mods":["AchievementEnabler","BaseMod","Colored Map","Colored Powertips","Defuse TimeMaze Blight","Hermit","Minty Spire (QoL Compilation)","StSLib","SuperFastMode"],"gold_per_floor":[112,112,112,131,53,81,81,81,81,81,94,110,75,85,85,182,232,248,248,298,298,298,298,315,368,394,237,237,237,265,265,265,265,265],"floor_reached":33,"language":"ENG","playtime":435,"items_purged":[],"score":300,"play_id":"1a158e49-94fc-412c-b0dc-2719827cb7a2","local_time":"20210121103631","is_ascension_mode":true,"campfire_choices":[{"floor":7.0,"key":"REST"},{"data":"Dualcast","floor":10.0,"key":"SMITH"},{"data":"White Noise","floor":15.0,"key":"SMITH"},{"floor":23.0,"key":"RECALL"},{"floor":29.0,"key":"REST"},{"floor":32,"key":"REST"}],"circlet_count":0,"master_deck":["Strike_B+1","Strike_B","Strike_B+1","Strike_B","Defend_B+1","Defend_B","Defend_B+1","Defend_B","Zap+1","Dualcast+1","Loop+1","Barrage+1","Melter+1","Streamline+1","White Noise+1","Go for the Eyes+1","Reboot","Beam Cell+1","Gash+1","Electrodynamics"],"relics":["Cracked Core","NeowsBlessing","Molten Egg 2","Kunai","Tiny House","MutagenicStrength","PreservedInsect","Orichalcum","Whetstone","Blood Vial"],"acts_visited":["Exordium","TheCity"],"potions_floor_usage":[33],"damage_taken":[{"damage":0.0,"enemies":"2 Louse","floor":1.0,"turns":1.0},{"damage":0.0,"enemies":"Small Slimes","floor":4.0,"turns":1.0},{"damage":0.0,"enemies":"Lagavulin","floor":6.0,"turns":1.0},{"damage":0.0,"enemies":"Cultist","floor":11.0,"turns":2.0},{"damage":5.0,"enemies":"Exordium Wildlife","floor":12.0,"turns":3.0},{"damage":5.0,"enemies":"3 Louse","floor":14.0,"turns":3.0},{"damage":42.0,"enemies":"Slime Boss","floor":16.0,"turns":9.0},{"damage":5.0,"enemies":"Spheric Guardian","floor":18.0,"turns":3.0},{"damage":0.0,"enemies":"2 Thieves","floor":21.0,"turns":1.0},{"damage":25.0,"enemies":"Snecko","floor":24.0,"turns":5.0},{"damage":20.0,"enemies":"Colosseum Slavers","floor":28.0,"turns":3.0},{"damage":14.0,"enemies":"Slavers","floor":30.0,"turns":3.0},{"damage":44,"enemies":"Champ","floor":33,"turns":8}],"seed_played":"5233182720956020436","potions_obtained":[{"floor":1.0,"key":"SmokeBomb"},{"floor":11.0,"key":"Energy Potion"},{"floor":12.0,"key":"EntropicBrew"},{"floor":17.0,"key":"Explosive Potion"},{"floor":30.0,"key":"GamblersBrew"}],"is_trial":false,"path_per_floor":["M","?","?","M","$","E","R","?","T","R","M","M","?","M","R","B",null,"M","?","?","M","?","R","M","T","T","$","?","R","E","?","R","B"],"character_chosen":"DEFECT","items_purchased":["Melter+1","Whetstone"],"campfire_rested":3,"item_purchase_floors":[5,27],"current_hp_per_floor":[75,60,48,48,48,48,70,70,70,70,70,65,75,70,70,28,80,75,75,75,75,75,75,50,50,50,50,30,54,40,40,64,22,22],"gold":265,"neow_bonus":"THREE_ENEMY_KILL","is_daily":false,"chose_seed":false,"campfire_upgraded":2,"win_rate":0.0,"timestamp":1611232591,"path_taken":["M","?","?","M","$","E","R","?","T","R","M","M","?","M","R","BOSS","M","?","?","?","?","R","M","?","T","$","?","R","E","?","R","BOSS"],"items_purchased_type":["Card","Relic"],"build_version":"2020-12-22","purchased_purges":0,"victory":false,"max_hp_per_floor":[75,75,75,75,75,75,75,75,75,75,75,75,75,75,75,75,80,80,80,80,80,80,80,80,80,80,80,80,80,80,80,80,80,80],"card_choices":[{"not_picked":["Rebound","Ball Lightning"],"picked":"Loop","floor":1.0},{"not_picked":["Rebound+1","Compile Driver+1"],"picked":"Barrage+1","floor":4.0},{"not_picked":["Biased Cognition","Hologram","Rebound+1"],"picked":"SKIP","floor":6.0},{"not_picked":["Sweeping Beam+1","Beam Cell+1"],"picked":"Streamline+1","floor":11.0},{"not_picked":["Go for the Eyes+1","Melter+1"],"picked":"White Noise","floor":12.0},{"not_picked":["Streamline+1","Reboot"],"picked":"Go for the Eyes+1","floor":14.0},{"not_picked":["All For One+1","Machine Learning"],"picked":"Reboot","floor":16.0},{"not_picked":["Conserve Battery","Hologram"],"picked":"Beam Cell+1","floor":17.0},{"not_picked":["Sweeping Beam+1","Leap+1"],"picked":"Gash+1","floor":18.0},{"not_picked":["Leap+1","Auto Shields+1"],"picked":"Electrodynamics","floor":24.0},{"not_picked":["Reboot","Rebound+1","Stack"],"picked":"SKIP","floor":30.0}],"player_experience":198125,"relics_obtained":[{"floor":6.0,"key":"Kunai"},{"floor":25.0,"key":"PreservedInsect"},{"floor":26.0,"key":"Orichalcum"},{"floor":30.0,"key":"Blood Vial"}],"event_choices":[{"damage_healed":0.0,"max_hp_gain":0.0,"max_hp_loss":0.0,"gold_gain":0.0,"event_name":"Shining Light","player_choice":"Entered Light","floor":2.0,"gold_loss":0.0,"damage_taken":15.0,"cards_upgraded":["Loop","Defend_B"]},{"damage_healed":0.0,"max_hp_gain":0.0,"max_hp_loss":0.0,"gold_gain":0.0,"event_name":"Scrap Ooze","player_choice":"Success","floor":3.0,"gold_loss":0.0,"damage_taken":12.0,"relics_obtained":["Molten Egg 2"]},{"damage_healed":0.0,"max_hp_gain":0.0,"max_hp_loss":0.0,"gold_gain":0.0,"event_name":"Living Wall","player_choice":"Grow","floor":8.0,"gold_loss":0.0,"damage_taken":0.0,"cards_upgraded":["Zap"]},{"damage_healed":18.0,"max_hp_gain":0.0,"max_hp_loss":0.0,"gold_gain":0.0,"event_name":"The Cleric","player_choice":"Healed","floor":13.0,"gold_loss":35.0,"damage_taken":0.0},{"damage_healed":0.0,"max_hp_gain":0.0,"max_hp_loss":0.0,"gold_gain":0.0,"event_name":"Beggar","player_choice":"Ignored","floor":19.0,"gold_loss":0.0,"damage_taken":0.0},{"damage_healed":0.0,"max_hp_gain":0.0,"max_hp_loss":0.0,"gold_gain":100.0,"event_name":"The Joust","player_choice":"Bet on Murderer","floor":20.0,"gold_loss":50.0,"damage_taken":0.0},{"damage_healed":0.0,"max_hp_gain":0.0,"max_hp_loss":0.0,"gold_gain":0.0,"event_name":"Drug Dealer","player_choice":"Inject Mutagens","floor":22.0,"gold_loss":0.0,"damage_taken":0.0,"relics_obtained":["MutagenicStrength"]},{"damage_healed":0.0,"max_hp_gain":0.0,"max_hp_loss":0.0,"gold_gain":0.0,"event_name":"Colosseum","player_choice":"Fight","floor":28.0,"gold_loss":0.0,"damage_taken":0.0},{"damage_healed":0.0,"max_hp_gain":0.0,"max_hp_loss":0.0,"gold_gain":0.0,"event_name":"Colosseum","player_choice":"Fled From Nobs","floor":28.0,"gold_loss":0.0,"damage_taken":0.0},{"damage_healed":0,"gold_gain":0,"player_choice":"Ignored","damage_taken":0,"max_hp_gain":0,"max_hp_loss":0,"event_name":"Cursed Tome","floor":31,"gold_loss":0}],"is_beta":false,"boss_relics":[{"not_picked":["Philosopher\u0027s Stone","Runic Dome"],"picked":"Tiny House"}],"items_purged_floors":[],"is_endless":false,"potions_floor_spawned":[1,11,12,28,30],"killed_by":"Champ","ascension_level":1}}