{"host":"rolltorest","time":1611206923,"event":{"mods":["BaseMod","Minty Spire (QoL Compilation)","Relic Stats","Slay the Relics Exporter","StSLib"],"gold_per_floor":[111,32,32,32,47,47,77,87,112,147,165,165,183,51,51,122,122,134,151,151,151],"floor_reached":20,"language":"ENG","playtime":600,"items_purged":["Strike_G"],"score":518,"play_id":"7def08bb-c42c-4e5c-922f-ce4c9e929940","local_time":"20210120212843","is_ascension_mode":true,"campfire_choices":[{"data":"Skewer","floor":6,"key":"SMITH"},{"data":"Dagger Spray","floor":12,"key":"SMITH"},{"data":"Noxious Fumes","floor":15,"key":"SMITH"}],"circlet_count":0,"master_deck":["AscendersBane","Strike_G","Strike_G","Strike_G","Strike_G","Defend_G","Defend_G+1","Defend_G+1","Defend_G+1","Defend_G","Survivor+1","Neutralize","Skewer+1","Well Laid Plans+1","Noxious Fumes+1","Dagger Spray+1","Blade Dance","Masterful Stab","Adrenaline","Cloak And Dagger+1","Calculated Gamble"],"relics":["Ring of the Snake","NeowsBlessing","War Paint","Toy Ornithopter","Torii","Cursed Key"],"acts_visited":["Exordium","TheCity"],"potions_floor_usage":[10,13,16,16],"damage_taken":[{"damage":0,"enemies":"Small Slimes","floor":1,"turns":1},{"damage":0,"enemies":"2 Louse","floor":5,"turns":1},{"damage":0,"enemies":"3 Sentries","floor":7,"turns":2},{"damage":0,"enemies":"Jaw Worm","floor":8,"turns":4},{"damage":32,"enemies":"Gremlin Nob","floor":10,"turns":4},{"damage":0,"enemies":"2 Fungi Beasts","floor":11,"turns":4},{"damage":8,"enemies":"Exordium Wildlife","floor":13,"turns":2},{"damage":0,"enemies":"Slime Boss","floor":16,"turns":6},{"damage":24,"enemies":"3 Byrds","floor":18,"turns":5},{"damage":11,"enemies":"2 Thieves","floor":19,"turns":4},{"damage":14,"enemies":"Snecko","floor":20,"turns":5}],"seed_played":"8629544262426576667","potions_obtained":[{"floor":8,"key":"Poison Potion"},{"floor":11,"key":"FearPotion"},{"floor":13,"key":"Fire Potion"},{"floor":16,"key":"Energy Potion"}],"is_trial":false,"path_per_floor":["M","$","?","?","M","R","E","M","T","E","M","R","M","$","R","B",null,"M","M","M"],"character_chosen":"THE_SILENT","items_purchased":["Well Laid Plans","Fire Potion"],"campfire_rested":0,"item_purchase_floors":[2,14],"current_hp_per_floor":[59,59,59,39,39,39,39,39,39,12,12,12,9,9,9,19,54,30,19,5,5],"gold":151,"neow_bonus":"THREE_ENEMY_KILL","is_daily":false,"chose_seed":false,"campfire_upgraded":3,"win_rate":0.0,"timestamp":1611206923,"path_taken":["M","$","?","?","M","R","E","M","T","E","M","R","M","$","R","BOSS","M","M","M"],"items_purchased_type":["Card","Potion"],"build_version":"2020-12-18","purchased_purges":1,"victory":false,"max_hp_per_floor":[66,66,66,66,66,66,66,66,66,66,66,66,66,66,66,66,66,66,66,66,66],"relic_stats":{"Torii":2,"counters":[11,38],"War Paint":["Defend_G","Defend_G"],"Cursed Key":0,"obtain_stats":[{"NeowsBlessing":0,"Torii":10,"War Paint":7,"Cursed Key":17,"Toy Ornithopter":9,"Ring of the Snake":0},{"NeowsBlessing":0,"Torii":5,"War Paint":3,"Cursed Key":8,"Toy Ornithopter":4,"Ring of the Snake":0},{"NeowsBlessing":0,"Torii":12,"War Paint":4,"Cursed Key":24,"Toy Ornithopter":8,"Ring of the Snake":0}],"Toy Ornithopter":20,"Ring of the Snake":[22]},"card_choices":[{"not_picked":["Underhanded Strike","Bouncing Flask"],"picked":"Skewer","floor":1},{"not_picked":["Quick Slash","Sucker Punch","Blur"],"picked":"SKIP","floor":5},{"not_picked":["Masterful Stab","Slice"],"picked":"Noxious Fumes","floor":7},{"not_picked":["Deadly Poison","Backflip"],"picked":"Dagger Spray","floor":8},{"not_picked":["Reflex","A Thousand Cuts"],"picked":"Blade Dance","floor":10},{"not_picked":["Infinite Blades","Deadly Poison"],"picked":"Masterful Stab","floor":11},{"not_picked":["Tactician","Distraction","Acrobatics"],"picked":"SKIP","floor":13},{"not_picked":["Corpse Explosion","Burst"],"picked":"Adrenaline","floor":16},{"not_picked":["Infinite Blades","Tactician+1"],"picked":"Cloak And Dagger+1","floor":18},{"not_picked":["Poisoned Stab","Flying Knee"],"picked":"Calculated Gamble","floor":19}],"player_experience":1753709,"relics_obtained":[{"floor":7,"key":"War Paint"},{"floor":9,"key":"Toy Ornithopter"},{"floor":10,"key":"Torii"}],"event_choices":[{"damage_healed":0,"gold_gain":0,"player_choice":"Grow","damage_taken":0,"max_hp_gain":0,"max_hp_loss":0,"event_name":"Living Wall","floor":3,"gold_loss":0,"cards_upgraded":["Well Laid Plans"]},{"damage_healed":0,"gold_gain":0,"player_choice":"Entered Light","damage_taken":20,"max_hp_gain":0,"max_hp_loss":0,"event_name":"Shining Light","floor":4,"gold_loss":0,"cards_upgraded":["Defend_G","Survivor"]}],"is_beta":true,"boss_relics":[{"not_picked":["Sozu","Astrolabe"],"picked":"Cursed Key"}],"items_purged_floors":[14],"is_endless":false,"potions_floor_spawned":[8,11,13,16],"killed_by":"Snecko","ascension_level":20}}