{"host":"9c969dq3azt3tjy5","time":1611190837,"event":{"mods":["AchievementEnabler","BaseMod","Colored Powertips","Minty Spire (QoL Compilation)","Quick Restart","Rare Cards Sparkle","Waifu the Spire"],"gold_per_floor":[119,194,194,194,194,194,212,212,238,273,273,294,309,327,327,451,451,469,469,12,31,31,31,66,66,115,130,130,155,190,190,190],"floor_reached":31,"language":"RUS","playtime":1182,"items_purged":[],"score":280,"play_id":"f5b37c55-0c88-4745-a3c4-23d58434b55a","local_time":"20210121130037","is_ascension_mode":false,"campfire_choices":[{"floor":6,"key":"REST"},{"data":"Bash","floor":8,"key":"SMITH"},{"data":"Flex","floor":11,"key":"SMITH"},{"data":"Flex","floor":15,"key":"SMITH"},{"data":"Armaments","floor":23,"key":"SMITH"},{"data":"Exhume","floor":25,"key":"SMITH"},{"data":"Reaper","floor":28,"key":"SMITH"}],"circlet_count":0,"master_deck":["Strike_R","Strike_R","Strike_R","Strike_R","Defend_R","Defend_R","Defend_R","Defend_R","Bash+1","Shrug It Off","Flex+1","Armaments+1","Flex+1","Reaper+1","Inflame+1","Exhume+1","Infernal Blade","Havoc"],"relics":["Burning Blood","NeowsBlessing","Golden Idol","TungstenRod","Shuriken","Velvet Choker","Dead Branch","Boot","Oddly Smooth Stone"],"acts_visited":["Exordium","TheCity"],"potions_floor_usage":[16,24,24,30],"damage_taken":[{"damage":0,"enemies":"Jaw Worm","floor":1,"turns":1},{"damage":0,"enemies":"2 Louse","floor":7,"turns":1},{"damage":0,"enemies":"Lagavulin","floor":10,"turns":1},{"damage":0,"enemies":"Cultist","floor":12,"turns":3},{"damage":0,"enemies":"Large Slime","floor":13,"turns":6},{"damage":10,"enemies":"Lots of Slimes","floor":14,"turns":4},{"damage":52,"enemies":"Hexaghost","floor":16,"turns":10},{"damage":26,"enemies":"Spheric Guardian","floor":18,"turns":6},{"damage":1,"enemies":"Chosen","floor":21,"turns":3},{"damage":50,"enemies":"Gremlin Leader","floor":24,"turns":6},{"damage":13,"enemies":"Centurion and Healer","floor":27,"turns":6},{"damage":36,"enemies":"Snecko","floor":29,"turns":6},{"damage":42,"enemies":"3 Cultists","floor":30,"turns":5},{"damage":0,"enemies":"Centurion and Healer","floor":31,"turns":1}],"seed_played":"7655737433381583989","potions_obtained":[{"floor":7,"key":"Swift Potion"},{"floor":10,"key":"CultistPotion"},{"floor":12,"key":"Regen Potion"},{"floor":13,"key":"DuplicationPotion"},{"floor":19,"key":"Ancient Potion"},{"floor":21,"key":"DistilledChaos"},{"floor":24,"key":"Weak Potion"},{"floor":29,"key":"ColorlessPotion"}],"is_trial":false,"path_per_floor":["M","?","?","?","?","R","M","R","T","E","R","M","M","M","R","B",null,"M","?","$","M","?","R","E","R","T","M","R","M","M","M"],"character_chosen":"IRONCLAD","items_purchased":["Dead Branch","Exhume"],"campfire_rested":1,"item_purchase_floors":[20,20],"current_hp_per_floor":[80,69,49,42,35,59,65,65,65,71,71,77,80,76,76,30,80,60,60,60,80,75,75,72,72,72,80,80,63,42,42,42],"gold":190,"neow_bonus":"THREE_ENEMY_KILL","is_daily":false,"chose_seed":false,"campfire_upgraded":6,"win_rate":0.0,"timestamp":1611190837,"path_taken":["M","?","?","?","?","R","M","R","T","E","R","M","M","M","R","BOSS","M","?","$","?","?","R","E","R","T","M","R","M","M","M"],"items_purchased_type":["Relic","Card"],"build_version":"2020-12-22","purchased_purges":0,"victory":false,"max_hp_per_floor":[80,80,80,80,80,80,80,80,80,80,80,80,80,80,80,80,80,80,80,80,80,80,80,80,80,80,80,80,80,80,80,80],"card_choices":[{"not_picked":["Dark Embrace","Rupture"],"picked":"Shrug It Off","floor":1},{"not_picked":["Blood for Blood","Infernal Blade"],"picked":"Flex","floor":7},{"not_picked":["Anger","Immolate"],"picked":"Armaments","floor":10},{"not_picked":["True Grit","Body Slam","Perfected Strike"],"picked":"SKIP","floor":12},{"not_picked":["Evolve","Cleave"],"picked":"Flex","floor":13},{"not_picked":["Warcry","Headbutt","Flex"],"picked":"SKIP","floor":14},{"not_picked":["Juggernaut","Fiend Fire"],"picked":"Reaper","floor":16},{"not_picked":["Dual Wield","Perfected Strike"],"picked":"Inflame+1","floor":18},{"not_picked":["Headbutt","Spot Weakness","Carnage"],"picked":"SKIP","floor":21},{"not_picked":["Shrug It Off","Spot Weakness+1","Perfected Strike"],"picked":"SKIP","floor":24},{"not_picked":["Armaments","Headbutt","Cleave+1"],"picked":"SKIP","floor":27},{"not_picked":["Battle Trance","Blood for Blood"],"picked":"Infernal Blade","floor":29},{"not_picked":["Wild Strike+1","Sword Boomerang+1"],"picked":"Havoc","floor":30}],"player_experience":184033,"relics_obtained":[{"floor":10,"key":"Shuriken"},{"floor":24,"key":"Boot"},{"floor":26,"key":"Oddly Smooth Stone"}],"event_choices":[{"damage_healed":0,"gold_gain":75,"player_choice":"Gather Gold","damage_taken":11,"max_hp_gain":0,"max_hp_loss":0,"event_name":"World of Goop","floor":2,"gold_loss":0},{"damage_healed":0,"gold_gain":0,"player_choice":"Take Damage","damage_taken":20,"relics_obtained":["Golden Idol"],"max_hp_gain":0,"max_hp_loss":0,"event_name":"Golden Idol","floor":3,"gold_loss":0},{"cards_removed":["Strike_R"],"damage_healed":0,"gold_gain":0,"player_choice":"Card Removal","damage_taken":7,"max_hp_gain":0,"max_hp_loss":0,"event_name":"Golden Wing","floor":4,"gold_loss":0},{"damage_healed":0,"gold_gain":0,"player_choice":"Success","damage_taken":7,"relics_obtained":["TungstenRod"],"max_hp_gain":0,"max_hp_loss":0,"event_name":"Scrap Ooze","floor":5,"gold_loss":0},{"damage_healed":0,"gold_gain":0,"player_choice":"Got Potions","damage_taken":0,"max_hp_gain":0,"max_hp_loss":0,"event_name":"Lab","floor":19,"gold_loss":0},{"damage_healed":0,"gold_gain":0,"player_choice":"","damage_taken":6,"max_hp_gain":0,"max_hp_loss":0,"event_name":"Knowing Skull","floor":22,"potions_obtained":[],"gold_loss":0,"cards_obtained":[]}],"is_beta":false,"boss_relics":[{"not_picked":["Runic Dome","Ectoplasm"],"picked":"Velvet Choker"}],"items_purged_floors":[],"is_endless":false,"potions_floor_spawned":[7,10,12,13,21,24,29],"killed_by":"Centurion and Healer","ascension_level":0}}