{"host":"hfbeeaxchx6djfso","time":1611264711,"event":{"mods":["AchievementEnabler","Aspiration","BaseMod","Better Third Choice","Colored Map","Downfall","GungeonMod","Hermit","HololiveMod","Infinite Spire","Marisa????????","Minty Spire (QoL Compilation)","Rare Cards Sparkle","StSLib","The Cursed","The Servant 0.9.4","The Wild Card"],"gold_per_floor":[78,97,97,117,117,160,45,85,85,118,118,132,132,155,155,275,275,299,299,317,317,317,317,355,380,380,400,425,112,148,166,166,285,285,301,301,261,275,289,324,324,365,388,415,449,481,509,521,533,551,563,575,98,138,140],"floor_reached":56,"language":"ENG","playtime":6474,"items_purged":[],"score":2056,"play_id":"e6bfd36d-c439-4d3d-a983-276b0a8c3c4f","local_time":"20210121183151","is_ascension_mode":true,"campfire_choices":[{"floor":11,"key":"RECALL"},{"data":"Hololive_CallHoshimachiSuisei","floor":15,"key":"SMITH"},{"data":"Hololive_Rebirth","floor":23,"key":"SMITH"},{"data":"Hololive_CallAkiRosenthal","floor":32,"key":"SMITH"},{"data":"Hololive_DDD","floor":41,"key":"SMITH"},{"data":"Hololive_CallUsadaPekora","floor":49,"key":"SMITH"},{"data":"Hololive_CallMinatoAqua","floor":52,"key":"SMITH"}],"circlet_count":0,"master_deck":["Hololive_Strike","Hololive_Defend+1","Hololive_Defend","Hololive_OvertimeWork","Hololive_CallInugamiKorone","Hololive_CallMinatoAqua+1","Hololive_CallAkiRosenthal+1","Hololive_CallTokinoSora","Hololive_CallShiroganeNoel","Hololive_CallShirakamiFubuki","Hololive_CallHoshimachiSuisei+1","Hololive_Rebound","Hololive_CallYogiri+1","Hololive_OvertimeWork","Hololive_DevilCharm","Hololive_Breathe+1","Hololive_Rebirth+1","Hololive_SoulCatcher+1","Hololive_CandyCastle+1","Hololive_CallNakiriAyame+1","Hololive_FlyingPonyTail+1","Hololive_CallOkamiMio+1","Hololive_Nanodesu","Hololive_CallMoonaHoshinova+1","Hololive_CallYozoraMel","Hololive_DDD+1","Hololive_CocoNews+1","Hololive_CallYuzukiChoco+1","Hololive_CallAkaiHaato","Hololive_CallSpadeEcho","Hololive_CallShishiroBotan+1","Hololive_CallKiryuuCoco","Hololive_CallUsadaPekora+1","Hololive_HuntDinosaur","Hololive_Yoholoon"],"relics":["Hololive_TheStar","aspiration:Nostalgia","PureWater","Golden Idol","DemoMod:GlassGuonStoneRelic","Hololive_FriedShrimpLion","DemoMod:GnawedKey","DemoMod:VorpalBullet","infinitespire:Magic Flask","Regal Pillow","aspiration:SecretTechniqueScroll","DemoMod:DecoyRelic","Happy Flower","infinitespire:Golems Mask","DemoMod:NanoMachines","DemoMod:Armor","aspiration:Stabinomicon","bronze:MakeshiftBattery","aspiration:TomeofQuesting","PreservedInsect","DemoMod:PoisonVial","MawBank","aspiration:FetidBarrel","War Paint","aspiration:HatOfInfinitePower"],"acts_visited":["Exordium","TheCity","TheBeyond","TheEnding"],"potions_floor_usage":[16,16,16],"damage_taken":[{"damage":0,"enemies":"Cultist","floor":1,"turns":4},{"damage":0,"enemies":"Jaw Worm","floor":2,"turns":3},{"damage":0,"enemies":"2 Louse","floor":4,"turns":1},{"damage":0,"enemies":"Gremlin Nob","floor":6,"turns":3},{"damage":0,"enemies":"3 Sentries","floor":8,"turns":5},{"damage":0,"enemies":"Gremlin Nob","floor":10,"turns":4},{"damage":0,"enemies":"Blue Slaver","floor":12,"turns":1},{"damage":0,"enemies":"The Guardian","floor":16,"turns":5},{"damage":0,"enemies":"Spheric Guardian","floor":18,"turns":4},{"damage":0,"enemies":"2 Thieves","floor":20,"turns":3},{"damage":0,"enemies":"Gremlin Leader","floor":24,"turns":3},{"damage":0,"enemies":"Centurion and Healer","floor":25,"turns":5},{"damage":0,"enemies":"Snake Plant","floor":27,"turns":3},{"damage":0,"enemies":"Shelled Parasite and Fungi","floor":28,"turns":4},{"damage":0,"enemies":"Book of Stabbing","floor":30,"turns":3},{"damage":0,"enemies":"Centurion and Healer","floor":31,"turns":3},{"damage":0,"enemies":"Automaton","floor":33,"turns":4},{"damage":0,"enemies":"Orb Walker","floor":35,"turns":2},{"damage":0,"enemies":"3 Shapes","floor":38,"turns":3},{"damage":0,"enemies":"Spire Growth","floor":39,"turns":3},{"damage":0,"enemies":"Reptomancer","floor":40,"turns":2},{"damage":0,"enemies":"Giant Head","floor":42,"turns":4},{"damage":0,"enemies":"3 Darklings","floor":44,"turns":3},{"damage":0,"enemies":"Nemesis","floor":45,"turns":3},{"damage":0,"enemies":"Maw","floor":46,"turns":3},{"damage":0,"enemies":"Writhing Mass","floor":47,"turns":3},{"damage":0,"enemies":"Awakened One","floor":50,"turns":6},{"damage":0,"enemies":"Shield and Spear","floor":54,"turns":4},{"damage":0,"enemies":"The Heart","floor":55,"turns":5}],"seed_played":"7396177331317764198","potions_obtained":[{"floor":6,"key":"DuplicationPotion"},{"floor":8,"key":"SkillPotion"},{"floor":12,"key":"BlessingOfTheForge"},{"floor":18,"key":"Block Potion"},{"floor":30,"key":"Strength Potion"},{"floor":31,"key":"Weak Potion"}],"is_trial":false,"path_per_floor":["M","M","?","M","?","E","$","E","T","E","R","M","?","T","R","B",null,"M","T","M","?","?","R","E","M","T","M","M","$","E","M","R","B",null,"M","?","?","M","M","E","R","E","T","M","E","M","M","?","R","B",null,"R","$","E","B",null],"character_chosen":"Hololive_HololiveCharacter","items_purchased":["DemoMod:GnawedKey","DemoMod:NanoMachines","aspiration:FetidBarrel","War Paint","Hololive_Yoholoon"],"campfire_rested":0,"item_purchase_floors":[7,29,53,53,53],"current_hp_per_floor":[35,35,27,27,27,27,27,27,27,27,27,27,27,27,27,27,35,35,35,35,35,35,35,35,35,35,35,35,35,35,35,35,35,35,35,35,35,35,35,35,35,35,35,35,35,35,35,35,35,35,35,35,35,35,35],"gold":140,"neow_bonus":"NOSTALGIA","is_daily":false,"chose_seed":false,"campfire_upgraded":6,"win_rate":0.0,"timestamp":1611264711,"path_taken":["M","M","?","M","?","E","$","E","T","E","R","?","?","?","R","BOSS","M","?","M","?","?","R","E","M","T","M","M","?","E","M","R","BOSS","M","?","?","M","?","E","R","E","T","M","E","M","M","?","R","BOSS","R","$","E","BOSS"],"items_purchased_type":["Relic","Relic","Relic","Relic","Card"],"build_version":"2020-12-22","purchased_purges":0,"victory":true,"max_hp_per_floor":[35,35,35,35,35,35,35,35,35,35,35,35,35,35,35,35,35,35,35,35,35,35,35,35,35,35,35,35,35,35,35,35,35,35,35,35,35,35,35,35,35,35,35,35,35,35,35,35,35,35,35,35,35,35,35],"card_choices":[{"not_picked":["Hololive_HuntDinosaur","Hololive_Psychosis","Hololive_OvertimeWork"],"picked":"Hololive_CallShirakamiFubuki","floor":1},{"not_picked":["Hololive_Rebound","Hololive_CallUruhaRushia","Hololive_CallInugamiKorone"],"picked":"Hololive_CallHoshimachiSuisei","floor":2},{"not_picked":["Hololive_Sequa","Hololive_RevenueBasedLive","Hololive_AWSL"],"picked":"Hololive_Rebound","floor":4},{"not_picked":["Hololive_Trident","Hololive_Sequa","Hololive_FlyingPonyTail"],"picked":"Hololive_OvertimeWork","floor":6},{"not_picked":["Hololive_Drill","Hololive_FlyingPonyTail","Hololive_RevenueBasedLive","Hololive_Psychosis"],"picked":"SKIP","floor":8},{"not_picked":["Hololive_Thief","Hololive_OvertimeWork","Hololive_LuckPotion"],"picked":"Hololive_DevilCharm","floor":10},{"not_picked":["Hololive_LuckPotion","Hololive_RevenueBasedLive","Hololive_Trident"],"picked":"Hololive_Breathe","floor":12},{"not_picked":["Hololive_HighAtkLowDef","Hololive_Nanodesu","Hololive_OpenUp"],"picked":"Hololive_Rebirth","floor":16},{"not_picked":["Hololive_HuntDinosaur","Hololive_CallShirakamiFubuki","Hololive_Teleport"],"picked":"Hololive_SoulCatcher+1","floor":18},{"not_picked":["Hololive_Sequa+1","Hololive_Psychosis","Hololive_RevenueBasedLive"],"picked":"Hololive_CandyCastle+1","floor":20},{"not_picked":["Hololive_Trident+1","Hololive_AWSL","Hololive_CallOkamiMio+1"],"picked":"Hololive_CallNakiriAyame+1","floor":24},{"not_picked":["Hololive_LuckPotion+1","Hololive_Breathe","Hololive_CallSakuraMiko+1"],"picked":"Hololive_FlyingPonyTail+1","floor":25},{"not_picked":["Hololive_CallAkiRosenthal","Hololive_Sequa","Hololive_HuntDinosaur"],"picked":"Hololive_CallOkamiMio+1","floor":27},{"not_picked":["Hololive_Yoholoon","Hololive_LuckPotion","Hololive_CallInugamiKorone"],"picked":"Hololive_Nanodesu","floor":28},{"not_picked":["Hololive_Breathe","Hololive_CallCivia","Hololive_LuckPotion"],"picked":"Hololive_CallMoonaHoshinova+1","floor":30},{"not_picked":["Hololive_Drill+1","Hololive_OvertimeWork","Hololive_CallHoushouMarine"],"picked":"Hololive_CallYozoraMel","floor":31},{"not_picked":["Hololive_FlareMind","Hololive_HighAtkLowDef","Hololive_StarCraft"],"picked":"Hololive_DDD","floor":33},{"not_picked":["Hololive_Breathe+1","Hololive_Rebound+1","Hololive_Psychosis+1"],"picked":"Hololive_CocoNews+1","floor":35},{"not_picked":["Hololive_FlyingPonyTail","Hololive_Breathe+1","Hololive_HuntDinosaur+1"],"picked":"Hololive_CallYuzukiChoco+1","floor":38},{"not_picked":["Hololive_CallHoshimachiSuisei","Hololive_FlyingPonyTail","Hololive_DevilCharm","Hololive_Sequa+1"],"picked":"SKIP","floor":39},{"not_picked":["Hololive_CocoNews+1","Hololive_AWSL","Hololive_LuckPotion"],"picked":"Hololive_CallAkaiHaato","floor":40},{"not_picked":["Hololive_DiamondStrike","Hololive_CallFriendA","Hololive_Breathe"],"picked":"Hololive_CallSpadeEcho","floor":42},{"not_picked":["Hololive_Trident","Hololive_Drill+1","Hololive_OvertimeWork"],"picked":"Hololive_CallShishiroBotan+1","floor":44},{"not_picked":["Hololive_LuckPotion+1","Hololive_CallShirakamiFubuki+1","Hololive_SoulCatcher"],"picked":"Hololive_CallKiryuuCoco","floor":45},{"not_picked":["Hololive_CallYukihanaLamy+1","Hololive_Breathe+1","Hololive_FlyingPonyTail"],"picked":"Hololive_CallUsadaPekora","floor":46},{"not_picked":["Hololive_CallYozoraMel+1","Hololive_CallMinatoAqua","Hololive_LuckPotion"],"picked":"Hololive_HuntDinosaur","floor":47},{"not_picked":["Hololive_Breathe","Hololive_DurableLive","Hololive_Drill","Hololive_CallShishiroBotan"],"picked":"SKIP","floor":54}],"player_experience":138396,"relics_obtained":[{"floor":6,"key":"Hololive_FriedShrimpLion"},{"floor":8,"key":"DemoMod:VorpalBullet"},{"floor":10,"key":"infinitespire:Magic Flask"},{"floor":14,"key":"Regal Pillow"},{"floor":19,"key":"DemoMod:DecoyRelic"},{"floor":24,"key":"Happy Flower"},{"floor":26,"key":"infinitespire:Golems Mask"},{"floor":30,"key":"aspiration:Stabinomicon"},{"floor":40,"key":"aspiration:TomeofQuesting"},{"floor":42,"key":"PreservedInsect"},{"floor":43,"key":"DemoMod:PoisonVial"},{"floor":45,"key":"MawBank"},{"floor":54,"key":"aspiration:HatOfInfinitePower"}],"event_choices":[{"damage_healed":0,"gold_gain":0,"player_choice":"Take Damage","damage_taken":8,"relics_obtained":["Golden Idol"],"max_hp_gain":0,"max_hp_loss":0,"event_name":"Golden Idol","floor":3,"gold_loss":0},{"damage_healed":0,"gold_gain":0,"cards_transformed":["Hololive_Strike"],"player_choice":"Transformed","damage_taken":0,"max_hp_gain":0,"max_hp_loss":0,"event_name":"Transmorgrifier","floor":5,"gold_loss":0,"cards_obtained":["Hololive_CallYogiri"]},{"damage_healed":0,"gold_gain":0,"player_choice":"Ignored","damage_taken":0,"max_hp_gain":0,"max_hp_loss":0,"event_name":"The Mausoleum","floor":21,"gold_loss":0},{"damage_healed":0,"gold_gain":0,"player_choice":"Upgrade","damage_taken":0,"max_hp_gain":0,"max_hp_loss":0,"event_name":"Designer","floor":37,"gold_loss":40,"cards_upgraded":["Hololive_CallYogiri"]},{"damage_healed":0,"gold_gain":0,"player_choice":"Memory 1","damage_taken":0,"max_hp_gain":0,"max_hp_loss":0,"event_name":"SensoryStone","floor":48,"gold_loss":0}],"is_beta":false,"boss_relics":[{"not_picked":["Sozu","Cursed Key"],"picked":"aspiration:SecretTechniqueScroll"},{"not_picked":["aspiration:FutureDiary","aspiration:DefectSkillbook"],"picked":"bronze:MakeshiftBattery"}],"items_purged_floors":[],"is_endless":false,"potions_floor_spawned":[6,8,12,18,30,31,33,35,45,46,47],"ascension_level":4}}