{"host":"vhvubw4jk4f204qs","time":1611250155,"event":{"mods":["AchievementEnabler","BaseMod","DeckTracker","GifTheSpireLib","Minty Spire (QoL Compilation)","Permanent Neow","Quick Restart","StSLib","SuperFastMode","The IronCluck","slay the spire mod where everything is the same but ironclad has a cowboy hat"],"gold_per_floor":[117,131,146,58,78,78,110,128,128,158,2,17,46,46,46,118,118,135,151,169,184,202,232,232,260,260,275,304,324,324,3,3,80,80,96,29,54,69,85,117,133,148,148,177,177,209,209,27,27,27],"floor_reached":51,"language":"ENG","playtime":3582,"items_purged":["Strike_P","Strike_P","BattleHymn+1"],"score":1775,"play_id":"837c1607-031e-4a1c-8c39-e4af309bd1c4","local_time":"20210121122915","is_ascension_mode":true,"campfire_choices":[{"floor":6.0,"key":"REST"},{"floor":15.0,"key":"REST"},{"data":"WheelKick","floor":24,"key":"SMITH"},{"data":"BattleHymn","floor":30,"key":"SMITH"},{"data":"EmptyBody","floor":32,"key":"SMITH"},{"floor":45,"key":"RECALL"},{"data":"Ragnarok","floor":49,"key":"SMITH"}],"circlet_count":0,"master_deck":["AscendersBane","Defend_P+1","Defend_P+1","Defend_P+1","Eruption+1","Vigilance+1","EmptyBody+1","Wallop+1","CutThroughFate+1","WheelKick+1","Evaluate+1","Swivel+1","Tantrum+1","Sanctity+1","LessonLearned+1","Perseverance+1","Vault+1","Evaluate+1","Perseverance+1","Protect+1","Omniscience+1","EmptyBody+1","Swivel+1","Protect+1","DeusExMachina+1","SpiritShield+1","DevaForm+1","EmptyFist+1","WheelKick+1","Tantrum+1","Collect+1","Omniscience+1","Perseverance+1","Ragnarok+1"],"relics":["PureWater","Bird Faced Urn","Mummified Hand","Vajra","Ancient Tea Set","Toxic Egg 2","Snecko Eye","PreservedInsect","Blood Vial","The Courier","Singing Bowl","Astrolabe","FossilizedHelix","Nunchaku","Bronze Scales","Bag of Marbles","Smiling Mask"],"acts_visited":["Exordium","TheCity","TheBeyond"],"potions_floor_usage":[20,21,23,28,33,33,38,39,41,50,50],"damage_taken":[{"damage":1.0,"enemies":"Cultist","floor":1.0,"turns":3.0},{"damage":1.0,"enemies":"2 Louse","floor":2.0,"turns":3.0},{"damage":4.0,"enemies":"Small Slimes","floor":3.0,"turns":3.0},{"damage":17.0,"enemies":"Exordium Thugs","floor":5.0,"turns":7.0},{"damage":9.0,"enemies":"Lagavulin","floor":7.0,"turns":6.0},{"damage":8.0,"enemies":"Exordium Wildlife","floor":8.0,"turns":5.0},{"damage":4.0,"enemies":"3 Sentries","floor":10.0,"turns":7.0},{"damage":0.0,"enemies":"Looter","floor":12.0,"turns":3.0},{"damage":0.0,"enemies":"Lagavulin","floor":13.0,"turns":3.0},{"damage":22,"enemies":"The Guardian","floor":16,"turns":17},{"damage":0,"enemies":"3 Byrds","floor":18,"turns":4},{"damage":2,"enemies":"Shell Parasite","floor":19,"turns":4},{"damage":0,"enemies":"Centurion and Healer","floor":20,"turns":6},{"damage":0,"enemies":"Chosen and Byrds","floor":21,"turns":3},{"damage":0,"enemies":"3 Cultists","floor":22,"turns":5},{"damage":11,"enemies":"Slavers","floor":23,"turns":6},{"damage":0,"enemies":"Book of Stabbing","floor":25,"turns":4},{"damage":0,"enemies":"Shelled Parasite and Fungi","floor":27,"turns":7},{"damage":5,"enemies":"Slavers","floor":28,"turns":7},{"damage":0,"enemies":"Centurion and Healer","floor":29,"turns":5},{"damage":6,"enemies":"Automaton","floor":33,"turns":11},{"damage":15,"enemies":"Orb Walker","floor":35,"turns":6},{"damage":0,"enemies":"Mind Bloom Boss Battle","floor":37,"turns":5},{"damage":0,"enemies":"3 Darklings","floor":38,"turns":5},{"damage":12,"enemies":"Spire Growth","floor":39,"turns":7},{"damage":0,"enemies":"Nemesis","floor":40,"turns":8},{"damage":0,"enemies":"Jaw Worm Horde","floor":41,"turns":5},{"damage":0,"enemies":"4 Shapes","floor":42,"turns":5},{"damage":0,"enemies":"Giant Head","floor":44,"turns":4},{"damage":0,"enemies":"Reptomancer","floor":46,"turns":4},{"damage":0,"enemies":"Donu and Deca","floor":50,"turns":6}],"seed_played":"-3189281914203110519","potions_obtained":[{"floor":1.0,"key":"CultistPotion"},{"floor":5.0,"key":"CultistPotion"},{"floor":7.0,"key":"FearPotion"},{"floor":8.0,"key":"Explosive Potion"},{"floor":10.0,"key":"SneckoOil"},{"floor":16,"key":"FairyPotion"},{"floor":20,"key":"Fire Potion"},{"floor":21,"key":"FairyPotion"},{"floor":22,"key":"Strength Potion"},{"floor":25,"key":"CultistPotion"},{"floor":27,"key":"ColorlessPotion"},{"floor":28,"key":"PowerPotion"},{"floor":33,"key":"PowerPotion"},{"floor":38,"key":"Swift Potion"},{"floor":41,"key":"Strength Potion"},{"floor":46,"key":"Strength Potion"}],"is_trial":false,"path_per_floor":["M","M","M","$","M","R","E","M","T","E","$","M","E","$","R","B",null,"M","M","M","M","M","E","R","E","T","M","E","M","R","$","R","B",null,"M","$","?","M","M","E","M","M","T","E","R","E","?","$","R","B",null],"character_chosen":"WATCHER","items_purchased":["WheelKick","Evaluate","DistilledChaos","DeusExMachina+1","SpiritShield+1","DistilledChaos","Ragnarok"],"campfire_rested":2,"item_purchase_floors":[4,4,11,31,31,36,48],"current_hp_per_floor":[42,41,37,37,20,40,31,23,23,19,19,19,21,21,41,21,56,58,56,58,58,60,51,51,51,51,55,56,62,62,62,62,62,70,57,57,67,76,68,78,78,80,80,82,82,84,84,84,84,84],"gold":27,"neow_bonus":"ONE_RARE_RELIC","is_daily":false,"chose_seed":false,"campfire_upgraded":4,"win_rate":0.0,"timestamp":1611250155,"path_taken":["M","?","M","?","M","R","E","M","T","E","$","?","E","?","R","BOSS","M","M","M","?","M","E","R","E","T","M","E","M","R","$","R","BOSS","M","?","?","M","M","E","M","M","T","E","R","E","?","$","R","BOSS"],"items_purchased_type":["Card","Card","Potion","Card","Card","Potion","Card"],"build_version":"2020-12-22","purchased_purges":3,"victory":true,"max_hp_per_floor":[68,68,68,68,68,68,68,68,68,68,68,68,68,68,68,68,68,68,68,68,68,68,68,68,68,68,68,70,72,72,72,72,72,72,72,72,74,76,76,78,78,80,80,82,82,84,84,84,84,84],"card_choices":[{"not_picked":["Collect","JustLucky"],"picked":"EmptyBody","floor":1.0},{"not_picked":["Wireheading","CrushJoints"],"picked":"Wallop","floor":2.0},{"not_picked":["WheelKick","Collect"],"picked":"CutThroughFate","floor":3.0},{"not_picked":["ForeignInfluence","JustLucky"],"picked":"Swivel","floor":5.0},{"not_picked":["SashWhip","Protect"],"picked":"Tantrum","floor":7.0},{"not_picked":["Crescendo","CarveReality"],"picked":"Sanctity","floor":8.0},{"not_picked":["ClearTheMind","PathToVictory"],"picked":"BattleHymn","floor":10.0},{"not_picked":["SashWhip","Consecrate"],"picked":"LessonLearned","floor":12.0},{"not_picked":["CrushJoints","Nirvana"],"picked":"Perseverance+1","floor":13.0},{"not_picked":["Omniscience+1","ConjureBlade+1"],"picked":"Vault+1","floor":16},{"not_picked":["JustLucky","Tantrum"],"picked":"Evaluate+1","floor":18},{"not_picked":["FlyingSleeves","Halt+1","Tantrum"],"picked":"SKIP","floor":19},{"not_picked":["DeceiveReality+1","ThirdEye+1"],"picked":"Perseverance+1","floor":20},{"not_picked":["Conclude","Crescendo+1"],"picked":"Protect+1","floor":21},{"not_picked":["PathToVictory+1","DeceiveReality+1"],"picked":"Omniscience+1","floor":22},{"not_picked":["CrushJoints","Fasting2+1"],"picked":"EmptyBody+1","floor":23},{"not_picked":["SashWhip","Protect+1"],"picked":"Swivel+1","floor":25},{"not_picked":["PathToVictory+1","EmptyFist"],"picked":"Protect+1","floor":27},{"not_picked":["Conclude+1","BowlingBash","Pray+1"],"picked":"Singing Bowl","floor":28},{"not_picked":["Evaluate+1","ForeignInfluence+1","Wallop"],"picked":"Singing Bowl","floor":29},{"not_picked":["SpiritShield+1","DeusExMachina+1"],"picked":"DevaForm","floor":33},{"not_picked":["WreathOfFlame+1","SashWhip"],"picked":"BattleHymn+1","floor":35},{"not_picked":["ClearTheMind+1","ThirdEye+1","Protect+1"],"picked":"Singing Bowl","floor":37},{"not_picked":["Consecrate","FlyingSleeves","CutThroughFate"],"picked":"Singing Bowl","floor":38},{"not_picked":["EmptyBody+1","FlyingSleeves+1"],"picked":"Collect+1","floor":39},{"not_picked":["Evaluate+1","FollowUp","Halt+1"],"picked":"Singing Bowl","floor":40},{"not_picked":["Adaptation","FlurryOfBlows"],"picked":"Omniscience+1","floor":41},{"not_picked":["InnerPeace+1","BowlingBash","Protect+1"],"picked":"Singing Bowl","floor":42},{"not_picked":["Weave","FlyingSleeves","CrushJoints+1"],"picked":"Singing Bowl","floor":44},{"not_picked":["ReachHeaven","Adaptation","Consecrate"],"picked":"Singing Bowl","floor":46}],"player_experience":963223,"relics_obtained":[{"floor":7.0,"key":"Mummified Hand"},{"floor":9.0,"key":"Vajra"},{"floor":10.0,"key":"Ancient Tea Set"},{"floor":13.0,"key":"Toxic Egg 2"},{"floor":23,"key":"PreservedInsect"},{"floor":25,"key":"Blood Vial"},{"floor":26,"key":"The Courier"},{"floor":28,"key":"Singing Bowl"},{"floor":37,"key":"FossilizedHelix"},{"floor":40,"key":"Nunchaku"},{"floor":43,"key":"Bronze Scales"},{"floor":44,"key":"Bag of Marbles"},{"floor":46,"key":"Smiling Mask"}],"event_choices":[{"damage_healed":0,"gold_gain":0,"player_choice":"Fight","damage_taken":0,"max_hp_gain":0,"max_hp_loss":0,"event_name":"MindBloom","floor":37,"gold_loss":0},{"damage_healed":0,"gold_gain":0,"cards_transformed":["BattleHymn"],"player_choice":"Transformed","damage_taken":0,"max_hp_gain":0,"max_hp_loss":0,"event_name":"Transmorgrifier","floor":47,"gold_loss":0,"cards_obtained":["Perseverance"]}],"is_beta":false,"boss_relics":[{"not_picked":["Coffee Dripper","Sozu"],"picked":"Snecko Eye"},{"not_picked":["Runic Dome","VioletLotus"],"picked":"Astrolabe"}],"items_purged_floors":[11,31,48],"is_endless":false,"potions_floor_spawned":[1,5,7,8,10,16,20,21,22,25,27,28,33,37,38,41,46],"ascension_level":17}}