{"host":"qekv59dthhdg54sz","time":1611215688,"event":{"mods":["AchievementEnabler","BaseMod","Colored Map","DeckTracker","KOR Keyword Fix","Minty Spire (QoL Compilation)","Rare Cards Sparkle","StSLib","SuperFastMode"],"gold_per_floor":[114,129,140,140,150,150,162,5,5,5,21,21,21,33,33,33,33],"floor_reached":16,"language":"KOR","playtime":289,"items_purged":[],"score":188,"play_id":"b54777ee-f21d-41e3-9157-81c3cedb9529","local_time":"20210121165448","is_ascension_mode":true,"campfire_choices":[{"data":"Eruption","floor":6,"key":"SMITH"},{"data":"MentalFortress","floor":10,"key":"SMITH"},{"data":"ClearTheMind","floor":13,"key":"SMITH"},{"floor":15,"key":"REST"}],"circlet_count":0,"master_deck":["AscendersBane","Strike_P","Strike_P","Strike_P","Strike_P","Defend_P","Defend_P","Defend_P","Defend_P","Eruption+1","Vigilance","MentalFortress+1","ReachHeaven","ClearTheMind+1","Wallop","FollowUp"],"relics":["Philosopher\u0027s Stone","Membership Card","HornCleat"],"acts_visited":["Exordium"],"potions_floor_usage":[14,16],"damage_taken":[{"damage":1.0,"enemies":"2 Louse","floor":1.0,"turns":4.0},{"damage":0.0,"enemies":"Cultist","floor":2.0,"turns":4.0},{"damage":1.0,"enemies":"Small Slimes","floor":3.0,"turns":3.0},{"damage":32,"enemies":"Exordium Thugs","floor":5,"turns":5},{"damage":12,"enemies":"Looter","floor":7,"turns":3},{"damage":10,"enemies":"Exordium Wildlife","floor":11,"turns":4},{"damage":0,"enemies":"Gremlin Gang","floor":14,"turns":3},{"damage":18,"enemies":"The Guardian","floor":16,"turns":9}],"seed_played":"-5318079037115730508","potions_obtained":[{"floor":3.0,"key":"Ambrosia"},{"floor":7,"key":"Weak Potion"}],"is_trial":false,"path_per_floor":["M","M","M","?","M","R","M","$","T","R","M","?","R","M","R","B"],"character_chosen":"WATCHER","items_purchased":["Membership Card"],"campfire_rested":1,"item_purchase_floors":[8],"current_hp_per_floor":[60,60,59,64,32,32,20,20,20,20,10,10,10,10,31,13,13],"gold":33,"neow_bonus":"BOSS_RELIC","is_daily":false,"chose_seed":false,"campfire_upgraded":3,"win_rate":0.0,"timestamp":1611215688,"path_taken":["M","M","M","?","M","R","M","$","T","R","M","?","R","?","R","BOSS"],"items_purchased_type":["Relic"],"build_version":"2020-12-22","purchased_purges":0,"victory":false,"max_hp_per_floor":[68,68,68,73,73,73,73,73,73,73,73,73,73,73,73,73,73],"card_choices":[{"not_picked":["Evaluate","CutThroughFate"],"picked":"MentalFortress","floor":1.0},{"not_picked":["FollowUp","FlyingSleeves"],"picked":"ReachHeaven","floor":2.0},{"not_picked":["ClearTheMind","Nirvana","Weave"],"picked":"SKIP","floor":3.0},{"not_picked":["FlyingSleeves","ThirdEye"],"picked":"ClearTheMind","floor":5},{"not_picked":["CutThroughFate","ThirdEye","Protect"],"picked":"SKIP","floor":7},{"not_picked":["FollowUp","Conclude"],"picked":"Wallop","floor":11},{"not_picked":["Conclude","Weave"],"picked":"FollowUp","floor":14}],"player_experience":793298,"relics_obtained":[{"floor":9,"key":"HornCleat"}],"event_choices":[{"damage_healed":0.0,"max_hp_gain":5.0,"max_hp_loss":0.0,"gold_gain":0.0,"event_name":"Big Fish","player_choice":"Donut","floor":4.0,"gold_loss":0.0,"damage_taken":0.0},{"damage_healed":0,"gold_gain":0,"player_choice":"0 cards matched","damage_taken":0,"max_hp_gain":0,"max_hp_loss":0,"event_name":"Match and Keep!","floor":12,"gold_loss":0,"cards_obtained":[]}],"is_beta":false,"boss_relics":[],"items_purged_floors":[],"is_endless":false,"potions_floor_spawned":[3,7],"killed_by":"The Guardian","ascension_level":20}}