{"host":"TheShotgunBoss","time":1611189075,"event":{"mods":["AchievementEnabler","Always Whale","Aspiration","BaseMod","Beaked The Cultist","Colored Map","Colored Powertips","Colorless Booster Pack","Conspire","Downfall","Energized Spire","FetchMod","GifTheSpireLib","Halation","Hubris","Infinite Spire","Jedi Mod","Minty Spire (QoL Compilation)","Quick Restart","RNG!","Relic Sorter","SacredBarkPlus","Shop Mod","Spikes Relics","StSLib","Stuff the Spire","The Blue Laboratory","The Construct","Uncapped","Unceasing Turn Reminder","everything is the same but u backflip on backflip","vexMod","??????REMEMod"],"gold_per_floor":[199,216,232,232,243,243,243,153,153,253,271,68,99,117,129,229,229,229,246,131,150,160,194,194,208,219,239,239,239,239,339,350,350,350,350],"floor_reached":33,"language":"ENG","playtime":2455,"items_purged":["Slimebound:Strike_Slimebound","Slimebound:Strike_Slimebound"],"score":285,"play_id":"f3860ddf-7c10-4782-9cfd-59a28b5c6fd5","local_time":"20210120193115","is_ascension_mode":true,"campfire_choices":[{"data":"Slimebound:Split","floor":1,"key":"SMITH"},{"data":"Slimebound:Grow","floor":6,"key":"SMITH"},{"data":"Alpha","floor":9,"key":"SMITH"},{"data":"Slimebound:FormOfPuddle","floor":18,"key":"SMITH"},{"data":"Entrench","floor":30,"key":"SMITH"}],"circlet_count":0,"master_deck":["Slimebound:Tackle","Slimebound:Defend_Slimebound","Slimebound:Defend_Slimebound","Slimebound:Defend_Slimebound","Slimebound:Split+1","Slimebound:CorrosiveSpit","Alpha+1","Slimebound:Grow+1","Slimebound:LivingWall+1","Slimebound:FlameTackle","Slimebound:Prepare","expansioncontent:DashGenerateEvil","Slimebound:SlimeSpikes","Slimebound:FormOfPuddle+1","Entrench+1","Slimebound:SlimeSpikes","Battle Trance","Entrench"],"relics":["Slimebound:AbsorbEndCombat","REME_ComplimentaryCards","StuffTheSpire:EmeraldSignet","aspiration:SeaSaltIceCream","aspiration:Nostalgia","sneckomod:SneckoSoul","aspiration:IroncladSkillbook","Juzu Bracelet","REME_HourglassOfDeath","hubris:Towel"],"acts_visited":["Exordium","TheCity"],"potions_floor_usage":[16,33,33],"damage_taken":[{"damage":12,"enemies":"Jaw Worm","floor":2,"turns":4},{"damage":0,"enemies":"2 Louse","floor":3,"turns":3},{"damage":5,"enemies":"Small Slimes","floor":5,"turns":4},{"damage":6,"enemies":"downfall:FleeingMerchant","floor":8,"turns":4},{"damage":12,"enemies":"downfall:Heads","floor":10,"turns":4},{"damage":6,"enemies":"3 Louse","floor":11,"turns":5},{"damage":11,"enemies":"downfall:FleeingMerchant","floor":12,"turns":4},{"damage":5,"enemies":"Gremlin Nob","floor":13,"turns":5},{"damage":0,"enemies":"Blue Slaver","floor":14,"turns":4},{"damage":6,"enemies":"Red Slaver","floor":15,"turns":4},{"damage":49,"enemies":"DF_ARCHETYPE_STREAMLINE","floor":16,"turns":11},{"damage":11,"enemies":"Spheric Guardian","floor":19,"turns":6},{"damage":8,"enemies":"downfall:FleeingMerchant","floor":20,"turns":4},{"damage":4,"enemies":"Shell Parasite","floor":21,"turns":9},{"damage":13,"enemies":"Snecko","floor":22,"turns":7},{"damage":45,"enemies":"Gremlin Leader","floor":23,"turns":9},{"damage":16,"enemies":"Shelled Parasite and Fungi","floor":25,"turns":10},{"damage":6,"enemies":"Snake Plant","floor":26,"turns":6},{"damage":0,"enemies":"Chosen and Byrds","floor":27,"turns":5},{"damage":1,"enemies":"Centurion and Healer","floor":32,"turns":7},{"damage":53,"enemies":"SI_MIRROR_ARCHETYPE","floor":33,"turns":12}],"seed_played":"-4716791862604502237","potions_obtained":[{"floor":5,"key":"Dexterity Potion"},{"floor":10,"key":"blueLaboratory:BubblePotion"},{"floor":11,"key":"blueLaboratory:SavagePotion"},{"floor":19,"key":"blueLaboratory:BottleOfVodka"},{"floor":22,"key":"blueLaboratory:ArtificerPotion"},{"floor":23,"key":"Weak Potion"},{"floor":26,"key":"sneckomod:MuddlingPotion"}],"is_trial":false,"path_per_floor":["R","M","M","?","M","R","T","$","R","?","M","$","E","M","M","B",null,"R","M","$","M","M","E","T","M","M","M","?","?","R","?","M","B"],"character_chosen":"SLIMEBOUND","items_purchased":["expansioncontent:DashGenerateEvil"],"campfire_rested":0,"item_purchase_floors":[12],"current_hp_per_floor":[65,59,61,61,60,60,60,56,56,48,50,41,42,46,46,5,65,65,62,60,62,57,30,30,22,26,32,32,32,32,32,39,0,0,0],"gold":350,"neow_bonus":"HUNDRED_GOLD","is_daily":false,"chose_seed":false,"campfire_upgraded":5,"win_rate":0.0,"timestamp":1611189075,"path_taken":["R","M","M","?","M","R","T","$","R","?","M","?","E","M","M","BOSS","R","M","$","M","M","E","T","M","M","M","?","?","R","?","M","BOSS"],"items_purchased_type":["Card"],"build_version":"2020-12-18","purchased_purges":2,"victory":false,"max_hp_per_floor":[65,65,65,65,65,65,65,65,65,65,65,65,65,65,65,65,65,65,65,65,65,65,65,65,65,65,65,65,65,65,65,65,65,65,65],"card_choices":[{"not_picked":["Slimebound:SplitAcid","Slimebound:GrowthPunch","Slimebound:LeadByExample"],"picked":"SKIP","floor":2},{"not_picked":["Slimebound:SplitLeeching","Slimebound:HungryTackle","Slimebound:HauntingLick"],"picked":"SKIP","floor":3},{"not_picked":["Slimebound:BestDefense","Slimebound:LeechEnergy"],"picked":"Slimebound:Grow","floor":5},{"not_picked":["Slimebound:BestDefense","Slimebound:Replication"],"picked":"Slimebound:LivingWall","floor":8},{"not_picked":["Slimebound:SplitSpecialist","Slimebound:SpikyOuterGoop"],"picked":"Slimebound:Prepare","floor":10},{"not_picked":["Slimebound:SamplingLick","Slimebound:GrowthPunch","Slimebound:LeechEnergy"],"picked":"SKIP","floor":11},{"not_picked":["Slimebound:SamplingLick","Slimebound:ProtectTheBoss","Slimebound:Prepare"],"picked":"SKIP","floor":12},{"not_picked":["Slimebound:SplitAcid","Slimebound:Dissolve","Slimebound:Recycling"],"picked":"SKIP","floor":13},{"not_picked":["Slimebound:HauntingLick","Slimebound:LeechingTouch"],"picked":"Slimebound:SlimeSpikes","floor":14},{"not_picked":["Slimebound:GoopTackle","Slimebound:Dissolve"],"picked":"Slimebound:FormOfPuddle","floor":15},{"not_picked":["Power Through+1","Slimebound:Grow+1","Slimebound:SplitSpecialist+1","Slimebound:Recollect"],"picked":"SKIP","floor":19},{"not_picked":["Slimebound:LivingWall","Slimebound:SplitBruiser+1","hubris:ReadiedAction"],"picked":"Entrench","floor":20},{"not_picked":["Sentinel","Slimebound:GoopTackle","Slimebound:SplitMire"],"picked":"Slimebound:SlimeSpikes","floor":21},{"not_picked":["Pommel Strike","Dropkick","Wild Strike","Flex"],"picked":"SKIP","floor":22},{"not_picked":["Slimebound:Dissolve","StuffTheSpire:Resist+1","Slimebound:MegaLick","Thunderclap"],"picked":"SKIP","floor":23},{"not_picked":["Slimebound:LeechEnergy+1","jedi:fear","Slimebound:SplitAcid","Slimebound:SlimeSlap"],"picked":"SKIP","floor":25},{"not_picked":["Twin Strike","Slimebound:DivideAndConquer","Slimebound:SlimeBarrage+1"],"picked":"Battle Trance","floor":26},{"not_picked":["Slimebound:GoopTackle","Slimebound:RejuvenatingLick","Slimebound:RainOfGoop+1","Second Wind"],"picked":"SKIP","floor":27},{"not_picked":["Slimebound:SpikyOuterGoop","infinitespire:OneForAll","Clash"],"picked":"Entrench","floor":32}],"player_experience":263878,"relics_obtained":[{"floor":7,"key":"StuffTheSpire:EmeraldSignet"},{"floor":13,"key":"aspiration:SeaSaltIceCream"},{"floor":23,"key":"Juzu Bracelet"},{"floor":24,"key":"REME_HourglassOfDeath"}],"event_choices":[],"is_beta":true,"boss_relics":[{"not_picked":["halation:ForbiddenBikini","StuffTheSpire:Kangaroo"],"picked":"aspiration:IroncladSkillbook"}],"items_purged_floors":[8,20],"is_endless":false,"potions_floor_spawned":[5,10,11,14,19,22,23,26],"killed_by":"SI_MIRROR_ARCHETYPE","ascension_level":1}}