{"host":"0wzx847a4uibrodg","time":1611259342,"event":{"mods":["ATMod(∞¢Ë™Mod)","Act Like it!","Aspiration","BaseMod","Gensokyo","KomeijiMod","Minty Spire (QoL Compilation)","Reimu£®≤©¿ˆ¡È√Œ£©","Replay The Spire","Spicy Shops","StSLib","The Cursed","UnlockEverythingMod","vexMod","°æ“≈ŒÔø®≈∆°øREMEMod"],"gold_per_floor":[118,18,18,34,34,66,66,114,162,6,36,36,36,36],"floor_reached":13,"language":"ZHS","playtime":322,"items_purged":[],"score":123,"play_id":"248f7aa3-8396-4226-8009-5009f62f94b0","local_time":"20210122040222","is_ascension_mode":true,"campfire_choices":[{"data":"HisouNoKen","floor":7,"key":"SMITH"}],"circlet_count":0,"master_deck":["Strike_Komeiji","Strike_Komeiji","Strike_Komeiji","Strike_Komeiji","Defend_Komeiji","Defend_Komeiji","Defend_Komeiji","Defend_Komeiji","Dash_Komeiji","AT_LightSaberMaster","Gensokyo:MorningStar","VampireKiss","Injury","HisouNoKen+1","DemonLordCradle","GasuOrimono","DochyakuKami+1"],"relics":["KomeijisEye","SpellCardsRule","MusicBox","AT_ATBox","REME_ComplimentaryCards","NeowsBlessing","White Beast Statue","Blue Candle","Blood Vial","REME_HandOfSuture","vexMod:TimeEaterHat","CrystalOfMemory"],"acts_visited":["Gensokyo:Gensokyo"],"potions_floor_usage":[],"damage_taken":[{"damage":0,"enemies":"Gensokyo:Gryphon","floor":1,"turns":2},{"damage":0,"enemies":"Gensokyo:3_Fairies","floor":4,"turns":2},{"damage":0,"enemies":"Gensokyo:Aya","floor":6,"turns":1},{"damage":3,"enemies":"Gensokyo:Cirno","floor":11,"turns":4},{"damage":15,"enemies":"Gensokyo:Aya","floor":13,"turns":5}],"seed_played":"-5358816099904776050","potions_obtained":[{"floor":1,"key":"Venom Potion"},{"floor":4,"key":"REME_GoldPotion"},{"floor":6,"key":"Adrenaline Potion"}],"is_trial":false,"path_per_floor":["M","?","?","M","COS","E","R","T","T","$","E","$","E"],"character_chosen":"KomeijiSatori","items_purchased":["vexMod:TimeEaterHat","GasuOrimono"],"campfire_rested":0,"item_purchase_floors":[10,10],"current_hp_per_floor":[50,50,50,50,50,50,50,50,50,50,47,47,34,34],"gold":36,"neow_bonus":"THREE_ENEMY_KILL","is_daily":false,"chose_seed":false,"campfire_upgraded":1,"win_rate":0.0,"timestamp":1611259342,"path_taken":["M","?","?","M","COS","E","R","?","T","$","E","?","E"],"items_purchased_type":["Relic","Card"],"build_version":"2020-12-22","purchased_purges":0,"victory":false,"max_hp_per_floor":[50,50,50,50,50,50,50,50,50,50,50,50,50,50],"card_choices":[{"not_picked":["ShyakuBuku","SatsujinDooru"],"picked":"VampireKiss","floor":1},{"not_picked":["GasuOrimono","SatsujinDooru"],"picked":"HisouNoKen","floor":4},{"not_picked":["DochyakuKami+1","MissingPower"],"picked":"DemonLordCradle","floor":6},{"not_picked":["TenguNoTaiko","KinbakuJin+1"],"picked":"DochyakuKami+1","floor":11}],"player_experience":74952,"relics_obtained":[{"floor":6,"key":"Blood Vial"},{"floor":8,"key":"REME_HandOfSuture"},{"floor":11,"key":"CrystalOfMemory"}],"event_choices":[],"is_beta":false,"boss_relics":[],"items_purged_floors":[],"is_endless":false,"potions_floor_spawned":[1,4,6,11],"killed_by":"Gensokyo:Aya","ascension_level":2}}