{"host":"sav7uxregyirlf69","time":1611210714,"event":{"mods":["AchievementEnabler","BaseMod","Colored Map","DeckTracker","Keyboard Shortcuts","Minty Spire (QoL Compilation)","READ ME - Guardian Mod","StSLib","SuperFastMode"],"gold_per_floor":[119,119,119,119,138,153,184,184,184,208,208,232,246,270,270,366,366,382,382,395,395,320,343,343,343,343],"floor_reached":25,"language":"KOR","playtime":523,"items_purged":["Twin Strike+1"],"score":406,"play_id":"6bd2575b-27c0-45c9-bec9-f9a10120c9e5","local_time":"20210121153154","is_ascension_mode":true,"campfire_choices":[{"floor":8.0,"key":"REST"},{"data":"Burning Pact","floor":11.0,"key":"SMITH"},{"data":"Fire Breathing","floor":15.0,"key":"SMITH"},{"data":"Barricade","floor":24,"key":"SMITH"}],"circlet_count":0,"master_deck":["AscendersBane","Defend_R","Defend_R","Defend_R","Bash","Burning Pact+1","Bloodletting","Power Through","Body Slam","Carnage","Shrug It Off","Fire Breathing+1","Barricade+1","Demon Form+1","Havoc+1","Sentinel","Second Wind","Pommel Strike+1"],"relics":["Burning Blood","Question Card","Golden Idol","Dream Catcher","Sundial","Vajra","Astrolabe"],"acts_visited":["Exordium","TheCity"],"potions_floor_usage":[23,25],"damage_taken":[{"damage":17.0,"enemies":"Small Slimes","floor":1.0,"turns":5.0},{"damage":0.0,"enemies":"2 Louse","floor":5.0,"turns":6.0},{"damage":4.0,"enemies":"Cultist","floor":6.0,"turns":3.0},{"damage":25.0,"enemies":"Gremlin Nob","floor":7.0,"turns":4.0},{"damage":6.0,"enemies":"Blue Slaver","floor":12.0,"turns":3.0},{"damage":11.0,"enemies":"Gremlin Gang","floor":13.0,"turns":6.0},{"damage":9.0,"enemies":"3 Louse","floor":14.0,"turns":5.0},{"damage":20.0,"enemies":"Hexaghost","floor":16.0,"turns":9.0},{"damage":3.0,"enemies":"Spheric Guardian","floor":18.0,"turns":4.0},{"damage":28,"enemies":"Shell Parasite","floor":20,"turns":6},{"damage":19,"enemies":"Shelled Parasite and Fungi","floor":23,"turns":7},{"damage":28,"enemies":"Book of Stabbing","floor":25,"turns":3}],"seed_played":"-3229958279756798710","potions_obtained":[{"floor":1.0,"key":"BloodPotion"},{"floor":7.0,"key":"Swift Potion"},{"floor":16.0,"key":"LiquidMemories"},{"floor":18.0,"key":"LiquidBronze"}],"is_trial":false,"path_per_floor":["M","?","?","?","M","M","E","R","T","T","R","M","M","M","R","B",null,"M","?","M","M","$","M","R","E"],"character_chosen":"IRONCLAD","items_purchased":[],"campfire_rested":1,"item_purchase_floors":[],"current_hp_per_floor":[39,39,21,21,27,29,23,43,43,43,43,43,38,35,35,21,56,59,59,37,37,37,24,24,0,0],"gold":343,"neow_bonus":"TRANSFORM_TWO_CARDS","is_daily":false,"chose_seed":false,"campfire_upgraded":3,"win_rate":0.0,"timestamp":1611210714,"path_taken":["M","?","?","?","M","M","E","R","T","?","R","?","M","M","R","BOSS","M","?","M","M","$","?","R","E"],"items_purchased_type":[],"build_version":"2020-12-22","purchased_purges":1,"victory":false,"max_hp_per_floor":[75,75,75,68,68,68,68,68,68,68,68,68,68,68,68,68,68,68,68,68,68,68,68,68,68,68],"card_choices":[{"not_picked":["Headbutt","True Grit","Iron Wave"],"picked":"SKIP","floor":1.0},{"not_picked":["Bloodletting","Hemokinesis","Sword Boomerang"],"picked":"Body Slam","floor":5.0},{"not_picked":["Warcry","Rage","Dual Wield"],"picked":"Carnage","floor":6.0},{"not_picked":["Anger","Perfected Strike","Body Slam","Havoc"],"picked":"SKIP","floor":7.0},{"not_picked":["Ghostly Armor","Sword Boomerang","True Grit"],"picked":"Shrug It Off","floor":12.0},{"not_picked":["Twin Strike","Pummel","Searing Blow","Wild Strike"],"picked":"SKIP","floor":13.0},{"not_picked":["Flex","Uppercut","Burning Pact"],"picked":"Fire Breathing","floor":14.0},{"not_picked":["Bludgeon","Corruption","Limit Break"],"picked":"Barricade","floor":16.0},{"not_picked":["Clash","Warcry+1","Spot Weakness+1"],"picked":"Sentinel","floor":18.0},{"not_picked":["Iron Wave","Clothesline","Cleave"],"picked":"Pommel Strike+1","floor":20},{"not_picked":["Headbutt","Iron Wave","Flex","Bludgeon"],"picked":"SKIP","floor":23}],"player_experience":1341438,"relics_obtained":[{"floor":7.0,"key":"Dream Catcher"},{"floor":9.0,"key":"Sundial"},{"floor":10.0,"key":"Vajra"}],"event_choices":[{"damage_healed":0.0,"max_hp_gain":0.0,"max_hp_loss":0.0,"gold_gain":0.0,"cards_transformed":["Strike_R"],"event_name":"Living Wall","player_choice":"Change","floor":2.0,"gold_loss":0.0,"damage_taken":0.0,"cards_obtained":["Power Through"]},{"damage_healed":0.0,"max_hp_gain":0.0,"max_hp_loss":0.0,"gold_gain":0.0,"event_name":"Scrap Ooze","player_choice":"Success","floor":3.0,"gold_loss":0.0,"damage_taken":18.0,"relics_obtained":["Question Card"]},{"damage_healed":0.0,"max_hp_gain":0.0,"max_hp_loss":7.0,"gold_gain":0.0,"event_name":"Golden Idol","player_choice":"Lose Max HP","floor":4.0,"gold_loss":0.0,"damage_taken":0.0,"relics_obtained":["Golden Idol"]},{"damage_healed":0,"gold_gain":0,"player_choice":"1 cards matched","damage_taken":0,"max_hp_gain":0,"max_hp_loss":0,"event_name":"Match and Keep!","floor":19,"gold_loss":0,"cards_obtained":["Second Wind"]}],"is_beta":false,"boss_relics":[{"not_picked":["Pandora\u0027s Box","Velvet Choker"],"picked":"Astrolabe"}],"items_purged_floors":[22],"is_endless":false,"potions_floor_spawned":[1,7,16,18],"killed_by":"Book of Stabbing","ascension_level":20}}