{"host":"vzkpoqyw8ea6g4k2","time":1611232116,"event":{"mods":["2.2 Compatiblity","AchievementEnabler","BaseMod","Colored Map","Colored Powertips","Dark Map","Koishi","Minty Spire (QoL Compilation)","Permanent Neow","Quick Restart","StSLib","SuperFastMode"],"gold_per_floor":[109,125,136,150,150,150,178,178,227,238,255,283,283,301,301,301,301],"floor_reached":16,"language":"KOR","playtime":562,"items_purged":[],"score":114,"play_id":"47031760-f6ab-408a-a375-8c58cbfe10ab","local_time":"20210121212836","is_ascension_mode":false,"campfire_choices":[{"data":"Koishi:SubterraneanRose","floor":6,"key":"SMITH"},{"data":"Koishi:PhantomBarrier","floor":15,"key":"SMITH"}],"circlet_count":0,"master_deck":["Koishi:BasicStrike","Koishi:BasicStrike","Koishi:BasicStrike","Koishi:BasicStrike","Koishi:BasicDefend","Koishi:BasicDefend","Koishi:BasicDefend","Koishi:BasicDefend","Koishi:Provoke","Koishi:HauntingSlash","Koishi:LastRemote","Koishi:MassHysteria+1","Koishi:SubterraneanRose+1","Koishi:UnconsciousUprising","Koishi:FleetingPhantom","Koishi:UnansweredLove","Koishi:PhantomBarrier+1","Koishi:Prune","Koishi:Vanish"],"relics":["Koishi:ImaginaryFriend","The Courier","Blood Vial","Akabeko","Golden Idol"],"acts_visited":["Exordium"],"potions_floor_usage":[12,12,16],"damage_taken":[{"damage":2,"enemies":"Cultist","floor":1,"turns":5},{"damage":0,"enemies":"2 Louse","floor":2,"turns":2},{"damage":9,"enemies":"Small Slimes","floor":3,"turns":5},{"damage":5,"enemies":"Blue Slaver","floor":4,"turns":4},{"damage":14,"enemies":"3 Sentries","floor":7,"turns":8},{"damage":0,"enemies":"3 Louse","floor":10,"turns":2},{"damage":0,"enemies":"2 Fungi Beasts","floor":11,"turns":4},{"damage":7,"enemies":"Gremlin Nob","floor":12,"turns":4},{"damage":0,"enemies":"Lots of Slimes","floor":14,"turns":1},{"damage":28,"enemies":"Hexaghost","floor":16,"turns":11}],"seed_played":"-3549721234663115033","potions_obtained":[{"floor":1,"key":"FearPotion"},{"floor":7,"key":"Strength Potion"},{"floor":8,"key":"ColorlessPotion"},{"floor":12,"key":"Explosive Potion"}],"is_trial":false,"path_per_floor":["M","M","M","M","?","R","E","?","T","M","M","E","?","M","R","B"],"character_chosen":"KOISHI","items_purchased":[],"campfire_rested":0,"item_purchase_floors":[],"current_hp_per_floor":[66,66,58,54,54,54,40,40,40,42,45,41,25,27,27,1,1],"gold":301,"neow_bonus":"TEN_PERCENT_HP_BONUS","is_daily":false,"chose_seed":false,"campfire_upgraded":2,"win_rate":0.0,"timestamp":1611232116,"path_taken":["M","?","M","M","?","R","E","?","T","M","?","E","?","M","R","BOSS"],"items_purchased_type":[],"build_version":"2020-12-22","purchased_purges":0,"victory":false,"max_hp_per_floor":[66,66,66,66,66,66,66,66,66,66,66,66,66,66,66,66,66],"card_choices":[{"not_picked":["Koishi:JumpScare","Koishi:BloodcurdlingScream"],"picked":"Koishi:LastRemote","floor":1},{"not_picked":["Koishi:EmbryosDream","Koishi:BloodcurdlingScream"],"picked":"Koishi:MassHysteria","floor":2},{"not_picked":["Koishi:ReleaseOfTheId","Koishi:ImGoingToCallYouNow"],"picked":"Koishi:SubterraneanRose","floor":3},{"not_picked":["Koishi:SubterraneanRose","Koishi:Catatonia"],"picked":"Koishi:UnconsciousUprising","floor":4},{"not_picked":["Koishi:CatchAndRose","Koishi:StingingMind"],"picked":"Koishi:FleetingPhantom","floor":7},{"not_picked":["Koishi:JumpScare","Koishi:EmbryosDream"],"picked":"Koishi:UnansweredLove","floor":10},{"not_picked":["Koishi:RollingInRichesHeart","Koishi:HeartAttack"],"picked":"Koishi:PhantomBarrier","floor":11},{"not_picked":["Koishi:IdleWhim","Koishi:Jaunt"],"picked":"Koishi:Prune","floor":12},{"not_picked":["Koishi:EmbryosDream","Koishi:JumpScare"],"picked":"Koishi:Vanish","floor":14}],"player_experience":22349,"relics_obtained":[{"floor":7,"key":"The Courier"},{"floor":9,"key":"Blood Vial"},{"floor":12,"key":"Akabeko"}],"event_choices":[{"damage_healed":0,"gold_gain":0,"player_choice":"Grow","damage_taken":0,"max_hp_gain":0,"max_hp_loss":0,"event_name":"Living Wall","floor":5,"gold_loss":0,"cards_upgraded":["Koishi:MassHysteria"]},{"damage_healed":0,"gold_gain":0,"player_choice":"Got Potions","damage_taken":0,"max_hp_gain":0,"max_hp_loss":0,"event_name":"Lab","floor":8,"gold_loss":0},{"damage_healed":0,"gold_gain":0,"player_choice":"Take Damage","damage_taken":16,"relics_obtained":["Golden Idol"],"max_hp_gain":0,"max_hp_loss":0,"event_name":"Golden Idol","floor":13,"gold_loss":0}],"is_beta":false,"boss_relics":[],"items_purged_floors":[],"is_endless":false,"potions_floor_spawned":[1,7,10,11,12],"killed_by":"Hexaghost","ascension_level":0}}