{"host":"rwzz6mk6bpmb57ql","time":1611269254,"event":{"mods":["AchievementEnabler","BaseMod","Better Third Choice","BetterRewards","Colored Map","Highlight Path","Hubris","Infinite Spire","Minty Spire (QoL Compilation)","Replay The Spire","StSLib","Wandering Minibosses"],"gold_per_floor":[5612,5612,4893,4908,4908,4908,4933,4933,5007,5018,5046,5046,5058,5075,5075,5148,5148,5166,5166,5179,4361,3311,3311,3327,3327,3327,3360,3360,3371,3406,3406,3406,3484,3484,3494,3494,3494,2563,2583,2583,2596,2596,2596,2596,2621,2236,2255,2255,1763,1713,1713,1713,1437,1470,1470],"floor_reached":56,"language":"ENG","playtime":2975,"items_purged":["Strike_G","Defend_G","Defend_G","Defend_G","Defend_G"],"score":2288,"play_id":"53587499-0162-4b6f-9556-762ce06542ff","local_time":"20210121164734","is_ascension_mode":true,"campfire_choices":[{"floor":6,"key":"RECALL"},{"data":"ReplayTheSpireMod:Tripwire","floor":8,"key":"SMITH"},{"data":"Adrenaline","floor":12,"key":"SMITH"},{"data":"Dagger Spray","floor":15,"key":"SMITH"},{"data":"Expertise","floor":23,"key":"SMITH"},{"data":"Riddle With Holes","floor":25,"key":"SMITH"},{"data":"Prepared","floor":32,"key":"SMITH"},{"data":"A Thousand Cuts","floor":40,"key":"SMITH"},{"data":"Apotheosis","floor":42,"key":"SMITH"},{"data":"Envenom","floor":44,"key":"SMITH"},{"data":"ReplayTheSpireMod:Haul","floor":52,"key":"SMITH"}],"circlet_count":0,"master_deck":["AscendersBane","Strike_G+1","Strike_G+1","Strike_G","Strike_G+1","Defend_G","Survivor","Neutralize+1","Adrenaline+1","Quick Slash","Prepared","Prepared","ReplayTheSpireMod:Tripwire+1","Dagger Spray+1","Bullet Time+1","Quick Slash","Eviscerate","Prepared+1","Expertise+1","Riddle With Holes+1","Envenom+1","Quick Slash+1","A Thousand Cuts+1","ReplayTheSpireMod:Haul+1","infinitespire:Gouge+1","Apotheosis+1","Eviscerate","Underhanded Strike","Riddle With Holes","infinitespire:Punishment"],"relics":["Ring of the Snake","hubris:Icosahedron","Juzu Bracelet","hubris:AncientText","hubris:Towel","hubris:Metronome","Replay:Wax Seal","hubris:ScarierMask","infinitespire:Beetle Shell","Toy Ornithopter","Medical Kit","Chemical X","infinitespire:ShieldingShard","Singing Bowl","infinitespire:PuzzleCube","ReplayTheSpireMod:Lightbulb","Mummified Hand","HoveringKite","Kunai","hubris:GlazedTorus","Nunchaku","Whetstone","Bottled Lightning","Simple Rune","OrangePellets","HandDrill","Replay:Baseball"],"acts_visited":["Exordium","TheCity","TheBeyond","TheEnding"],"potions_floor_usage":[7,13,14,16,16,24,27,33,33,41,45,55,55,55],"damage_taken":[{"damage":2,"enemies":"2 Louse","floor":1,"turns":2},{"damage":0,"enemies":"Small Slimes","floor":4,"turns":5},{"damage":19,"enemies":"3 Sentries","floor":7,"turns":8},{"damage":0,"enemies":"Cultist","floor":10,"turns":3},{"damage":5,"enemies":"Gremlin Nob","floor":11,"turns":4},{"damage":13,"enemies":"Blue Slaver","floor":13,"turns":3},{"damage":0,"enemies":"Gremlin Gang","floor":14,"turns":3},{"damage":91,"enemies":"Slime Boss","floor":16,"turns":15},{"damage":0,"enemies":"2 Thieves","floor":18,"turns":1},{"damage":25,"enemies":"Shell Parasite","floor":20,"turns":7},{"damage":0,"enemies":"Centurion and Healer","floor":24,"turns":1},{"damage":41,"enemies":"Book of Stabbing","floor":27,"turns":6},{"damage":0,"enemies":"Sentry and Sphere","floor":29,"turns":3},{"damage":0,"enemies":"Gremlin Leader","floor":30,"turns":3},{"damage":88,"enemies":"Automaton","floor":33,"turns":11},{"damage":0,"enemies":"Orb Walker","floor":35,"turns":2},{"damage":9,"enemies":"3 Darklings","floor":39,"turns":3},{"damage":0,"enemies":"Sphere and 2 Shapes","floor":41,"turns":1},{"damage":0,"enemies":"R_Hoarder","floor":45,"turns":5},{"damage":0,"enemies":"Maw","floor":47,"turns":2},{"damage":43,"enemies":"infinitespire:MassOfShapes","floor":50,"turns":2},{"damage":0,"enemies":"Shield and Spear","floor":54,"turns":1},{"damage":72,"enemies":"The Heart","floor":55,"turns":5}],"seed_played":"2338563939206159169","potions_obtained":[{"floor":10,"key":"Explosive Potion"},{"floor":11,"key":"Elixir"},{"floor":14,"key":"Block Potion"},{"floor":18,"key":"Poison Potion"},{"floor":27,"key":"Weak Potion"},{"floor":33,"key":"PowerPotion"},{"floor":35,"key":"LiquidMemories"},{"floor":41,"key":"Dexterity Potion"}],"is_trial":false,"path_per_floor":["M","?","$","M","?","R","E","R","T","M","E","R","M","M","R","B",null,"M","?","M","$","$","R","M","R","T","E","?","M","E","?","R","B",null,"M","AVR","?","$","M","R","M","R","T","R","E","$","M","?","R_BF","B",null,"R","$","E","B",null],"character_chosen":"THE_SILENT","items_purchased":["LifebloodPotion","Death Potion","Juzu Bracelet","hubris:AncientText","Prepared","ReplayTheSpireMod:Tripwire","Quick Slash","Eviscerate","Prepared","infinitespire:Beetle Shell","Toy Ornithopter","Medical Kit","SkillPotion","Chemical X","infinitespire:ShieldingShard","Singing Bowl","Expertise","Riddle With Holes","PowerPotion","Apotheosis","hubris:GlazedTorus","Nunchaku","CunningPotion","Simple Rune","OrangePellets","FearPotion","HandDrill","CultistPotion"],"campfire_rested":0,"item_purchase_floors":[3,3,3,3,3,3,21,21,21,21,21,21,21,22,22,22,22,22,22,38,38,38,38,46,46,46,53,53],"current_hp_per_floor":[127,127,127,127,127,127,108,108,108,108,103,103,90,90,90,99,127,127,127,102,102,102,102,109,109,109,73,101,101,103,103,103,25,111,113,113,113,113,104,104,109,109,109,109,116,116,116,118,118,75,128,128,128,130,73],"gold":1470,"neow_bonus":"ONE_RANDOM_RARE_CARD","is_daily":false,"chose_seed":false,"campfire_upgraded":10,"win_rate":0.0,"timestamp":1611269254,"path_taken":["M","?","$","M","?","R","E","R","T","M","E","R","M","M","R","BOSS","M","?","M","?","$","R","M","R","T","E","?","M","E","?","R","BOSS","M","AVR","?","$","M","R","M","R","T","R","E","$","M","?","R_BF","BOSS","R","$","E","BOSS"],"items_purchased_type":["Potion","Potion","Relic","Relic","Card","Card","Card","Card","Card","Relic","Relic","Relic","Potion","Relic","Relic","Relic","Card","Card","Potion","Card","Relic","Relic","Potion","Relic","Relic","Potion","Relic","Potion"],"build_version":"2020-12-22","purchased_purges":5,"victory":true,"max_hp_per_floor":[136,136,136,136,136,136,136,136,136,136,136,136,136,136,136,136,136,136,136,136,136,136,136,138,138,138,138,138,138,140,140,140,140,140,142,142,142,142,142,142,142,142,142,142,144,144,144,146,146,146,146,146,146,148,148],"card_choices":[{"not_picked":["Hidden Blade","Bouncing Flask"],"picked":"Quick Slash","floor":1},{"not_picked":["Dagger Spray","Hidden Blade","Outmaneuver"],"picked":"SKIP","floor":4},{"not_picked":["Reflex","Cloak And Dagger","ReplayTheSpireMod:Exploit Weakness"],"picked":"SKIP","floor":7},{"not_picked":["Prepared","hubris:SlightOfHand"],"picked":"Dagger Spray","floor":10},{"not_picked":["Concentrate","Prepared","Night Terror"],"picked":"SKIP","floor":11},{"not_picked":["Setup","Sucker Punch","Deflect"],"picked":"SKIP","floor":13},{"not_picked":["ReplayTheSpireMod:Tripwire","Bane","hubris:SlightOfHand"],"picked":"SKIP","floor":14},{"not_picked":["Wraith Form v2","Doppelganger"],"picked":"Bullet Time","floor":16},{"not_picked":["Cloak And Dagger","hubris:Sniper","Leg Sweep+1"],"picked":"SKIP","floor":18},{"not_picked":["Calculated Gamble+1","Fluid Movement","Poison Darts"],"picked":"SKIP","floor":20},{"not_picked":["Caltrops","Poisoned Stab","Sucker Punch"],"picked":"Singing Bowl","floor":24},{"not_picked":["Poisoned Stab","Hidden Blade"],"picked":"Envenom","floor":27},{"not_picked":["Backflip+1","PiercingWail"],"picked":"Quick Slash+1","floor":29},{"not_picked":["Draining Mist","Flying Knee","Heel Hook"],"picked":"Singing Bowl","floor":30},{"not_picked":["Doppelganger","Wraith Form v2"],"picked":"A Thousand Cuts","floor":33},{"not_picked":["Prepared","ReplayTheSpireMod:The Works+1","hubris:SlightOfHand+1"],"picked":"Singing Bowl","floor":35},{"not_picked":["Doppelganger","Sucker Punch"],"picked":"Eviscerate","floor":39},{"not_picked":["Deflect","Prepared+1"],"picked":"Underhanded Strike","floor":41},{"not_picked":["Hidden Blade","Poisoned Stab","Deflect"],"picked":"Singing Bowl","floor":45},{"not_picked":["Leg Sweep","Slice"],"picked":"Riddle With Holes","floor":47},{"not_picked":["Replay:BasicMightCard","Finesse","ReplayTheSpireMod:Uncanny Aura"],"picked":"Singing Bowl","floor":48},{"not_picked":["infinitespire:FutureSight","ReplayTheSpireMod:Haul"],"picked":"infinitespire:Punishment","floor":49},{"not_picked":["Backflip","Dodge and Roll","Deflect"],"picked":"Singing Bowl","floor":54}],"player_experience":185563,"relics_obtained":[{"floor":7,"key":"hubris:Metronome"},{"floor":11,"key":"Replay:Wax Seal"},{"floor":26,"key":"infinitespire:PuzzleCube"},{"floor":27,"key":"ReplayTheSpireMod:Lightbulb"},{"floor":30,"key":"Mummified Hand"},{"floor":43,"key":"Whetstone"},{"floor":45,"key":"Bottled Lightning"},{"floor":54,"key":"Replay:Baseball"}],"event_choices":[{"damage_healed":0,"gold_gain":0,"player_choice":"Upgraded","damage_taken":0,"max_hp_gain":0,"max_hp_loss":0,"event_name":"Upgrade Shrine","floor":19,"gold_loss":0,"cards_upgraded":["Bullet Time"]},{"damage_healed":28,"gold_gain":0,"player_choice":"Heal","damage_taken":0,"max_hp_gain":0,"max_hp_loss":0,"event_name":"The Library","floor":28,"gold_loss":0},{"damage_healed":0,"gold_gain":0,"player_choice":"Leave","damage_taken":0,"max_hp_gain":0,"max_hp_loss":0,"event_name":"FaceTrader","floor":31,"gold_loss":0},{"damage_healed":0,"gold_gain":0,"player_choice":"Memory 1","damage_taken":0,"max_hp_gain":0,"max_hp_loss":0,"event_name":"SensoryStone","floor":48,"gold_loss":0}],"is_beta":false,"boss_relics":[{"not_picked":["Snecko Heart","ChewingGum"],"picked":"hubris:ScarierMask"},{"not_picked":["ReplayTheSpireMod:DimensionalGlitch","Replay:Grab Bag"],"picked":"HoveringKite"}],"items_purged_floors":[3,21,22,36,38],"is_endless":false,"potions_floor_spawned":[10,11,14,18,27,33,35,41],"ascension_level":16}}