{"host":"ko40t1o51xotjt2v","time":1611267708,"event":{"mods":["2.2 Compatiblity","AchievementEnabler","Aspiration","BaseMod","Better Match","Better Third Choice","Better Vampires","Conspire","Downfall","Energized Spire","GifTheSpireLib","Halation","Hubris","Jedi Mod","Minty Spire (QoL Compilation)","MostiFishMod","Spicy Shops","Spikes Relics","StSLib","Stuff the Spire","TestMod","vexMod","??????REMEMod"],"gold_per_floor":[99,112,128,128,128,128,128,128,138,151,183,183,193,207,221,317,317,317,331,350,363,394,394,394,407,437,456,472,489,489,508,522,623,623,623,639,653,653,665,71,71,90,119,134,167,52,70,70,82,82],"floor_reached":51,"language":"SPA","playtime":4031,"items_purged":["Slimebound:Strike_Slimebound","Slimebound:CorrosiveSpit","Slimebound:FinishingTackle","Slimebound:Strike_Slimebound"],"score":801,"play_id":"38d2c15d-84d2-47b5-96d3-6944d8712970","local_time":"20210121232148","is_ascension_mode":true,"campfire_choices":[{"data":"Slimebound:Split","floor":1,"key":"SMITH"},{"data":"Slimebound:LeadByExample","floor":18,"key":"SMITH"},{"data":"Slimebound:MinionMaster","floor":23,"key":"SMITH"},{"data":"Slimebound:Darklings","floor":35,"key":"SMITH"}],"circlet_count":0,"master_deck":["Slimebound:Strike_Slimebound","Slimebound:Tackle","Slimebound:Defend_Slimebound","Slimebound:Defend_Slimebound","Slimebound:Defend_Slimebound","Slimebound:Defend_Slimebound","Slimebound:Split+1","MostiFishMod:UltimateDefense","Slimebound:SelfFormingGoo","Slimebound:SplitAcid","Slimebound:SplitBruiser","Slimebound:LeadByExample+1","Slimebound:SplitLeeching","Slimebound:Repurpose","Slimebound:OneTwoCombo","Slimebound:MinionMaster+1","Slimebound:ForwardTackle","Slimebound:SplitSpecialist","Slimebound:RallyTheTroops","Slimebound:SplitMire+1","Slimebound:Darklings+1","Slimebound:DivideAndConquer+1","Slimebound:Darklings","Slimebound:ForwardTackle+1"],"relics":["StuffTheSpire:OccultApparatus","DaveBox","testmod-TestBox","REME_ComplimentaryCards","testmod-SaigiyounoYou","DaCapo","halation:YellowSoulGem","Orichalcum","Bag of Marbles","GiantMaggot","testmod-Antiphasic","testmod-CardMagician","Mango","StuffTheSpire:CocoNut","Happy Flower","jedi:bottledfury","Dodecahedron","StuffTheSpire:RubySignet","Regal Pillow","vexMod:MemoryStick","testmod-IndustrialRevolution","BionicSphere","hubris:Icosahedron"],"acts_visited":["Exordium","TheCity","TheBeyond"],"potions_floor_usage":[15,32,36,45],"damage_taken":[{"damage":3,"enemies":"Jaw Worm","floor":2,"turns":4},{"damage":0,"enemies":"conspire:RoseBush","floor":3,"turns":3},{"damage":0,"enemies":"2 Louse","floor":9,"turns":2},{"damage":7,"enemies":"Gremlin Gang","floor":10,"turns":3},{"damage":9,"enemies":"Lagavulin","floor":11,"turns":6},{"damage":0,"enemies":"conspire:2 RoseBushes","floor":13,"turns":3},{"damage":13,"enemies":"Exordium Thugs","floor":14,"turns":3},{"damage":12,"enemies":"Lots of Slimes","floor":15,"turns":2},{"damage":22,"enemies":"SI_SHIV_ARCHETYPE","floor":16,"turns":7},{"damage":24,"enemies":"Shell Parasite","floor":19,"turns":4},{"damage":6,"enemies":"conspire:FuzzyDice","floor":20,"turns":6},{"damage":9,"enemies":"Centurion and Healer","floor":21,"turns":5},{"damage":17,"enemies":"conspire:MimicChest","floor":22,"turns":3},{"damage":8,"enemies":"Cultist and Chosen","floor":25,"turns":4},{"damage":8,"enemies":"conspire:SneckoGhost","floor":26,"turns":4},{"damage":14,"enemies":"conspire:HollyBat","floor":27,"turns":8},{"damage":25,"enemies":"3 Cultists","floor":28,"turns":5},{"damage":18,"enemies":"Snecko","floor":29,"turns":5},{"damage":9,"enemies":"conspire:HollyBat","floor":31,"turns":6},{"damage":17,"enemies":"Centurion and Healer","floor":32,"turns":5},{"damage":46,"enemies":"DF_ARCHETYPE_CLAW","floor":33,"turns":7},{"damage":22,"enemies":"3 Darklings","floor":36,"turns":3},{"damage":24,"enemies":"Orb Walker","floor":37,"turns":3},{"damage":24,"enemies":"Sphere and 2 Shapes","floor":39,"turns":4},{"damage":6,"enemies":"downfall:FleeingMerchant","floor":40,"turns":4},{"damage":17,"enemies":"Spire Growth","floor":42,"turns":4},{"damage":20,"enemies":"Nemesis","floor":43,"turns":5},{"damage":2,"enemies":"4 Shapes","floor":44,"turns":5},{"damage":26,"enemies":"Reptomancer","floor":45,"turns":4},{"damage":12,"enemies":"downfall:FleeingMerchant","floor":46,"turns":4},{"damage":1,"enemies":"Jaw Worm Horde","floor":47,"turns":3},{"damage":0,"enemies":"Spire Growth","floor":49,"turns":4},{"damage":15,"enemies":"WA_ARCHETYPE_DIVINITY","floor":50,"turns":5}],"seed_played":"5156324499446209834","potions_obtained":[{"floor":3,"key":"FearPotion"},{"floor":13,"key":"Regen Potion"},{"floor":14,"key":"Slimebound:SlimedPotion"},{"floor":15,"key":"Weak Potion"},{"floor":36,"key":"testmod-SpacePotion"},{"floor":37,"key":"champ:CounterPotion"},{"floor":44,"key":"LiquidBronze"}],"is_trial":false,"path_per_floor":["R","M","M","?","?","T","T","$","M","M","E","T","M","M","M","B",null,"R","M","M","M","?","R","T","M","E","M","M","M","?","M","M","B",null,"R","M","M","?","M","$","T","M","E","M","E","$","M","?","M","B",null],"character_chosen":"SLIMEBOUND","items_purchased":["Bag of Marbles","jedi:bottledfury","Dodecahedron","testmod-IndustrialRevolution","BionicSphere"],"campfire_rested":0,"item_purchase_floors":[8,40,40,46,46],"current_hp_per_floor":[65,65,65,65,65,65,65,43,52,61,62,62,65,64,65,65,65,65,59,65,65,72,72,79,86,86,83,86,76,76,86,86,86,86,86,86,82,82,78,86,86,86,86,86,86,83,86,86,86,86],"gold":82,"neow_bonus":"ONE_RANDOM_RARE_CARD","is_daily":false,"chose_seed":false,"campfire_upgraded":4,"win_rate":0.0,"timestamp":1611267708,"path_taken":["R","M","M","?","?","?","T","?","M","?","E","?","?","M","M","BOSS","R","M","M","M","?","R","T","M","E","M","M","?","?","M","M","BOSS","R","M","M","?","M","?","T","?","E","?","E","$","M","?","M","BOSS"],"items_purchased_type":["Relic","Relic","Relic","Relic","Relic"],"build_version":"2020-12-22","purchased_purges":4,"victory":true,"max_hp_per_floor":[65,65,65,65,65,65,65,65,65,65,65,65,65,65,65,65,65,65,65,65,65,79,79,86,86,86,86,86,86,86,86,86,86,86,86,86,86,86,86,86,86,86,86,86,86,86,86,86,86,86],"card_choices":[{"not_picked":["Slimebound:SamplingLick","Slimebound:PressTheAttack"],"picked":"Slimebound:SplitAcid","floor":2},{"not_picked":["Slimebound:LeechEnergy","Slimebound:GoopTackle"],"picked":"Slimebound:SplitBruiser","floor":3},{"not_picked":["Slimebound:LeechingTouch","Slimebound:Prepare"],"picked":"Slimebound:LeadByExample","floor":9},{"not_picked":["Slimebound:SlimeBrawl","Slimebound:Gluttony"],"picked":"Slimebound:SplitLeeching","floor":10},{"not_picked":["Slimebound:ItLooksTasty","Slimebound:Replication"],"picked":"Slimebound:Repurpose","floor":11},{"not_picked":["Slimebound:Prepare","Slimebound:RollThrough"],"picked":"Slimebound:OneTwoCombo","floor":13},{"not_picked":["Slimebound:Schlurp","Slimebound:RejuvenatingLick"],"picked":"Slimebound:FinishingTackle","floor":14},{"not_picked":["Slimebound:PressTheAttack","Slimebound:SlimeBrawl","Slimebound:ItLooksTasty"],"picked":"SKIP","floor":15},{"not_picked":["Slimebound:RallyTheTroops","Slimebound:WasteNot"],"picked":"Slimebound:MinionMaster","floor":16},{"not_picked":["Slimebound:Grow","Slimebound:SplitLeeching","Slimebound:ForwardTackle"],"picked":"SKIP","floor":19},{"not_picked":["Slimebound:Grow","Slimebound:SplitLeeching"],"picked":"Slimebound:ForwardTackle","floor":19},{"not_picked":["Slimebound:GoopSpray","Slimebound:Chomp+1","Slimebound:Equalize"],"picked":"SKIP","floor":20},{"not_picked":["Slimebound:MegaLick","Slimebound:LeadByExample","Slimebound:ItLooksTasty"],"picked":"SKIP","floor":21},{"not_picked":["Slimebound:ComboTackle","Slimebound:LivingWall","Slimebound:SplitAcid"],"picked":"SKIP","floor":25},{"not_picked":["Slimebound:FinishingTackle+1","Slimebound:LivingWall","Slimebound:Equalize"],"picked":"SKIP","floor":26},{"not_picked":["Slimebound:HauntingLick","Slimebound:Schlurp+1","Slimebound:SlimeSpikes"],"picked":"SKIP","floor":27},{"not_picked":["Slimebound:Replication","Slimebound:BestDefense+1","Slimebound:Prepare"],"picked":"SKIP","floor":28},{"not_picked":["Slimebound:SamplingLick+1","Slimebound:ComboTackle"],"picked":"Slimebound:SplitSpecialist","floor":29},{"not_picked":["Slimebound:ComboTackle","Slimebound:Dissolve"],"picked":"Slimebound:RallyTheTroops","floor":31},{"not_picked":["Slimebound:SlimeBrawl","Slimebound:BestDefense"],"picked":"Slimebound:SplitMire+1","floor":32},{"not_picked":["Slimebound:PrepareCrush","Slimebound:CheckThePlaybook"],"picked":"Slimebound:Darklings","floor":33},{"not_picked":["Slimebound:LeechEnergy","Slimebound:SpikyOuterGoop","Slimebound:SplitAcid"],"picked":"SKIP","floor":36},{"not_picked":["Slimebound:SplitLeeching","Slimebound:SplitSpecialist","Slimebound:TongueLash+1"],"picked":"SKIP","floor":37},{"not_picked":["Slimebound:Nibble+1","Slimebound:PressTheAttack+1","Slimebound:FinishingTackle+1"],"picked":"SKIP","floor":39},{"not_picked":["Slimebound:CheckThePlaybook","Slimebound:Nibble"],"picked":"Slimebound:DivideAndConquer+1","floor":40},{"not_picked":["Slimebound:FormOfPuddle+1","Slimebound:ComboTackle+1","Slimebound:SplitMire"],"picked":"SKIP","floor":42},{"not_picked":["Slimebound:SplitBruiser+1","Slimebound:SplitAcid","Slimebound:Prepare"],"picked":"SKIP","floor":43},{"not_picked":["Slimebound:DisruptingSlam","Slimebound:LeechEnergy+1","Slimebound:Repurpose"],"picked":"SKIP","floor":44},{"not_picked":["Slimebound:LivingWall+1","Slimebound:SlimeSpikes+1"],"picked":"Slimebound:Darklings","floor":45},{"not_picked":["Slimebound:TagTeam","Slimebound:BestDefense+1"],"picked":"Slimebound:ForwardTackle+1","floor":46},{"not_picked":["Slimebound:DisruptingSlam","Slimebound:Prepare","Slimebound:SplitLeeching+1"],"picked":"SKIP","floor":47},{"not_picked":["Slimebound:PressTheAttack","Slimebound:RollThrough","Slimebound:AcidTongue"],"picked":"SKIP","floor":49}],"player_experience":434277,"relics_obtained":[{"floor":6,"key":"Orichalcum"},{"floor":11,"key":"GiantMaggot"},{"floor":12,"key":"testmod-Antiphasic"},{"floor":22,"key":"Mango"},{"floor":24,"key":"StuffTheSpire:CocoNut"},{"floor":26,"key":"Happy Flower"},{"floor":41,"key":"StuffTheSpire:RubySignet"},{"floor":43,"key":"Regal Pillow"},{"floor":45,"key":"vexMod:MemoryStick"}],"event_choices":[],"is_beta":false,"boss_relics":[{"not_picked":["conspire:RoyalGoblet","conspire:SlowCooker"],"picked":"testmod-CardMagician"},{"not_picked":["halation:MonkeysPaw","energizedSpire:RedRose","FixedStarFall"]}],"items_purged_floors":[8,8,40,40],"is_endless":false,"potions_floor_spawned":[3,13,14,15,20,21,22,26,28,29,36,37,44,47],"ascension_level":1}}