{"host":"q6ff4ns2kep02ti6","time":1611267339,"event":{"mods":["AchievementEnabler","BaseMod","Minty Spire (QoL Compilation)","Relic Stats","StSLib","Unceasing Turn Reminder"],"gold_per_floor":[114,133,150,150,150,150,150,150,173,173,201,252,252,279,279,353,353,364,364,378,378,2,2,2,2],"floor_reached":24,"language":"ENG","playtime":1080,"items_purged":["Decay"],"score":400,"play_id":"c9a98318-5b59-4d78-80d4-4ea1b77c4899","local_time":"20210121231539","is_ascension_mode":true,"campfire_choices":[{"data":"Armaments","floor":6,"key":"SMITH"},{"data":"Searing Blow","floor":8,"key":"SMITH"},{"data":"Searing Blow+1","floor":10,"key":"SMITH"},{"data":"Searing Blow+2","floor":13,"key":"SMITH"},{"floor":15,"key":"REST"},{"data":"Searing Blow+3","floor":23,"key":"SMITH"}],"circlet_count":0,"master_deck":["AscendersBane","Strike_R+1","Strike_R+1","Strike_R+1","Strike_R+1","Defend_R+1","Defend_R+1","Defend_R+1","Defend_R+1","Bash","Brutality","Searing Blow+4","Armaments+1","Cleave","Pommel Strike","Double Tap","Headbutt"],"relics":["Burning Blood","Lantern","Happy Flower","Shuriken","Toy Ornithopter","Regal Pillow","Whetstone","Empty Cage","Membership Card","Mummified Hand"],"acts_visited":["Exordium","TheCity"],"potions_floor_usage":[14,14,20,24,24],"damage_taken":[{"damage":7,"enemies":"Small Slimes","floor":1,"turns":3},{"damage":19,"enemies":"Jaw Worm","floor":2,"turns":4},{"damage":0,"enemies":"2 Louse","floor":3,"turns":3},{"damage":27,"enemies":"3 Sentries","floor":11,"turns":9},{"damage":30,"enemies":"Gremlin Nob","floor":14,"turns":4},{"damage":55,"enemies":"Hexaghost","floor":16,"turns":9},{"damage":41,"enemies":"Shell Parasite","floor":18,"turns":7},{"damage":18,"enemies":"Spheric Guardian","floor":20,"turns":5},{"damage":50,"enemies":"Book of Stabbing","floor":24,"turns":4}],"seed_played":"-7412458676691400689","potions_obtained":[{"floor":3,"key":"BloodPotion"},{"floor":11,"key":"SkillPotion"},{"floor":16,"key":"BlessingOfTheForge"},{"floor":18,"key":"BlessingOfTheForge"}],"is_trial":false,"path_per_floor":["M","M","M","?","?","R","T","R","T","R","E","?","R","E","R","B",null,"M","?","M","?","$","R","E"],"character_chosen":"IRONCLAD","items_purchased":["Membership Card","Mummified Hand","BloodPotion"],"campfire_rested":1,"item_purchase_floors":[22,22,22],"current_hp_per_floor":[67,54,60,60,49,49,49,49,49,49,28,28,28,29,66,17,61,26,26,19,19,19,19,0,0],"gold":2,"neow_bonus":"ONE_RANDOM_RARE_CARD","is_daily":false,"chose_seed":false,"campfire_upgraded":5,"win_rate":0.0,"timestamp":1611267339,"path_taken":["M","M","M","?","?","R","?","R","T","R","E","?","R","E","R","BOSS","M","?","M","?","?","R","E"],"items_purchased_type":["Relic","Relic","Potion"],"build_version":"2020-12-22","purchased_purges":1,"victory":false,"max_hp_per_floor":[75,75,75,75,75,75,75,75,75,75,75,75,75,75,75,75,75,75,75,75,75,75,75,75,75],"relic_stats":{"Regal Pillow":15,"Happy Flower":[12],"counters":[9,48],"Shuriken":[7],"Mummified Hand":[1],"Whetstone":["Strike_R","Strike_R"],"obtain_stats":[{"Lantern":4,"Regal Pillow":11,"Happy Flower":5,"Shuriken":7,"Mummified Hand":22,"Whetstone":14,"Membership Card":22,"Empty Cage":17,"Burning Blood":0,"Toy Ornithopter":9},{"Lantern":3,"Regal Pillow":4,"Happy Flower":3,"Shuriken":3,"Mummified Hand":8,"Whetstone":5,"Membership Card":8,"Empty Cage":6,"Burning Blood":0,"Toy Ornithopter":3},{"Lantern":10,"Regal Pillow":19,"Happy Flower":10,"Shuriken":10,"Mummified Hand":44,"Whetstone":23,"Membership Card":44,"Empty Cage":32,"Burning Blood":0,"Toy Ornithopter":10}],"Burning Blood":48,"Toy Ornithopter":25},"card_choices":[{"not_picked":["Sword Boomerang","Wild Strike"],"picked":"Searing Blow","floor":1},{"not_picked":["Havoc","Twin Strike"],"picked":"Armaments","floor":2},{"not_picked":["Uppercut","Wild Strike","Body Slam"],"picked":"SKIP","floor":3},{"not_picked":["Sword Boomerang","Armaments"],"picked":"Cleave","floor":11},{"not_picked":["Demon Form","Whirlwind"],"picked":"Pommel Strike","floor":14},{"not_picked":["Feed","Barricade"],"picked":"Double Tap","floor":16},{"not_picked":["Warcry","Cleave"],"picked":"Headbutt","floor":18},{"not_picked":["Perfected Strike","Headbutt+1","Reckless Charge"],"picked":"SKIP","floor":20}],"player_experience":991999,"relics_obtained":[{"floor":7,"key":"Shuriken"},{"floor":9,"key":"Toy Ornithopter"},{"floor":11,"key":"Regal Pillow"},{"floor":14,"key":"Whetstone"}],"event_choices":[{"damage_healed":0,"gold_gain":0,"player_choice":"Box","damage_taken":0,"relics_obtained":["Lantern"],"max_hp_gain":0,"max_hp_loss":0,"event_name":"Big Fish","floor":4,"gold_loss":0,"cards_obtained":["Regret"]},{"damage_healed":0,"gold_gain":0,"player_choice":"Success","damage_taken":11,"relics_obtained":["Happy Flower"],"max_hp_gain":0,"max_hp_loss":0,"event_name":"Scrap Ooze","floor":5,"gold_loss":0},{"damage_healed":0,"gold_gain":51,"player_choice":"Gained Gold","damage_taken":0,"max_hp_gain":0,"max_hp_loss":0,"event_name":"Golden Wing","floor":12,"gold_loss":0},{"damage_healed":0,"gold_gain":0,"player_choice":"Smashed Altar","damage_taken":0,"max_hp_gain":0,"max_hp_loss":0,"event_name":"Forgotten Altar","floor":19,"gold_loss":0,"cards_obtained":["Decay"]},{"damage_healed":0,"gold_gain":0,"player_choice":"Simplicity","damage_taken":0,"max_hp_gain":0,"max_hp_loss":0,"event_name":"Back to Basics","floor":21,"gold_loss":0,"cards_upgraded":["Strike_R","Strike_R","Defend_R","Defend_R","Defend_R","Defend_R"]}],"is_beta":false,"boss_relics":[{"not_picked":["Philosopher\u0027s Stone","Mark of Pain"],"picked":"Empty Cage"}],"items_purged_floors":[22],"is_endless":false,"potions_floor_spawned":[3,11,16,18],"killed_by":"Book of Stabbing","ascension_level":20}}