{"host":"94qggqh0xz0sp6ai","time":1611191234,"event":{"mods":["100% Spire Juice","Abigail Mod","Act Like it!","BaseMod","CapriCore","Downfall","Friendly Minions","Gensokyo","Hermit","Jorbs\u0027s Wanderer Trilogy","Koishi","Marisa（霧雨　魔理沙）","Minty Spire (QoL Compilation)","Permanent Neow","Reimu（博??梦）","StSLib","The Alterego","The Construct","The Cursed","The Hierophant","The Immortal","The Marked","The Servant 0.9.4","TheBandit","Waifu the Spire"],"gold_per_floor":[109,122,122,47,15,15,48,48,124,57,57,75,75,104,104,206,206,216,216,216,227,240,240,252,177,222,4,4,4],"floor_reached":28,"language":"ENG","playtime":661,"items_purged":["theMarked:GodGivenPower"],"score":258,"play_id":"8ea78216-498d-4d82-bff0-398f10b5cf6f","local_time":"20210120190714","is_ascension_mode":true,"campfire_choices":[{"data":"theMarked:KeepCalmAndFightOn","floor":6,"key":"SMITH"},{"data":"theMarked:ChannelForce","floor":8,"key":"SMITH"},{"data":"theMarked:ParalyzingBlade","floor":11,"key":"SMITH"},{"floor":15,"key":"REST"},{"floor":23,"key":"REST"}],"circlet_count":0,"master_deck":["theMarked:Strike","theMarked:Strike","theMarked:Strike","theMarked:Strike","theMarked:Defend","theMarked:Defend","theMarked:Defend","theMarked:Defend","theMarked:SoldierOfQuellstein+1","theMarked:ChannelForce+1","theMarked:Generate","theMarked:WardOff","theMarked:KeepCalmAndFightOn+1","theMarked:Opportunist","theMarked:ShockingTouch","theMarked:SwordAndMagic","theMarked:ParalyzingBlade+1","theMarked:ResourceFulStrike","theMarked:Abjuration","theMarked:ElementalBlade","theMarked:RepellingDischarge","theMarked:Overcharge","theMarked:RepellingDischarge","theMarked:SummonStrength"],"relics":["theMarked:ArtifactOfAir","theMarked:DemonDagger","Shuriken","Peace Pipe","Black Star","Guardian:PocketSentry","Oddly Smooth Stone"],"acts_visited":["Exordium","TheCity"],"potions_floor_usage":[18,21,24,28],"damage_taken":[{"damage":6,"enemies":"Cultist","floor":1,"turns":4},{"damage":4,"enemies":"Small Slimes","floor":2,"turns":3},{"damage":17,"enemies":"3 Sentries","floor":7,"turns":5},{"damage":5,"enemies":"Jaw Worm","floor":12,"turns":3},{"damage":12,"enemies":"Lagavulin","floor":14,"turns":6},{"damage":36,"enemies":"Hexaghost","floor":16,"turns":7},{"damage":1,"enemies":"Shell Parasite","floor":18,"turns":3},{"damage":22,"enemies":"2 Thieves","floor":21,"turns":2},{"damage":35,"enemies":"Shelled Parasite and Fungi","floor":22,"turns":5},{"damage":9,"enemies":"Centurion and Healer","floor":24,"turns":4},{"damage":26,"enemies":"Snake Plant","floor":28,"turns":3}],"seed_played":"5916879243927293334","potions_obtained":[{"floor":7,"key":"theMarked:ChargePotion"},{"floor":14,"key":"Swift Potion"},{"floor":18,"key":"Swift Potion"},{"floor":20,"key":"theMarked:SummonPotion"},{"floor":20,"key":"GrandPatriotsElixir:ReiMu"},{"floor":24,"key":"SpeedPotion"}],"is_trial":false,"path_per_floor":["M","M","?","$","?","R","E","R","T","$","R","M","?","E","R","B",null,"M","?","?","M","M","R","M","?","T","$","M"],"character_chosen":"THE_DEFAULT","items_purchased":["theMarked:ParalyzingBlade","Oddly Smooth Stone","theMarked:SummonStrength"],"campfire_rested":2,"item_purchase_floors":[10,27,27],"current_hp_per_floor":[64,60,60,60,60,60,43,43,43,43,43,38,38,26,47,11,70,69,69,69,47,12,33,24,24,24,24,0,0],"gold":4,"neow_bonus":"ONE_RANDOM_RARE_CARD","is_daily":false,"chose_seed":false,"campfire_upgraded":3,"win_rate":0.0,"timestamp":1611191234,"path_taken":["M","M","?","$","?","R","E","R","T","?","R","M","?","E","R","BOSS","M","?","?","M","M","R","?","?","T","$","M"],"items_purchased_type":["Card","Relic","Card"],"build_version":"2020-12-22","purchased_purges":1,"victory":false,"max_hp_per_floor":[70,70,70,70,70,70,70,70,70,70,70,70,70,70,70,70,70,70,70,70,70,70,70,70,70,70,70,70,70],"card_choices":[{"not_picked":["theMarked:SwordAndMagic","theMarked:Parry"],"picked":"theMarked:Generate","floor":1},{"not_picked":["theMarked:TwofoldDefense","theMarked:LightningStrikesTwice"],"picked":"theMarked:WardOff","floor":2},{"not_picked":["theMarked:ThrowWeapon","theMarked:SwordAndMagic","theMarked:ReduceFriction"],"picked":"SKIP","floor":7},{"not_picked":["theMarked:EmpowerWeapon","theMarked:Static","theMarked:Parkour"],"picked":"SKIP","floor":12},{"not_picked":["theMarked:TurnInvisible","theMarked:EnhanceMovement"],"picked":"theMarked:ResourceFulStrike","floor":14},{"not_picked":["theMarked:SoldierForm","theMarked:DispelDoubt"],"picked":"theMarked:Abjuration","floor":16},{"not_picked":["theMarked:DeterminationOfTheMarked","theMarked:WardOff"],"picked":"theMarked:ElementalBlade","floor":18},{"not_picked":["theMarked:Static","theMarked:EmpowerWeapon","theMarked:LightningStrikesTwice"],"picked":"SKIP","floor":21},{"not_picked":["theMarked:Parkour","theMarked:ChainLightning"],"picked":"theMarked:Overcharge","floor":22},{"not_picked":["theMarked:ReduceFriction","theMarked:WardOff"],"picked":"theMarked:RepellingDischarge","floor":24}],"player_experience":1410593,"relics_obtained":[{"floor":7,"key":"theMarked:DemonDagger"},{"floor":9,"key":"Shuriken"},{"floor":14,"key":"Peace Pipe"},{"floor":26,"key":"Guardian:PocketSentry"}],"event_choices":[{"damage_healed":0,"gold_gain":0,"player_choice":"Left Gold","damage_taken":0,"max_hp_gain":0,"max_hp_loss":0,"event_name":"World of Goop","floor":5,"gold_loss":32},{"damage_healed":0,"gold_gain":0,"player_choice":"Grow","damage_taken":0,"max_hp_gain":0,"max_hp_loss":0,"event_name":"Living Wall","floor":13,"gold_loss":0,"cards_upgraded":["theMarked:SoldierOfQuellstein"]},{"damage_healed":0,"gold_gain":0,"player_choice":"Read","damage_taken":0,"max_hp_gain":0,"max_hp_loss":0,"event_name":"The Library","floor":19,"gold_loss":0,"cards_obtained":["theMarked:RepellingDischarge"]},{"damage_healed":0,"gold_gain":0,"player_choice":"Got Potions","damage_taken":0,"max_hp_gain":0,"max_hp_loss":0,"event_name":"Lab","floor":20,"gold_loss":0},{"cards_removed":["theMarked:Strike"],"damage_healed":0,"gold_gain":0,"player_choice":"Gave Gold","damage_taken":0,"max_hp_gain":0,"max_hp_loss":0,"event_name":"Beggar","floor":25,"gold_loss":75}],"is_beta":false,"boss_relics":[{"not_picked":["Coffee Dripper","Runic Dome"],"picked":"Black Star"}],"items_purged_floors":[4],"is_endless":false,"potions_floor_spawned":[7,14,18,24],"killed_by":"Snake Plant","ascension_level":3}}