{"host":"qsusua7l529r8z9k","time":1611241549,"event":{"mods":["BaseMod","Minty Spire (QoL Compilation)","Replay The Spire","Spicy Shops","StSLib"],"gold_per_floor":[112,132,132,132,207,234,234,268,315,315,140,140,140,140,15,42,42,121,121,136,136,147,147,164,195,210,238,238,263,129,159,159,177,177,256,256,270,31,31,44,59,74,74,102,125,175,175,202,251,302,302,302,302,302],"floor_reached":53,"language":"ZHS","playtime":1797,"items_purged":["Strike_P","Strike_P","Strike_P+1","SignatureMove"],"score":2388,"play_id":"30e49ed5-50d9-4369-ad21-3640247c740e","local_time":"20210121230549","is_ascension_mode":true,"campfire_choices":[{"data":"ForeignInfluence","floor":7.0,"key":"SMITH"},{"data":"Eruption","floor":10.0,"key":"SMITH"},{"data":"Scrawl","floor":32.0,"key":"SMITH"},{"data":"Ragnarok","floor":34.0,"key":"SMITH"},{"data":"Wish","floor":47.0,"key":"SMITH"},{"data":"Replay:AtTheReady","floor":51.0,"key":"SMITH"}],"circlet_count":0,"master_deck":["AscendersBane","Defend_P+1","Eruption+1","Vigilance","BowlingBash+1","ForeignInfluence+1","Steam","Scrawl+1","Ragnarok+1","DevaForm","EmptyMind","WheelKick+1","Replay:AtTheReady+1","Replay:Vibes","Crescendo+1","Tantrum+1","Vault+1","FearNoEvil","Halt","Replay:Battleflow+1","Wish+1"],"relics":["PureWater","NeowsBlessing","Dream Catcher","CloakClasp","Ancient Tea Set","Simple Rune","Sozu","Orichalcum","Replay:Rubber Ducky","Mercury Hourglass","Bronze Scales","Gambling Chip","Meat on the Bone","VioletLotus","Whetstone","Pet Ghost","Shuriken","Replay:Bottled Flurry","Replay:Bottled Snecko"],"acts_visited":["Exordium","TheCity","TheBeyond"],"potions_floor_usage":[],"damage_taken":[{"damage":0.0,"enemies":"Small Slimes","floor":1.0,"turns":1.0},{"damage":0.0,"enemies":"Jaw Worm","floor":2.0,"turns":1.0},{"damage":0.0,"enemies":"Gremlin Nob","floor":6.0,"turns":1.0},{"damage":0.0,"enemies":"Lagavulin","floor":8.0,"turns":4.0},{"damage":0.0,"enemies":"3 Sentries","floor":16.0,"turns":3.0},{"damage":0.0,"enemies":"Slime Boss","floor":18.0,"turns":3.0},{"damage":1.0,"enemies":"3 Byrds","floor":20.0,"turns":2.0},{"damage":2.0,"enemies":"Shell Parasite","floor":22.0,"turns":2.0},{"damage":4.0,"enemies":"Centurion and Healer","floor":24.0,"turns":4.0},{"damage":0.0,"enemies":"Slavers","floor":25.0,"turns":3.0},{"damage":19.0,"enemies":"Shelled Parasite and Fungi","floor":26.0,"turns":3.0},{"damage":0.0,"enemies":"Gremlin Leader","floor":27.0,"turns":4.0},{"damage":2.0,"enemies":"Slavers","floor":29.0,"turns":3.0},{"damage":0.0,"enemies":"Gremlin Leader","floor":31.0,"turns":3.0},{"damage":0.0,"enemies":"Snake Plant","floor":33.0,"turns":1.0},{"damage":0.0,"enemies":"Champ","floor":35.0,"turns":6.0},{"damage":0.0,"enemies":"Orb Walker","floor":37.0,"turns":1.0},{"damage":6.0,"enemies":"3 Shapes","floor":40.0,"turns":3.0},{"damage":0.0,"enemies":"Maw","floor":41.0,"turns":5.0},{"damage":0.0,"enemies":"Spire Growth","floor":42.0,"turns":3.0},{"damage":0.0,"enemies":"Reptomancer","floor":44.0,"turns":1.0},{"damage":0.0,"enemies":"R_Hoarder","floor":46.0,"turns":7.0},{"damage":0.0,"enemies":"Reptomancer","floor":48.0,"turns":3.0},{"damage":0.0,"enemies":"Transient","floor":49.0,"turns":7.0},{"damage":0.0,"enemies":"R_Hoarder","floor":50.0,"turns":6.0},{"damage":38,"enemies":"Awakened One","floor":52,"turns":5},{"damage":31,"enemies":"Time Eater","floor":53,"turns":4}],"seed_played":"1122098856457518402","potions_obtained":[{"floor":6.0,"key":"Swift Potion"},{"floor":8.0,"key":"BottledMiracle"}],"is_trial":false,"path_per_floor":["M","M","?","?","?","E","R","E","T","R","$","?","PTL","PTL","$","E","R","B",null,"M","?","M","$","M","E","M","E","T","E","$","E","R","M","R","B",null,"M","$","?","M","M","M","?","E","T","E","R","E","M","E","R","B","B"],"character_chosen":"WATCHER","items_purchased":["Gambling Chip","FearNoEvil"],"campfire_rested":0,"item_purchase_floors":[30,38],"current_hp_per_floor":[61,61,41,41,30,30,30,30,30,30,30,23,23,23,23,23,23,23,57,56,56,54,54,50,50,31,31,31,29,29,29,29,41,41,41,61,61,61,61,55,55,55,55,55,55,55,55,55,55,55,55,29,0,0],"gold":302,"neow_bonus":"THREE_ENEMY_KILL","is_daily":false,"chose_seed":false,"campfire_upgraded":6,"win_rate":0.0,"timestamp":1611241549,"path_taken":["M","M","?","?","?","E","R","E","T","R","$","?","PTL","PTL","?","E","R","BOSS","M","?","M","?","M","E","?","E","T","E","$","E","R","M","R","BOSS","M","?","?","?","?","M","?","E","T","E","R","E","M","E","R","BOSS","BOSS"],"items_purchased_type":["Relic","Card"],"build_version":"2020-12-22","purchased_purges":4,"victory":false,"max_hp_per_floor":[68,68,68,68,68,68,68,68,68,68,68,68,68,68,68,68,68,68,68,68,68,68,68,68,68,68,68,68,68,68,68,68,68,68,68,68,68,68,68,68,68,68,68,68,68,68,68,68,68,68,68,68,68,68],"card_choices":[{"not_picked":["InnerPeace","SashWhip"],"picked":"BowlingBash","floor":1.0},{"not_picked":["Replay:Vibes","Meditate"],"picked":"SignatureMove","floor":2.0},{"not_picked":["SashWhip","WaveOfTheHand","FlurryOfBlows"],"picked":"SKIP","floor":6.0},{"not_picked":["PathToVictory","BattleHymn","Replay:BluntJabs"],"picked":"SKIP","floor":8.0},{"not_picked":["Crescendo","Consecrate"],"picked":"Scrawl","floor":16.0},{"not_picked":["Replay:LoomingThreat","SpiritShield"],"picked":"DevaForm","floor":18.0},{"not_picked":["JustLucky","ReachHeaven"],"picked":"EmptyMind","floor":20.0},{"not_picked":["Replay:Cycle","PathToVictory"],"picked":"WheelKick","floor":22.0},{"not_picked":["Replay:ManipulateFuture","Protect","WheelKick"],"picked":"SKIP","floor":24.0},{"not_picked":["Meditate","Crescendo"],"picked":"Replay:AtTheReady","floor":25.0},{"not_picked":["Wireheading","Evaluate"],"picked":"Replay:Vibes","floor":26.0},{"not_picked":["Study","DeceiveReality","SashWhip"],"picked":"SKIP","floor":27.0},{"not_picked":["Protect","Ragnarok"],"picked":"Crescendo+1","floor":29.0},{"not_picked":["Replay:BluntJabs","FlurryOfBlows"],"picked":"Tantrum","floor":31.0},{"not_picked":["JustLucky","Consecrate","ReachHeaven"],"picked":"SKIP","floor":33.0},{"not_picked":["Devotion","DevaForm"],"picked":"Vault","floor":35.0},{"not_picked":["Vengeance","EmptyFist","CutThroughFate"],"picked":"SKIP","floor":37.0},{"not_picked":["EmptyBody","CrushJoints"],"picked":"Halt","floor":40.0},{"not_picked":["FollowUp","Halt","SignatureMove"],"picked":"SKIP","floor":41.0},{"not_picked":["Study+1","CrushJoints+1"],"picked":"Replay:Battleflow+1","floor":42.0},{"not_picked":["Replay:LoomingThreat","EmptyBody"],"picked":"Wish","floor":44.0},{"not_picked":["EmptyBody","EmptyFist","EmptyMind"],"picked":"SKIP","floor":46.0},{"not_picked":["Replay:Battleflow","Establishment","ThirdEye+1"],"picked":"SKIP","floor":48.0},{"not_picked":["Swivel","Halt+1","Worship"],"picked":"SKIP","floor":49.0},{"not_picked":["FlyingSleeves","DeceiveReality","Collect"],"picked":"SKIP","floor":50.0}],"player_experience":428761,"relics_obtained":[{"floor":6.0,"key":"Dream Catcher"},{"floor":8.0,"key":"CloakClasp"},{"floor":9.0,"key":"Ancient Tea Set"},{"floor":16.0,"key":"Simple Rune"},{"floor":25.0,"key":"Orichalcum"},{"floor":27.0,"key":"Replay:Rubber Ducky"},{"floor":28.0,"key":"Mercury Hourglass"},{"floor":29.0,"key":"Bronze Scales"},{"floor":31.0,"key":"Meat on the Bone"},{"floor":44.0,"key":"Whetstone"},{"floor":45.0,"key":"Pet Ghost"},{"floor":46.0,"key":"Shuriken"},{"floor":48.0,"key":"Replay:Bottled Flurry"},{"floor":50.0,"key":"Replay:Bottled Snecko"}],"event_choices":[{"damage_healed":0.0,"max_hp_gain":0.0,"max_hp_loss":0.0,"gold_gain":0.0,"event_name":"Shining Light","player_choice":"Entered Light","floor":3.0,"gold_loss":0.0,"damage_taken":20.0,"cards_upgraded":["Defend_P","Strike_P"]},{"damage_healed":0.0,"max_hp_gain":0.0,"max_hp_loss":0.0,"gold_gain":75.0,"event_name":"World of Goop","player_choice":"Gather Gold","floor":5.0,"gold_loss":0.0,"damage_taken":11.0},{"cards_removed":["Defend_P"],"damage_healed":0.0,"max_hp_gain":0.0,"max_hp_loss":0.0,"gold_gain":0.0,"event_name":"Golden Wing","player_choice":"Card Removal","floor":12.0,"gold_loss":0.0,"damage_taken":7.0},{"damage_healed":0.0,"max_hp_gain":0.0,"max_hp_loss":0.0,"gold_gain":0.0,"event_name":"Lab","player_choice":"Got Potions","floor":21.0,"gold_loss":0.0,"damage_taken":0.0},{"damage_healed":0.0,"max_hp_gain":0.0,"max_hp_loss":0.0,"gold_gain":0.0,"event_name":"Accursed Blacksmith","player_choice":"Forge","floor":39.0,"gold_loss":0.0,"damage_taken":0.0,"cards_upgraded":["Vault"]},{"damage_healed":0.0,"max_hp_gain":0.0,"max_hp_loss":0.0,"gold_gain":0.0,"event_name":"Upgrade Shrine","player_choice":"Upgraded","floor":43.0,"gold_loss":0.0,"damage_taken":0.0,"cards_upgraded":["Tantrum"]}],"is_beta":false,"boss_relics":[{"not_picked":["Cursed Key","Runic Pyramid"],"picked":"Sozu"},{"not_picked":["Pandora\u0027s Box","Coffee Dripper"],"picked":"VioletLotus"}],"items_purged_floors":[11,11,15,38],"is_endless":false,"potions_floor_spawned":[6,8,20,22,26,29,31,40,41,49,50],"killed_by":"Time Eater","ascension_level":20}}