{"host":"bf9sa99gaumonoeu","time":1611261541,"event":{"mods":["AchievementEnabler","Act Like it!","Aspiration","BaseMod","Bestiary","Better Note","Block Reminder","Colored Map","Colored Powertips","Fox Events","Friendly Minions","Gensokyo","GifTheSpireLib","Googly Eyes","Hallownest","Hermit","Highlight Path","Jorbs\u0027s Wanderer Trilogy","KinomotoSakuraMod(????)","Koishi","Marisa????????","Minty Spire (QoL Compilation)","Rare Cards Sparkle","Relic Stats","Spire Arcade","StSLib","The Administrix","The Animator","The Bug Knight","The Construct","The Cursed","The Hierophant","The Mystic","The Necromancer","The Poker Player","The Runesmith","The Senshi","The Servant 0.9.4","ojb\u0027s Info Mod"],"gold_per_floor":[111,129,147,157,177,207,207,222,248,259,288,301,330,405,405,476,526,539,550,563,189,209,209,6,18,18,18,18],"floor_reached":27,"language":"ENG","playtime":3630,"items_purged":["Strike_G","Strike_G"],"score":732,"play_id":"112c68fe-2cdd-4039-b41e-ef2452b5af65","local_time":"20210121183901","is_ascension_mode":true,"campfire_choices":[{"data":"Deadly Poison","floor":7.0,"key":"SMITH"},{"data":"Neutralize","floor":15.0,"key":"SMITH"},{"data":"RealityMarble","floor":23,"key":"SMITH"}],"circlet_count":0,"master_deck":["AscendersBane","Strike_G","Strike_G","Strike_G","Defend_G","Defend_G","Defend_G+1","Defend_G","Defend_G","Survivor","Neutralize+1","Alleviate","DoubleEdge","Deadly Poison+1","RealityMarble+1","Riddle With Holes","Eviscerate","Glass Knife","Dagger Spray","Escape Plan","Underhanded Strike","Advance","Phantasmal Killer","PiercingWail","Cloak And Dagger","Acrobatics","Blur","Discovery","Deflect","Reflex+1","PanicButton","Terror"],"relics":["aspiration:ServantSkillbook","Nunchaku","Juzu Bracelet","Smiling Mask","HollowMod:LifeEnderRelic","Tiny House","Happy Flower","Anchor"],"acts_visited":["Exordium","TheCity"],"potions_floor_usage":[27,27],"damage_taken":[{"damage":0.0,"enemies":"Jaw Worm","floor":1.0,"turns":3.0},{"damage":0.0,"enemies":"2 Louse","floor":2.0,"turns":3.0},{"damage":0.0,"enemies":"Cultist","floor":3.0,"turns":3.0},{"damage":4.0,"enemies":"Large Slime","floor":4.0,"turns":5.0},{"damage":10.0,"enemies":"3 Louse","floor":5.0,"turns":4.0},{"damage":0.0,"enemies":"Lagavulin","floor":6.0,"turns":6.0},{"damage":8.0,"enemies":"Exordium Thugs","floor":8.0,"turns":5.0},{"damage":0.0,"enemies":"2 Fungi Beasts","floor":10.0,"turns":2.0},{"damage":0.0,"enemies":"Gremlin Nob","floor":11.0,"turns":3.0},{"damage":2.0,"enemies":"Looter","floor":12.0,"turns":3.0},{"damage":0.0,"enemies":"Lagavulin","floor":13.0,"turns":5.0},{"damage":0.0,"enemies":"The Guardian","floor":16.0,"turns":9.0},{"damage":0.0,"enemies":"3 Byrds","floor":18.0,"turns":3.0},{"damage":0.0,"enemies":"Chosen","floor":19.0,"turns":4.0},{"damage":20,"enemies":"Snake Plant","floor":20,"turns":7},{"damage":13,"enemies":"Centurion and Healer","floor":22,"turns":6},{"damage":0,"enemies":"Sentry and Sphere","floor":25,"turns":6},{"damage":41,"enemies":"Slavers","floor":27,"turns":6}],"seed_played":"5447455643646124421","potions_obtained":[{"floor":3.0,"key":"Swift Potion"},{"floor":4.0,"key":"Dexterity Potion"},{"floor":11.0,"key":"SkillPotion"},{"floor":12.0,"key":"ColorlessPotion"},{"floor":17.0,"key":"Explosive Potion"},{"floor":25,"key":"AttackPotion"}],"is_trial":false,"path_per_floor":["M","M","M","M","M","E","R","M","T","M","E","M","E","?","R","B",null,"M","M","M","$","M","R","$","M","T","E"],"character_chosen":"THE_SILENT","items_purchased":["Discovery","Deflect","Happy Flower","PanicButton","FearPotion"],"campfire_rested":0,"item_purchase_floors":[21,21,21,24,24],"current_hp_per_floor":[59,59,59,55,45,45,45,37,37,37,37,35,35,24,24,24,61,61,61,41,41,28,28,28,28,28,0,0],"gold":18,"neow_bonus":"BOSS_RELIC","is_daily":false,"chose_seed":false,"campfire_upgraded":3,"win_rate":0.0,"timestamp":1611261541,"path_taken":["M","M","M","M","M","E","R","M","T","M","E","M","E","?","R","BOSS","M","M","M","$","M","R","$","M","T","E"],"items_purchased_type":["Card","Card","Relic","Card","Potion"],"build_version":"2020-12-22","purchased_purges":2,"victory":false,"max_hp_per_floor":[66,66,66,66,66,66,66,66,66,66,66,66,66,66,66,66,71,71,71,71,71,71,71,71,71,71,71,71],"relic_stats":{"Nunchaku":[8],"Happy Flower":[6],"counters":[18,83],"Juzu Bracelet":0,"Smiling Mask":75,"obtain_stats":[{"Nunchaku":6,"Anchor":26,"HollowMod:LifeEnderRelic":13,"Tiny House":17,"Happy Flower":21,"aspiration:ServantSkillbook":0,"Juzu Bracelet":9,"Smiling Mask":11,"Ring of the Snake":0},{"Nunchaku":6,"Anchor":17,"HollowMod:LifeEnderRelic":11,"Tiny House":12,"Happy Flower":15,"aspiration:ServantSkillbook":0,"Juzu Bracelet":7,"Smiling Mask":9,"Ring of the Snake":0},{"Nunchaku":24,"Anchor":77,"HollowMod:LifeEnderRelic":42,"Tiny House":51,"Happy Flower":65,"aspiration:ServantSkillbook":0,"Juzu Bracelet":29,"Smiling Mask":34,"Ring of the Snake":0}]},"card_choices":[{"not_picked":["TimeWarp","Orbit","Unruled"],"picked":"Alleviate","floor":1.0},{"not_picked":["Rewind","Dilation","Flying Knee"],"picked":"DoubleEdge","floor":2.0},{"not_picked":["Replace","Alleviate","Revamp"],"picked":"Deadly Poison","floor":3.0},{"not_picked":["Shuttle","Backflip","Alleviate"],"picked":"RealityMarble","floor":4.0},{"not_picked":["Dagger Throw","Infinite Blades","Defy"],"picked":"Riddle With Holes","floor":5.0},{"not_picked":["Flying Knee","Quick Slash","Manipulate"],"picked":"Eviscerate","floor":6.0},{"not_picked":["Caltrops","Quick Slash","Outmaneuver"],"picked":"Glass Knife","floor":8.0},{"not_picked":["Slice","PiercingWail","ShatteredReality"],"picked":"Dagger Spray","floor":10.0},{"not_picked":["TimeWarp","Gouge","Revamp"],"picked":"Escape Plan","floor":11.0},{"not_picked":["Manipulate","Calculated Gamble","Read"],"picked":"Underhanded Strike","floor":12.0},{"not_picked":["SilverMatrix","Underhanded Strike","TimeWarp"],"picked":"Advance","floor":13.0},{"not_picked":["Dilation","FloweringNight","Embodiment"],"picked":"Phantasmal Killer","floor":16.0},{"not_picked":["Flechettes","Replace","Concentrate"],"picked":"PiercingWail","floor":17.0},{"not_picked":["Outmaneuver","Poisoned Stab","Defy"],"picked":"Cloak And Dagger","floor":18.0},{"not_picked":["Dodge and Roll","ShatteredReality","Deadly Poison"],"picked":"Acrobatics","floor":19},{"not_picked":["Flechettes","Snipe","Finisher+1"],"picked":"Blur","floor":20},{"not_picked":["Slice","Revamp","Skewer"],"picked":"Reflex+1","floor":22},{"not_picked":["Backstab","Foresight","Defy+1"],"picked":"Terror","floor":25}],"player_experience":1072410,"relics_obtained":[{"floor":6.0,"key":"Nunchaku"},{"floor":9.0,"key":"Juzu Bracelet"},{"floor":11.0,"key":"Smiling Mask"},{"floor":13.0,"key":"HollowMod:LifeEnderRelic"},{"floor":26,"key":"Anchor"}],"event_choices":[{"damage_healed":0.0,"max_hp_gain":0.0,"max_hp_loss":0.0,"gold_gain":75.0,"event_name":"World of Goop","player_choice":"Gather Gold","floor":14.0,"gold_loss":0.0,"damage_taken":11.0}],"is_beta":false,"boss_relics":[{"not_picked":["Cursed Key","Fusion Hammer"],"picked":"Tiny House"}],"items_purged_floors":[21,24],"is_endless":false,"potions_floor_spawned":[3,4,11,12,25],"killed_by":"Slavers","ascension_level":20}}