{"host":"684z1xpuwaoqmmh1","time":1611235542,"event":{"mods":["BaseMod","Downfall","Hermit","Jorbs\u0027s Wanderer Trilogy","Marisa????????","Minty Spire (QoL Compilation)","Robot Space Explorer","Shade Mod","StSLib","The Bug Knight","The Cursed","The Dragon Tamer","The Hayseed","The Hierophant","The Marked","The Mystic","The Runesmith","The Senshi"],"gold_per_floor":[99,114,130,145,145,145,218,106,119,119,148,164,197,197,210,312,312,212,229,246,265,23,23,50,60,92,92,92,92,110,139,154,256,256,56,76,76,122,122,122,171,196,196,226,226,255,28,41,55,55,55,84,45,45,45,45,45,45],"floor_reached":56,"language":"ENG","playtime":6463,"items_purged":["bronze:Strike","bronze:NullPointer"],"score":885,"play_id":"af3e00f9-f635-473b-8831-8e0233e9d8b1","local_time":"20210121152542","is_ascension_mode":false,"campfire_choices":[{"data":"bronze:Goto","floor":1,"key":"SMITH"},{"data":"bronze:HardenedForm","floor":6,"key":"SMITH"},{"floor":10,"key":"REST"},{"floor":18,"key":"RECALL"},{"data":"bronze:Virus","floor":27,"key":"SMITH"},{"data":"bronze:ThunderWave","floor":29,"key":"SMITH"},{"data":"bronze:CleanCode","floor":35,"key":"SMITH"},{"data":"bronze:Format","floor":40,"key":"SMITH"},{"floor":43,"key":"REST"},{"floor":45,"key":"REST"},{"data":"bronze:Turbo","floor":54,"key":"SMITH"}],"circlet_count":0,"master_deck":["bronze:Replicate","bronze:Goto+1","bronze:HardenedForm+1","bronze:FollowUp","bronze:Constructor","bronze:WildBeam","bronze:ThunderWave+1","bronze:DelayedGuard","bronze:Fortify","bronze:GetLatest","bronze:Format+1","Regret","bronze:Turbo","bronze:Virus+1","bronze:Constructor+1","bronze:BuggyMess+1","bronze:MaxOutput","bronze:Boost","bronze:Return","Regret","bronze:BurnOut","bronze:ItsAFeature","bronze:Separator+1","bronze:Virus","bronze:AlphaBuild","bronze:ShipIt","bronze:FindAndReplace","bronze:ClassDefault","bronze:CleanCode+1","expansioncontent:Chronoboost","Pain","bronze:Turbo+1","bronze:Format","bronze:Assembly","bronze:Turbo+1","bronze:ClassDefault"],"relics":["bronze:BronzeCore","downfall:ShatteredFragment","Blue Candle","hexamod:CandleOfCauterizing","Pantograph","hexamod:BolsterEngine","Cursed Key","downfall:HeartBlessingGreen","Happy Flower","Lantern","bronze:CableSpool","Pandora\u0027s Box","downfall:HeartBlessingRed","downfall:HeartBlessingBlue","CatCart","Omamori","Bronze Scales","Blood Vial","Akabeko","Ice Cream","Bag of Marbles","Sundial"],"acts_visited":["Exordium","TheCity","TheBeyond","TheEnding"],"potions_floor_usage":[16,38,42,44,47,50,50,50],"damage_taken":[{"damage":5,"enemies":"Jaw Worm","floor":2,"turns":4},{"damage":3,"enemies":"2 Louse","floor":3,"turns":3},{"damage":0,"enemies":"Small Slimes","floor":4,"turns":3},{"damage":0,"enemies":"downfall:FleeingMerchant","floor":8,"turns":4},{"damage":7,"enemies":"Exordium Wildlife","floor":9,"turns":5},{"damage":4,"enemies":"3 Sentries","floor":11,"turns":8},{"damage":1,"enemies":"Large Slime","floor":12,"turns":3},{"damage":2,"enemies":"HollowMod:MossKnight","floor":13,"turns":6},{"damage":0,"enemies":"3 Louse","floor":15,"turns":3},{"damage":41,"enemies":"SI_SHIV_ARCHETYPE","floor":16,"turns":8},{"damage":0,"enemies":"Chosen","floor":19,"turns":3},{"damage":0,"enemies":"3 Byrds","floor":20,"turns":3},{"damage":0,"enemies":"Snake Plant","floor":21,"turns":3},{"damage":1,"enemies":"downfall:FleeingMerchant","floor":22,"turns":4},{"damage":3,"enemies":"3 Cultists","floor":25,"turns":5},{"damage":6,"enemies":"Slavers","floor":26,"turns":3},{"damage":1,"enemies":"Cultist and Chosen","floor":30,"turns":2},{"damage":2,"enemies":"HollowMod:Nosk","floor":31,"turns":3},{"damage":0,"enemies":"Snecko","floor":32,"turns":2},{"damage":2,"enemies":"WA_ARCHETYPE_CALM","floor":33,"turns":7},{"damage":13,"enemies":"3 Shapes","floor":36,"turns":4},{"damage":22,"enemies":"Orin","floor":38,"turns":10},{"damage":23,"enemies":"HollowMod:StalkingDevout","floor":42,"turns":6},{"damage":4,"enemies":"Reptomancer","floor":44,"turns":4},{"damage":35,"enemies":"Nemesis","floor":46,"turns":6},{"damage":2,"enemies":"downfall:FleeingMerchant","floor":47,"turns":3},{"damage":2,"enemies":"3 Darklings","floor":48,"turns":3},{"damage":26,"enemies":"Maw","floor":49,"turns":5},{"damage":31,"enemies":"DF_ARCHETYPE_ORBS","floor":50,"turns":7},{"damage":25,"enemies":"downfall:CharBossMerchant","floor":52,"turns":7},{"damage":62,"enemies":"downfall:NeowBoss","floor":55,"turns":15},{"damage":144,"enemies":"downfall:NeowBossFinal","floor":56,"turns":5}],"seed_played":"-1612423027547420781","potions_obtained":[{"floor":2,"key":"SpeedPotion"},{"floor":11,"key":"Energy Potion"},{"floor":12,"key":"hexamod:SoulburnPotion"},{"floor":16,"key":"Strength Potion"},{"floor":21,"key":"DuplicationPotion"},{"floor":28,"key":"CultistPotion"},{"floor":38,"key":"Dexterity Potion"},{"floor":42,"key":"Guardian:BlockOnCardUsePotion"},{"floor":44,"key":"champ:CounterPotion"},{"floor":49,"key":"Block Potion"}],"is_trial":false,"path_per_floor":["R","M","M","M","?","R","T","$","M","R","E","M","E","?","M","B",null,"R","M","M","M","$","?","T","M","E","R","?","R","M","E","M","B",null,"R","M","?","?","?","R","T","E","R","E","R","E","$","M","M","B",null,"E","$","R","B","B"],"character_chosen":"THE_AUTOMATON","items_purchased":["bronze:DelayedGuard","Happy Flower","bronze:Return","Ice Cream","Bag of Marbles","bronze:ClassDefault"],"campfire_rested":3,"item_purchase_floors":[8,22,22,47,47,53],"current_hp_per_floor":[70,65,62,62,41,41,41,41,34,55,51,50,48,48,48,29,70,70,70,70,70,69,69,69,66,60,60,60,60,59,57,57,68,70,80,67,67,45,45,45,45,22,46,42,66,33,33,33,9,5,80,55,55,55,18,0,0,0],"gold":45,"neow_bonus":"ONE_RANDOM_RARE_CARD","is_daily":false,"chose_seed":false,"campfire_upgraded":7,"win_rate":0.0,"timestamp":1611235542,"path_taken":["R","M","M","M","?","R","T","$","M","R","E","M","E","?","M","BOSS","R","M","M","M","$","?","T","M","E","R","?","R","M","E","M","BOSS","R","M","?","?","?","R","T","E","R","E","R","E","$","M","M","BOSS","E","$","R","BOSS","BOSS"],"items_purchased_type":["Card","Relic","Card","Relic","Relic","Card"],"build_version":"2020-12-22","purchased_purges":2,"victory":false,"max_hp_per_floor":[70,70,70,70,70,70,70,70,70,70,70,70,70,70,70,70,70,70,70,70,70,70,70,70,70,70,70,70,70,70,70,70,70,70,80,80,80,80,80,80,80,80,80,80,80,80,80,80,80,80,80,80,80,80,80,80,80,80],"card_choices":[{"not_picked":["bronze:Overheat","bronze:ForceShield"],"picked":"bronze:FollowUp","floor":2},{"not_picked":["bronze:Shield","bronze:Deprecate"],"picked":"bronze:Constructor","floor":3},{"not_picked":["bronze:DarkDash","bronze:Deprecate"],"picked":"bronze:WildBeam","floor":4},{"not_picked":["bronze:Frontload","bronze:Flail"],"picked":"bronze:ThunderWave","floor":8},{"not_picked":["bronze:BugBarrage","bronze:Shield","bronze:BitShift"],"picked":"SKIP","floor":9},{"not_picked":["bronze:Constructor","bronze:NullPointer"],"picked":"bronze:Fortify","floor":11},{"not_picked":["bronze:BugBarrage","bronze:DelayedGuard"],"picked":"bronze:GetLatest","floor":12},{"not_picked":["bronze:Deprecate","bronze:ItsAFeature"],"picked":"bronze:Format","floor":13},{"not_picked":["bronze:FollowUp","bronze:NullPointer"],"picked":"bronze:Turbo","floor":15},{"not_picked":["bronze:AlphaBuild","bronze:ShipIt"],"picked":"bronze:Virus","floor":16},{"not_picked":["bronze:OilSpill","bronze:Shield+1"],"picked":"bronze:Constructor+1","floor":19},{"not_picked":["bronze:FineTuning+1","bronze:GetLatest+1"],"picked":"bronze:BuggyMess+1","floor":20},{"not_picked":["bronze:ForceShield","bronze:WildBeam"],"picked":"bronze:MaxOutput","floor":21},{"not_picked":["bronze:Turbo+1","bronze:ForceShield"],"picked":"bronze:Boost","floor":22},{"not_picked":["bronze:Turbo","bronze:Frontload","bronze:Iterate"],"picked":"SKIP","floor":25},{"not_picked":["bronze:BugBarrage","bronze:HardenedForm"],"picked":"bronze:BurnOut","floor":26},{"not_picked":["bronze:Flail","bronze:BitShift"],"picked":"bronze:ItsAFeature","floor":30},{"not_picked":["bronze:FollowUp","bronze:CutThrough"],"picked":"bronze:Separator+1","floor":31},{"not_picked":["bronze:WhirlingStrike+1","bronze:BugBarrage","bronze:Overload"],"picked":"SKIP","floor":32},{"not_picked":["bronze:RecursiveStrike","bronze:FindAndReplace"],"picked":"bronze:Virus","floor":33},{"not_picked":["bronze:Overload+1","bronze:CutThrough+1","bronze:DarkDash+1"],"picked":"SKIP","floor":36},{"not_picked":["expansioncontent:YouAreMine","expansioncontent:Hexaburn"],"picked":"expansioncontent:Chronoboost","floor":39},{"not_picked":["bronze:Return+1","bronze:CloningBeam+1","bronze:BugBarrage+1"],"picked":"SKIP","floor":42},{"not_picked":["bronze:MaxOutput","bronze:Fortify"],"picked":"bronze:Turbo","floor":44},{"not_picked":["bronze:BugBarrage+1","bronze:WildBeam+1","bronze:ChosenStrike"],"picked":"SKIP","floor":46},{"not_picked":["bronze:Allocate","bronze:WhirlingStrike+1"],"picked":"bronze:Format","floor":47},{"not_picked":["bronze:WildBeam+1","bronze:BitShift+1","bronze:Turbo"],"picked":"SKIP","floor":48},{"not_picked":["bronze:DigitalCarnage+1","bronze:Iterate+1"],"picked":"bronze:Assembly","floor":49},{"not_picked":["bronze:Iterate","bronze:DelayedSlice+1"],"picked":"bronze:Turbo+1","floor":52}],"player_experience":2887894,"relics_obtained":[{"floor":7,"key":"Blue Candle"},{"floor":11,"key":"hexamod:CandleOfCauterizing"},{"floor":13,"key":"Pantograph"},{"floor":26,"key":"Lantern"},{"floor":31,"key":"bronze:CableSpool"},{"floor":38,"key":"CatCart"},{"floor":41,"key":"Omamori"},{"floor":42,"key":"Bronze Scales"},{"floor":44,"key":"Blood Vial"},{"floor":46,"key":"Akabeko"},{"floor":52,"key":"Sundial"}],"event_choices":[{"damage_healed":0,"gold_gain":0,"player_choice":"Box","damage_taken":0,"relics_obtained":["hexamod:BolsterEngine"],"max_hp_gain":0,"max_hp_loss":0,"event_name":"Big Fish","floor":14,"gold_loss":0,"cards_obtained":["Regret"]},{"cards_removed":["bronze:NullPointer"],"damage_healed":0,"gold_gain":0,"player_choice":"Removed Attack","damage_taken":0,"max_hp_gain":0,"max_hp_loss":0,"event_name":"Falling","floor":37,"gold_loss":0},{"damage_healed":0,"gold_gain":0,"player_choice":"Fight","damage_taken":0,"max_hp_gain":0,"max_hp_loss":0,"event_name":"OrinTheCat","floor":38,"gold_loss":0}],"is_beta":false,"boss_relics":[{"not_picked":["bronze:PlatinumCore","Calling Bell"],"picked":"Cursed Key"},{"not_picked":["Runesmith:UraniumAnvil","theSenshi:MoonKaleidoScopeRelic"],"picked":"Pandora\u0027s Box"}],"items_purged_floors":[8,47],"is_endless":false,"potions_floor_spawned":[2,11,12,15,16,20,21,30,33,38,42,44,49],"killed_by":"downfall:NeowBossFinal","ascension_level":0}}