{"host":"l8n56n8abrvcftzc","time":1611230904,"event":{"mods":["Aspiration","BaseMod","Better Note","Better Third Choice","Colored Map","DeckTracker","Googly Eyes","Highlight Path","Hubris","Minty Spire (QoL Compilation)","Permanent Neow","Relic Stats","Replay The Spire","StSLib","SuperFastMode","Uncapped"],"gold_per_floor":[110,121,121,196,196,196,43,61,61,61,89,89,99,115,115,216,216,236,236,248,261,361,361,378,378,378],"floor_reached":25,"language":"ENG","playtime":1212,"items_purged":["Defend_G"],"score":203,"play_id":"b8d130d6-a501-4b9a-9424-4baa5dc0f445","local_time":"20210121040824","is_ascension_mode":false,"campfire_choices":[{"data":"Neutralize","floor":6.0,"key":"SMITH"},{"data":"Dodge and Roll","floor":10.0,"key":"SMITH"},{"data":"Envenom","floor":12.0,"key":"SMITH"},{"data":"Cloak And Dagger","floor":15.0,"key":"SMITH"},{"floor":23,"key":"REST"}],"circlet_count":0,"master_deck":["Strike_G","Strike_G","Strike_G","Strike_G","Defend_G","Defend_G","Survivor","Neutralize+1","Dodge and Roll+1","Infinite Blades","Envenom+1","Infinite Blades","Envenom+1","Blade Dance","Cloak And Dagger+1","Dagger Spray","Phantasmal Killer+1","Replay:AtTheReady","Evaluate+1"],"relics":["Ring of the Snake","hubris:Towel","hubris:MysteriousPyramids","Centennial Puzzle","aspiration:WatcherSkillbook"],"acts_visited":["Exordium","TheCity"],"potions_floor_usage":[],"damage_taken":[{"damage":1.0,"enemies":"Jaw Worm","floor":1.0,"turns":7.0},{"damage":0.0,"enemies":"Small Slimes","floor":2.0,"turns":4.0},{"damage":3.0,"enemies":"2 Louse","floor":8.0,"turns":3.0},{"damage":10.0,"enemies":"Gremlin Nob","floor":11.0,"turns":4.0},{"damage":1.0,"enemies":"Large Slime","floor":13.0,"turns":4.0},{"damage":0.0,"enemies":"Blue Slaver","floor":14.0,"turns":3.0},{"damage":6.0,"enemies":"Hexaghost","floor":16.0,"turns":6.0},{"damage":7.0,"enemies":"2 Thieves","floor":18.0,"turns":3.0},{"damage":22.0,"enemies":"Spheric Guardian","floor":20.0,"turns":6.0},{"damage":9.0,"enemies":"Centurion and Healer","floor":21.0,"turns":5.0},{"damage":42,"enemies":"Cultist and Chosen","floor":24,"turns":8},{"damage":2,"enemies":"Gremlin Leader","floor":25,"turns":4}],"seed_played":"-7550085949690753509","potions_obtained":[{"floor":2.0,"key":"Dexterity Potion"},{"floor":8.0,"key":"Explosive Potion"},{"floor":11.0,"key":"CunningPotion"},{"floor":20.0,"key":"Adrenaline Potion"},{"floor":21.0,"key":"Venom Potion"}],"is_trial":false,"path_per_floor":["M","M","?","?","?","R","$","M","T","R","E","R","M","M","R","B",null,"M","?","M","M","?","R","M","E"],"character_chosen":"THE_SILENT","items_purchased":["Infinite Blades"],"campfire_rested":1,"item_purchase_floors":[7],"current_hp_per_floor":[48,48,48,37,37,37,37,34,34,34,24,24,23,23,23,17,70,63,63,41,32,32,53,11,9,9],"gold":378,"neow_bonus":"REMOVE_TWO","is_daily":false,"chose_seed":false,"campfire_upgraded":4,"win_rate":0.0,"timestamp":1611230904,"path_taken":["M","M","?","?","?","R","$","M","T","R","E","R","?","M","R","BOSS","M","?","M","M","?","R","?","E"],"items_purchased_type":["Card"],"build_version":"2020-12-22","purchased_purges":1,"victory":false,"max_hp_per_floor":[70,70,70,70,70,70,70,70,70,70,70,70,70,70,70,70,70,70,70,70,70,70,70,70,70,70],"relic_stats":{"Centennial Puzzle":[23],"counters":[12,57],"obtain_stats":[{"Centennial Puzzle":11,"aspiration:WatcherSkillbook":17,"hubris:Towel":5,"hubris:MysteriousPyramids":9,"Ring of the Snake":0},{"Centennial Puzzle":4,"aspiration:WatcherSkillbook":7,"hubris:Towel":2,"hubris:MysteriousPyramids":3,"Ring of the Snake":0},{"Centennial Puzzle":18,"aspiration:WatcherSkillbook":31,"hubris:Towel":11,"hubris:MysteriousPyramids":14,"Ring of the Snake":0}],"Ring of the Snake":[26]},"card_choices":[{"not_picked":["Bane","Predator"],"picked":"Dodge and Roll","floor":1.0},{"not_picked":["Deflect","Hidden Blade"],"picked":"Infinite Blades","floor":2.0},{"not_picked":["Dodge and Roll","Eviscerate"],"picked":"Envenom","floor":8.0},{"not_picked":["Quick Slash","Storm of Steel"],"picked":"Blade Dance","floor":11.0},{"not_picked":["PiercingWail","Flying Knee"],"picked":"Cloak And Dagger","floor":13.0},{"not_picked":["Backflip","Flying Knee"],"picked":"Dagger Spray","floor":14.0},{"not_picked":["Envenom","Bullet Time"],"picked":"Phantasmal Killer","floor":16.0},{"not_picked":["Brilliance","Pray+1","Distraction"],"picked":"Replay:AtTheReady","floor":18.0},{"not_picked":["EmptyBody","CutThroughFate","WindmillStrike"],"picked":"Evaluate+1","floor":20.0},{"not_picked":["Quick Slash+1","Replay:AllIn","Dagger Throw","PathToVictory"],"picked":"SKIP","floor":21.0},{"not_picked":["Quick Slash","Replay:AtTheReady+1","Crescendo","Dagger Throw"],"picked":"SKIP","floor":24}],"player_experience":777368,"relics_obtained":[{"floor":9.0,"key":"hubris:MysteriousPyramids"},{"floor":11.0,"key":"Centennial Puzzle"}],"event_choices":[{"damage_healed":0.0,"max_hp_gain":0.0,"max_hp_loss":0.0,"gold_gain":75.0,"event_name":"betterThird:BetterGoop","player_choice":"Gold","floor":4.0,"gold_loss":0.0,"damage_taken":11.0},{"damage_healed":0.0,"max_hp_gain":0.0,"max_hp_loss":0.0,"gold_gain":0.0,"event_name":"Upgrade Shrine","player_choice":"Upgraded","floor":19.0,"gold_loss":0.0,"damage_taken":0.0,"cards_upgraded":["Phantasmal Killer"]},{"damage_healed":0,"gold_gain":100,"player_choice":"Pray","damage_taken":0,"max_hp_gain":0,"max_hp_loss":0,"event_name":"Golden Shrine","floor":22,"gold_loss":0}],"is_beta":false,"boss_relics":[{"not_picked":["Replay:Ancient Bell","hubris:VirtuousBlindfold"],"picked":"aspiration:WatcherSkillbook"}],"items_purged_floors":[7],"is_endless":false,"potions_floor_spawned":[2,8,11,14,20,21],"killed_by":"Gremlin Leader","ascension_level":0}}