{"host":"17uzppmr1r5fe5jj","time":1611245127,"event":{"mods":["BaseMod","Minty Spire (QoL Compilation)","Quick Restart","StSLib","[IsaacMod]ÒÔÈö¼âËþ"],"gold_per_floor":[117,117,117,135,60,94,105,125,125,156,156,174,174,189,189,286,286,302,319,337,237,162,162,194,194,194,212,224,257,34,134,134,235,235,262,50,50,81,181,240,45,45,45,45,69,143,213,250,250,306],"floor_reached":51,"language":"ZHS","playtime":2997,"items_purged":["Strike_R","Strike_R","Regret","Strike_R"],"score":972,"play_id":"64a3b5e1-b15f-48ae-808b-c649c78e459c","local_time":"20210122000527","is_ascension_mode":true,"campfire_choices":[{"data":"1","floor":11.0,"key":"LIFT"},{"data":"2","floor":13.0,"key":"LIFT"},{"data":"3","floor":15.0,"key":"LIFT"},{"data":"Battle Trance","floor":23.0,"key":"SMITH"},{"data":"Dark Embrace","floor":25.0,"key":"SMITH"},{"data":"Sword Boomerang","floor":32.0,"key":"SMITH"},{"floor":42,"key":"DIG"},{"floor":44,"key":"DIG"},{"floor":49,"key":"REST"}],"circlet_count":0,"master_deck":["Strike_R","Defend_R+1","Defend_R","Defend_R","Defend_R","Bash+1","Armaments+1","Feel No Pain","True Grit","Shrug It Off","Sword Boomerang+1","Fiend Fire","Power Through","Reaper","Juggernaut","Battle Trance+1","Dark Embrace+1","Pommel Strike+1","Shockwave+1","Apotheosis+1","Evolve","CurseOfTheBell","Rupture","Double Tap+1","Second Wind+1","Bloodletting+1","Injury","Parasite"],"relics":["Burning Blood","HushsDoor","Girya","PunchingBag","NeowsBlessing","Singing Bowl","BloodDonationMachine","Kunai","Cursed Key","Toxic Egg 2","Gremlin Horn","PillsDrop","Torii","Shuriken","Calling Bell","SalivaCoin","BookofShadows","Shovel","Membership Card","Frozen Egg 2","Molten Egg 2","Bottled Flame","Pen Nib","DoctorsRemote","FossilizedHelix"],"acts_visited":["Exordium","TheCity","TheBeyond"],"potions_floor_usage":[45,50,50,50],"damage_taken":[{"damage":0.0,"enemies":"Small Slimes","floor":1.0,"turns":1.0},{"damage":0.0,"enemies":"2 Louse","floor":4.0,"turns":1.0},{"damage":0.0,"enemies":"Gremlin Nob","floor":6.0,"turns":1.0},{"damage":0.0,"enemies":"Jaw Worm","floor":7.0,"turns":5.0},{"damage":0.0,"enemies":"Looter","floor":8.0,"turns":2.0},{"damage":7.0,"enemies":"Lagavulin","floor":10.0,"turns":8.0},{"damage":6.0,"enemies":"Exordium Wildlife","floor":12.0,"turns":6.0},{"damage":3.0,"enemies":"Large Slime","floor":14.0,"turns":3.0},{"damage":47.0,"enemies":"The Guardian","floor":16.0,"turns":16.0},{"damage":9.0,"enemies":"Chosen","floor":18.0,"turns":5.0},{"damage":5.0,"enemies":"Shell Parasite","floor":19.0,"turns":4.0},{"damage":23.0,"enemies":"Cultist and Chosen","floor":20.0,"turns":5.0},{"damage":41.0,"enemies":"Book of Stabbing","floor":24.0,"turns":10.0},{"damage":0.0,"enemies":"Snake Plant","floor":27.0,"turns":2.0},{"damage":12.0,"enemies":"3 Cultists","floor":28.0,"turns":4.0},{"damage":42.0,"enemies":"Gremlin Leader","floor":29.0,"turns":5.0},{"damage":16.0,"enemies":"Colosseum Slavers","floor":31.0,"turns":5.0},{"damage":27.0,"enemies":"Colosseum Nobs","floor":31.0,"turns":5.0},{"damage":25.0,"enemies":"Collector","floor":33.0,"turns":7.0},{"damage":4.0,"enemies":"3 Shapes","floor":35.0,"turns":3.0},{"damage":21.0,"enemies":"3 Darklings","floor":38.0,"turns":5.0},{"damage":30.0,"enemies":"Nemesis","floor":40.0,"turns":5.0},{"damage":3,"enemies":"Transient","floor":45,"turns":5},{"damage":19,"enemies":"2 Orb Walkers","floor":46,"turns":6},{"damage":50,"enemies":"Writhing Mass","floor":47,"turns":7},{"damage":26,"enemies":"Spire Growth","floor":48,"turns":7},{"damage":53,"enemies":"Awakened One","floor":50,"turns":10}],"seed_played":"1411820405902383131","potions_obtained":[{"floor":7.0,"key":"SpeedPotion"},{"floor":8.0,"key":"Fire Potion"},{"floor":14.0,"key":"Energy Potion"},{"floor":19.0,"key":"SteroidPotion"},{"floor":24.0,"key":"BlessingOfTheForge"},{"floor":33.0,"key":"AttackPotion"},{"floor":38.0,"key":"Explosive Potion"},{"floor":46,"key":"Strength Potion"},{"floor":47,"key":"ColorlessPotion"},{"floor":48,"key":"Energy Potion"}],"is_trial":false,"path_per_floor":["M","?","?","M","$","E","M","M","T","E","R","M","R","M","R","B",null,"M","M","M","$","?","R","E","R","T","M","M","E","$","?","R","B",null,"M","$","?","M","?","E","$","R","T","R","M","?","M","M","R","B",null],"character_chosen":"IRONCLAD","items_purchased":["Juggernaut","Apotheosis+1","Evolve","Rupture","Double Tap+1","Membership Card","Molten Egg 2"],"campfire_rested":1,"item_purchase_floors":[17,30,30,34,34,36,41],"current_hp_per_floor":[80,80,64,70,70,76,80,80,80,79,79,81,81,82,82,41,78,78,80,72,72,72,72,45,45,45,51,61,46,46,41,41,40,79,79,79,79,79,79,57,57,57,57,57,62,71,48,30,56,47],"gold":306,"neow_bonus":"THREE_ENEMY_KILL","is_daily":false,"chose_seed":false,"campfire_upgraded":3,"win_rate":0.0,"timestamp":1611245127,"path_taken":["M","?","?","M","$","E","M","M","T","E","R","M","R","M","R","BOSS","M","M","M","$","?","R","E","R","T","M","M","E","$","?","R","BOSS","M","$","?","M","?","E","$","R","T","R","M","?","M","?","R","BOSS"],"items_purchased_type":["Card","Card","Card","Card","Card","Relic","Relic"],"build_version":"2020-12-22","purchased_purges":4,"victory":true,"max_hp_per_floor":[80,80,80,80,80,80,80,80,80,80,80,82,82,82,82,82,78,78,80,82,82,82,82,82,82,82,82,84,84,84,86,86,86,79,79,79,79,79,79,81,81,81,81,81,83,85,87,89,89,89],"card_choices":[{"not_picked":[],"picked":"Bomb","floor":0.0},{"not_picked":["Pummel","Metallicize"],"picked":"Armaments","floor":1.0},{"not_picked":["Warcry","Body Slam"],"picked":"Feel No Pain","floor":4.0},{"not_picked":["Wild Strike","Entrench"],"picked":"True Grit","floor":6.0},{"not_picked":["Infernal Blade","Twin Strike"],"picked":"Shrug It Off","floor":7.0},{"not_picked":["Rampage","Headbutt"],"picked":"Sword Boomerang","floor":8.0},{"not_picked":["Intimidate","Evolve"],"picked":"Fiend Fire","floor":10.0},{"not_picked":["Feel No Pain","Havoc","Perfected Strike"],"picked":"Singing Bowl","floor":12.0},{"not_picked":["Hemokinesis","Sever Soul"],"picked":"Power Through","floor":14.0},{"not_picked":["Immolate","Corruption"],"picked":"Reaper","floor":16.0},{"not_picked":["Fire Breathing","Whirlwind+1"],"picked":"Battle Trance","floor":18.0},{"not_picked":["Headbutt+1","Iron Wave","Heavy Blade"],"picked":"Singing Bowl","floor":19.0},{"not_picked":["Heavy Blade","Sever Soul+1","Iron Wave"],"picked":"Singing Bowl","floor":20.0},{"not_picked":["Pummel+1","Iron Wave+1"],"picked":"Dark Embrace","floor":24.0},{"not_picked":["Searing Blow","Second Wind+1"],"picked":"Pommel Strike+1","floor":27.0},{"not_picked":["Warcry+1","Heavy Blade+1","True Grit+1"],"picked":"Singing Bowl","floor":28.0},{"not_picked":["Spot Weakness+1","Shrug It Off+1"],"picked":"Shockwave+1","floor":29.0},{"not_picked":["Iron Wave","Heavy Blade+1","Havoc+1"],"picked":"Singing Bowl","floor":31.0},{"not_picked":["Reaper","Bludgeon"],"picked":"Brutality","floor":33.0},{"not_picked":["Havoc+1","Body Slam"],"picked":"Second Wind+1","floor":35.0},{"not_picked":["Blood for Blood","Flex+1"],"picked":"Bloodletting+1","floor":38.0},{"not_picked":["Immolate","Headbutt+1","Perfected Strike"],"picked":"Singing Bowl","floor":40.0},{"not_picked":["Evolve+1","Flex+1","Heavy Blade+1"],"picked":"Singing Bowl","floor":45},{"not_picked":["Twin Strike+1","Searing Blow+1","Flex+1"],"picked":"Singing Bowl","floor":46},{"not_picked":["Sentinel+1","Clothesline+1","Thunderclap+1"],"picked":"Singing Bowl","floor":47},{"not_picked":["Iron Wave+1","Infernal Blade+1","Blood for Blood+1"],"picked":"Singing Bowl","floor":48}],"player_experience":98856,"relics_obtained":[{"floor":6.0,"key":"Singing Bowl"},{"floor":9.0,"key":"BloodDonationMachine"},{"floor":10.0,"key":"Kunai"},{"floor":24.0,"key":"Toxic Egg 2"},{"floor":26.0,"key":"Gremlin Horn"},{"floor":29.0,"key":"PillsDrop"},{"floor":31.0,"key":"Torii"},{"floor":31.0,"key":"Shuriken"},{"floor":34.0,"key":"SalivaCoin"},{"floor":34.0,"key":"BookofShadows"},{"floor":34.0,"key":"Shovel"},{"floor":40.0,"key":"Frozen Egg 2"},{"floor":42,"key":"Bottled Flame"},{"floor":43,"key":"Pen Nib"},{"floor":44,"key":"DoctorsRemote"},{"floor":46,"key":"FossilizedHelix"}],"event_choices":[{"damage_healed":0.0,"max_hp_gain":0.0,"max_hp_loss":0.0,"gold_gain":0.0,"event_name":"Living Wall","player_choice":"Grow","floor":2.0,"gold_loss":0.0,"damage_taken":0.0,"cards_upgraded":["Armaments"]},{"damage_healed":0.0,"max_hp_gain":0.0,"max_hp_loss":0.0,"gold_gain":0.0,"event_name":"Shining Light","player_choice":"Entered Light","floor":3.0,"gold_loss":0.0,"damage_taken":16.0,"cards_upgraded":["Defend_R","Bash"]},{"cards_removed":["Strike_R"],"damage_healed":0.0,"max_hp_gain":0.0,"max_hp_loss":0.0,"gold_gain":0.0,"event_name":"Beggar","player_choice":"Gave Gold","floor":22.0,"gold_loss":75.0,"damage_taken":0.0},{"damage_healed":0.0,"max_hp_gain":0.0,"max_hp_loss":0.0,"gold_gain":0.0,"event_name":"Colosseum","player_choice":"Fight","floor":31.0,"gold_loss":0.0,"damage_taken":0.0},{"damage_healed":0.0,"max_hp_gain":0.0,"max_hp_loss":0.0,"gold_gain":0.0,"event_name":"Colosseum","player_choice":"Fought Nobs","floor":31.0,"gold_loss":0.0,"damage_taken":0.0},{"cards_removed":["Brutality"],"damage_healed":0.0,"max_hp_gain":0.0,"max_hp_loss":0.0,"gold_gain":0.0,"event_name":"Falling","player_choice":"Removed Power","floor":37.0,"gold_loss":0.0,"damage_taken":0.0},{"damage_healed":0.0,"max_hp_gain":0.0,"max_hp_loss":0.0,"gold_gain":100.0,"event_name":"Golden Shrine","player_choice":"Pray","floor":39.0,"gold_loss":0.0,"damage_taken":0.0},{"damage_healed":0,"gold_gain":0,"player_choice":"Fight","damage_taken":0,"max_hp_gain":0,"max_hp_loss":0,"event_name":"Mysterious Sphere","floor":46,"gold_loss":0}],"is_beta":false,"boss_relics":[{"not_picked":["Black Star","Empty Cage"],"picked":"Cursed Key"},{"not_picked":[]},{"not_picked":["Runic Pyramid","Coffee Dripper"],"picked":"Calling Bell"},{"not_picked":[]}],"items_purged_floors":[5,21,36,41],"is_endless":false,"potions_floor_spawned":[7,8,14,19,24,33,38,46,47,48],"ascension_level":2}}