{"host":"9d9dhukr2jywmy0f","time":1611216101,"event":{"mods":["2.2 Compatiblity","ATMod(阿瑾Mod)","Act Like it!","Alarm Clock","Aspiration","BaseMod","Bestiary","Block Reminder","Challenge The Spire","Colored Map","Colored Powertips","Conspire","Curses Come First","DeckTracker","Dota2Spire","Energized Spire","Fox Events","GifTheSpireLib","Halation","Highlight Path","Hubris","Infinite Spire","Ironclad Rager","Jedi Mod","Jess\u0027s Bottle","Key Reminder","LazyManMod","Minty Spire (QoL Compilation)","Mirrors Mod","MostiFishMod","Pale of the Ancients","Poem Panic","Poor People Problems","Quarter Circle Forward PUNCH!","Quick Restart","RRrroohrrRGHHhhh!!","Rare Cards Sparkle","RatMod","Relic Sorter","Relic Stats","Replay The Spire","Retaliation","RumiaBox-露米娅的神秘盒子","SCP261 Mod","Shop Mod","Spicy Shops","Spikes Relics","Spire Arcade","Spire Birthday Party","StS++","StSLib","Stuff the Spire","SuperFastMode","Swap Starting Deck Mod","Synergy Search","TestMod","The Blue Laboratory","Thieving Mod","Trackpad","Unceasing Turn Reminder","Unknown Chances","Virulent Crown","[IsaacMod]以撒尖塔","[功能]功能增强和修复MOD","vexMod","【遗物卡牌】REMEMod"],"gold_per_floor":[109,159,178,198,248,248,275,275,275,275,307,72,72,72,72,72,72],"floor_reached":16,"language":"ZHS","playtime":1367,"items_purged":["Strike_R"],"score":192,"play_id":"56fa16b0-c391-4162-902d-66a8e966e1c6","local_time":"20210121160141","is_ascension_mode":true,"campfire_choices":[{"data":"dwlrmod:IceLance","floor":6.0,"key":"SMITH"},{"data":"AT_MachinaRedman","floor":8.0,"key":"SMITH"},{"data":"Outmaneuver","floor":10.0,"key":"SMITH"},{"data":"REME_LeechingPoison","floor":13.0,"key":"SMITH"},{"data":"StuffTheSpire:Perfection","floor":15.0,"key":"SMITH"}],"circlet_count":0,"master_deck":["AscendersBane","Strike_R+1","Strike_R+1","Strike_R","Strike_R","Defend_R","Defend_R","Defend_R","Defend_R","Bash","AT_MachinaRedman+1","Feint","REME_LeechingPoison+1","Backflip+1","dwlrmod:IceLance+1","Outmaneuver+1","dwlrmod:PowerOverwhelming","Evolve","Second Wind","Shrug It Off","StuffTheSpire:Perfection+1"],"relics":["Burning Blood","AT_ATBox","DaveBox","testmod-TestBox","HushsDoor","REME_ComplimentaryCards","PrismaticShard","testmod-StringDisintegrator","SteamSale","aspiration:ChemicalBlood","Baka","dwlrmod:ProjectRecorder","Dota2Spire:MantaStyle","Blue Doll","keyreminder:keyreminder","conspire:DeflatedDodgeball","StSpp:Dice","REME_HandOfSuture","Bronze Scales"],"acts_visited":["Exordium"],"potions_floor_usage":[],"damage_taken":[{"damage":9.0,"enemies":"Jaw Worm","floor":1.0,"turns":3.0},{"damage":0.0,"enemies":"Cultist","floor":3.0,"turns":3.0},{"damage":5.0,"enemies":"infinitespire:Voidling","floor":4.0,"turns":3.0},{"damage":8.0,"enemies":"Hiden Room Battle","floor":5.0,"turns":3.0},{"damage":23.0,"enemies":"Gremlin Nob","floor":11.0,"turns":4.0},{"damage":0,"enemies":"Fading Forest","floor":16,"turns":1}],"seed_played":"-7690278929646363191","potions_obtained":[{"floor":3.0,"key":"blueLaboratory:PhilterOfMotion"},{"floor":4.0,"key":"blueLaboratory:BottleOfVodka"},{"floor":11.0,"key":"Strength Potion"},{"floor":11.0,"key":"blueLaboratory:FrostheartPotion"}],"is_trial":false,"path_per_floor":["M","?","M","M","?","R","T","R","T","R","E","$","R","?","R","B"],"character_chosen":"IRONCLAD","items_purchased":["StSpp:Dice","REME_HandOfSuture","Shrug It Off"],"campfire_rested":0,"item_purchase_floors":[12,12,12],"current_hp_per_floor":[65,65,75,75,73,73,73,73,73,73,56,56,56,56,56,56,56],"gold":72,"neow_bonus":"RANDOM_COMMON_RELIC","is_daily":false,"chose_seed":false,"campfire_upgraded":5,"win_rate":0.0,"timestamp":1611216101,"path_taken":["M","?","M","?","?","R","?","R","T","R","E","$","R","?","R","BOSS"],"items_purchased_type":["Relic","Relic","Card"],"build_version":"2020-11-30","purchased_purges":1,"victory":false,"max_hp_per_floor":[75,75,75,75,75,75,75,75,75,75,75,75,75,75,75,75,75],"relic_stats":{"counters":[6,17],"Bronze Scales":[0],"obtain_stats":[{"KeepersGift":0,"dwlrmod:ProjectRecorder":3,"Dota2Spire:MantaStyle":5,"AT_ATBox":0,"testmod-TestBox":0,"DaveBox":0,"Blue Doll":5,"Baka":1,"PrismaticShard":0,"SteamSale":0,"Burning Blood":0,"keyreminder:keyreminder":9,"StSpp:Dice":12,"testmod-StringDisintegrator":0,"Bronze Scales":16,"REME_HandOfSuture":12,"hubris:TenFootPole":7,"conspire:DeflatedDodgeball":11,"HushsDoor":0,"REME_ComplimentaryCards":0,"aspiration:ChemicalBlood":0},{"KeepersGift":0,"dwlrmod:ProjectRecorder":2,"Dota2Spire:MantaStyle":4,"AT_ATBox":0,"testmod-TestBox":0,"DaveBox":0,"Blue Doll":4,"Baka":1,"PrismaticShard":0,"SteamSale":0,"Burning Blood":0,"keyreminder:keyreminder":4,"StSpp:Dice":5,"testmod-StringDisintegrator":0,"Bronze Scales":6,"REME_HandOfSuture":5,"hubris:TenFootPole":4,"conspire:DeflatedDodgeball":5,"HushsDoor":0,"REME_ComplimentaryCards":0,"aspiration:ChemicalBlood":0},{"KeepersGift":0,"dwlrmod:ProjectRecorder":6,"Dota2Spire:MantaStyle":12,"AT_ATBox":0,"testmod-TestBox":0,"DaveBox":0,"Blue Doll":12,"Baka":3,"PrismaticShard":0,"SteamSale":0,"Burning Blood":0,"keyreminder:keyreminder":12,"StSpp:Dice":16,"testmod-StringDisintegrator":0,"Bronze Scales":17,"REME_HandOfSuture":16,"hubris:TenFootPole":12,"conspire:DeflatedDodgeball":16,"HushsDoor":0,"REME_ComplimentaryCards":0,"aspiration:ChemicalBlood":0}],"Burning Blood":18},"card_choices":[{"not_picked":[],"picked":"Bomb","floor":0.0},{"not_picked":["StSpp:Throw","rat:EchoingStrikes"],"picked":"REME_LeechingPoison","floor":1.0},{"not_picked":["Seeing Red","Evaluate"],"picked":"Backflip","floor":3.0},{"not_picked":["dwlrmod:EnhancingPotionDurian","dwlrmod:GaunterODimm"],"picked":"dwlrmod:IceLance","floor":4.0},{"not_picked":["rorgmod:Steady Aim","AT_BodySlamDance"],"picked":"Outmaneuver","floor":4.0},{"not_picked":["dwlrmod:Caretaker","dwlrmod:Punpa"],"picked":"dwlrmod:PowerOverwhelming","floor":5.0},{"not_picked":["StuffTheSpire:Plugnplay","jedi:sharpshooter"],"picked":"Evolve","floor":5.0},{"not_picked":["StuffTheSpire:SnapShoot","MostiFishMod:LinkProtocol","Halt"],"picked":"SKIP","floor":11.0},{"not_picked":["StuffTheSpire:Brawn","StuffTheSpire:Ambrosia"],"picked":"StuffTheSpire:Perfection","floor":14.0}],"player_experience":849206,"relics_obtained":[{"floor":1.0,"key":"Baka"},{"floor":3.0,"key":"dwlrmod:ProjectRecorder"},{"floor":5.0,"key":"Dota2Spire:MantaStyle"},{"floor":5.0,"key":"Blue Doll"},{"floor":7.0,"key":"hubris:TenFootPole"},{"floor":11.0,"key":"conspire:DeflatedDodgeball"}],"event_choices":[{"damage_healed":0.0,"max_hp_gain":0.0,"max_hp_loss":0.0,"gold_gain":50.0,"event_name":"Golden Shrine","player_choice":"Pray","floor":2.0,"gold_loss":0.0,"damage_taken":0.0},{"damage_healed":0.0,"max_hp_gain":0.0,"max_hp_loss":0.0,"gold_gain":0.0,"event_name":"HidenRoomEvent","player_choice":"Fight","floor":5.0,"gold_loss":0.0,"damage_taken":0.0}],"is_beta":false,"boss_relics":[],"items_purged_floors":[12],"is_endless":false,"potions_floor_spawned":[3,4,11],"killed_by":"Fading Forest","ascension_level":20}}