{"host":"och2iitg9ibgz06n","time":1611265411,"event":{"mods":["Abigail Mod","AchievementEnabler","Aspiration","BaseMod","Colored Powertips","Dio Mod","Hubris","Hyrulean Relics","Infinite Spire","Minty Spire (QoL Compilation)","Replay The Spire","Small Relic Pack","StSLib","The Animator","The Bug Knight","The Hierophant","The Jungle","The Saiyan","TheHero","Wandering Minibosses","everything is the same but u backflip on backflip","slay the spire mod where everything is the same but ironclad has a cowboy hat","vexMod"],"gold_per_floor":[117,92,105,105,116,148,148,162,215,232,243,243,243],"floor_reached":12,"language":"ENG","playtime":426,"items_purged":[],"score":119,"play_id":"779c5bec-f212-4c32-a41e-ec34a3887339","local_time":"20210121154331","is_ascension_mode":true,"campfire_choices":[{"floor":7,"key":"REST"}],"circlet_count":0,"master_deck":["Strike_R","Strike_R","Strike_R","Strike_R","Strike_R","Defend_R","Defend_R","Defend_R","Defend_R","Bash","Run Through","Anger","Flex","Shrug It Off","Disarm","Warcry"],"relics":["Burning Blood","Potion Belt","Molten Egg 2","Shovel"],"acts_visited":["Exordium"],"potions_floor_usage":[],"damage_taken":[{"damage":6,"enemies":"Cultist","floor":1,"turns":4},{"damage":10,"enemies":"Small Slimes","floor":3,"turns":3},{"damage":0,"enemies":"2 Louse","floor":5,"turns":2},{"damage":52,"enemies":"Gremlin Nob","floor":6,"turns":5},{"damage":12,"enemies":"Looter","floor":8,"turns":3},{"damage":6,"enemies":"Red Slaver","floor":10,"turns":5},{"damage":13,"enemies":"Lots of Slimes","floor":11,"turns":6},{"damage":42,"enemies":"3 Sentries","floor":12,"turns":6}],"seed_played":"-6036809103191647961","potions_obtained":[{"floor":3,"key":"PowerPotion"},{"floor":8,"key":"Languid Potion"},{"floor":11,"key":"SneckoOil"}],"is_trial":false,"path_per_floor":["M","?","M","?","M","E","R","M","T","M","M","E"],"character_chosen":"IRONCLAD","items_purchased":[],"campfire_rested":1,"item_purchase_floors":[],"current_hp_per_floor":[72,72,68,68,74,28,52,46,46,46,39,0,0],"gold":243,"neow_bonus":"RANDOM_COMMON_RELIC","is_daily":false,"chose_seed":false,"campfire_upgraded":0,"win_rate":0.0,"timestamp":1611265411,"path_taken":["M","?","M","?","M","E","R","M","T","M","M","E"],"items_purchased_type":[],"build_version":"2020-12-22","purchased_purges":0,"victory":false,"max_hp_per_floor":[80,80,80,80,80,80,80,80,80,80,80,80,80],"card_choices":[{"not_picked":["Twin Strike","Iron Wave"],"picked":"Run Through","floor":1},{"not_picked":["ReplayTheSpireMod:Strike From Hell","Headbutt"],"picked":"Anger","floor":3},{"not_picked":["Clash+1","hubris:ReadiedAction"],"picked":"Flex","floor":5},{"not_picked":["Pommel Strike+1","True Grit","Evolve"],"picked":"SKIP","floor":6},{"not_picked":["Headbutt+1","True Grit"],"picked":"Shrug It Off","floor":8},{"not_picked":["Iron Wave+1","Juggernaut"],"picked":"Disarm","floor":10},{"not_picked":["Havoc","ReplayReversal"],"picked":"Warcry","floor":11}],"player_experience":441389,"relics_obtained":[{"floor":4,"key":"Molten Egg 2"},{"floor":6,"key":"Shovel"}],"event_choices":[],"is_beta":false,"boss_relics":[],"items_purged_floors":[],"is_endless":false,"potions_floor_spawned":[3,8,11],"killed_by":"3 Sentries","ascension_level":9}}