{"host":"22s5scuj7mu87reg","time":1611189069,"event":{"mods":["BaseMod","Better Third Choice","Colored Powertips","Dota2Spire","Downfall","Duelist Mod","GungeonMod","Halation","Hubris","Infinite Spire","Koishi","KomeijiMod","Minty Spire (QoL Compilation)","Quick Restart","Replay The Spire","Shop Mod","StSLib","SuperFastMode","The Jungle","The Mystic","The Necromancer","Wandering Minibosses"],"gold_per_floor":[366,366,138,153,4,4,36,36,85,85,140,152,152,164,164,262,262,273,198,209,209,224,259,259,289,312,312,329,347,35,51,51,51,51],"floor_reached":33,"language":"POL","playtime":1538,"items_purged":["Strike_B","Strike_B","Defend_B"],"score":356,"play_id":"ccdaf0fb-97c3-4aac-a818-76eea008ecef","local_time":"20210121013109","is_ascension_mode":true,"campfire_choices":[{"data":"Zap","floor":6.0,"key":"SMITH"},{"floor":10.0,"key":"REST"},{"data":"ReplayTheSpireMod:Calculation Training","floor":13.0,"key":"SMITH"},{"data":"Barrage","floor":15.0,"key":"SMITH"},{"floor":24.0,"key":"REST"},{"floor":27.0,"key":"REST"},{"floor":32.0,"key":"REST"}],"circlet_count":0,"master_deck":["Defend_B","Defend_B","Defend_B","Zap+1","Dualcast","Coolheaded","Glacier","Beam Cell","Hologram","Barrage+1","ReplayTheSpireMod:Splinters","Double Energy","ReplayTheSpireMod:Calculation Training+1","Ball Lightning","Core Surge","Coolheaded","Static Discharge+1","ReplayTheSpireMod:Black Plague","Ball Lightning+1","Seek","Time Bomb","Hologram"],"relics":["Cracked Core","hubris:OldNail","Lantern","Dota2Spire:AghanimScepter","hubris:ScarierMask","Counterbalance","DemoMod:WhiteGuonStone","MerchantsRug","Omamori"],"acts_visited":["Exordium","TheCity"],"potions_floor_usage":[33],"damage_taken":[{"damage":2.0,"enemies":"Small Slimes","floor":1.0,"turns":3.0},{"damage":0.0,"enemies":"Cultist","floor":4.0,"turns":4.0},{"damage":19.0,"enemies":"Replay:BlueRogue","floor":7.0,"turns":9.0},{"damage":0.0,"enemies":"2 Louse","floor":12.0,"turns":2.0},{"damage":6.0,"enemies":"Gremlin Gang","floor":14.0,"turns":5.0},{"damage":24.0,"enemies":"The Guardian","floor":16.0,"turns":12.0},{"damage":0.0,"enemies":"Spheric Guardian","floor":18.0,"turns":6.0},{"damage":1.0,"enemies":"3 Byrds","floor":20.0,"turns":5.0},{"damage":13.0,"enemies":"Snake Plant","floor":22.0,"turns":3.0},{"damage":27.0,"enemies":"Gremlin Leader","floor":23.0,"turns":6.0},{"damage":9.0,"enemies":"Book of Stabbing","floor":25.0,"turns":4.0},{"damage":16.0,"enemies":"Centurion and Healer","floor":28.0,"turns":3.0},{"damage":0.0,"enemies":"3 Cultists","floor":29.0,"turns":6.0},{"damage":5.0,"enemies":"Snake Plant","floor":31.0,"turns":2.0},{"damage":40,"enemies":"Collector","floor":33,"turns":6}],"seed_played":"-5924558974064818922","potions_obtained":[{"floor":1.0,"key":"Energy Potion"},{"floor":11.0,"key":"Strength Potion"},{"floor":16.0,"key":"SpeedPotion"},{"floor":23.0,"key":"sneckomod:MuddlingPotion"}],"is_trial":false,"path_per_floor":["M","?","$","M","$","R","E","?","T","R","?","M","R","M","R","B",null,"M","?","M","?","M","E","R","E","T","R","M","M","$","M","R","B"],"character_chosen":"DEFECT","items_purchased":["hubris:OldNail","Beam Cell","MerchantsRug","Omamori"],"campfire_rested":4,"item_purchase_floors":[3,5,30,30],"current_hp_per_floor":[52,45,45,45,45,45,26,26,26,48,48,48,48,42,42,18,61,61,61,60,42,29,2,24,15,15,37,21,21,21,16,38,0,0],"gold":51,"neow_bonus":"TWO_FIFTY_GOLD","is_daily":false,"chose_seed":false,"campfire_upgraded":3,"win_rate":0.0,"timestamp":1611189069,"path_taken":["M","?","$","?","$","R","E","?","T","R","?","?","R","M","R","BOSS","M","?","M","?","M","E","R","E","T","R","M","M","?","?","R","BOSS"],"items_purchased_type":["Relic","Card","Relic","Relic"],"build_version":"2020-12-13","purchased_purges":3,"victory":false,"max_hp_per_floor":[75,75,75,75,75,75,75,75,75,75,75,75,75,75,75,75,75,75,75,75,75,75,75,75,75,75,75,75,75,75,75,75,75,75],"card_choices":[{"not_picked":["Sweeping Beam","Skim"],"picked":"Coolheaded","floor":1.0},{"not_picked":["Genetic Algorithm","Gash"],"picked":"Glacier","floor":4.0},{"not_picked":["Go for the Eyes","Capacitor"],"picked":"Hologram","floor":7.0},{"not_picked":["Cold Snap","Sweeping Beam"],"picked":"Double Energy","floor":11.0},{"not_picked":["Stack","Hello World"],"picked":"ReplayTheSpireMod:Calculation Training","floor":12.0},{"not_picked":["Conserve Battery","Fusion"],"picked":"Ball Lightning","floor":14.0},{"not_picked":["ReplayRNGCard","Mirror Shield"],"picked":"Core Surge","floor":16.0},{"not_picked":["Gash","hubris:Ukulele"],"picked":"Coolheaded","floor":18.0},{"not_picked":["hubris:PowerSurge+1","Crystallizer"],"picked":"Static Discharge+1","floor":20.0},{"not_picked":["infinitespire:Menacing","infinitespire:DeathsTouch"],"picked":"ReplayTheSpireMod:Black Plague","floor":21.0},{"not_picked":["Go for the Eyes","Consume"],"picked":"Ball Lightning+1","floor":22.0},{"not_picked":["ReplayTheSpireMod:Reroute Power","FTL"],"picked":"Seek","floor":23.0},{"not_picked":["Ball Lightning","Redo"],"picked":"Time Bomb","floor":25.0},{"not_picked":["Steam","Compile Driver+1","Turbo"],"picked":"SKIP","floor":28.0},{"not_picked":["Reprogram","Redo","Glacier"],"picked":"SKIP","floor":29.0},{"not_picked":["Rip and Tear","Fusion"],"picked":"Hologram","floor":31.0}],"player_experience":160027,"relics_obtained":[{"floor":7.0,"key":"Vajra"},{"floor":9.0,"key":"Lantern"},{"floor":11.0,"key":"Dota2Spire:AghanimScepter"},{"floor":23.0,"key":"Counterbalance"},{"floor":25.0,"key":"DemoMod:WhiteGuonStone"},{"floor":26.0,"key":"halation:PrussianBluePaint"}],"event_choices":[{"damage_healed":0.0,"max_hp_gain":0.0,"max_hp_loss":0.0,"gold_gain":0.0,"event_name":"Wheel of Change","player_choice":"Damaged","floor":2.0,"gold_loss":0.0,"damage_taken":7.0},{"damage_healed":0.0,"max_hp_gain":0.0,"max_hp_loss":0.0,"gold_gain":0.0,"cards_transformed":["Strike_B"],"event_name":"Living Wall","player_choice":"Change","floor":8.0,"gold_loss":0.0,"damage_taken":0.0,"cards_obtained":["Barrage"]},{"cards_removed":["Strike_B"],"damage_healed":0.0,"max_hp_gain":0.0,"max_hp_loss":0.0,"gold_gain":0.0,"event_name":"Beggar","player_choice":"Gave Gold","floor":19.0,"gold_loss":75.0,"damage_taken":0.0}],"is_beta":false,"boss_relics":[{"not_picked":["hubris:BlackHole","Fusion Hammer"],"picked":"hubris:ScarierMask"}],"items_purged_floors":[3,5,30],"is_endless":false,"potions_floor_spawned":[1,16,20,23,25],"killed_by":"Collector","ascension_level":5}}