{"host":"puf131q5awx2h4uh","time":1611227427,"event":{"mods":["BaseMod","Minty Spire (QoL Compilation)","Quick Restart","Shop Mod","StSLib"],"gold_per_floor":[110,11,27,37,187,216,216,216,240,274,274,274,291,66,66,139,139,154,1,14,14,14,25,44,44,44,44,54,34,44,44,44,123,123,136,148,159,159,159,159,159,159],"floor_reached":41,"language":"ZHS","playtime":997,"items_purged":["Doubt","Strike_G"],"score":789,"play_id":"1cb80571-0832-4346-9265-f14d85d1867d","local_time":"20210121191027","is_ascension_mode":true,"campfire_choices":[{"data":"Accuracy","floor":8.0,"key":"SMITH"},{"data":"Accuracy","floor":12.0,"key":"SMITH"},{"floor":15.0,"key":"REST"},{"data":"Cloak And Dagger","floor":25.0,"key":"SMITH"},{"data":"Blade Dance","floor":27.0,"key":"SMITH"},{"data":"Blade Dance","floor":32.0,"key":"SMITH"},{"floor":40,"key":"REST"}],"circlet_count":0,"master_deck":["AscendersBane","Strike_G","Strike_G","Strike_G","Strike_G","Defend_G","Defend_G","Defend_G","Defend_G","Defend_G","Survivor","Neutralize","Poisoned Stab","Accuracy+1","Blade Dance+1","Footwork","Blade Dance+1","Accuracy+1","After Image","Cloak And Dagger+1","Finisher","Calculated Gamble"],"relics":["Ring of the Snake","NeowsBlessing","Snake Skull","Tingsha","Happy Flower","Juzu Bracelet","TwistedFunnel","WristBlade","SlaversCollar"],"acts_visited":["Exordium","TheCity","TheBeyond"],"potions_floor_usage":[41,41],"damage_taken":[{"damage":0.0,"enemies":"Cultist","floor":1.0,"turns":1.0},{"damage":0.0,"enemies":"Jaw Worm","floor":3.0,"turns":1.0},{"damage":0.0,"enemies":"2 Louse","floor":4.0,"turns":1.0},{"damage":48.0,"enemies":"Lagavulin","floor":6.0,"turns":8.0},{"damage":25.0,"enemies":"Gremlin Nob","floor":10.0,"turns":4.0},{"damage":13.0,"enemies":"Large Slime","floor":13.0,"turns":6.0},{"damage":0.0,"enemies":"Slime Boss","floor":16.0,"turns":6.0},{"damage":7.0,"enemies":"Shell Parasite","floor":18.0,"turns":3.0},{"damage":6.0,"enemies":"2 Thieves","floor":20.0,"turns":3.0},{"damage":0.0,"enemies":"Centurion and Healer","floor":23.0,"turns":4.0},{"damage":0.0,"enemies":"Snecko","floor":24.0,"turns":3.0},{"damage":0.0,"enemies":"Cultist and Chosen","floor":28.0,"turns":4.0},{"damage":0.0,"enemies":"Centurion and Healer","floor":30.0,"turns":4.0},{"damage":38.0,"enemies":"Collector","floor":33.0,"turns":6.0},{"damage":18.0,"enemies":"Orb Walker","floor":35.0,"turns":3.0},{"damage":0.0,"enemies":"3 Shapes","floor":36.0,"turns":4.0},{"damage":14,"enemies":"Writhing Mass","floor":37,"turns":5},{"damage":35,"enemies":"Nemesis","floor":41,"turns":5}],"seed_played":"-971147517760845318","potions_obtained":[{"floor":3.0,"key":"CultistPotion"},{"floor":4.0,"key":"FairyPotion"},{"floor":18.0,"key":"CunningPotion"},{"floor":23.0,"key":"LiquidMemories"},{"floor":29.0,"key":"LiquidMemories"},{"floor":35.0,"key":"EntropicBrew"}],"is_trial":false,"path_per_floor":["M","$","M","M","?","E","?","R","T","E","?","R","M","$","R","B",null,"M","$","M","?","?","M","M","R","T","R","M","?","M","$","R","B",null,"M","M","M","?","?","R","E"],"character_chosen":"THE_SILENT","items_purchased":["Accuracy","Blade Dance","TwistedFunnel","Cloak And Dagger"],"campfire_rested":2,"item_purchase_floors":[2,2,14,19],"current_hp_per_floor":[59,59,59,59,59,11,11,11,11,19,19,19,6,6,25,25,56,49,49,43,43,43,43,43,43,43,43,43,43,43,43,43,5,51,33,33,19,19,19,38,3,3],"gold":159,"neow_bonus":"THREE_ENEMY_KILL","is_daily":false,"chose_seed":false,"campfire_upgraded":5,"win_rate":0.0,"timestamp":1611227427,"path_taken":["M","$","M","?","?","E","?","R","T","E","?","R","M","$","R","BOSS","M","$","M","?","?","M","M","R","T","R","M","?","M","?","R","BOSS","M","M","M","?","?","R","E"],"items_purchased_type":["Card","Card","Relic","Card"],"build_version":"2020-12-22","purchased_purges":2,"victory":false,"max_hp_per_floor":[66,66,66,66,66,66,66,66,66,66,66,66,66,66,66,66,66,66,66,66,66,66,66,66,66,66,66,66,66,66,66,66,66,66,66,66,66,66,66,66,66,66],"card_choices":[{"not_picked":["Dodge and Roll","Flechettes"],"picked":"Poisoned Stab","floor":1.0},{"not_picked":["PiercingWail","Dash"],"picked":"Footwork","floor":3.0},{"not_picked":["Underhanded Strike","Sucker Punch"],"picked":"Blade Dance","floor":4.0},{"not_picked":["Terror","Prepared","Slice"],"picked":"SKIP","floor":6.0},{"not_picked":["Calculated Gamble","Dodge and Roll"],"picked":"Accuracy","floor":10.0},{"not_picked":["Sucker Punch","Backflip","Flying Knee"],"picked":"SKIP","floor":13.0},{"not_picked":["Wraith Form v2","Unload"],"picked":"After Image","floor":16.0},{"not_picked":["Poisoned Stab","Deflect","Quick Slash"],"picked":"SKIP","floor":18.0},{"not_picked":["Deflect","Sucker Punch","Endless Agony"],"picked":"SKIP","floor":20.0},{"not_picked":["Deflect","Leg Sweep","Sucker Punch+1"],"picked":"SKIP","floor":23.0},{"not_picked":["Deflect","Outmaneuver","Poisoned Stab"],"picked":"SKIP","floor":24.0},{"not_picked":["PiercingWail","Slice","Backflip"],"picked":"SKIP","floor":28.0},{"not_picked":["Dash","Outmaneuver"],"picked":"Finisher","floor":30.0},{"not_picked":["Poisoned Stab+1","Dagger Spray"],"picked":"Calculated Gamble","floor":35.0},{"not_picked":["Blade Dance","Underhanded Strike","Quick Slash"],"picked":"SKIP","floor":36.0},{"not_picked":["Crippling Poison","All Out Attack","Dodge and Roll"],"picked":"SKIP","floor":37}],"player_experience":328669,"relics_obtained":[{"floor":6.0,"key":"Snake Skull"},{"floor":9.0,"key":"Happy Flower"},{"floor":10.0,"key":"Juzu Bracelet"}],"event_choices":[{"damage_healed":0.0,"max_hp_gain":0.0,"max_hp_loss":0.0,"gold_gain":150.0,"event_name":"Liars Game","player_choice":"AGREE","floor":5.0,"gold_loss":0.0,"damage_taken":0.0,"cards_obtained":["Doubt"]},{"damage_healed":0.0,"max_hp_gain":0.0,"max_hp_loss":0.0,"gold_gain":0.0,"event_name":"Dead Adventurer","player_choice":"Searched \u00272\u0027 times","floor":7.0,"gold_loss":0.0,"damage_taken":0.0,"relics_obtained":["Tingsha"]},{"damage_healed":0.0,"max_hp_gain":0.0,"max_hp_loss":0.0,"gold_gain":0.0,"event_name":"Shining Light","player_choice":"Ignored","floor":11.0,"gold_loss":0.0,"damage_taken":0.0},{"damage_healed":0.0,"max_hp_gain":0.0,"max_hp_loss":0.0,"gold_gain":0.0,"event_name":"Match and Keep!","player_choice":"0 cards matched","floor":21.0,"gold_loss":0.0,"damage_taken":0.0,"cards_obtained":[]},{"damage_healed":0.0,"max_hp_gain":0.0,"max_hp_loss":0.0,"gold_gain":0.0,"event_name":"The Mausoleum","player_choice":"Ignored","floor":22.0,"gold_loss":0.0,"damage_taken":0.0},{"damage_healed":0.0,"max_hp_gain":0.0,"max_hp_loss":0.0,"gold_gain":0.0,"event_name":"The Woman in Blue","player_choice":"Bought 1 Potion","floor":29.0,"gold_loss":0.0,"damage_taken":0.0},{"damage_healed":0,"gold_gain":0,"player_choice":"Ignored","damage_taken":0,"max_hp_gain":0,"max_hp_loss":0,"event_name":"Tomb of Lord Red Mask","floor":38,"gold_loss":0},{"damage_healed":0,"gold_gain":0,"player_choice":"Ignored","damage_taken":0,"max_hp_gain":0,"max_hp_loss":0,"event_name":"The Moai Head","floor":39,"gold_loss":0}],"is_beta":false,"boss_relics":[{"not_picked":["Cursed Key","Astrolabe"],"picked":"WristBlade"},{"not_picked":["Runic Pyramid","SacredBark"],"picked":"SlaversCollar"}],"items_purged_floors":[14,19],"is_endless":false,"potions_floor_spawned":[3,4,18,23,30,35],"killed_by":"Nemesis","ascension_level":15}}