{"host":"sc0o2qwpf9j16a4i","time":1611194052,"event":{"mods":["AchievementEnabler","BaseMod","BetterRewards","Block Reminder","Colored Map","Colored Powertips","Custom Start","Highlight Path","Minty Spire (QoL Compilation)","Relic Stats"],"gold_per_floor":[116,126,91,91,91,91,124,124,124,137,170,190,190,204,204,278,278,293,208,208,258,45,79,98,98,98,132,146,146,14,31,31,108,108,122,137,137,137,154,154,186,186,186,212,212,225,250,263,263,263,263],"floor_reached":50,"language":"ENG","playtime":1884,"items_purged":["Strike_P"],"score":1146,"play_id":"f9d89cad-07b0-4db0-8339-278c0ba55267","local_time":"20210121035412","is_ascension_mode":true,"campfire_choices":[{"data":"BowlingBash","floor":6.0,"key":"SMITH"},{"floor":8.0,"key":"REST"},{"data":"Worship","floor":13.0,"key":"SMITH"},{"floor":15.0,"key":"REST"},{"floor":25.0,"key":"REST"},{"floor":32.0,"key":"REST"},{"floor":40,"key":"REST"},{"floor":49,"key":"RECALL"}],"circlet_count":0,"master_deck":["AscendersBane","Strike_P+1","Strike_P+1","Strike_P","Defend_P+1","Defend_P","Defend_P","Defend_P","Eruption","Vigilance","BowlingBash+1","CutThroughFate","MentalFortress","Protect","Worship+1","InnerPeace","Devotion","ThirdEye","Apotheosis","FearNoEvil","Protect","SpiritShield","TalkToTheHand","Ragnarok"],"relics":["SlaversCollar","Shovel","Whetstone","Nunchaku","Snecko Eye","Regal Pillow","Thread and Needle","Shuriken","Peace Pipe","Fusion Hammer","GoldenEye","Frozen Egg 2","Ice Cream","Torii"],"acts_visited":["Exordium","TheCity","TheBeyond"],"potions_floor_usage":[47],"damage_taken":[{"damage":17.0,"enemies":"Small Slimes","floor":1.0,"turns":4.0},{"damage":2.0,"enemies":"Jaw Worm","floor":2.0,"turns":4.0},{"damage":12.0,"enemies":"3 Sentries","floor":7.0,"turns":6.0},{"damage":1.0,"enemies":"2 Louse","floor":10.0,"turns":2.0},{"damage":16.0,"enemies":"Gremlin Nob","floor":11.0,"turns":3.0},{"damage":10.0,"enemies":"Exordium Wildlife","floor":12.0,"turns":4.0},{"damage":3.0,"enemies":"Looter","floor":14.0,"turns":4.0},{"damage":42.0,"enemies":"The Guardian","floor":16.0,"turns":15.0},{"damage":13.0,"enemies":"Spheric Guardian","floor":18.0,"turns":4.0},{"damage":15.0,"enemies":"Slavers","floor":23.0,"turns":4.0},{"damage":22.0,"enemies":"Shell Parasite","floor":24.0,"turns":8.0},{"damage":8.0,"enemies":"Book of Stabbing","floor":27.0,"turns":4.0},{"damage":21.0,"enemies":"Chosen and Byrds","floor":28.0,"turns":6.0},{"damage":0.0,"enemies":"Cultist and Chosen","floor":31.0,"turns":4.0},{"damage":34.0,"enemies":"Collector","floor":33.0,"turns":7.0},{"damage":3.0,"enemies":"Orb Walker","floor":35.0,"turns":6.0},{"damage":0.0,"enemies":"3 Shapes","floor":36.0,"turns":5.0},{"damage":27,"enemies":"3 Darklings","floor":39,"turns":9},{"damage":0,"enemies":"Giant Head","floor":41,"turns":8},{"damage":7,"enemies":"Nemesis","floor":44,"turns":11},{"damage":23,"enemies":"Transient","floor":46,"turns":6},{"damage":5,"enemies":"Mind Bloom Boss Battle","floor":47,"turns":6},{"damage":11,"enemies":"4 Shapes","floor":48,"turns":8},{"damage":20,"enemies":"Time Eater","floor":50,"turns":4}],"seed_played":"2265822296267121473","potions_obtained":[{"floor":1.0,"key":"Regen Potion"},{"floor":2.0,"key":"PowerPotion"},{"floor":10.0,"key":"Ancient Potion"},{"floor":16.0,"key":"ColorlessPotion"},{"floor":23.0,"key":"DistilledChaos"},{"floor":24.0,"key":"BlessingOfTheForge"},{"floor":39,"key":"SteroidPotion"},{"floor":44,"key":"Fire Potion"}],"is_trial":false,"path_per_floor":["M","M","?","?","?","R","E","R","T","M","E","M","R","M","R","B",null,"M","?","?","?","$","E","M","R","T","E","M","?","$","M","R","B",null,"M","M","?","?","M","R","E","?","T","E","T","M","?","M","R","B"],"character_chosen":"WATCHER","items_purchased":["Apotheosis","SkillPotion"],"campfire_rested":5,"item_purchase_floors":[22,30],"current_hp_per_floor":[44,42,59,39,61,61,49,68,68,67,52,42,42,39,59,17,55,42,42,42,42,42,27,5,40,40,32,11,11,11,11,46,12,54,51,51,51,51,24,59,59,59,59,52,52,29,24,13,13,0,0],"gold":263,"neow_bonus":"BOSS_RELIC","is_daily":false,"chose_seed":false,"campfire_upgraded":2,"win_rate":0.0,"timestamp":1611194052,"path_taken":["M","M","?","?","?","R","E","R","T","?","E","M","R","M","R","BOSS","M","?","?","?","$","E","M","R","T","E","M","?","$","M","R","BOSS","M","M","?","?","M","R","E","?","T","E","?","M","?","M","R","BOSS"],"items_purchased_type":["Card","Potion"],"build_version":"2020-12-22","purchased_purges":1,"victory":false,"max_hp_per_floor":[68,68,68,68,68,68,68,68,68,68,68,68,68,68,68,68,68,68,68,68,68,68,68,68,68,68,68,68,68,68,68,68,68,68,68,68,68,68,68,68,68,68,68,68,68,68,68,68,68,68,68],"relic_stats":{"Peace Pipe":0,"Nunchaku":[21],"Regal Pillow":45,"Shovel":0,"Torii":0,"counters":[24,142],"Shuriken":[19],"Snecko Eye":[189,181,157,183],"Whetstone":["Strike_P","Consecrate"],"GoldenEye":[27],"obtain_stats":[{"Ice Cream":45,"Regal Pillow":19,"Torii":47,"Thread and Needle":23,"Whetstone":9,"Frozen Egg 2":44,"GoldenEye":41,"Peace Pipe":27,"SlaversCollar":0,"Nunchaku":11,"Shovel":7,"Shuriken":26,"Snecko Eye":17,"Fusion Hammer":34,"PureWater":0},{"Ice Cream":20,"Regal Pillow":9,"Torii":22,"Thread and Needle":10,"Whetstone":3,"Frozen Egg 2":20,"GoldenEye":19,"Peace Pipe":12,"SlaversCollar":0,"Nunchaku":5,"Shovel":3,"Shuriken":11,"Snecko Eye":8,"Fusion Hammer":15,"PureWater":0},{"Ice Cream":118,"Regal Pillow":46,"Torii":130,"Thread and Needle":50,"Whetstone":14,"Frozen Egg 2":118,"GoldenEye":107,"Peace Pipe":62,"SlaversCollar":0,"Nunchaku":19,"Shovel":14,"Shuriken":58,"Snecko Eye":42,"Fusion Hammer":79,"PureWater":0}]},"card_choices":[{"not_picked":["PathToVictory","SignatureMove"],"picked":"Consecrate","floor":1.0},{"not_picked":["Evaluate","JustLucky"],"picked":"BowlingBash","floor":2.0},{"not_picked":["JustLucky","Crescendo"],"picked":"CutThroughFate","floor":7.0},{"not_picked":["ClearTheMind","Pray"],"picked":"MentalFortress","floor":10.0},{"not_picked":["EmptyMind","CrushJoints"],"picked":"Protect","floor":11.0},{"not_picked":["Nirvana","Wireheading"],"picked":"Worship","floor":12.0},{"not_picked":["Blasphemy","FlyingSleeves"],"picked":"InnerPeace","floor":14.0},{"not_picked":["MasterReality","Judgement"],"picked":"Devotion","floor":16.0},{"not_picked":["SashWhip","Halt+1"],"picked":"ThirdEye","floor":18.0},{"not_picked":["EmptyFist","Alpha","Evaluate"],"picked":"SKIP","floor":23.0},{"not_picked":["ThirdEye","SashWhip"],"picked":"FearNoEvil","floor":24.0},{"not_picked":["EmptyFist","ClearTheMind","Evaluate"],"picked":"SKIP","floor":27.0},{"not_picked":["SashWhip","SignatureMove","Indignation"],"picked":"SKIP","floor":28.0},{"not_picked":["Collect+1","ThirdEye"],"picked":"Protect","floor":31.0},{"not_picked":["LessonLearned","Alpha"],"picked":"SpiritShield","floor":33.0},{"not_picked":["Wireheading","SashWhip"],"picked":"TalkToTheHand","floor":35.0},{"not_picked":["Prostrate","FlyingSleeves+1","WindmillStrike+1"],"picked":"SKIP","floor":36.0},{"not_picked":["Prostrate","ClearTheMind","PathToVictory"],"picked":"SKIP","floor":39},{"not_picked":["JustLucky","InnerPeace","FollowUp"],"picked":"SKIP","floor":41},{"not_picked":["Consecrate","ClearTheMind+1"],"picked":"Ragnarok","floor":44},{"not_picked":["BattleHymn+1","Halt","PathToVictory"],"picked":"SKIP","floor":46},{"not_picked":["Consecrate","FlyingSleeves","ThirdEye"],"picked":"SKIP","floor":48}],"player_experience":828129,"relics_obtained":[{"floor":7.0,"key":"Shovel"},{"floor":9.0,"key":"Whetstone"},{"floor":11.0,"key":"Nunchaku"},{"floor":23.0,"key":"Thread and Needle"},{"floor":26.0,"key":"Shuriken"},{"floor":27.0,"key":"Peace Pipe"},{"floor":41,"key":"GoldenEye"},{"floor":44,"key":"Frozen Egg 2"},{"floor":45,"key":"Ice Cream"},{"floor":47,"key":"Torii"}],"event_choices":[{"damage_healed":17.0,"max_hp_gain":0.0,"max_hp_loss":0.0,"gold_gain":0.0,"event_name":"The Cleric","player_choice":"Healed","floor":3.0,"gold_loss":35.0,"damage_taken":0.0},{"damage_healed":0.0,"max_hp_gain":0.0,"max_hp_loss":0.0,"gold_gain":0.0,"event_name":"Shining Light","player_choice":"Entered Light","floor":4.0,"gold_loss":0.0,"damage_taken":20.0,"cards_upgraded":["Defend_P","Strike_P"]},{"damage_healed":22.0,"max_hp_gain":0.0,"max_hp_loss":0.0,"gold_gain":0.0,"event_name":"Big Fish","player_choice":"Banana","floor":5.0,"gold_loss":0.0,"damage_taken":0.0},{"damage_healed":0.0,"max_hp_gain":0.0,"max_hp_loss":0.0,"gold_gain":0.0,"event_name":"Addict","player_choice":"Obtained Relic","floor":19.0,"gold_loss":85.0,"damage_taken":0.0,"relics_obtained":["Regal Pillow"]},{"damage_healed":0.0,"max_hp_gain":0.0,"max_hp_loss":0.0,"gold_gain":0.0,"event_name":"Vampires","player_choice":"Ignored","floor":20.0,"gold_loss":0.0,"damage_taken":0.0},{"damage_healed":0.0,"max_hp_gain":0.0,"max_hp_loss":0.0,"gold_gain":50.0,"event_name":"Nest","player_choice":"Stole From Cult","floor":21.0,"gold_loss":0.0,"damage_taken":0.0},{"damage_healed":0.0,"max_hp_gain":0.0,"max_hp_loss":0.0,"gold_gain":0.0,"event_name":"Cursed Tome","player_choice":"Ignored","floor":29.0,"gold_loss":0.0,"damage_taken":0.0},{"cards_removed":["Consecrate"],"damage_healed":0.0,"max_hp_gain":0.0,"max_hp_loss":0.0,"gold_gain":0.0,"event_name":"Falling","player_choice":"Removed Attack","floor":37.0,"gold_loss":0.0,"damage_taken":0.0},{"damage_healed":0,"gold_gain":0,"player_choice":"Ignored","damage_taken":0,"max_hp_gain":0,"max_hp_loss":0,"event_name":"Mysterious Sphere","floor":38,"gold_loss":0},{"damage_healed":0,"gold_gain":0,"player_choice":"Memory 1","damage_taken":0,"max_hp_gain":0,"max_hp_loss":0,"event_name":"SensoryStone","floor":42,"gold_loss":0},{"damage_healed":0,"gold_gain":0,"player_choice":"Fight","damage_taken":0,"max_hp_gain":0,"max_hp_loss":0,"event_name":"MindBloom","floor":47,"gold_loss":0}],"is_beta":false,"boss_relics":[{"not_picked":["Philosopher\u0027s Stone","Sozu"],"picked":"Snecko Eye"},{"not_picked":["Black Star","Busted Crown"],"picked":"Fusion Hammer"}],"items_purged_floors":[30],"is_endless":false,"potions_floor_spawned":[1,2,10,16,23,24,39,44,46],"killed_by":"Time Eater","ascension_level":20}}