{"host":"t9zjxed0utvsfjwc","time":1611232270,"event":{"mods":["2.2 Compatiblity","Aspiration","BaseMod","Better Altar","Better Match","Better Note","Better Sensory Stone","Better Skull","Better Third Choice","Block Reminder","Colored Map","Colored Powertips","Hermit","Highlight Path","Hubris","Infinite Spire","Minty Spire (QoL Compilation)","Quick Restart","Rare Cards Sparkle","Replay The Spire","Shade Mod","StSLib","The Cursed","The Marked","The Runesmith","Unceasing Turn Reminder","everything is the same but u backflip on backflip"],"gold_per_floor":[116,41,57,70,70,103,103,114,114,114,140,40,40,5,5,106,106,125,80,80,96,196,196,214,60,60,60,78,78,78,91,91,91,91],"floor_reached":33,"language":"ENG","playtime":1158,"items_purged":["hermit:Defend_Hermit","hermit:Defend_Hermit"],"score":278,"play_id":"60696c0b-c5c6-423c-8fe5-d5a9f51a0711","local_time":"20210121123110","is_ascension_mode":false,"campfire_choices":[{"data":"hermit:Showdown","floor":7,"key":"SMITH"},{"data":"hermit:Covet","floor":10,"key":"SMITH"},{"data":"hermit:Snapshot","floor":15,"key":"SMITH"},{"data":"hermit:HighCaliber","floor":23,"key":"SMITH"},{"floor":30,"key":"REST"},{"data":"hermit:BodyArmor","floor":32,"key":"SMITH"}],"circlet_count":0,"master_deck":["hermit:Strike_Hermit","hermit:Strike_Hermit","hermit:Strike_Hermit","hermit:Defend_Hermit","hermit:Snapshot+1","hermit:Covet+1","hermit:Maintenance+1","hermit:Showdown+1","hermit:BodyArmor+1","hermit:HighCaliber+1","hermit:Glare"],"relics":["hermit:Momento","aspiration:Nostalgia","Shade:YorickSkull","Matryoshka","Anchor","Ornamental Fan","Centennial Puzzle","Cursed Key","Replay:Wanted Poster","Strange Spoon","Juzu Bracelet","Regal Pillow"],"acts_visited":["Exordium","TheCity"],"potions_floor_usage":[21,21,28,28,33,33],"damage_taken":[{"damage":0,"enemies":"2 Louse","floor":1,"turns":2},{"damage":0,"enemies":"Cultist","floor":3,"turns":4},{"damage":7,"enemies":"Small Slimes","floor":4,"turns":3},{"damage":12,"enemies":"Gremlin Nob","floor":6,"turns":4},{"damage":2,"enemies":"Looter","floor":8,"turns":3},{"damage":0,"enemies":"Lagavulin","floor":11,"turns":7},{"damage":50,"enemies":"Hexaghost","floor":16,"turns":6},{"damage":0,"enemies":"Chosen","floor":18,"turns":3},{"damage":0,"enemies":"3 Byrds","floor":21,"turns":2},{"damage":24,"enemies":"Snake Plant","floor":24,"turns":3},{"damage":7,"enemies":"Snecko","floor":28,"turns":5},{"damage":6,"enemies":"Chosen and Byrds","floor":31,"turns":4},{"damage":83,"enemies":"Champ","floor":33,"turns":9}],"seed_played":"-4537685405462548896","potions_obtained":[{"floor":1,"key":"Explosive Potion"},{"floor":6,"key":"Explosive Potion"},{"floor":16,"key":"LifebloodPotion"},{"floor":21,"key":"SteroidPotion"},{"floor":24,"key":"SpeedPotion"},{"floor":31,"key":"Fire Potion"}],"is_trial":false,"path_per_floor":["M","$","M","M","?","E","R","M","T","R","E","$","?","?","R","B",null,"M","$","?","M","AVR","R","M","$","T","?","M","$","R","M","R_BF","B"],"character_chosen":"HERMIT","items_purchased":["hermit:HighCaliber","Strange Spoon"],"campfire_rested":1,"item_purchase_floors":[19,25],"current_hp_per_floor":[75,75,75,68,68,56,56,54,54,54,54,54,54,72,72,22,75,75,75,75,75,75,75,51,51,51,51,44,44,75,69,69,0,0],"gold":91,"neow_bonus":"NOSTALGIA","is_daily":false,"chose_seed":false,"campfire_upgraded":5,"win_rate":0.0,"timestamp":1611232270,"path_taken":["M","$","M","M","?","E","R","?","T","R","E","$","?","?","R","BOSS","M","$","?","?","AVR","R","M","?","T","?","M","?","R","M","R_BF","BOSS"],"items_purchased_type":["Card","Relic"],"build_version":"2020-12-22","purchased_purges":2,"victory":false,"max_hp_per_floor":[75,75,75,75,75,75,75,75,75,75,75,75,75,75,75,75,75,75,75,75,75,75,75,75,75,75,75,75,75,75,75,75,75,75],"card_choices":[{"not_picked":["hermit:SprayPray","hermit:HoleUp"],"picked":"hermit:Maintenance","floor":1},{"not_picked":["hermit:BodyArmor","hermit:WideOpen"],"picked":"hermit:Showdown","floor":3},{"not_picked":["hermit:Manifest","hermit:SprayPray","hermit:Headshot"],"picked":"SKIP","floor":4},{"not_picked":["hermit:Coalescence","hermit:Ricochet","hermit:LowProfile"],"picked":"SKIP","floor":6},{"not_picked":["hermit:Horror","hermit:TrackingShot","hermit:SprayPray"],"picked":"SKIP","floor":8},{"not_picked":["hermit:ShadowCloak","hermit:Dissolve","hermit:ItchyTrigger"],"picked":"SKIP","floor":11},{"not_picked":["hermit:GoldenBullet","hermit:BigShot"],"picked":"hermit:BodyArmor","floor":18},{"not_picked":["hermit:WideOpen","hermit:Malice+1"],"picked":"hermit:Glare","floor":21},{"not_picked":["hermit:Gestalt","hermit:LuckOfTheDraw","hermit:TrackingShot"],"picked":"SKIP","floor":24},{"not_picked":["hermit:Vantage+1","hermit:Ricochet","hermit:TrackingShot"],"picked":"SKIP","floor":28},{"not_picked":["hermit:Vantage+1","hermit:FinalCanter","hermit:Showdown"],"picked":"SKIP","floor":31}],"player_experience":393291,"relics_obtained":[{"floor":6,"key":"Matryoshka"},{"floor":9,"key":"Anchor"},{"floor":9,"key":"Ornamental Fan"},{"floor":11,"key":"Centennial Puzzle"},{"floor":26,"key":"Juzu Bracelet"},{"floor":26,"key":"Regal Pillow"}],"event_choices":[{"damage_healed":0,"gold_gain":0,"player_choice":"Upgraded","damage_taken":0,"max_hp_gain":0,"max_hp_loss":0,"event_name":"Upgrade Shrine","floor":5,"gold_loss":0,"cards_upgraded":["hermit:Maintenance"]},{"damage_healed":18,"gold_gain":0,"player_choice":"Healed","damage_taken":0,"max_hp_gain":0,"max_hp_loss":0,"event_name":"The Cleric","floor":14,"gold_loss":35},{"cards_removed":["hermit:Strike_Hermit"],"damage_healed":0,"gold_gain":0,"player_choice":"Purged","damage_taken":0,"max_hp_gain":0,"max_hp_loss":0,"event_name":"Purifier","floor":20,"gold_loss":0},{"cards_removed":["Overencumbered"],"damage_healed":0,"gold_gain":0,"player_choice":"Removed Curses","damage_taken":0,"max_hp_gain":0,"max_hp_loss":0,"event_name":"Fountain of Cleansing","floor":27,"gold_loss":0}],"is_beta":false,"boss_relics":[{"not_picked":["Velvet Choker","hubris:VirtuousBlindfold"],"picked":"Cursed Key"}],"items_purged_floors":[2,12],"is_endless":false,"potions_floor_spawned":[1,6,16,21,24,31],"killed_by":"Champ","ascension_level":0}}