{"host":"33wh7cigx3w9wmym","time":1611190407,"event":{"mods":["AchievementEnabler","Act Like it!","BaseMod","Colored Map","Colored Powertips","Downfall","Friendly Minions","GifTheSpireLib","Minty Spire (QoL Compilation)","StSLib"],"gold_per_floor":[99,111,57,57,157,157,157,175,33,33,62,74,74,35,55,155,155,55,74,74,89,104,104,104,104,121,156,156,156,56,65,76,174,174,174,191,204,224,5,5,81,81,136,136,164,174,174,174,187,187],"floor_reached":51,"language":"ENG","playtime":2824,"items_purged":["bronze:Strike","bronze:ThunderWave"],"score":843,"play_id":"e44904ff-f6e8-4518-b95e-3481d4d23a77","local_time":"20210120225327","is_ascension_mode":false,"campfire_choices":[{"data":"bronze:WhirlingStrike","floor":1,"key":"SMITH"},{"data":"bronze:Constructor","floor":6,"key":"SMITH"},{"data":"bronze:FollowUp","floor":10,"key":"SMITH"},{"data":"bronze:Branch","floor":13,"key":"SMITH"},{"data":"bronze:FineTuning","floor":18,"key":"SMITH"},{"floor":28,"key":"RECALL"},{"data":"bronze:Iterate","floor":30,"key":"SMITH"},{"data":"expansioncontent:DashGenerateEvil","floor":35,"key":"SMITH"},{"data":"bronze:FineTuning","floor":40,"key":"SMITH"},{"data":"bronze:Iterate","floor":44,"key":"SMITH"},{"data":"bronze:FollowUp","floor":47,"key":"SMITH"}],"circlet_count":0,"master_deck":["bronze:Strike","bronze:Strike","bronze:Defend","bronze:Defend","bronze:Replicate","bronze:Goto","bronze:WhirlingStrike+1","bronze:DelayedSlice","bronze:Constructor+1","bronze:FollowUp+1","bronze:Iterate+1","bronze:Branch+1","bronze:FineTuning+1","CurseOfTheBell","bronze:CutThrough","bronze:DelayedSlice","expansioncontent:DashGenerateEvil+1","bronze:FollowUp+1","bronze:FineTuning+1","bronze:Iterate+1"],"relics":["bronze:BronzeCore","downfall:ShatteredFragment","InkBottle","Thread and Needle","Calling Bell","Bag of Preparation","Kunai","Turnip","downfall:HeartBlessingGreen","HornCleat","bronze:CableSpool","Blood Vial","downfall:HeartBlessingRed","SacredBark","Shuriken","The Courier","Unceasing Top","Sundial"],"acts_visited":["Exordium","TheCity","TheBeyond"],"potions_floor_usage":[16,33,50,50],"damage_taken":[{"damage":1,"enemies":"Cultist","floor":2,"turns":3},{"damage":0,"enemies":"downfall:FleeingMerchant","floor":3,"turns":4},{"damage":0,"enemies":"2 Louse","floor":8,"turns":2},{"damage":0,"enemies":"downfall:FleeingMerchant","floor":9,"turns":4},{"damage":2,"enemies":"3 Sentries","floor":11,"turns":4},{"damage":0,"enemies":"Small Slimes","floor":12,"turns":2},{"damage":9,"enemies":"downfall:FleeingMerchant","floor":14,"turns":4},{"damage":0,"enemies":"Blue Slaver","floor":15,"turns":2},{"damage":9,"enemies":"IC_STATUS_ARCHETYPE","floor":16,"turns":6},{"damage":0,"enemies":"Chosen","floor":19,"turns":4},{"damage":3,"enemies":"Snake Plant","floor":21,"turns":5},{"damage":0,"enemies":"3 Cultists","floor":22,"turns":4},{"damage":0,"enemies":"Sentry and Sphere","floor":26,"turns":5},{"damage":0,"enemies":"Slavers","floor":27,"turns":4},{"damage":0,"enemies":"downfall:FleeingMerchant","floor":31,"turns":4},{"damage":0,"enemies":"Cultist and Chosen","floor":32,"turns":3},{"damage":0,"enemies":"DF_ARCHETYPE_CLAW","floor":33,"turns":8},{"damage":0,"enemies":"3 Shapes","floor":36,"turns":4},{"damage":0,"enemies":"Orb Walker","floor":37,"turns":2},{"damage":0,"enemies":"Maw","floor":38,"turns":6},{"damage":3,"enemies":"2 Orb Walkers","floor":43,"turns":2},{"damage":0,"enemies":"Giant Head","floor":45,"turns":5},{"damage":0,"enemies":"Transient","floor":46,"turns":5},{"damage":3,"enemies":"4 Shapes","floor":49,"turns":2},{"damage":64,"enemies":"SI_POISON_ARCHETYPE","floor":50,"turns":5}],"seed_played":"-1150570172971111142","potions_obtained":[{"floor":12,"key":"PowerPotion"},{"floor":15,"key":"ColorlessPotion"},{"floor":16,"key":"SkillPotion"},{"floor":22,"key":"Weak Potion"},{"floor":33,"key":"GamblersBrew"},{"floor":36,"key":"SkillPotion"}],"is_trial":false,"path_per_floor":["R","M","$","?","?","R","T","M","$","R","E","M","R","$","M","B",null,"R","M","?","M","M","T","T","?","M","E","R","?","R","$","M","B",null,"R","M","M","M","$","R","T","$","?","R","E","M","R","?","M","B",null],"character_chosen":"THE_AUTOMATON","items_purchased":["bronze:FollowUp","bronze:Iterate","bronze:FineTuning","expansioncontent:DashGenerateEvil","bronze:FollowUp","Shuriken"],"campfire_rested":0,"item_purchase_floors":[3,9,14,31,31,39],"current_hp_per_floor":[70,69,69,48,48,48,48,48,48,48,46,46,46,37,37,28,70,70,70,70,67,67,67,67,67,67,67,67,67,67,69,70,70,70,70,70,70,70,70,70,70,70,67,67,69,70,70,70,67,5],"gold":187,"neow_bonus":"TRANSFORM_CARD","is_daily":false,"chose_seed":false,"campfire_upgraded":10,"win_rate":0.0,"timestamp":1611190407,"path_taken":["R","M","?","?","?","R","T","M","?","R","E","M","R","$","M","BOSS","R","M","?","M","M","?","T","?","M","E","R","?","R","$","M","BOSS","R","M","?","M","$","R","T","$","?","R","E","M","R","?","M","BOSS"],"items_purchased_type":["Card","Card","Card","Card","Card","Relic"],"build_version":"2020-12-22","purchased_purges":2,"victory":true,"max_hp_per_floor":[70,70,70,70,70,70,70,70,70,70,70,70,70,70,70,70,70,70,70,70,70,70,70,70,70,70,70,70,70,70,70,70,70,70,70,70,70,70,70,70,70,70,70,70,70,70,70,70,70,70],"card_choices":[{"not_picked":["bronze:WhirlingStrike","bronze:Optimize"],"picked":"bronze:DelayedSlice","floor":2},{"not_picked":["bronze:Philosophize","bronze:WildBeam"],"picked":"bronze:Constructor","floor":3},{"not_picked":["bronze:Turbo","bronze:ChildClass","bronze:BitShift"],"picked":"SKIP","floor":8},{"not_picked":["bronze:Return","bronze:Safeguard","bronze:Shield"],"picked":"SKIP","floor":9},{"not_picked":["bronze:Allocate","bronze:Optimize"],"picked":"bronze:Branch","floor":11},{"not_picked":["bronze:BurnOut","bronze:ForceShield","bronze:ChildClass"],"picked":"SKIP","floor":12},{"not_picked":["bronze:BitShift","bronze:WildBeam","bronze:DelayedGuard"],"picked":"SKIP","floor":14},{"not_picked":["bronze:Philosophize","bronze:DelayedGuard","bronze:BuggyMess"],"picked":"SKIP","floor":15},{"not_picked":["bronze:ClassDefault","bronze:Repair","bronze:Invalidate"],"picked":"SKIP","floor":19},{"not_picked":["bronze:Branch","bronze:Repair","bronze:Turbo+1"],"picked":"SKIP","floor":21},{"not_picked":["bronze:Turbo","bronze:Boost"],"picked":"bronze:CutThrough","floor":22},{"not_picked":["bronze:DelayedSlice","bronze:BitShift"],"picked":"bronze:ThunderWave","floor":26},{"not_picked":["bronze:Boost","bronze:Repulsor","bronze:Philosophize"],"picked":"SKIP","floor":27},{"not_picked":["bronze:Invalidate","bronze:Safeguard"],"picked":"bronze:DelayedSlice","floor":31},{"not_picked":["bronze:Overheat","bronze:DarkDash"],"picked":"bronze:FineTuning","floor":32},{"not_picked":["bronze:OilSpill","bronze:WildBeam+1","bronze:DigitalCarnage"],"picked":"SKIP","floor":36},{"not_picked":["bronze:Shield","bronze:CutThrough+1","bronze:BugBarrage+1"],"picked":"SKIP","floor":37},{"not_picked":["bronze:Repulsor","bronze:Overheat+1"],"picked":"bronze:Iterate","floor":38},{"not_picked":["bronze:Safeguard","bronze:Assembly","bronze:WhirlingStrike+1"],"picked":"SKIP","floor":45},{"not_picked":["bronze:Safeguard","bronze:Assembly","bronze:WhirlingStrike+1"],"picked":"SKIP","floor":45},{"not_picked":["bronze:BronzeArmor+1","bronze:DigitalCarnage+1","bronze:MaxOutput"],"picked":"SKIP","floor":46},{"not_picked":["bronze:Separator","bronze:WildBeam+1","bronze:Overheat"],"picked":"SKIP","floor":49}],"player_experience":419755,"relics_obtained":[{"floor":7,"key":"InkBottle"},{"floor":11,"key":"Thread and Needle"},{"floor":17,"key":"Bag of Preparation"},{"floor":17,"key":"Kunai"},{"floor":17,"key":"Turnip"},{"floor":23,"key":"HornCleat"},{"floor":24,"key":"bronze:CableSpool"},{"floor":27,"key":"Blood Vial"},{"floor":41,"key":"The Courier"},{"floor":43,"key":"Unceasing Top"},{"floor":45,"key":"Sundial"}],"event_choices":[{"cards_removed":["bronze:Defend"],"damage_healed":0,"gold_gain":0,"player_choice":"Offered Basic","damage_taken":0,"max_hp_gain":0,"max_hp_loss":0,"event_name":"Bonfire Elementals","floor":29,"gold_loss":0},{"damage_healed":0,"gold_gain":0,"player_choice":"Fight","damage_taken":0,"max_hp_gain":0,"max_hp_loss":0,"event_name":"Mysterious Sphere","floor":43,"gold_loss":0},{"cards_removed":["bronze:Defend"],"damage_healed":0,"gold_gain":0,"player_choice":"Removed Skill","damage_taken":0,"max_hp_gain":0,"max_hp_loss":0,"event_name":"Falling","floor":48,"gold_loss":0}],"is_beta":false,"boss_relics":[{"not_picked":["Tiny House","Astrolabe"],"picked":"Calling Bell"},{"not_picked":["Snecko Eye","Velvet Choker"],"picked":"SacredBark"}],"items_purged_floors":[9,31],"is_endless":false,"potions_floor_spawned":[12,15,16,22,26,33,36,38,45],"ascension_level":0}}