{"host":"gqhy17d1xpb1p3ki","time":1611206794,"event":{"mods":["2.2 Compatiblity","AchievementEnabler","BaseMod","Bestiary","Colored Map","Colored Powertips","Curses Come First","Downfall","Duelist Mod","Hermit","Marisa????????","Minty Spire (QoL Compilation)","Rare Cards Sparkle","Shop Mod","StSLib","The Animator","The Bug Knight","The Cursed","The Disciple","The Hierophant","The Necromancer","The Runesmith","The Servant 0.9.4","Yuri Mod"],"gold_per_floor":[0,0,55,55,40,71,71,83,83,99,99,117,117,137,155,250,250,250,263,276,292,304,322,322,322,322,340,366,384,61,75,91,186,186,186,204,479,496,509,521,591,591,611,611,624,624,624,624,636,636],"floor_reached":51,"language":"ENG","playtime":4012,"items_purged":[],"score":677,"play_id":"586586c1-24e5-4607-a4d3-1b3d352e9478","local_time":"20210121002634","is_ascension_mode":false,"campfire_choices":[{"data":"Summon_Vampire_Lady","floor":1,"key":"SMITH"},{"data":"Slay_Living","floor":9,"key":"SMITH"},{"data":"Bones_to_Steel","floor":11,"key":"SMITH"},{"data":"Bone_Shift","floor":13,"key":"SMITH"},{"data":"Negative_Energy_Shield","floor":18,"key":"SMITH"},{"data":"Blood_Curse","floor":25,"key":"SMITH"},{"data":"Plague_Bolt","floor":35,"key":"SMITH"},{"data":"Cloudkill","floor":42,"key":"SMITH"},{"data":"Shackles_Of_Pain","floor":44,"key":"SMITH"},{"data":"Negative_Energy_Shield","floor":47,"key":"SMITH"}],"circlet_count":0,"master_deck":["Strike_W","Strike_W","Strike_W","Defend_W","Defend_W","Defend_W","Defend_W","Negative_Energy_Arrows","Bone_Wall","Summon_Vampire_Lady+1","Death_March_Dance","Summon_Vampire_Lady+1","Slay_Living+1","Negative_Energy_Shield+1","Bones_to_Steel+1","Bone_Shift+1","Blood_Whip","Blood_Whip","Detonate_Bones","Finger_Of_Death","Blood_Curse+1","Skeleton_Dragon","Plague_Bolt+1","Bone_Armor","Negative_Energy_Shield+1","Exploit","Bone_Bullets","Bone_Armor+1","Spectral_Armor","Grasp_Heart","Scare+1","Regret","Negative_Energy_Sphere+1","Cloudkill+1","Shackles_Of_Pain+1","Parasite","Spectral_Walk+1","Blood_Shield","Pain","Negative_Energy_Javelin"],"relics":["Vampire_Amulet","Turnip","Torii","Du-Vu Doll","CaptainsWheel","Empty Cage","HollowMod:PaleOreRelic","Bag of Marbles","Thread and Needle","Philosopher\u0027s Stone","HollowMod:StagPassRelic","WarpedTongs"],"acts_visited":["Exordium","TheCity","TheBeyond"],"potions_floor_usage":[50,50],"damage_taken":[{"damage":80,"enemies":"Lagavulin Event","floor":3,"turns":10},{"damage":2,"enemies":"downfall:FleeingMerchant","floor":5,"turns":4},{"damage":40,"enemies":"3 Sentries","floor":6,"turns":9},{"damage":11,"enemies":"Small Slimes","floor":8,"turns":3},{"damage":5,"enemies":"Jaw Worm","floor":10,"turns":4},{"damage":5,"enemies":"2 Louse","floor":12,"turns":3},{"damage":5,"enemies":"Red Slaver","floor":14,"turns":4},{"damage":7,"enemies":"Lots of Slimes","floor":15,"turns":4},{"damage":52,"enemies":"DF_ARCHETYPE_STREAMLINE","floor":16,"turns":9},{"damage":21,"enemies":"Chosen","floor":19,"turns":7},{"damage":6,"enemies":"Shell Parasite","floor":20,"turns":7},{"damage":26,"enemies":"Sentry and Sphere","floor":21,"turns":8},{"damage":27,"enemies":"Shelled Parasite and Fungi","floor":22,"turns":8},{"damage":23,"enemies":"Snake Plant","floor":23,"turns":6},{"damage":22,"enemies":"Cultist and Chosen","floor":27,"turns":9},{"damage":58,"enemies":"Gremlin Leader","floor":28,"turns":12},{"damage":21,"enemies":"Chosen and Byrds","floor":29,"turns":8},{"damage":2,"enemies":"downfall:FleeingMerchant","floor":30,"turns":4},{"damage":17,"enemies":"Centurion and Healer","floor":31,"turns":9},{"damage":12,"enemies":"Snake Plant","floor":32,"turns":4},{"damage":33,"enemies":"WA_ARCHETYPE_CALM","floor":33,"turns":20},{"damage":2,"enemies":"Orb Walker","floor":36,"turns":3},{"damage":17,"enemies":"3 Shapes","floor":38,"turns":6},{"damage":10,"enemies":"Sphere and 2 Shapes","floor":39,"turns":7},{"damage":37,"enemies":"Transient","floor":40,"turns":5},{"damage":30,"enemies":"Writhing Mass","floor":43,"turns":8},{"damage":6,"enemies":"Jaw Worm Horde","floor":45,"turns":7},{"damage":32,"enemies":"Transient","floor":49,"turns":5},{"damage":23,"enemies":"SI_POISON_ARCHETYPE","floor":50,"turns":7}],"seed_played":"2259029369134185287","potions_obtained":[{"floor":3,"key":"GamblersBrew"},{"floor":8,"key":"Slimebound:ThreeZeroPotion"},{"floor":14,"key":"hexamod:SoulburnPotion"},{"floor":26,"key":"CultistPotion"}],"is_trial":false,"path_per_floor":["R","?","?","?","$","E","T","M","R","M","R","M","R","M","M","B",null,"R","M","M","M","M","M","T","R","?","M","E","M","$","M","M","B",null,"R","M","?","M","M","M","T","R","M","R","M","?","R","?","M","B",null],"character_chosen":"NECROMANCER","items_purchased":["Thread and Needle"],"campfire_rested":0,"item_purchase_floors":[30],"current_hp_per_floor":[75,75,21,21,37,42,42,44,44,62,62,70,70,75,75,52,75,75,75,75,75,75,69,69,69,69,75,67,70,75,75,75,75,75,75,75,75,66,75,54,54,54,44,44,65,65,65,65,41,35],"gold":636,"neow_bonus":"THREE_RARE_CARDS","is_daily":false,"chose_seed":false,"campfire_upgraded":10,"win_rate":0.0,"timestamp":1611206794,"path_taken":["R","?","?","?","$","E","T","M","R","?","R","M","R","M","M","BOSS","R","M","?","?","M","M","T","R","?","M","E","M","$","M","M","BOSS","R","M","?","M","M","M","T","R","M","R","?","?","R","?","M","BOSS"],"items_purchased_type":["Relic"],"build_version":"2020-12-22","purchased_purges":0,"victory":true,"max_hp_per_floor":[75,75,75,75,75,75,75,75,75,75,75,75,75,75,75,75,75,75,75,75,75,75,75,75,75,75,75,75,75,75,75,75,75,75,75,75,75,75,75,75,75,75,75,75,75,75,75,75,75,75],"card_choices":[{"not_picked":["Reap_The_Weak","Cloudkill"],"picked":"Summon_Vampire_Lady","floor":0},{"not_picked":["Corrupt","Shackles_Of_Pain"],"picked":"Death_March_Dance","floor":3},{"not_picked":["Necromantic_Selection","Consume_Illness"],"picked":"Negative_Energy_Shield","floor":5},{"not_picked":["Exploit","Negative_Energy_Sphere"],"picked":"Slay_Living","floor":6},{"not_picked":["Pandemic","Violent_Necrosis"],"picked":"Negative_Energy_Shield","floor":8},{"not_picked":["Slay_Living","Death_Coil"],"picked":"Bones_to_Steel","floor":10},{"not_picked":["Life_Drain","Consume_Illness"],"picked":"Bone_Shift","floor":12},{"not_picked":["Stop_Heart","Pandemic"],"picked":"Blood_Whip","floor":14},{"not_picked":["Violent_Necrosis","Negative_Energy_Shield"],"picked":"Blood_Whip","floor":15},{"not_picked":["Blood_Magic","Summon_Vampire_Lady"],"picked":"Detonate_Bones","floor":16},{"not_picked":["Exploit+1","Death_March_Dance"],"picked":"Finger_Of_Death","floor":19},{"not_picked":["Bones_to_Steel+1","Necromantic_Selection"],"picked":"Blood_Curse","floor":20},{"not_picked":["Plague_Bolt","Bones_to_Steel+1"],"picked":"Skeleton_Dragon","floor":21},{"not_picked":["Deaths_Shadow","Death_Coil"],"picked":"Plague_Bolt","floor":22},{"not_picked":["Deaths_Shadow","Bone_Prison"],"picked":"Bone_Armor","floor":23},{"not_picked":["Pandemic","Negative_Energy_Mist"],"picked":"Negative_Energy_Shield+1","floor":27},{"not_picked":["Bone_Spikes+1","Summon_Undead_Army+1"],"picked":"Exploit","floor":28},{"not_picked":["Necromantic_Selection+1","Skeleton_Dragon"],"picked":"Bone_Bullets","floor":29},{"not_picked":["Death_March_Dance","Chill_Blood"],"picked":"Bone_Armor+1","floor":30},{"not_picked":["Blood_Whip+1","Death_Coil"],"picked":"Spectral_Armor","floor":31},{"not_picked":["Bone_Spikes+1","Strike_from_Beyond","Epidemic"],"picked":"SKIP","floor":32},{"not_picked":["Blood_Wake","Blood_Magic"],"picked":"Grasp_Heart","floor":33},{"not_picked":["Negative_Energy_Mist+1","Vampiric_Strike"],"picked":"Scare+1","floor":36},{"not_picked":["Negative_Energy_Javelin+1","Scare+1"],"picked":"Negative_Energy_Sphere+1","floor":38},{"not_picked":["Toxic_Smoke_Screen","Negative_Energy_Javelin+1"],"picked":"Cloudkill","floor":39},{"not_picked":["Bones_to_Steel","Shade_Step"],"picked":"Shackles_Of_Pain","floor":40},{"not_picked":["Cloudkill","Toxic_Smoke_Screen"],"picked":"Spectral_Walk+1","floor":43},{"not_picked":["Shackles_Of_Pain+1","Scare+1"],"picked":"Blood_Shield","floor":45},{"not_picked":["Blood_Shield","Chill_Blood+1"],"picked":"Negative_Energy_Javelin","floor":49}],"player_experience":409568,"relics_obtained":[{"floor":6,"key":"Du-Vu Doll"},{"floor":7,"key":"CaptainsWheel"},{"floor":24,"key":"HollowMod:PaleOreRelic"},{"floor":28,"key":"Bag of Marbles"},{"floor":41,"key":"HollowMod:StagPassRelic"}],"event_choices":[{"damage_healed":0,"gold_gain":0,"player_choice":"Box","damage_taken":0,"relics_obtained":["Turnip"],"max_hp_gain":0,"max_hp_loss":0,"event_name":"Big Fish","floor":2,"gold_loss":0,"cards_obtained":["Regret"]},{"cards_removed":["Negative_Energy_Shield"],"damage_healed":0,"gold_gain":0,"player_choice":"Removed Skill","damage_taken":0,"max_hp_gain":0,"max_hp_loss":0,"event_name":"Falling","floor":46,"gold_loss":0},{"damage_healed":0,"gold_gain":0,"player_choice":"Rummage","damage_taken":0,"relics_obtained":["WarpedTongs"],"max_hp_gain":0,"max_hp_loss":0,"event_name":"Accursed Blacksmith","floor":48,"gold_loss":0,"cards_obtained":["Pain"]}],"is_beta":false,"boss_relics":[{"not_picked":["Pandora\u0027s Box","Astrolabe"],"picked":"Empty Cage"},{"not_picked":["Snecko Eye","bronze:MakeshiftBattery"],"picked":"Philosopher\u0027s Stone"}],"items_purged_floors":[],"is_endless":false,"potions_floor_spawned":[3,8,14,16,19,21,23,28,29,32,33,38,40,45,49],"ascension_level":0}}