{"host":"a1eatafr7pisesky","time":1611237859,"event":{"mods":["AchievementEnabler","BaseMod","Colored Map","Keyboard Shortcuts","Minty Spire (QoL Compilation)","Say the Spire","StSLib","SuperFastMode","everything is the same but u backflip on backflip"],"gold_per_floor":[113,113,130,148,223,239,257,257,282,282,232,263,276,16,16,16,16],"floor_reached":16,"language":"KOR","playtime":440,"items_purged":["Strike_G"],"score":153,"play_id":"c19e9317-46ba-4c20-b25f-091dfc0aa7f6","local_time":"20210121230419","is_ascension_mode":true,"campfire_choices":[{"floor":8,"key":"REST"},{"data":"Skewer","floor":15,"key":"SMITH"}],"circlet_count":0,"master_deck":["AscendersBane","Strike_G","Strike_G","Defend_G","Defend_G","Defend_G","Defend_G","Defend_G","Survivor","Neutralize","Deadly Poison","Riddle With Holes","Calculated Gamble","After Image","Skewer+1"],"relics":["Ring of the Snake","Blood Vial","PreservedInsect","Centennial Puzzle"],"acts_visited":["Exordium"],"potions_floor_usage":[12,16,16,16],"damage_taken":[{"damage":10,"enemies":"2 Louse","floor":1,"turns":3},{"damage":1,"enemies":"Small Slimes","floor":3,"turns":4},{"damage":7,"enemies":"Jaw Worm","floor":4,"turns":4},{"damage":18,"enemies":"3 Louse","floor":6,"turns":4},{"damage":14,"enemies":"Exordium Wildlife","floor":7,"turns":4},{"damage":21,"enemies":"3 Sentries","floor":12,"turns":8},{"damage":0,"enemies":"Blue Slaver","floor":13,"turns":6},{"damage":3,"enemies":"Hexaghost","floor":16,"turns":11}],"seed_played":"2582118960283984503","potions_obtained":[{"floor":7,"key":"Fire Potion"},{"floor":12,"key":"EssenceOfSteel"},{"floor":13,"key":"Weak Potion"}],"is_trial":false,"path_per_floor":["M","?","M","M","?","M","M","R","T","?","?","E","M","$","R","B"],"character_chosen":"THE_SILENT","items_purchased":["Skewer","GhostInAJar"],"campfire_rested":1,"item_purchase_floors":[14,14],"current_hp_per_floor":[60,53,54,49,38,22,10,33,33,33,33,14,16,16,16,15,15],"gold":16,"neow_bonus":"TEN_PERCENT_HP_BONUS","is_daily":false,"chose_seed":false,"campfire_upgraded":1,"win_rate":0.0,"timestamp":1611237859,"path_taken":["M","?","M","M","?","M","M","R","T","?","?","E","?","$","R","BOSS"],"items_purchased_type":["Card","Potion"],"build_version":"2020-12-22","purchased_purges":1,"victory":false,"max_hp_per_floor":[77,77,77,77,77,77,77,77,77,77,77,77,77,77,77,77,77],"card_choices":[{"not_picked":["Deflect","Distraction"],"picked":"Deadly Poison","floor":1},{"not_picked":["Acrobatics","Outmaneuver"],"picked":"Riddle With Holes","floor":3},{"not_picked":["Setup","Prepared","Outmaneuver"],"picked":"SKIP","floor":4},{"not_picked":["Slice","Prepared"],"picked":"Calculated Gamble","floor":6},{"not_picked":["Poisoned Stab","Flying Knee"],"picked":"After Image","floor":7},{"not_picked":["Prepared","Glass Knife","Doppelganger"],"picked":"SKIP","floor":12},{"not_picked":["Flying Knee","Outmaneuver","Slice"],"picked":"SKIP","floor":13}],"player_experience":333934,"relics_obtained":[{"floor":9,"key":"PreservedInsect"},{"floor":12,"key":"Centennial Puzzle"}],"event_choices":[{"damage_healed":0,"gold_gain":0,"player_choice":"Success","damage_taken":7,"relics_obtained":["Blood Vial"],"max_hp_gain":0,"max_hp_loss":0,"event_name":"Scrap Ooze","floor":2,"gold_loss":0},{"damage_healed":0,"gold_gain":75,"player_choice":"Gather Gold","damage_taken":11,"max_hp_gain":0,"max_hp_loss":0,"event_name":"World of Goop","floor":5,"gold_loss":0},{"cards_removed":["Strike_G"],"damage_healed":0,"gold_gain":0,"player_choice":"Forget","damage_taken":0,"max_hp_gain":0,"max_hp_loss":0,"event_name":"Living Wall","floor":10,"gold_loss":0},{"cards_removed":["Strike_G"],"damage_healed":0,"gold_gain":0,"player_choice":"Card Removal","damage_taken":0,"max_hp_gain":0,"max_hp_loss":0,"event_name":"The Cleric","floor":11,"gold_loss":50}],"is_beta":false,"boss_relics":[],"items_purged_floors":[14],"is_endless":false,"potions_floor_spawned":[7,12,13],"killed_by":"Hexaghost","ascension_level":10}}