{"host":"zrg8yzdwi219jxzu","time":1611204728,"event":{"mods":["BaseMod","Minty Spire (QoL Compilation)"],"gold_per_floor":[119,119,79,92,104,104,139,150,150,166,196,196,196,216,216,312,312,330,330,302,318,335,335,35,61,61,61,94,94,94,94],"floor_reached":30,"language":"ENG","playtime":1679,"items_purged":["Strike_G"],"score":294,"play_id":"74420067-8e8f-4ffd-ac73-3d832b6d614b","local_time":"20210120235208","is_ascension_mode":true,"campfire_choices":[{"data":"Tools of the Trade","floor":6,"key":"SMITH"},{"floor":13,"key":"REST"},{"data":"Backflip","floor":15,"key":"SMITH"},{"floor":23,"key":"REST"},{"floor":27,"key":"REST"}],"circlet_count":0,"master_deck":["Strike_G","Strike_G","Strike_G","Strike_G+1","Defend_G","Defend_G+1","Defend_G","Defend_G","Defend_G","Survivor","Neutralize","Underhanded Strike","Underhanded Strike","Tools of the Trade+1","Noxious Fumes","Acrobatics","Backflip+1","Bouncing Flask","Footwork","After Image","Footwork","RitualDagger","Infinite Blades","Underhanded Strike","Infinite Blades","Infinite Blades","Backstab+1","Shame","Shame"],"relics":["Ring of the Snake","Pocketwatch","Unceasing Top","Incense Burner","Question Card","Cursed Key","Bag of Preparation","Ancient Tea Set","Turnip","Pen Nib","Calipers"],"acts_visited":["Exordium","TheCity"],"potions_floor_usage":[7,7,10,14,16,20,25],"damage_taken":[{"damage":1,"enemies":"Cultist","floor":1,"turns":4},{"damage":1,"enemies":"Small Slimes","floor":4,"turns":3},{"damage":0,"enemies":"Jaw Worm","floor":5,"turns":2},{"damage":5,"enemies":"Lagavulin","floor":7,"turns":6},{"damage":9,"enemies":"3 Louse","floor":8,"turns":3},{"damage":2,"enemies":"2 Fungi Beasts","floor":10,"turns":3},{"damage":9,"enemies":"3 Sentries","floor":11,"turns":7},{"damage":1,"enemies":"Exordium Wildlife","floor":14,"turns":3},{"damage":3,"enemies":"The Guardian","floor":16,"turns":6},{"damage":22,"enemies":"3 Byrds","floor":18,"turns":5},{"damage":17,"enemies":"2 Thieves","floor":20,"turns":5},{"damage":16,"enemies":"Sentry and Sphere","floor":21,"turns":6},{"damage":6,"enemies":"Shelled Parasite and Fungi","floor":22,"turns":6},{"damage":7,"enemies":"Book of Stabbing","floor":25,"turns":7},{"damage":28,"enemies":"Slavers","floor":28,"turns":5},{"damage":26,"enemies":"Snake Plant","floor":30,"turns":2}],"seed_played":"-7258329775115560145","potions_obtained":[{"floor":3,"key":"DistilledChaos"},{"floor":3,"key":"GhostInAJar"},{"floor":3,"key":"EntropicBrew"},{"floor":7,"key":"BlessingOfTheForge"},{"floor":10,"key":"Poison Potion"},{"floor":11,"key":"AttackPotion"},{"floor":18,"key":"Energy Potion"},{"floor":21,"key":"FearPotion"}],"is_trial":false,"path_per_floor":["M","?","?","M","M","R","E","M","T","M","E","?","R","M","R","B",null,"M","?","M","M","M","R","$","E","T","R","E","?","M"],"character_chosen":"THE_SILENT","items_purchased":["Infinite Blades","Bag of Preparation"],"campfire_rested":3,"item_purchase_floors":[24,24],"current_hp_per_floor":[76,61,61,60,60,60,55,46,46,44,35,17,40,39,39,36,77,55,49,32,16,10,33,33,26,26,49,21,21,0,0],"gold":94,"neow_bonus":"TEN_PERCENT_HP_BONUS","is_daily":false,"chose_seed":false,"campfire_upgraded":2,"win_rate":0.0,"timestamp":1611204728,"path_taken":["M","?","?","M","M","R","E","?","T","M","E","?","R","M","R","BOSS","M","?","M","M","M","R","$","E","T","R","E","?","M"],"items_purchased_type":["Card","Relic"],"build_version":"2020-12-22","purchased_purges":1,"victory":false,"max_hp_per_floor":[77,77,77,77,77,77,77,77,77,77,77,77,77,77,77,77,77,77,77,77,77,77,77,77,77,77,77,77,77,77,77],"card_choices":[{"not_picked":["Prepared","Slice"],"picked":"Underhanded Strike","floor":1},{"not_picked":["Poisoned Stab","Deflect"],"picked":"Underhanded Strike","floor":4},{"not_picked":["Heel Hook","Masterful Stab"],"picked":"Tools of the Trade","floor":5},{"not_picked":["Crippling Poison","Bane"],"picked":"Noxious Fumes","floor":7},{"not_picked":["Bane","Sucker Punch"],"picked":"Acrobatics","floor":8},{"not_picked":["Endless Agony","Heel Hook"],"picked":"Backflip","floor":10},{"not_picked":["Skewer","Poisoned Stab"],"picked":"Bouncing Flask","floor":11},{"not_picked":["Malaise","Deflect","Deadly Poison"],"picked":"Footwork","floor":14},{"not_picked":["A Thousand Cuts","Bullet Time","Doppelganger"],"picked":"After Image","floor":16},{"not_picked":["Quick Slash","Predator","Terror"],"picked":"Footwork","floor":18},{"not_picked":["Slice+1","Dagger Throw+1","Deflect+1"],"picked":"Infinite Blades","floor":20},{"not_picked":["Acrobatics","Dodge and Roll+1","Blade Dance"],"picked":"Underhanded Strike","floor":21},{"not_picked":["Setup","Choke","PiercingWail"],"picked":"Infinite Blades","floor":22},{"not_picked":["Underhanded Strike","Distraction","Noxious Fumes"],"picked":"Backstab+1","floor":25},{"not_picked":["Choke","Deadly Poison","Noxious Fumes","Flying Knee"],"picked":"SKIP","floor":28}],"player_experience":110388,"relics_obtained":[{"floor":7,"key":"Pocketwatch"},{"floor":9,"key":"Unceasing Top"},{"floor":11,"key":"Incense Burner"},{"floor":25,"key":"Ancient Tea Set"},{"floor":26,"key":"Turnip"},{"floor":28,"key":"Pen Nib"}],"event_choices":[{"damage_healed":0,"gold_gain":0,"player_choice":"Entered Light","damage_taken":15,"max_hp_gain":0,"max_hp_loss":0,"event_name":"Shining Light","floor":2,"gold_loss":0,"cards_upgraded":["Defend_G","Strike_G"]},{"damage_healed":0,"gold_gain":0,"player_choice":"Bought 3 Potions","damage_taken":0,"max_hp_gain":0,"max_hp_loss":0,"event_name":"The Woman in Blue","floor":3,"gold_loss":0},{"damage_healed":0,"gold_gain":0,"player_choice":"Success","damage_taken":18,"relics_obtained":["Question Card"],"max_hp_gain":0,"max_hp_loss":0,"event_name":"Scrap Ooze","floor":12,"gold_loss":0},{"damage_healed":0,"gold_gain":0,"player_choice":"Joined the Cult","damage_taken":6,"max_hp_gain":0,"max_hp_loss":0,"event_name":"Nest","floor":19,"gold_loss":0,"cards_obtained":["RitualDagger"]},{"damage_healed":0,"gold_gain":0,"player_choice":"Stole Relic","damage_taken":0,"relics_obtained":["Calipers"],"max_hp_gain":0,"max_hp_loss":0,"event_name":"Addict","floor":29,"gold_loss":0,"cards_obtained":["Shame"]}],"is_beta":false,"boss_relics":[{"not_picked":["Fusion Hammer","Coffee Dripper"],"picked":"Cursed Key"}],"items_purged_floors":[24],"is_endless":false,"potions_floor_spawned":[7,10,11,18,21],"killed_by":"Snake Plant","ascension_level":1}}