{"host":"yuhy0i501zzmn1iz","time":1611255172,"event":{"mods":["AchievementEnabler","AlwaysNeverKeys","BaseMod","Bestiary","Better Match","Better Third Choice","Curses Come First","Downfall","Minty Spire (QoL Compilation)","StSLib","slay the spire mod where everything is the same but ironclad has a cowboy hat"],"gold_per_floor":[109,109,35,49,14,45,45,75,157,176,176,196,225,250,250,349,349,362,362,392,51,66,66,96,96,96,96,125,125,157,170,170,274,274,284,284,59,77,95,122,138,167,167,167,196,196,211,211,211,211,211,211,64,90,90,90],"floor_reached":55,"language":"ENG","playtime":1910,"items_purged":["Strike_G"],"score":1174,"play_id":"1bc030d3-10ed-4809-9125-57dfb5ddb228","local_time":"20210121135252","is_ascension_mode":true,"campfire_choices":[{"data":"Blur","floor":7.0,"key":"SMITH"},{"data":"Storm of Steel","floor":11.0,"key":"SMITH"},{"data":"Accuracy","floor":15.0,"key":"SMITH"},{"data":"Panache","floor":23.0,"key":"SMITH"},{"data":"Infinite Blades","floor":25.0,"key":"SMITH"},{"data":"Cloak And Dagger","floor":27.0,"key":"SMITH"},{"floor":32.0,"key":"REST"},{"floor":44.0,"key":"REST"},{"floor":49.0,"key":"RECALL"},{"data":"A Thousand Cuts","floor":52.0,"key":"SMITH"}],"circlet_count":0,"master_deck":["Strike_G","Strike_G","Strike_G","Strike_G","Defend_G","Defend_G","Defend_G","Defend_G","Defend_G","Survivor","Neutralize","Terror+1","Caltrops","Dash","Blur+1","Accuracy+1","Cloak And Dagger+1","Storm of Steel+1","Cloak And Dagger","Infinite Blades+1","Glass Knife+1","Die Die Die+1","Slice+1","Backstab+1","Panache+1","Terror+1","Riddle With Holes+1","Backstab+1","RitualDagger+1","A Thousand Cuts+1","Choke+1","Dagger Spray+1","Tools of the Trade","Dagger Spray+1","Madness","Madness","Slice+1","Glass Knife+1","Noxious Fumes","Blade Dance+1","Die Die Die+1","Master of Strategy","Choke+1"],"relics":["Ring of the Snake","NeowsBlessing","Pen Nib","Strawberry","Molten Egg 2","Ornamental Fan","Odd Mushroom","WristBlade","Enchiridion","Red Mask","Strange Spoon","Nunchaku","Dream Catcher","Anchor","Juzu Bracelet","Black Star","Oddly Smooth Stone","Orichalcum","Bottled Tornado","Omamori","Shuriken","Meat on the Bone","StoneCalendar","Happy Flower","InkBottle","Bag of Marbles"],"acts_visited":["Exordium","TheCity","TheBeyond","TheEnding"],"potions_floor_usage":[55],"damage_taken":[{"damage":0.0,"enemies":"Jaw Worm","floor":1.0,"turns":1.0},{"damage":0.0,"enemies":"Cultist","floor":4.0,"turns":1.0},{"damage":0.0,"enemies":"3 Sentries","floor":6.0,"turns":2.0},{"damage":7.0,"enemies":"Gremlin Nob","floor":8.0,"turns":5.0},{"damage":0.0,"enemies":"Small Slimes","floor":10.0,"turns":3.0},{"damage":0.0,"enemies":"2 Fungi Beasts","floor":12.0,"turns":2.0},{"damage":4.0,"enemies":"Lagavulin","floor":13.0,"turns":5.0},{"damage":9.0,"enemies":"The Mushroom Lair","floor":14.0,"turns":3.0},{"damage":16.0,"enemies":"The Guardian","floor":16.0,"turns":7.0},{"damage":0.0,"enemies":"3 Byrds","floor":18.0,"turns":4.0},{"damage":0.0,"enemies":"Masked Bandits","floor":20.0,"turns":3.0},{"damage":0.0,"enemies":"Spheric Guardian","floor":22.0,"turns":2.0},{"damage":8.0,"enemies":"Book of Stabbing","floor":24.0,"turns":4.0},{"damage":0.0,"enemies":"Slavers","floor":28.0,"turns":2.0},{"damage":28.0,"enemies":"Gremlin Leader","floor":30.0,"turns":3.0},{"damage":0.0,"enemies":"Centurion and Healer","floor":31.0,"turns":2.0},{"damage":39.0,"enemies":"Automaton","floor":33.0,"turns":7.0},{"damage":0.0,"enemies":"Orb Walker","floor":35.0,"turns":2.0},{"damage":15.0,"enemies":"3 Shapes","floor":38.0,"turns":3.0},{"damage":0.0,"enemies":"3 Darklings","floor":39.0,"turns":4.0},{"damage":23.0,"enemies":"Reptomancer","floor":40.0,"turns":4.0},{"damage":2.0,"enemies":"Sphere and 2 Shapes","floor":41.0,"turns":3.0},{"damage":0.0,"enemies":"Giant Head","floor":42.0,"turns":5.0},{"damage":0.0,"enemies":"Nemesis","floor":45.0,"turns":3.0},{"damage":0.0,"enemies":"Writhing Mass","floor":47.0,"turns":3.0},{"damage":14.0,"enemies":"Donu and Deca","floor":50.0,"turns":6.0},{"damage":31.0,"enemies":"Shield and Spear","floor":54.0,"turns":4.0},{"damage":64,"enemies":"The Heart","floor":55,"turns":3}],"seed_played":"7490122153024621842","potions_obtained":[{"floor":6.0,"key":"CunningPotion"},{"floor":8.0,"key":"GamblersBrew"},{"floor":10.0,"key":"Explosive Potion"},{"floor":12.0,"key":"ColorlessPotion"},{"floor":24.0,"key":"Regen Potion"},{"floor":30.0,"key":"SkillPotion"},{"floor":33.0,"key":"hexamod:SoulburnPotion"},{"floor":38.0,"key":"hexamod:SoulburnPotion"},{"floor":40.0,"key":"ColorlessPotion"},{"floor":45.0,"key":"Block Potion"}],"is_trial":false,"path_per_floor":["M","?","$","M","$","E","R","E","T","M","R","M","E","?","R","B",null,"M","?","?","$","M","R","E","R","T","R","E","?","E","M","R","B",null,"M","?","$","M","M","E","M","E","T","R","E","?","M","?","R","B",null,"R","$","E","B"],"character_chosen":"THE_SILENT","items_purchased":["Caltrops","Blur","Strange Spoon","Panache","Oddly Smooth Stone","Happy Flower"],"campfire_rested":2,"item_purchase_floors":[3,5,21,21,37,53],"current_hp_per_floor":[70,70,70,70,70,70,70,70,70,70,70,70,66,57,57,41,68,68,52,52,52,52,52,44,44,44,44,44,38,10,10,33,9,60,60,50,50,35,35,12,10,10,10,33,33,33,45,77,77,63,74,74,74,43,0,0],"gold":90,"neow_bonus":"THREE_ENEMY_KILL","is_daily":false,"chose_seed":false,"campfire_upgraded":7,"win_rate":0.0,"timestamp":1611255172,"path_taken":["M","?","?","?","$","E","R","E","T","M","R","M","E","?","R","BOSS","M","?","?","$","M","R","E","R","T","R","E","?","E","M","R","BOSS","M","?","$","M","M","E","M","E","T","R","E","?","M","?","R","BOSS","R","$","E","BOSS"],"items_purchased_type":["Card","Card","Relic","Card","Relic","Relic"],"build_version":"2020-12-22","purchased_purges":1,"victory":false,"max_hp_per_floor":[70,70,70,70,70,70,70,77,77,77,77,77,77,77,77,77,77,77,77,77,77,77,77,77,77,77,77,77,77,77,77,77,77,77,77,77,77,77,77,77,77,77,77,77,77,77,77,77,77,77,77,77,77,77,77,77],"card_choices":[{"not_picked":["Slice","Quick Slash"],"picked":"Terror","floor":1.0},{"not_picked":["Sucker Punch","Outmaneuver"],"picked":"Dash","floor":4.0},{"not_picked":["Reflex","Eviscerate"],"picked":"Accuracy","floor":6.0},{"not_picked":["PiercingWail","Quick Slash"],"picked":"Cloak And Dagger","floor":8.0},{"not_picked":["Outmaneuver","Tactician"],"picked":"Storm of Steel","floor":10.0},{"not_picked":["Slice+1","Flechettes+1"],"picked":"Cloak And Dagger","floor":12.0},{"not_picked":["Leg Sweep","Slice+1"],"picked":"Infinite Blades","floor":13.0},{"not_picked":["Catalyst","Poisoned Stab+1"],"picked":"Glass Knife+1","floor":14.0},{"not_picked":["Wraith Form v2","Phantasmal Killer"],"picked":"Die Die Die+1","floor":16.0},{"not_picked":["Eviscerate+1","Outmaneuver+1"],"picked":"Slice+1","floor":18.0},{"not_picked":["Prepared","Acrobatics"],"picked":"Backstab+1","floor":20.0},{"not_picked":["Bane+1","Quick Slash+1"],"picked":"Terror+1","floor":22.0},{"not_picked":["Outmaneuver","Distraction"],"picked":"Riddle With Holes+1","floor":24.0},{"not_picked":["Dagger Spray+1","Flying Knee+1"],"picked":"Backstab+1","floor":28.0},{"not_picked":["Quick Slash+1","Backflip+1"],"picked":"A Thousand Cuts","floor":30.0},{"not_picked":["Terror+1","Prepared+1"],"picked":"Choke+1","floor":31.0},{"not_picked":["Tactician+1","Flying Knee+1"],"picked":"Dagger Spray+1","floor":32.0},{"not_picked":["Wraith Form v2","Phantasmal Killer"],"picked":"Tools of the Trade","floor":33.0},{"not_picked":["Setup","Poisoned Stab+1"],"picked":"Dagger Spray+1","floor":35.0},{"not_picked":["Dagger Throw+1","Sucker Punch+1"],"picked":"Slice+1","floor":38.0},{"not_picked":["Dagger Throw+1","Bane+1","Quick Slash+1"],"picked":"SKIP","floor":39.0},{"not_picked":["Blade Dance+1","All Out Attack+1"],"picked":"Glass Knife+1","floor":40.0},{"not_picked":["Underhanded Strike+1","Backstab+1"],"picked":"Noxious Fumes","floor":41.0},{"not_picked":["Deadly Poison+1","Sucker Punch+1"],"picked":"Blade Dance+1","floor":42.0},{"not_picked":["Calculated Gamble","Heel Hook+1"],"picked":"Die Die Die+1","floor":45.0},{"not_picked":["Magnetism","HandOfGreed+1"],"picked":"Master of Strategy","floor":46.0},{"not_picked":["Outmaneuver+1","Cloak And Dagger","Skewer+1"],"picked":"SKIP","floor":47.0},{"not_picked":["Quick Slash+1","Sucker Punch+1"],"picked":"Choke+1","floor":54.0}],"player_experience":324563,"relics_obtained":[{"floor":6.0,"key":"Pen Nib"},{"floor":8.0,"key":"Strawberry"},{"floor":9.0,"key":"Molten Egg 2"},{"floor":13.0,"key":"Ornamental Fan"},{"floor":14.0,"key":"Odd Mushroom"},{"floor":19.0,"key":"Enchiridion"},{"floor":20.0,"key":"Red Mask"},{"floor":24.0,"key":"Nunchaku"},{"floor":26.0,"key":"Dream Catcher"},{"floor":28.0,"key":"Anchor"},{"floor":30.0,"key":"Juzu Bracelet"},{"floor":40.0,"key":"Orichalcum"},{"floor":40.0,"key":"Bottled Tornado"},{"floor":42.0,"key":"Omamori"},{"floor":42.0,"key":"Shuriken"},{"floor":45.0,"key":"Meat on the Bone"},{"floor":45.0,"key":"StoneCalendar"},{"floor":54.0,"key":"InkBottle"},{"floor":54.0,"key":"Bag of Marbles"}],"event_choices":[{"damage_healed":0.0,"max_hp_gain":0.0,"max_hp_loss":0.0,"gold_gain":0.0,"event_name":"Upgrade Shrine","player_choice":"Upgraded","floor":2.0,"gold_loss":0.0,"damage_taken":0.0,"cards_upgraded":["Terror"]},{"damage_healed":0.0,"max_hp_gain":0.0,"max_hp_loss":0.0,"gold_gain":0.0,"event_name":"Mushrooms","player_choice":"Fought Mushrooms","floor":14.0,"gold_loss":0.0,"damage_taken":0.0},{"damage_healed":0.0,"max_hp_gain":0.0,"max_hp_loss":0.0,"gold_gain":0.0,"event_name":"Cursed Tome","player_choice":"Obtained Book","floor":19.0,"gold_loss":0.0,"damage_taken":16.0},{"damage_healed":0.0,"max_hp_gain":0.0,"max_hp_loss":0.0,"gold_gain":0.0,"event_name":"Masked Bandits","player_choice":"Fought Bandits","floor":20.0,"gold_loss":0.0,"damage_taken":0.0},{"damage_healed":0.0,"max_hp_gain":0.0,"max_hp_loss":0.0,"gold_gain":0.0,"event_name":"betterThird:BetterNest","player_choice":"Dagger","floor":29.0,"gold_loss":0.0,"damage_taken":6.0,"cards_obtained":["RitualDagger"]},{"damage_healed":0.0,"max_hp_gain":0.0,"max_hp_loss":0.0,"gold_gain":0.0,"event_name":"Winding Halls","player_choice":"Embrace Madness","floor":36.0,"gold_loss":0.0,"damage_taken":10.0,"cards_obtained":["Madness","Madness"]},{"damage_healed":0.0,"max_hp_gain":0.0,"max_hp_loss":0.0,"gold_gain":0.0,"event_name":"SensoryStone","player_choice":"Memory 1","floor":46.0,"gold_loss":0.0,"damage_taken":0.0},{"damage_healed":32.0,"max_hp_gain":0.0,"max_hp_loss":0.0,"gold_gain":0.0,"event_name":"MindBloom","player_choice":"Heal","floor":48.0,"gold_loss":0.0,"damage_taken":0.0,"cards_obtained":["Doubt"]}],"is_beta":false,"boss_relics":[{"not_picked":["Empty Cage","Fusion Hammer"],"picked":"WristBlade"},{"not_picked":["Velvet Choker","bronze:MakeshiftBattery"],"picked":"Black Star"}],"items_purged_floors":[37],"is_endless":false,"potions_floor_spawned":[6,8,10,12,20,24,30,33,38,40,45],"killed_by":"The Heart","ascension_level":5}}