{"host":"ci7ivtocgfxh0ueo","time":1611239050,"event":{"mods":["BaseMod","GifTheSpireLib","Minty Spire (QoL Compilation)","StSLib"],"gold_per_floor":[122,147,159,196,50,50,50,50,103,126,146,160,160,160,160],"floor_reached":14,"language":"ZHT","playtime":342,"items_purged":[],"score":156,"play_id":"8b320a40-721e-489f-aef5-6ca4929b14fd","local_time":"20210121222410","is_ascension_mode":true,"campfire_choices":[{"data":"Dropkick","floor":6,"key":"SMITH"},{"floor":8,"key":"REST"},{"data":"Armaments","floor":13,"key":"SMITH"}],"circlet_count":0,"master_deck":["AscendersBane","Strike_R","Strike_R","Strike_R","Strike_R+1","Strike_R","Defend_R","Defend_R","Defend_R","Defend_R","Bash+1","Dropkick+1","Thunderclap","Injury","Iron Wave","Armaments+1","Uppercut","Dropkick"],"relics":["Burning Blood","MawBank","Golden Idol","Potion Belt","Bag of Preparation"],"acts_visited":["Exordium"],"potions_floor_usage":[4],"damage_taken":[{"damage":3,"enemies":"2 Louse","floor":1,"turns":4},{"damage":9,"enemies":"Jaw Worm","floor":2,"turns":4},{"damage":10,"enemies":"Small Slimes","floor":4,"turns":3},{"damage":22,"enemies":"Exordium Wildlife","floor":10,"turns":4},{"damage":8,"enemies":"Blue Slaver","floor":11,"turns":4},{"damage":21,"enemies":"Lots of Slimes","floor":12,"turns":6},{"damage":34,"enemies":"3 Sentries","floor":14,"turns":7}],"seed_played":"-2579842233032701819","potions_obtained":[{"floor":1,"key":"EssenceOfSteel"},{"floor":2,"key":"Explosive Potion"},{"floor":11,"key":"ElixirPotion"}],"is_trial":false,"path_per_floor":["M","M","?","M","$","R","?","R","T","M","M","M","R","E"],"character_chosen":"IRONCLAD","items_purchased":["Potion Belt"],"campfire_rested":1,"item_purchase_floors":[5],"current_hp_per_floor":[71,68,68,64,64,64,41,63,63,47,45,30,30,0,0],"gold":160,"neow_bonus":"RANDOM_COMMON_RELIC","is_daily":false,"chose_seed":false,"campfire_upgraded":2,"win_rate":0.0,"timestamp":1611239050,"path_taken":["M","M","?","M","$","R","?","R","T","M","?","M","R","E"],"items_purchased_type":["Relic"],"build_version":"2020-12-22","purchased_purges":0,"victory":false,"max_hp_per_floor":[75,75,75,75,75,75,75,75,75,75,75,75,75,75,75],"card_choices":[{"not_picked":["Thunderclap","Spot Weakness"],"picked":"Dropkick","floor":1},{"not_picked":["Battle Trance","Cleave"],"picked":"Thunderclap","floor":2},{"not_picked":["Flex","True Grit"],"picked":"Iron Wave","floor":4},{"not_picked":["Heavy Blade","Fiend Fire"],"picked":"Armaments","floor":10},{"not_picked":["Reckless Charge","Clothesline"],"picked":"Uppercut","floor":11},{"not_picked":["Clash","Heavy Blade"],"picked":"Dropkick","floor":12}],"player_experience":1343042,"relics_obtained":[{"floor":9,"key":"Bag of Preparation"}],"event_choices":[{"damage_healed":0,"gold_gain":0,"player_choice":"Take Wound","damage_taken":0,"relics_obtained":["Golden Idol"],"max_hp_gain":0,"max_hp_loss":0,"event_name":"Golden Idol","floor":3,"gold_loss":0,"cards_obtained":["Injury"]},{"damage_healed":0,"gold_gain":0,"player_choice":"Entered Light","damage_taken":23,"max_hp_gain":0,"max_hp_loss":0,"event_name":"Shining Light","floor":7,"gold_loss":0,"cards_upgraded":["Bash","Strike_R"]}],"is_beta":false,"boss_relics":[],"items_purged_floors":[],"is_endless":false,"potions_floor_spawned":[1,2,11],"killed_by":"3 Sentries","ascension_level":18}}