{"host":"tnsigirk6wurdark","time":1611210724,"event":{"mods":["BaseMod","Bestiary","Colored Map","Colored Powertips","Curses Come First","Highlight Path","Minty Spire (QoL Compilation)","Quick Restart","Relic Sorter","StSLib","Synergy Search"],"gold_per_floor":[117,117,132,6,21,21,46,46,46,46,76,76,111,91,91,168,168,179,199,249,514,196,196,246,295,367,430,430,464,482,516,516,592,592,602,677,688,738,751,751,781,794,794,406,417,417,437,2,2,2],"floor_reached":51,"language":"ENG","playtime":2904,"items_purged":["Strike_G","Strike_G","Strike_G"],"score":1543,"play_id":"2cb9c520-e494-446c-a3e4-fa20df9f49eb","local_time":"20210121063204","is_ascension_mode":true,"campfire_choices":[{"data":"Bouncing Flask","floor":6.0,"key":"SMITH"},{"floor":12.0,"key":"REST"},{"data":"Catalyst","floor":15.0,"key":"SMITH"},{"data":"Wraith Form v2","floor":23.0,"key":"SMITH"},{"data":"Dagger Spray","floor":28.0,"key":"SMITH"},{"floor":32,"key":"REST"},{"data":"Bouncing Flask","floor":40,"key":"SMITH"},{"floor":46,"key":"REST"},{"floor":49,"key":"REST"}],"circlet_count":0,"master_deck":["AscendersBane","Strike_G","Defend_G","Defend_G","Defend_G","Defend_G","Defend_G","Survivor","Neutralize","CurseOfTheBell","Deadly Poison","Deflect","Eviscerate","Well Laid Plans","Bouncing Flask+1","Deflect","Catalyst+1","Wraith Form v2+1","Blade Dance","Unload","Footwork+1","Die Die Die","Die Die Die","Dagger Spray+1","Slice+1","Acrobatics","Deflect","Tools of the Trade","Finisher+1","Bouncing Flask+1","Escape Plan+1","Deadly Poison+1","Backstab+1","Deadly Poison+1","PiercingWail+1","Outmaneuver+1","Cloak And Dagger+1","Blur+1"],"relics":["Calling Bell","Toxic Egg 2","Du-Vu Doll","Thread and Needle","Oddly Smooth Stone","Kunai","Regal Pillow","Mercury Hourglass","SsserpentHead","Bag of Preparation","Bottled Lightning","Black Star","Ice Cream","Old Coin","Tiny Chest","Sundial","Bag of Marbles","Ornamental Fan","Molten Egg 2","TungstenRod","Pantograph","SlaversCollar","Mango","Anchor","Centennial Puzzle","Paper Crane","Gremlin Horn","Pen Nib"],"acts_visited":["TheCity","TheBeyond"],"potions_floor_usage":[33,47,50,50,50],"damage_taken":[{"damage":0.0,"enemies":"Small Slimes","floor":1.0,"turns":5.0},{"damage":2.0,"enemies":"Cultist","floor":3.0,"turns":4.0},{"damage":0.0,"enemies":"2 Louse","floor":5.0,"turns":3.0},{"damage":16.0,"enemies":"Lagavulin","floor":7.0,"turns":7.0},{"damage":15.0,"enemies":"Gremlin Nob","floor":11.0,"turns":5.0},{"damage":21.0,"enemies":"3 Sentries","floor":13.0,"turns":7.0},{"damage":2.0,"enemies":"Exordium Thugs","floor":14.0,"turns":4.0},{"damage":1.0,"enemies":"The Guardian","floor":16.0,"turns":7.0},{"damage":0.0,"enemies":"Chosen","floor":18.0,"turns":2.0},{"damage":0.0,"enemies":"2 Thieves","floor":19.0,"turns":4.0},{"damage":14.0,"enemies":"Slavers","floor":25.0,"turns":6.0},{"damage":0.0,"enemies":"Snake Plant","floor":27.0,"turns":3.0},{"damage":0.0,"enemies":"Gremlin Leader","floor":29.0,"turns":8.0},{"damage":12,"enemies":"Chosen and Byrds","floor":30,"turns":7},{"damage":18,"enemies":"Book of Stabbing","floor":31,"turns":6},{"damage":35,"enemies":"Automaton","floor":33,"turns":8},{"damage":7,"enemies":"Orb Walker","floor":35,"turns":5},{"damage":0,"enemies":"Mind Bloom Boss Battle","floor":36,"turns":7},{"damage":0,"enemies":"3 Shapes","floor":37,"turns":11},{"damage":0,"enemies":"Maw","floor":39,"turns":6},{"damage":0,"enemies":"Nemesis","floor":41,"turns":7},{"damage":28,"enemies":"3 Darklings","floor":42,"turns":6},{"damage":9,"enemies":"Writhing Mass","floor":45,"turns":6},{"damage":33,"enemies":"Spire Growth","floor":47,"turns":6},{"damage":12,"enemies":"Awakened One","floor":50,"turns":11}],"seed_played":"1579153101390813991","potions_obtained":[{"floor":13.0,"key":"Block Potion"},{"floor":18.0,"key":"ColorlessPotion"},{"floor":27.0,"key":"LiquidBronze"},{"floor":29.0,"key":"Poison Potion"},{"floor":36,"key":"Explosive Potion"},{"floor":42,"key":"CultistPotion"},{"floor":45,"key":"Fruit Juice"},{"floor":47,"key":"EntropicBrew"}],"is_trial":false,"path_per_floor":["M","?","M","$","M","R","E","$","T","?","E","R","E","M","R","B",null,"M","M","T","?","$","R","?","E","T","M","R","E","M","E","R","B",null,"M","?","M","T","M","R","E","M","T","$","M","R","M","$","R","B",null],"character_chosen":"THE_SILENT","items_purchased":["Eviscerate","Well Laid Plans","Die Die Die","Tiny Chest","Gremlin Horn","PiercingWail+1","Pen Nib","Cloak And Dagger+1","Blur+1"],"campfire_rested":4,"item_purchase_floors":[4,4,22,22,44,44,48,48,48],"current_hp_per_floor":[59,59,57,57,57,57,41,41,41,41,26,60,39,37,37,36,59,59,59,59,59,59,59,59,45,45,45,45,45,33,15,49,31,57,50,80,80,80,80,80,80,52,52,52,43,80,52,52,85,73],"gold":2,"neow_bonus":"BOSS_RELIC","is_daily":false,"chose_seed":true,"campfire_upgraded":5,"win_rate":0.0,"timestamp":1611210724,"path_taken":["M","?","M","$","?","R","E","?","T","?","E","R","E","M","R","BOSS","M","?","?","?","$","R","?","E","T","?","R","E","M","E","R","BOSS","M","?","M","?","M","R","E","M","T","?","M","R","M","$","R","BOSS"],"items_purchased_type":["Card","Card","Card","Relic","Relic","Card","Relic","Card","Card"],"build_version":"2020-12-22","purchased_purges":3,"victory":true,"max_hp_per_floor":[66,66,66,66,66,66,66,66,66,66,66,66,66,66,66,66,66,66,66,66,66,66,66,66,66,66,66,66,66,66,66,66,66,66,66,80,80,80,80,80,80,80,80,80,80,80,85,85,85,85],"card_choices":[{"not_picked":["Dodge and Roll","Deflect"],"picked":"Deadly Poison","floor":1.0},{"not_picked":["Dagger Throw","Underhanded Strike"],"picked":"Deflect","floor":3.0},{"not_picked":["Escape Plan","Crippling Poison"],"picked":"Bouncing Flask","floor":5.0},{"not_picked":["Sucker Punch","Underhanded Strike"],"picked":"Deflect","floor":7.0},{"not_picked":["Eviscerate","Dagger Throw"],"picked":"Catalyst","floor":11.0},{"not_picked":["Dodge and Roll","Eviscerate"],"picked":"Wraith Form v2","floor":13.0},{"not_picked":["Setup","Prepared"],"picked":"Blade Dance","floor":14.0},{"not_picked":["Glass Knife","Night Terror"],"picked":"Unload","floor":16.0},{"not_picked":["Prepared","Flying Knee+1","Outmaneuver"],"picked":"SKIP","floor":18.0},{"not_picked":["Tactician","Backflip"],"picked":"Footwork","floor":19.0},{"not_picked":["Flechettes","Bane"],"picked":"Die Die Die","floor":25.0},{"not_picked":["Backflip","Dodge and Roll"],"picked":"Dagger Spray","floor":27.0},{"not_picked":["All Out Attack+1","Choke+1"],"picked":"Slice+1","floor":29.0},{"not_picked":["Tactician","Cloak And Dagger"],"picked":"Acrobatics","floor":30},{"not_picked":["Flying Knee+1","Sucker Punch+1"],"picked":"Deflect","floor":31},{"not_picked":["Malaise","Glass Knife+1"],"picked":"Tools of the Trade","floor":33},{"not_picked":["PiercingWail","Bane+1"],"picked":"Finisher+1","floor":35},{"not_picked":["Backflip","Setup"],"picked":"Bouncing Flask","floor":36},{"not_picked":["Backflip","Outmaneuver+1"],"picked":"Escape Plan+1","floor":37},{"not_picked":["Bullet Time+1","Sucker Punch+1"],"picked":"Deadly Poison+1","floor":39},{"not_picked":["Sucker Punch+1","Terror+1"],"picked":"Backstab+1","floor":41},{"not_picked":["Flying Knee+1","Quick Slash+1"],"picked":"Deadly Poison+1","floor":42},{"not_picked":["Dagger Throw+1","Poisoned Stab+1"],"picked":"Outmaneuver+1","floor":45},{"not_picked":["Dagger Throw+1","Expertise+1","Underhanded Strike+1"],"picked":"SKIP","floor":47}],"player_experience":811099,"relics_obtained":[{"floor":0.0,"key":"Oddly Smooth Stone"},{"floor":0.0,"key":"Kunai"},{"floor":0.0,"key":"Thread and Needle"},{"floor":7.0,"key":"Regal Pillow"},{"floor":9.0,"key":"Mercury Hourglass"},{"floor":11.0,"key":"Bag of Preparation"},{"floor":13.0,"key":"Bottled Lightning"},{"floor":20.0,"key":"Ice Cream"},{"floor":25.0,"key":"Sundial"},{"floor":25.0,"key":"Bag of Marbles"},{"floor":26.0,"key":"Ornamental Fan"},{"floor":29.0,"key":"Molten Egg 2"},{"floor":29.0,"key":"TungstenRod"},{"floor":31,"key":"Pantograph"},{"floor":31,"key":"Du-Vu Doll"},{"floor":36,"key":"Mango"},{"floor":38,"key":"Toxic Egg 2"},{"floor":41,"key":"Anchor"},{"floor":41,"key":"Centennial Puzzle"},{"floor":43,"key":"Paper Crane"}],"event_choices":[{"cards_removed":["Strike_G"],"damage_healed":0.0,"max_hp_gain":0.0,"max_hp_loss":0.0,"gold_gain":0.0,"event_name":"Purifier","player_choice":"Purged","floor":2.0,"gold_loss":0.0,"damage_taken":0.0},{"damage_healed":0.0,"max_hp_gain":0.0,"max_hp_loss":0.0,"gold_gain":0.0,"event_name":"FaceTrader","player_choice":"Trade","floor":10.0,"gold_loss":0.0,"damage_taken":0.0,"relics_obtained":["SsserpentHead"]},{"damage_healed":0.0,"max_hp_gain":0.0,"max_hp_loss":0.0,"gold_gain":0.0,"event_name":"Addict","player_choice":"Obtained Relic","floor":21.0,"gold_loss":85.0,"damage_taken":0.0,"relics_obtained":["Old Coin"]},{"damage_healed":0.0,"max_hp_gain":0.0,"max_hp_loss":0.0,"gold_gain":0.0,"event_name":"Accursed Blacksmith","player_choice":"Forge","floor":24.0,"gold_loss":0.0,"damage_taken":0.0,"cards_upgraded":["Footwork"]},{"damage_healed":0,"gold_gain":0,"player_choice":"Fight","damage_taken":0,"max_hp_gain":0,"max_hp_loss":0,"event_name":"MindBloom","floor":36,"gold_loss":0}],"is_beta":false,"boss_relics":[{"not_picked":["Fusion Hammer","Empty Cage"],"picked":"Black Star"},{"not_picked":["Coffee Dripper","Pandora\u0027s Box"],"picked":"SlaversCollar"}],"items_purged_floors":[22,44,48],"is_endless":false,"potions_floor_spawned":[13,18,27,29,36,42,45,47],"ascension_level":17}}