{"host":"5gc11emcm5chfr5t","time":1611236494,"event":{"mods":["2.2 Compatiblity","AchievementEnabler","BaseMod","Bestiary","Better Note","Colored Map","Colored Powertips","Downfall","Googly Eyes","Minty Spire (QoL Compilation)","Rare Cards Sparkle","StSLib"],"gold_per_floor":[99,116,130,144,129,145,145,162,196,208,225,235,35,52,64,139,139,139,152,152,137,137,154,180,180,212,212,3,15,25,25,37,37,37,37],"floor_reached":33,"language":"ENG","playtime":1915,"items_purged":[],"score":579,"play_id":"a0188c33-0271-43f8-915e-2699c033ae32","local_time":"20210121084134","is_ascension_mode":true,"campfire_choices":[{"floor":1.0,"key":"RECALL"},{"floor":13.0,"key":"REST"},{"data":"sneckomod:MorePower","floor":18.0,"key":"SMITH"},{"floor":27,"key":"REST"}],"circlet_count":0,"master_deck":["AscendersBane","sneckomod:Strike","sneckomod:Strike+1","sneckomod:Strike","sneckomod:Defend","sneckomod:Defend","sneckomod:Defend","sneckomod:TailWhip","sneckomod:SnekBite","sneckomod:Unknown+1","sneckomod:Unknown+1","sneckomod:Unknown2Cost","sneckomod:UnknownClassBLUE","sneckomod:UnknownClassBLUE","sneckomod:UnknownBoss+1","hexamod:SixthSeal","sneckomod:SoulCleanse+1","sneckomod:Unknown0Cost","sneckomod:Restock","sneckomod:UnknownClassGREEN+1","sneckomod:UnknownClassGREEN+1","sneckomod:MorePower+1","sneckomod:UnknownClassBLUE+1","sneckomod:WideSting","sneckomod:Unknown3Cost+1","sneckomod:UnknownRareSkill+1","sneckomod:UnknownUncommonAttack+1","sneckomod:UnknownClassGREEN","sneckomod:UnknownRareAttack","sneckomod:UnknownDraw+1","sneckomod:DangerNoodle+1","sneckomod:SlitherStrike","sneckomod:Unknown2Cost","sneckomod:Unknown3Cost+1","champ:UltimateStance","Dodge and Roll"],"relics":["Snecko Eye","bronze:BronzeIdol","Eternal Feather","downfall:HeartBlessingRed","downfall:HeartBlessingGreen","SacredBark","Bag of Marbles","Frozen Egg 2","Slimebound:StickyStick","PrismaticShard"],"acts_visited":["Exordium","TheCity"],"potions_floor_usage":[28,30,31,32],"damage_taken":[{"damage":10.0,"enemies":"Jaw Worm","floor":2.0,"turns":2.0},{"damage":0.0,"enemies":"Cultist","floor":3.0,"turns":3.0},{"damage":0.0,"enemies":"2 Louse","floor":4.0,"turns":2.0},{"damage":0.0,"enemies":"downfall:FleeingMerchant","floor":5.0,"turns":4.0},{"damage":32.0,"enemies":"Lots of Slimes","floor":6.0,"turns":6.0},{"damage":0.0,"enemies":"2 Fungi Beasts","floor":8.0,"turns":1.0},{"damage":12.0,"enemies":"3 Sentries","floor":9.0,"turns":2.0},{"damage":15.0,"enemies":"Large Slime","floor":10.0,"turns":4.0},{"damage":1.0,"enemies":"Blue Slaver","floor":11.0,"turns":6.0},{"damage":27.0,"enemies":"Lots of Slimes","floor":12.0,"turns":3.0},{"damage":9.0,"enemies":"3 Louse","floor":14.0,"turns":2.0},{"damage":6.0,"enemies":"Exordium Wildlife","floor":15.0,"turns":3.0},{"damage":14.0,"enemies":"IC_STATUS_ARCHETYPE","floor":16.0,"turns":6.0},{"damage":26.0,"enemies":"Chosen","floor":19.0,"turns":4.0},{"damage":2.0,"enemies":"downfall:FleeingMerchant","floor":21.0,"turns":4.0},{"damage":36.0,"enemies":"3 Byrds","floor":23.0,"turns":4.0},{"damage":2,"enemies":"Gremlin Leader","floor":26,"turns":3},{"damage":6,"enemies":"downfall:FleeingMerchant","floor":28,"turns":3},{"damage":25,"enemies":"Shelled Parasite and Fungi","floor":29,"turns":2},{"damage":0,"enemies":"Centurion and Healer","floor":30,"turns":1},{"damage":0,"enemies":"Snecko","floor":31,"turns":3},{"damage":12,"enemies":"Sentry and Sphere","floor":32,"turns":3},{"damage":3,"enemies":"WA_ARCHETYPE_CALM","floor":33,"turns":2}],"seed_played":"7731415600449390783","potions_obtained":[{"floor":8.0,"key":"sneckomod:DiceRollPotion"},{"floor":9.0,"key":"Energy Potion"},{"floor":10.0,"key":"FairyPotion"},{"floor":11.0,"key":"SpeedPotion"},{"floor":12.0,"key":"BlessingOfTheForge"},{"floor":14.0,"key":"DuplicationPotion"},{"floor":15.0,"key":"hexamod:SoulburnPotion"},{"floor":23.0,"key":"sneckomod:OffclassReductionPotion"},{"floor":29,"key":"AttackPotion"},{"floor":30,"key":"SmokeBomb"}],"is_trial":false,"path_per_floor":["R","M","M","M","$","M","T","M","E","M","M","M","R","M","M","B",null,"R","M","?","$","?","M","T","?","E","R","$","M","M","M","M","B"],"character_chosen":"THE_SNECKO","items_purchased":["Slimebound:StickyStick","sneckomod:Unknown3Cost","PrismaticShard","hexamod:SoulburnPotion"],"campfire_rested":2,"item_purchase_floors":[28,28,28,28],"current_hp_per_floor":[75,65,72,72,72,40,40,40,28,13,12,10,46,37,31,17,67,82,56,56,54,42,6,6,6,4,46,40,15,15,15,3,0,0,0],"gold":37,"neow_bonus":"BOSS_RELIC","is_daily":false,"chose_seed":false,"campfire_upgraded":1,"win_rate":0.0,"timestamp":1611236494,"path_taken":["R","M","M","M","$","M","T","M","E","M","M","M","R","M","M","BOSS","R","M","?","$","?","?","T","?","E","R","$","M","M","M","M","BOSS"],"items_purchased_type":["Relic","Card","Relic","Potion"],"build_version":"2020-12-22","purchased_purges":0,"victory":false,"max_hp_per_floor":[83,83,83,83,83,83,83,83,83,83,83,83,83,83,83,83,83,83,83,83,83,83,83,83,83,83,83,83,83,83,83,83,83,83,83],"card_choices":[{"not_picked":["sneckomod:UnknownCommonAttack","sneckomod:UnknownClassSLIMEBOUND"],"picked":"sneckomod:Unknown2Cost","floor":2.0},{"not_picked":["sneckomod:Memorize","sneckomod:UnknownCommonSkill"],"picked":"sneckomod:UnknownClassBLUE","floor":3.0},{"not_picked":["sneckomod:UnknownDexterity","sneckomod:DefensiveFlair"],"picked":"sneckomod:UnknownClassBLUE","floor":4.0},{"not_picked":["sneckomod:SoulRoll","sneckomod:Unknown1Cost"],"picked":"sneckomod:UnknownBoss","floor":5.0},{"not_picked":["hexamod:FourthSeal","hexamod:SecondSeal"],"picked":"hexamod:SixthSeal","floor":6.0},{"not_picked":["sneckomod:UnknownClassSLIMEBOUND","sneckomod:MasterEye"],"picked":"sneckomod:SoulCleanse","floor":6.0},{"not_picked":["sneckomod:UnknownBlock","sneckomod:UnknownClassRED"],"picked":"sneckomod:Unknown0Cost","floor":8.0},{"not_picked":["sneckomod:UnknownClassGUARDIAN","sneckomod:UnknownClassTHE_CHAMP_GRAY"],"picked":"sneckomod:Restock","floor":9.0},{"not_picked":["sneckomod:SoulDraw","sneckomod:Memorize"],"picked":"sneckomod:UnknownClassGREEN","floor":10.0},{"not_picked":["sneckomod:UnknownClassBLUE","sneckomod:UnknownX"],"picked":"sneckomod:UnknownClassGREEN","floor":11.0},{"not_picked":["sneckomod:DefensiveFlair","sneckomod:UnknownDraw"],"picked":"sneckomod:MorePower","floor":12.0},{"not_picked":["sneckomod:UnknownCommonSkill","sneckomod:UnknownClassRED"],"picked":"sneckomod:UnknownClassBLUE","floor":14.0},{"not_picked":["sneckomod:SoulRoll","sneckomod:DiceCrush"],"picked":"sneckomod:WideSting","floor":15.0},{"not_picked":["sneckomod:UnknownX+1","sneckomod:UnknownColorless+1"],"picked":"sneckomod:Unknown3Cost+1","floor":16.0},{"not_picked":["sneckomod:Transmogrify","sneckomod:DangerNoodle"],"picked":"sneckomod:UnknownRareSkill","floor":16.0},{"not_picked":["sneckomod:UnknownExhaust+1","sneckomod:UnknownCommonAttack+1"],"picked":"sneckomod:UnknownUncommonAttack+1","floor":19.0},{"not_picked":["sneckomod:IronFang","sneckomod:DiceBoulder"],"picked":"sneckomod:UnknownClassGREEN","floor":19.0},{"not_picked":["sneckomod:UnknownX+1","sneckomod:UnknownCommonSkill+1"],"picked":"sneckomod:UnknownDraw+1","floor":21.0},{"not_picked":["sneckomod:UnknownClassGUARDIAN","sneckomod:UnknownCommonSkill"],"picked":"sneckomod:DangerNoodle","floor":21.0},{"not_picked":["sneckomod:SoulRoll","sneckomod:UnknownClassGREEN"],"picked":"sneckomod:SlitherStrike","floor":23.0},{"not_picked":["sneckomod:UnknownClassTHE_BRONZE_AUTOMATON","sneckomod:UnknownCommonAttack","sneckomod:UnknownUncommonSkill"],"picked":"SKIP","floor":26},{"not_picked":["sneckomod:UnknownClassTHE_BRONZE_AUTOMATON","sneckomod:RainOfDice"],"picked":"sneckomod:Unknown2Cost","floor":28},{"not_picked":["champ:DefensiveStyle+1","bronze:Repulsor+1"],"picked":"champ:UltimateStance","floor":29},{"not_picked":["bronze:Iterate","Halt"],"picked":"Dodge and Roll","floor":30},{"not_picked":["Beam Cell","Slimebound:SamplingLick","hexamod:SwordOfDarkness"],"picked":"SKIP","floor":32}],"player_experience":558495,"relics_obtained":[{"floor":7.0,"key":"bronze:BronzeIdol"},{"floor":9.0,"key":"Eternal Feather"},{"floor":24.0,"key":"Bag of Marbles"},{"floor":26,"key":"Frozen Egg 2"}],"event_choices":[{"damage_healed":0.0,"max_hp_gain":0.0,"max_hp_loss":0.0,"gold_gain":0.0,"event_name":"The Library","player_choice":"Read","floor":20.0,"gold_loss":0.0,"damage_taken":0.0,"cards_obtained":["sneckomod:UnknownRareAttack"]}],"is_beta":false,"boss_relics":[{"not_picked":["Velvet Choker","Empty Cage"],"picked":"SacredBark"}],"items_purged_floors":[],"is_endless":false,"potions_floor_spawned":[8,9,10,11,12,14,15,23,29,30],"killed_by":"WA_ARCHETYPE_CALM","ascension_level":20}}