{"host":"0iuhrgzkozzv273x","time":1611187607,"event":{"mods":["2.2 Compatiblity","Astrologer","BaseMod","ChefMod","Colored Map","Curses Come First","Downfall","Hermit","Jorbs\u0027s Wanderer Trilogy","Key Reminder","Minty Spire (QoL Compilation)","Robot Space Explorer","Shade Mod","Spire Arcade","StSLib","The Construct","The Cursed","The Disciple","The Hayseed","The Runesmith","The Showman","TheFirefly","Unceasing Turn Reminder","Wandering Minibosses","thorton"],"gold_per_floor":[19,33,33,51,1,1,34,34,34,89,122,142,194,228,228,324,324,344,30,42,42,42,71,71,102,181,208,82,82,100,132,132,236,236,247,263,281,300,310,340,340,672,672,672,672,672,686,699,699,699,699,699,178,213,213],"floor_reached":56,"language":"ENG","playtime":4751,"items_purged":["Shade:Defend_Shade","Shame"],"score":1378,"play_id":"592fee41-24ae-4d36-b7f0-f4e4c0bbc2f0","local_time":"20210120190647","is_ascension_mode":true,"campfire_choices":[{"data":"Shade:AnimateDead","floor":6,"key":"SMITH"},{"floor":8,"key":"REST"},{"data":"Shade:LyeBath","floor":15,"key":"SMITH"},{"data":"Shade:Putrefaction","floor":24,"key":"SMITH"},{"floor":29,"key":"REST"},{"data":"Shade:LichForm","floor":32,"key":"SMITH"},{"floor":41,"key":"RECALL"},{"data":"Shade:SpectralStrikes","floor":46,"key":"SMITH"},{"data":"wanderingMiniBosses:FinaleOfPromise","floor":49,"key":"SMITH"},{"data":"Shade:GoDigging","floor":52,"key":"SMITH"}],"circlet_count":0,"master_deck":["Shade:Strike_Shade","Shade:Strike_Shade","Shade:Strike_Shade","Shade:Strike_Shade","Shade:Defend_Shade","Shade:Defend_Shade+1","Shade:Defend_Shade","Shade:AnimateDead+1","Shade:CarefulCut+1","Shade:Awaken","Shade:SoulToxin","Shade:LyeBath+1","Shade:SpectralStrikes+1","Shade:Doomsay","Shade:FuneraryArmor","Shade:Putrefaction+1","Shade:GoDigging+1","Shade:OpenGraves","wanderingMiniBosses:FinaleOfPromise+1","Shade:LichForm+1","Shade:WallOfFlesh+1","Shade:Coordination","Shade:TouchOfTheGrave+1","Shade:StitchTogether+1","Shade:ExtraLimbs","Madness+1","Madness+1","Violence+1","Panacea+1"],"relics":["Shade:YorickSkull","Bird Faced Urn","Shade:Thing","Matryoshka","Blood Vial","Ancient Tea Set","Toy Ornithopter","construct:FoamFinger","Philosopher\u0027s Stone","Pear","wanderingMiniBosses:Blackblade","Runesmith:AutoHammer","MutagenicStrength","Regal Pillow","Shuriken","PreservedInsect","Toxic Egg 2","Meat on the Bone","Akabeko","construct:ClawGrip","Blue Candle","Old Coin","Membership Card","Pen Nib","Centennial Puzzle","Boot"],"acts_visited":["Exordium","TheCity","TheBeyond","TheEnding"],"potions_floor_usage":[23,23,23,31,31,50,55,55],"damage_taken":[{"damage":0,"enemies":"Jaw Worm","floor":1,"turns":3},{"damage":0,"enemies":"Small Slimes","floor":2,"turns":3},{"damage":0,"enemies":"2 Louse","floor":4,"turns":2},{"damage":42,"enemies":"3 Sentries","floor":7,"turns":16},{"damage":6,"enemies":"Lagavulin","floor":11,"turns":6},{"damage":5,"enemies":"2 Fungi Beasts","floor":12,"turns":3},{"damage":6,"enemies":"Gremlin Nob","floor":14,"turns":3},{"damage":5,"enemies":"The Guardian","floor":16,"turns":10},{"damage":27,"enemies":"3 Byrds","floor":18,"turns":6},{"damage":20,"enemies":"Chosen","floor":20,"turns":6},{"damage":22,"enemies":"Slavers","floor":23,"turns":4},{"damage":18,"enemies":"Book of Stabbing","floor":25,"turns":6},{"damage":32,"enemies":"Slavers","floor":27,"turns":6},{"damage":0,"enemies":"Sentry and Sphere","floor":30,"turns":5},{"damage":21,"enemies":"Gremlin Leader","floor":31,"turns":6},{"damage":8,"enemies":"Champ","floor":33,"turns":5},{"damage":5,"enemies":"3 Darklings","floor":35,"turns":4},{"damage":0,"enemies":"3 Shapes","floor":36,"turns":4},{"damage":17,"enemies":"Sphere and 2 Shapes","floor":37,"turns":3},{"damage":7,"enemies":"Transient","floor":38,"turns":5},{"damage":29,"enemies":"Jaw Worm Horde","floor":39,"turns":4},{"damage":11,"enemies":"Reptomancer","floor":40,"turns":5},{"damage":1,"enemies":"Giant Head","floor":42,"turns":5},{"damage":1,"enemies":"Spire Growth","floor":47,"turns":2},{"damage":10,"enemies":"Sphere and 2 Shapes","floor":48,"turns":4},{"damage":56,"enemies":"Awakened One","floor":50,"turns":7},{"damage":38,"enemies":"Shield and Spear","floor":54,"turns":4},{"damage":68,"enemies":"The Heart","floor":55,"turns":6}],"seed_played":"2383412751341025469","potions_obtained":[{"floor":4,"key":"bronze:BurnAndBuffPotion"},{"floor":7,"key":"champ:CounterPotion"},{"floor":12,"key":"Block Potion"},{"floor":14,"key":"Energy Potion"},{"floor":27,"key":"Ancient Potion"},{"floor":30,"key":"LiquidBronze"},{"floor":31,"key":"DistilledChaos"},{"floor":33,"key":"Dexterity Potion"},{"floor":45,"key":"DistilledChaos"}],"is_trial":false,"path_per_floor":["M","M","?","M","?","R","E","R","T","?","E","M","T","E","R","B",null,"M","$","M","?","?","E","R","E","T","E","$","R","M","E","R","B",null,"M","M","M","M","M","E","R","E","T","?","?","R","M","M","R","B",null,"R","$","E","B",null],"character_chosen":"SHADE","items_purchased":["Shade:OpenGraves","Pear","Block Potion","Membership Card","Pen Nib","Centennial Puzzle","Violence+1","FairyPotion","Panacea+1"],"campfire_rested":2,"item_purchase_floors":[19,19,28,53,53,53,53,53,53],"current_hp_per_floor":[65,65,52,52,52,52,10,29,29,29,25,24,24,22,22,21,65,40,50,38,38,38,39,39,29,29,5,5,42,52,53,53,55,75,75,75,66,75,52,67,67,75,75,66,66,66,75,67,67,44,75,75,75,53,24],"gold":213,"neow_bonus":"ONE_RARE_RELIC","is_daily":false,"chose_seed":false,"campfire_upgraded":7,"win_rate":0.0,"timestamp":1611187607,"path_taken":["M","M","?","M","?","R","E","R","T","?","E","M","?","E","R","BOSS","M","$","M","?","?","E","R","E","T","E","$","R","M","E","R","BOSS","M","M","M","M","M","E","R","E","T","?","?","R","?","M","R","BOSS","R","$","E","BOSS"],"items_purchased_type":["Card","Relic","Potion","Relic","Relic","Relic","Card","Potion","Card"],"build_version":"2020-12-22","purchased_purges":2,"victory":true,"max_hp_per_floor":[65,65,65,65,65,65,65,65,65,65,65,65,65,65,65,65,65,65,75,75,75,75,75,75,75,75,75,75,75,75,75,75,75,75,75,75,75,75,75,75,75,75,75,75,75,75,75,75,75,75,75,75,75,75,75],"card_choices":[{"not_picked":["Shade:Frenzy","Shade:Premonition"],"picked":"Shade:Awaken","floor":1},{"not_picked":["Shade:FingerOfDeath","Shade:FuneraryArmor"],"picked":"Shade:SoulToxin","floor":2},{"not_picked":["Shade:GraveStillness","Shade:FuneraryArmor"],"picked":"Shade:LyeBath","floor":4},{"not_picked":["Shade:AncientSpear","Shade:ClawBack"],"picked":"Shade:SpectralStrikes","floor":7},{"not_picked":["Shade:GreyBargain","Shade:AncientSpear","Shade:AblativeArmor"],"picked":"SKIP","floor":11},{"not_picked":["Shade:Trample","Shade:FingerOfDeath"],"picked":"Shade:Doomsay","floor":12},{"not_picked":["Shade:RitualOffering","Shade:FleshLikeOak"],"picked":"Shade:FuneraryArmor","floor":14},{"not_picked":["Shade:UnbarTheGrave","Shade:SelfBurial"],"picked":"Shade:Putrefaction","floor":16},{"not_picked":["Shade:WallOfFlesh","Shade:SkeletonHug"],"picked":"Shade:GoDigging","floor":18},{"not_picked":[],"picked":"wanderingMiniBosses:FinaleOfPromise","floor":20},{"not_picked":["Shade:CallWraith","Shade:Brains","Shade:PressTheAttack"],"picked":"SKIP","floor":20},{"not_picked":["Shade:FeralStrike","Shade:Doomsay","Shade:Awaken"],"picked":"SKIP","floor":23},{"not_picked":["Shade:SanguineRitual","Shade:WallOfFlesh"],"picked":"Shade:LichForm","floor":25},{"not_picked":["Shade:FingerOfDeath","Shade:Trample"],"picked":"Shade:WallOfFlesh+1","floor":27},{"not_picked":["Shade:Frenzy+1","Shade:GraveStillness+1","Shade:SkeletonHug"],"picked":"SKIP","floor":30},{"not_picked":["Shade:RavenousHorde+1","Shade:Doomsay","Shade:RitualOffering+1"],"picked":"SKIP","floor":31},{"not_picked":["Shade:MadHubris+1","Shade:UnbarTheGrave+1"],"picked":"Shade:Coordination","floor":33},{"not_picked":["Shade:SanguineRitual+1","Shade:BoneShards"],"picked":"Shade:TouchOfTheGrave+1","floor":35},{"not_picked":["Shade:CommandSoldier+1","Shade:FreshBones+1","Shade:FeralStrike"],"picked":"SKIP","floor":36},{"not_picked":["Shade:ScuttlingHand+1","Shade:SkeletonHug"],"picked":"Shade:StitchTogether+1","floor":37},{"not_picked":["Shade:Asphyxiate+1","Shade:ClawBack","Shade:BoneShards+1"],"picked":"SKIP","floor":38},{"not_picked":["Shade:CoffinDance+1","Shade:Patience+1"],"picked":"Shade:ExtraLimbs","floor":39},{"not_picked":["Shade:Bite_Shade+1","Shade:SkeletonHug+1","Shade:SpontaneousRitual+1"],"picked":"SKIP","floor":40},{"not_picked":["Shade:CommandSoldier+1","Shade:Brains+1","Shade:BoneShards+1"],"picked":"SKIP","floor":42},{"not_picked":["Shade:LyeBath+1","Shade:Carnophage+1","Shade:SkeletonHug"],"picked":"SKIP","floor":47},{"not_picked":["Shade:FleshOffering+1","Shade:Excise+1","Shade:FreshBones+1"],"picked":"SKIP","floor":48},{"not_picked":["Shade:Excise+1","Shade:ScuttlingHand+1","Shade:SoulToxin+1"],"picked":"SKIP","floor":54}],"player_experience":1477064,"relics_obtained":[{"floor":7,"key":"Shade:Thing"},{"floor":9,"key":"Matryoshka"},{"floor":11,"key":"Blood Vial"},{"floor":13,"key":"Ancient Tea Set"},{"floor":13,"key":"Toy Ornithopter"},{"floor":14,"key":"construct:FoamFinger"},{"floor":20,"key":"wanderingMiniBosses:Blackblade"},{"floor":23,"key":"Regal Pillow"},{"floor":25,"key":"Shuriken"},{"floor":26,"key":"PreservedInsect"},{"floor":26,"key":"Toxic Egg 2"},{"floor":27,"key":"Meat on the Bone"},{"floor":31,"key":"Akabeko"},{"floor":40,"key":"Blue Candle"},{"floor":42,"key":"Old Coin"},{"floor":54,"key":"Boot"}],"event_choices":[{"damage_healed":0,"gold_gain":0,"player_choice":"Entered Light","damage_taken":13,"max_hp_gain":0,"max_hp_loss":0,"event_name":"Shining Light","floor":3,"gold_loss":0,"cards_upgraded":["Shade:CarefulCut","Shade:Defend_Shade"]},{"damage_healed":0,"gold_gain":55,"player_choice":"Gained Gold","damage_taken":0,"max_hp_gain":0,"max_hp_loss":0,"event_name":"Golden Wing","floor":10,"gold_loss":0},{"damage_healed":0,"gold_gain":0,"player_choice":"Stole Relic","damage_taken":0,"relics_obtained":["Runesmith:AutoHammer"],"max_hp_gain":0,"max_hp_loss":0,"event_name":"Addict","floor":21,"gold_loss":0,"cards_obtained":["Shame"]},{"damage_healed":0,"gold_gain":0,"player_choice":"Inject Mutagens","damage_taken":0,"relics_obtained":["MutagenicStrength"],"max_hp_gain":0,"max_hp_loss":0,"event_name":"Drug Dealer","floor":22,"gold_loss":0},{"damage_healed":0,"gold_gain":0,"player_choice":"Embrace Madness","damage_taken":9,"max_hp_gain":0,"max_hp_loss":0,"event_name":"Winding Halls","floor":44,"gold_loss":0,"cards_obtained":["Madness","Madness"]},{"damage_healed":0,"gold_gain":0,"player_choice":"Got Potions","damage_taken":0,"max_hp_gain":0,"max_hp_loss":0,"event_name":"Lab","floor":45,"gold_loss":0}],"is_beta":false,"boss_relics":[{"not_picked":["Fusion Hammer","thethorton:GreedFountain"],"picked":"Philosopher\u0027s Stone"},{"not_picked":["Snecko Eye","bronze:MakeshiftBattery"],"picked":"construct:ClawGrip"}],"items_purged_floors":[28,53],"is_endless":false,"potions_floor_spawned":[4,7,12,14,27,30,31,33,35,36,37,39,40],"ascension_level":1}}