{"host":"wl47xhfxme4nig5w","time":1611200917,"event":{"mods":["BaseMod","Colored Map","Colored Powertips","Googly Eyes","Minty Spire (QoL Compilation)","StSLib","SuperFastMode","everything is the same but u backflip on backflip","slay the spire mod where everything is the same but ironclad has a cowboy hat"],"gold_per_floor":[369,369,319,65,80,80,96,96,96,116,126,152,163,177,177,177,177],"floor_reached":16,"language":"ENG","playtime":753,"items_purged":["Bash"],"score":125,"play_id":"e4bce6b3-fac8-4835-bc86-66c37ec421da","local_time":"20210120194837","is_ascension_mode":true,"campfire_choices":[{"data":"Entrench","floor":6,"key":"SMITH"},{"data":"Iron Wave","floor":8,"key":"SMITH"},{"floor":15,"key":"REST"}],"circlet_count":0,"master_deck":["Strike_R","Strike_R","Strike_R+1","Strike_R","Strike_R","Defend_R","Defend_R","Defend_R","Defend_R+1","Body Slam","Entrench+1","Intimidate","Iron Wave+1","Body Slam"],"relics":["Burning Blood","Membership Card","Turnip","Darkstone Periapt"],"acts_visited":["Exordium"],"potions_floor_usage":[10,10,16,16],"damage_taken":[{"damage":16,"enemies":"Jaw Worm","floor":1,"turns":3},{"damage":0,"enemies":"2 Louse","floor":5,"turns":3},{"damage":0,"enemies":"Cultist","floor":7,"turns":5},{"damage":8,"enemies":"Lots of Slimes","floor":10,"turns":6},{"damage":11,"enemies":"Exordium Thugs","floor":11,"turns":6},{"damage":33,"enemies":"3 Sentries","floor":12,"turns":13},{"damage":18,"enemies":"Gremlin Gang","floor":13,"turns":9},{"damage":1,"enemies":"2 Fungi Beasts","floor":14,"turns":5},{"damage":57,"enemies":"Slime Boss","floor":16,"turns":9}],"seed_played":"8009888869143161640","potions_obtained":[{"floor":5,"key":"DuplicationPotion"},{"floor":7,"key":"ColorlessPotion"},{"floor":10,"key":"ElixirPotion"},{"floor":14,"key":"Ancient Potion"}],"is_trial":false,"path_per_floor":["M","?","?","$","M","R","M","R","T","M","M","E","M","M","R","B"],"character_chosen":"IRONCLAD","items_purchased":["Entrench","Membership Card"],"campfire_rested":1,"item_purchase_floors":[4,4],"current_hp_per_floor":[70,54,54,54,60,60,66,66,66,64,59,32,20,25,49,0,0],"gold":177,"neow_bonus":"TWO_FIFTY_GOLD","is_daily":false,"chose_seed":false,"campfire_upgraded":2,"win_rate":0.0,"timestamp":1611200917,"path_taken":["M","?","?","$","M","R","M","R","T","M","M","E","M","?","R","BOSS"],"items_purchased_type":["Card","Relic"],"build_version":"2020-12-22","purchased_purges":1,"victory":false,"max_hp_per_floor":[80,80,80,80,80,80,80,80,80,80,80,80,80,80,80,80,80],"card_choices":[{"not_picked":["Searing Blow","Wild Strike"],"picked":"Body Slam","floor":1},{"not_picked":["Bloodletting","Combust"],"picked":"Intimidate","floor":5},{"not_picked":["Twin Strike","Warcry"],"picked":"Iron Wave","floor":7},{"not_picked":["Pommel Strike","Cleave","Dual Wield"],"picked":"SKIP","floor":10},{"not_picked":["Flex","Heavy Blade"],"picked":"Body Slam","floor":11},{"not_picked":["Immolate","True Grit","Fire Breathing"],"picked":"SKIP","floor":12},{"not_picked":["Pommel Strike","Wild Strike","Hemokinesis"],"picked":"SKIP","floor":13},{"not_picked":["Corruption","Perfected Strike","Clothesline"],"picked":"SKIP","floor":14}],"player_experience":346035,"relics_obtained":[{"floor":9,"key":"Turnip"},{"floor":12,"key":"Darkstone Periapt"}],"event_choices":[{"damage_healed":0,"gold_gain":0,"player_choice":"Entered Light","damage_taken":16,"max_hp_gain":0,"max_hp_loss":0,"event_name":"Shining Light","floor":2,"gold_loss":0,"cards_upgraded":["Strike_R","Defend_R"]},{"cards_removed":["Decay"],"damage_healed":0,"gold_gain":0,"player_choice":"Card Removal","damage_taken":0,"max_hp_gain":0,"max_hp_loss":0,"event_name":"The Cleric","floor":3,"gold_loss":50}],"is_beta":false,"boss_relics":[],"items_purged_floors":[4],"is_endless":false,"potions_floor_spawned":[5,7,10,14],"killed_by":"Slime Boss","ascension_level":4}}