{"host":"z7byfb4bpt09dh7e","time":1611250303,"event":{"mods":["Aspiration","BaseMod","BetterRewards","Displayed Cursed Tome","Downfall","Infinite Spire","Minty Spire (QoL Compilation)","StSLib","The Blue Laboratory","Uncapped"],"gold_per_floor":[99,111,125,125,28,28,53,328,343,76,76,92,92,111,129,129,129,129],"floor_reached":16,"language":"ENG","playtime":1019,"items_purged":[],"score":92,"play_id":"622c61dc-af1f-4358-aa96-b0366884b811","local_time":"20210121123143","is_ascension_mode":false,"campfire_choices":[{"floor":1,"key":"RECALL"},{"floor":6,"key":"REST"},{"data":"Discovery","floor":11,"key":"SMITH"}],"circlet_count":0,"master_deck":["hexamod:Strike","hexamod:Strike","hexamod:Strike","hexamod:Defend","hexamod:Defend","hexamod:Defend","hexamod:Defend","hexamod:Sear","hexamod:Float","hexamod:RetreatToShadows","hexamod:RetreatToShadows","hexamod:Hexaguard","Discovery+1","Regret","hexamod:BurningTouch","hexamod:CatchUp","hexamod:Firestarter","hexamod:Firestarter","hexamod:VolcanoVisage"],"relics":["hexamod:SpiritBrand","Happy Flower","Gremlin Horn"],"acts_visited":["Exordium"],"potions_floor_usage":[16,16,16],"damage_taken":[{"damage":6,"enemies":"2 Louse","floor":2,"turns":3},{"damage":6,"enemies":"Small Slimes","floor":3,"turns":3},{"damage":6,"enemies":"downfall:FleeingMerchant","floor":5,"turns":4},{"damage":2,"enemies":"Cultist","floor":9,"turns":3},{"damage":5,"enemies":"downfall:FleeingMerchant","floor":10,"turns":4},{"damage":8,"enemies":"Large Slime","floor":12,"turns":5},{"damage":9,"enemies":"Blue Slaver","floor":14,"turns":3},{"damage":6,"enemies":"Red Slaver","floor":15,"turns":3},{"damage":48,"enemies":"WA_ARCHETYPE_RETAIN","floor":16,"turns":10}],"seed_played":"8433656884857740446","potions_obtained":[{"floor":2,"key":"FearPotion"},{"floor":9,"key":"sneckomod:MuddlingPotion"},{"floor":14,"key":"SteroidPotion"},{"floor":15,"key":"Weak Potion"}],"is_trial":false,"path_per_floor":["R","M","M","?","$","R","T","?","M","$","R","M","?","M","M","B"],"character_chosen":"THE_SPIRIT","items_purchased":["Discovery","Gremlin Horn"],"campfire_rested":1,"item_purchase_floors":[5,10],"current_hp_per_floor":[77,71,65,65,59,77,77,77,75,70,70,62,62,53,47,0,0,0],"gold":129,"neow_bonus":"TEN_PERCENT_HP_BONUS","is_daily":false,"chose_seed":false,"campfire_upgraded":1,"win_rate":0.0,"timestamp":1611250303,"path_taken":["R","M","M","?","$","R","T","?","M","$","R","?","?","M","M","BOSS"],"items_purchased_type":["Card","Relic"],"build_version":"2020-12-22","purchased_purges":0,"victory":false,"max_hp_per_floor":[77,77,77,77,77,77,77,77,77,77,77,77,77,77,77,77,77,77],"card_choices":[{"not_picked":["hexamod:ShieldOfDarkness","hexamod:GhostflameBarrier"],"picked":"hexamod:RetreatToShadows","floor":2},{"not_picked":["hexamod:Hexaguard","hexamod:AdvancingGuard"],"picked":"hexamod:RetreatToShadows","floor":3},{"not_picked":["hexamod:GhostShield","hexamod:InspiringFlames"],"picked":"hexamod:Hexaguard","floor":5},{"not_picked":["hexamod:GhostLash","hexamod:NightmareStrike"],"picked":"hexamod:BurningTouch","floor":9},{"not_picked":["hexamod:AdvancingGuard","hexamod:HeatCrush"],"picked":"hexamod:CatchUp","floor":10},{"not_picked":["hexamod:BacktrackSmack","hexamod:HeatShield"],"picked":"hexamod:Firestarter","floor":12},{"not_picked":["hexamod:PhantomFireball","hexamod:NightmareStrike"],"picked":"hexamod:Firestarter","floor":14},{"not_picked":["hexamod:AdvancingGuard","hexamod:SkipABeat"],"picked":"hexamod:VolcanoVisage","floor":15}],"player_experience":286972,"relics_obtained":[{"floor":7,"key":"Happy Flower"}],"event_choices":[],"is_beta":false,"boss_relics":[],"items_purged_floors":[],"is_endless":false,"potions_floor_spawned":[2,9,14,15],"killed_by":"WA_ARCHETYPE_RETAIN","ascension_level":0}}