{"host":"7qqg3hyzrz6apiso","time":1611244494,"event":{"mods":["AchievementEnabler","BaseMod","Better Debug","Colored Map","Keyboard Shortcuts","Minty Spire (QoL Compilation)","Permanent Neow","Quick Restart","StSLib","SuperFastMode"],"gold_per_floor":[109,109,124,140,70,70,70,70,70,88,88,114,142,166,178,295,307,337,399,426,457,469,481,527,539,551,563,594,606,638,664,676,688,795,807,837,70,85,12,12,44,44,54,54,54,70,86,86,116,116,116,116],"floor_reached":51,"language":"KOR","playtime":2926,"items_purged":["Sunder+1"],"score":555,"play_id":"a17106bd-fdea-471c-88ec-64098fb9861d","local_time":"20210122005454","is_ascension_mode":true,"campfire_choices":[{"data":"Sunder","floor":6.0,"key":"SMITH"},{"floor":15.0,"key":"REST"},{"data":"Echo Form","floor":23.0,"key":"SMITH"},{"floor":25.0,"key":"REST"},{"data":"White Noise","floor":27.0,"key":"SMITH"},{"floor":32.0,"key":"REST"},{"floor":33.0,"key":"REST"},{"data":"Buffer","floor":45,"key":"SMITH"},{"floor":48,"key":"REST"},{"floor":50,"key":"REST"}],"circlet_count":0,"master_deck":["Dualcast","Thunder Strike+1","Redo+1","Sunder+1","Cold Snap","Core Surge+1","Glacier","Skim","White Noise+1","Capacitor","Electrodynamics","Cold Snap","Gash","Beam Cell+1","Coolheaded","Echo Form+1","Double Energy+1","Tempest+1","Self Repair+1","Buffer+1","Storm+1","Blizzard","Bandage Up","Seek","Gash","Melter+1","Auto Shields+1","Turbo"],"relics":["Pandora\u0027s Box","Potion Belt","Matryoshka","MawBank","Empty Cage","Bottled Lightning","Omamori","Bottled Flame","Busted Crown","Lantern","Strange Spoon","HornCleat","Smiling Mask","Art of War","Whetstone","Blood Vial"],"acts_visited":["Exordium","TheCity","TheBeyond"],"potions_floor_usage":[43,49,49,51],"damage_taken":[{"damage":0.0,"enemies":"Small Slimes","floor":1.0,"turns":4.0},{"damage":0.0,"enemies":"Cultist","floor":3.0,"turns":4.0},{"damage":0.0,"enemies":"Jaw Worm","floor":4.0,"turns":4.0},{"damage":13.0,"enemies":"Red Slaver","floor":10.0,"turns":3.0},{"damage":13.0,"enemies":"Lagavulin","floor":12.0,"turns":5.0},{"damage":10.0,"enemies":"Blue Slaver","floor":13.0,"turns":4.0},{"damage":19.0,"enemies":"Exordium Thugs","floor":14.0,"turns":3.0},{"damage":23.0,"enemies":"The Guardian","floor":16.0,"turns":10.0},{"damage":26.0,"enemies":"Chosen","floor":18.0,"turns":5.0},{"damage":2.0,"enemies":"Spheric Guardian","floor":20.0,"turns":5.0},{"damage":23.0,"enemies":"Chosen and Byrds","floor":21.0,"turns":6.0},{"damage":32.0,"enemies":"Book of Stabbing","floor":24.0,"turns":4.0},{"damage":1.0,"enemies":"Sentry and Sphere","floor":28.0,"turns":6.0},{"damage":0.0,"enemies":"3 Cultists","floor":30.0,"turns":1.0},{"damage":20.0,"enemies":"Cultist and Chosen","floor":31.0,"turns":5.0},{"damage":28.0,"enemies":"Collector","floor":34.0,"turns":6.0},{"damage":15,"enemies":"Orb Walker","floor":36,"turns":3},{"damage":2,"enemies":"3 Shapes","floor":38,"turns":4},{"damage":49,"enemies":"Reptomancer","floor":41,"turns":5},{"damage":17,"enemies":"Writhing Mass","floor":43,"turns":5},{"damage":38,"enemies":"Jaw Worm Horde","floor":46,"turns":2},{"damage":9,"enemies":"4 Shapes","floor":47,"turns":2},{"damage":2,"enemies":"Giant Head","floor":49,"turns":4},{"damage":79,"enemies":"Time Eater","floor":51,"turns":7}],"seed_played":"-8348501278093975541","potions_obtained":[{"floor":3.0,"key":"PowerPotion"},{"floor":10.0,"key":"SpeedPotion"},{"floor":12.0,"key":"Explosive Potion"},{"floor":13.0,"key":"FairyPotion"},{"floor":18.0,"key":"Block Potion"},{"floor":20.0,"key":"Regen Potion"},{"floor":21.0,"key":"Dexterity Potion"},{"floor":24.0,"key":"Energy Potion"},{"floor":31.0,"key":"LiquidBronze"},{"floor":41,"key":"DuplicationPotion"},{"floor":46,"key":"SkillPotion"},{"floor":47,"key":"Swift Potion"},{"floor":49,"key":"Fire Potion"}],"is_trial":false,"path_per_floor":["M","?","M","M","$","R","$","?","T","M","?","E","M","M","R","B",null,"M","?","M","M","?","R","E","R","T","R","M","?","M","M","R","R","B",null,"M","$","M","$","?","E","$","M","T","R","M","M","R","E","R","B"],"character_chosen":"DEFECT","items_purchased":["Capacitor","Lantern","Blizzard","Bandage Up","Strange Spoon","HornCleat","Seek"],"campfire_rested":6,"item_purchase_floors":[5,37,37,37,37,37,39],"current_hp_per_floor":[75,60,60,60,60,60,60,42,42,29,29,16,6,16,38,15,75,49,49,47,39,39,39,7,29,29,29,28,28,28,18,40,62,34,75,60,60,72,72,72,33,33,40,40,40,12,17,39,41,63,0,0],"gold":116,"neow_bonus":"BOSS_RELIC","is_daily":false,"chose_seed":false,"campfire_upgraded":4,"win_rate":0.0,"timestamp":1611244494,"path_taken":["M","?","M","M","$","R","$","?","T","M","?","E","?","M","R","BOSS","M","?","?","M","?","R","E","R","T","R","?","?","M","M","R","R","BOSS","M","$","M","$","?","E","?","M","T","R","?","M","R","E","R","BOSS"],"items_purchased_type":["Card","Relic","Card","Card","Relic","Relic","Card"],"build_version":"2020-12-22","purchased_purges":1,"victory":false,"max_hp_per_floor":[75,75,75,75,75,75,75,75,75,75,75,75,75,75,75,75,75,75,75,75,75,75,75,75,75,75,75,75,75,75,75,75,75,75,75,75,75,75,75,75,75,75,75,75,75,75,75,75,75,75,75,75],"card_choices":[{"not_picked":["Leap","Stack"],"picked":"Glacier","floor":1.0},{"not_picked":["Consume","Gash"],"picked":"Skim","floor":3.0},{"not_picked":["BootSequence","Static Discharge"],"picked":"White Noise","floor":4.0},{"not_picked":["Leap","Hologram"],"picked":"Electrodynamics","floor":10.0},{"not_picked":["Stack","Lockon"],"picked":"Gash","floor":12.0},{"not_picked":["Hologram","Compile Driver"],"picked":"Beam Cell","floor":13.0},{"not_picked":["Cold Snap","Doom and Gloom"],"picked":"Coolheaded","floor":14.0},{"not_picked":["Thunder Strike","Core Surge"],"picked":"Echo Form","floor":16.0},{"not_picked":["Recycle","Beam Cell+1"],"picked":"Double Energy+1","floor":18.0},{"not_picked":["Coolheaded","Reinforced Body"],"picked":"Sunder+1","floor":20.0},{"not_picked":["Steam","All For One"],"picked":"Tempest","floor":21.0},{"not_picked":["Barrage","Rip and Tear","Rebound"],"picked":"SKIP","floor":24.0},{"not_picked":["Doom and Gloom+1","Hologram+1","Beam Cell"],"picked":"SKIP","floor":28.0},{"not_picked":["Sunder","Reprogram"],"picked":"Self Repair+1","floor":30.0},{"not_picked":["Auto Shields","Stack","Redo"],"picked":"SKIP","floor":31.0},{"not_picked":["Core Surge","Thunder Strike"],"picked":"Buffer","floor":34.0},{"not_picked":[],"picked":"Storm+1","floor":36},{"not_picked":["Sunder+1"],"picked":"SKIP","floor":38},{"not_picked":[],"picked":"Melter+1","floor":41},{"not_picked":["Steam"],"picked":"SKIP","floor":43},{"not_picked":["Doom and Gloom"],"picked":"SKIP","floor":46},{"not_picked":[],"picked":"Auto Shields+1","floor":47},{"not_picked":[],"picked":"Turbo","floor":49}],"player_experience":145445,"relics_obtained":[{"floor":9.0,"key":"Matryoshka"},{"floor":12.0,"key":"MawBank"},{"floor":24.0,"key":"Bottled Lightning"},{"floor":26.0,"key":"Omamori"},{"floor":26.0,"key":"Bottled Flame"},{"floor":41,"key":"Smiling Mask"},{"floor":44,"key":"Art of War"},{"floor":44,"key":"Whetstone"},{"floor":49,"key":"Blood Vial"}],"event_choices":[{"damage_healed":0.0,"max_hp_gain":0.0,"max_hp_loss":0.0,"gold_gain":0.0,"event_name":"Shining Light","player_choice":"Entered Light","floor":2.0,"gold_loss":0.0,"damage_taken":15.0,"cards_upgraded":["Redo","Thunder Strike"]},{"damage_healed":0.0,"max_hp_gain":0.0,"max_hp_loss":0.0,"gold_gain":0.0,"event_name":"Scrap Ooze","player_choice":"Success","floor":8.0,"gold_loss":0.0,"damage_taken":18.0,"relics_obtained":["Potion Belt"]},{"damage_healed":0.0,"max_hp_gain":0.0,"max_hp_loss":0.0,"gold_gain":0.0,"cards_transformed":["Hello World"],"event_name":"Transmorgrifier","player_choice":"Transformed","floor":11.0,"gold_loss":0.0,"damage_taken":0.0,"cards_obtained":["Cold Snap"]},{"damage_healed":0.0,"max_hp_gain":0.0,"max_hp_loss":0.0,"gold_gain":100.0,"event_name":"The Joust","player_choice":"Bet on Murderer","floor":19.0,"gold_loss":50.0,"damage_taken":0.0},{"damage_healed":0.0,"max_hp_gain":0.0,"max_hp_loss":0.0,"gold_gain":0.0,"event_name":"Accursed Blacksmith","player_choice":"Forge","floor":22.0,"gold_loss":0.0,"damage_taken":0.0,"cards_upgraded":["Tempest"]},{"cards_removed":["Zap"],"damage_healed":0.0,"max_hp_gain":0.0,"max_hp_loss":0.0,"gold_gain":0.0,"event_name":"Bonfire Elementals","player_choice":"Offered Basic","floor":29.0,"gold_loss":0.0,"damage_taken":0.0},{"damage_healed":0,"gold_gain":0,"player_choice":"1 cards matched","damage_taken":0,"max_hp_gain":0,"max_hp_loss":0,"event_name":"Match and Keep!","floor":40,"gold_loss":0,"cards_obtained":["Gash"]}],"is_beta":false,"boss_relics":[{"not_picked":["Philosopher\u0027s Stone","Snecko Eye"],"picked":"Empty Cage"},{"not_picked":["Black Star","Velvet Choker"],"picked":"Busted Crown"}],"items_purged_floors":[37],"is_endless":false,"potions_floor_spawned":[3,10,12,13,18,20,21,24,31,41,46,47,49],"killed_by":"Time Eater","ascension_level":1}}