{"host":"xy1hv1rgvrf7f9nu","time":1611269928,"event":{"mods":["BaseMod","Fox Events","GifTheSpireLib","Hubris","Minty Spire (QoL Compilation)","Prisma Mod","Quick Restart","StSLib","The Elementalist"],"gold_per_floor":[115,39,39,73,85,85,85],"floor_reached":6,"language":"FRA","playtime":512,"items_purged":[],"score":34,"play_id":"62cffdb6-5559-4040-b2f6-97e78dee42b8","local_time":"20210121235848","is_ascension_mode":false,"campfire_choices":[],"circlet_count":0,"master_deck":["elementalist:Strike+Elemblue","elementalist:Defend_Elemblue","elementalist:Defend_Elemblue","elementalist:Defend_Elemblue","elementalist:Defend_Elemblue","elementalist:Defend_Elemblue","elementalist:Firestrike","elementalist:Earthstrike","elementalist:Waterstrike","elementalist:Airstrike","elementalist:Crystal_Chalk","elementalist:Aero","elementalist:Solar_Form","elementalist:Spark","elementalist:Emberveil"],"relics":["elementalistmod:MagusStaff","elementalistmod:GreenCirclet","NeowsBlessing","foxEvents:LuckyCharm"],"acts_visited":["Exordium"],"potions_floor_usage":[],"damage_taken":[{"damage":0,"enemies":"Jaw Worm","floor":1,"turns":1},{"damage":0,"enemies":"Colosseum Slavers","floor":4,"turns":1},{"damage":0,"enemies":"Small Slimes","floor":5,"turns":1},{"damage":26,"enemies":"3 Sentries","floor":6,"turns":5}],"seed_played":"-5047989734919345316","potions_obtained":[{"floor":4,"key":"SpeedPotion"}],"is_trial":false,"path_per_floor":["M","$","?","?","M","E"],"character_chosen":"THE_ELEMENTALIST","items_purchased":["elementalist:Solar_Form"],"campfire_rested":0,"item_purchase_floors":[2],"current_hp_per_floor":[70,70,70,70,70,44,44],"gold":85,"neow_bonus":"THREE_ENEMY_KILL","is_daily":false,"chose_seed":false,"campfire_upgraded":0,"win_rate":0.0,"timestamp":1611269928,"path_taken":["M","$","?","?","M","E"],"items_purchased_type":["Card"],"build_version":"2020-12-22","purchased_purges":0,"victory":false,"max_hp_per_floor":[70,70,70,70,70,70,70],"card_choices":[{"not_picked":["elementalist:Monument","elementalist:Wards"],"picked":"elementalist:Aero","floor":1},{"not_picked":["elementalist:Stone_to_Mud","elementalist:Monument"],"picked":"elementalist:Spark","floor":4},{"not_picked":["elementalist:Spark","elementalist:Aero"],"picked":"elementalist:Emberveil","floor":5}],"player_experience":284172,"relics_obtained":[{"floor":4,"key":"foxEvents:LuckyCharm"}],"event_choices":[{"damage_healed":0,"gold_gain":0,"player_choice":"Ignored","damage_taken":0,"max_hp_gain":0,"max_hp_loss":0,"event_name":"Golden Wing","floor":3,"gold_loss":0}],"is_beta":false,"boss_relics":[],"items_purged_floors":[],"is_endless":false,"potions_floor_spawned":[4],"killed_by":"3 Sentries","ascension_level":0}}