{"host":"ctlqibkg0sskiu65","time":1611219346,"event":{"mods":["AchievementEnabler","Aspiration","BaseMod","BetterRewards","Colored Map","Colored Powertips","Conspire","Fiend Mod","Infinite Spire","Minty Spire (QoL Compilation)","Quick Restart","Replay The Spire","Shop Mod","StSLib","The Bladedancer","The Cursed","The Hierophant","The Jungle","The Kombatant","The Servant 0.9.4","TheBandit"],"gold_per_floor":[119,119,28,48,48,48,61,95,163,177,207,207,231,245,245,255,255],"floor_reached":16,"language":"ENG","playtime":670,"items_purged":["Strike_G"],"score":280,"play_id":"2a009eec-2df7-4616-990b-39833696c16f","local_time":"20210121025546","is_ascension_mode":true,"campfire_choices":[{"data":"conspire:Banana","floor":6.0,"key":"SMITH"},{"floor":12.0,"key":"REST"},{"data":"Blade Dance","floor":15.0,"key":"SMITH"}],"circlet_count":0,"master_deck":["AscendersBane","Strike_G","Strike_G","Strike_G","Strike_G","Defend_G","Defend_G","Defend_G","Defend_G","Defend_G","Survivor","Neutralize","Poisoned Stab","Blade Dance+1","conspire:Banana+1","Bane","Toxin Wave","Deadly Poison","Prepared"],"relics":["Ring of the Snake","ReplayTheSpireMod:Shallot","Replay:Accelerometer","infinitespire:Midas Blood","aspiration:HummingbirdHeart","Odd Mushroom"],"acts_visited":["Exordium"],"potions_floor_usage":[],"damage_taken":[{"damage":0.0,"enemies":"Cultist","floor":1.0,"turns":4.0},{"damage":0.0,"enemies":"conspire:RoseBush","floor":4.0,"turns":4.0},{"damage":0.0,"enemies":"Small Slimes","floor":7.0,"turns":2.0},{"damage":14.0,"enemies":"Lagavulin","floor":8.0,"turns":9.0},{"damage":8.0,"enemies":"2 Fungi Beasts","floor":10.0,"turns":4.0},{"damage":25.0,"enemies":"Gremlin Nob","floor":11.0,"turns":4.0},{"damage":0.0,"enemies":"The Mushroom Lair","floor":13.0,"turns":4.0},{"damage":0.0,"enemies":"Looter","floor":14.0,"turns":3.0},{"damage":60,"enemies":"Slime Boss","floor":16,"turns":7}],"seed_played":"4982618364261013758","potions_obtained":[{"floor":2.0,"key":"LiquidMemories"},{"floor":2.0,"key":"PowerPotion"},{"floor":4.0,"key":"SkillPotion"},{"floor":7.0,"key":"Elixir"}],"is_trial":false,"path_per_floor":["M","?","$","M","$","R","M","E","T","M","E","R","?","M","R","B"],"character_chosen":"THE_SILENT","items_purchased":["ReplayTheSpireMod:Shallot","Poisoned Stab","conspire:Banana"],"campfire_rested":1,"item_purchase_floors":[0,0,3],"current_hp_per_floor":[59,59,59,60,60,60,62,50,50,44,21,43,45,47,47,0,0],"gold":255,"neow_bonus":"","is_daily":false,"chose_seed":false,"campfire_upgraded":2,"win_rate":0.0,"timestamp":1611219346,"path_taken":["M","?","$","M","?","R","M","E","T","M","E","R","?","M","R","BOSS"],"items_purchased_type":["Relic","Card","Card"],"build_version":"2020-12-22","purchased_purges":1,"victory":false,"max_hp_per_floor":[66,66,66,67,67,67,69,71,71,73,75,75,77,79,79,81,81],"card_choices":[{"not_picked":["Sucker Punch","Hidden Blade"],"picked":"Blade Dance","floor":1.0},{"not_picked":["Outmaneuver","Terror"],"picked":"Bane","floor":4.0},{"not_picked":["Glass Knife","conspire:DoublingDagger","PiercingWail"],"picked":"SKIP","floor":7.0},{"not_picked":["Hidden Blade","ReplayTheSpireMod:The Works"],"picked":"Toxin Wave","floor":8.0},{"not_picked":["Prepared","Blur"],"picked":"Deadly Poison","floor":10.0},{"not_picked":["Flechettes","Underhanded Strike","Grand Finale"],"picked":"SKIP","floor":11.0},{"not_picked":["Deadly Poison","Expertise"],"picked":"Prepared","floor":14.0}],"player_experience":215608,"relics_obtained":[{"floor":8.0,"key":"Replay:Accelerometer"},{"floor":9.0,"key":"infinitespire:Midas Blood"},{"floor":11.0,"key":"aspiration:HummingbirdHeart"},{"floor":13.0,"key":"Odd Mushroom"}],"event_choices":[{"damage_healed":0.0,"max_hp_gain":0.0,"max_hp_loss":0.0,"gold_gain":0.0,"event_name":"Lab","player_choice":"Got Potions","floor":2.0,"gold_loss":0.0,"damage_taken":0.0},{"damage_healed":0.0,"max_hp_gain":0.0,"max_hp_loss":0.0,"gold_gain":0.0,"event_name":"Mushrooms","player_choice":"Fought Mushrooms","floor":13.0,"gold_loss":0.0,"damage_taken":0.0}],"is_beta":false,"boss_relics":[],"items_purged_floors":[0],"is_endless":false,"potions_floor_spawned":[4,7],"killed_by":"Slime Boss","ascension_level":15}}