{"host":"wj6vwlg8bkoql3lv","time":1611215164,"event":{"mods":["BaseMod","Colored Map","Friendly Minions","Hermit","Hubris","Infinite Spire","JesterMod","Jorbs\u0027s Wanderer Trilogy","Marisa????????","Minty Spire (QoL Compilation)","Quick Restart","Replay The Spire","Shade Mod","StSLib","The Blue Laboratory","The Bug Knight","The Cursed","The Disciple","The Gatherer","The Hierophant","The Jungle","The Marked","The Mystic","The Runesmith","The Senshi","The Servant 0.9.4"],"gold_per_floor":[116,132,151,151,163,163,198,198,222,222,222,238,238,254,254,351,351,366,0,0,0,0,30,30,30],"floor_reached":24,"language":"ENG","playtime":2020,"items_purged":["theSenshi:SailorKick"],"score":239,"play_id":"c00ccc41-62f4-4243-a5ae-1fbe416a696d","local_time":"20210121074604","is_ascension_mode":false,"campfire_choices":[{"data":"theSenshi:MoonPrismPowerMakeUp","floor":6.0,"key":"SMITH"},{"data":"theSenshi:SailorMarsAssists","floor":10.0,"key":"SMITH"},{"data":"theSenshi:SailorMercuryAssists","floor":13.0,"key":"SMITH"},{"floor":15.0,"key":"REST"}],"circlet_count":0,"master_deck":["theSenshi:SailorKick","theSenshi:SailorKick","theSenshi:SailorKick","theSenshi:SailorBlock","theSenshi:SailorBlock","theSenshi:SailorBlock","theSenshi:SailorBlock","theSenshi:RoseThrow","theSenshi:MoonPrismPowerMakeUp+1","theSenshi:CrisisMakeUp+1","theSenshi:TuxedoSmokingBomber","theSenshi:SailorVenusAssists","theSenshi:WarriorOfTheMoon","theSenshi:MoonTiaraMagic","theSenshi:UranusStrength","theSenshi:InTheNameOfTheMoon","CurseOfTheBell","theSenshi:VenusGlamour","theSenshi:SailorMarsAssists","theSenshi:MoonTiaraMagic","theSenshi:SailorMercuryAssists","infinitespire:Collect","theSenshi:VenusGlamour","hubris:DuctTapeCard"],"relics":["theSenshi:TransformationBroochRelic","Dream Catcher","Strawberry","Calling Bell","hubris:SlimyHat","hubris:DuctTape","StoneCalendar","infinitespire:Lucky Rock","Replay:WaspNest"],"acts_visited":["Exordium","TheCity"],"potions_floor_usage":[],"damage_taken":[{"damage":0.0,"enemies":"infinitespire:Voidling","floor":1.0,"turns":5.0},{"damage":6.0,"enemies":"Jaw Worm","floor":2.0,"turns":5.0},{"damage":10.0,"enemies":"Small Slimes","floor":3.0,"turns":5.0},{"damage":11.0,"enemies":"Exordium Thugs","floor":5.0,"turns":6.0},{"damage":20.0,"enemies":"Lagavulin","floor":7.0,"turns":8.0},{"damage":9.0,"enemies":"3 Louse","floor":12.0,"turns":3.0},{"damage":12.0,"enemies":"Exordium Wildlife","floor":14.0,"turns":4.0},{"damage":28.0,"enemies":"The Guardian","floor":16.0,"turns":18.0},{"damage":16.0,"enemies":"Chosen","floor":18.0,"turns":7.0},{"damage":48.0,"enemies":"Slavers","floor":23.0,"turns":5.0},{"damage":10,"enemies":"Spheric Guardian","floor":24,"turns":3}],"seed_played":"4482370982241328601","potions_obtained":[{"floor":3.0,"key":"blueLaboratory:StoneskinPotion"},{"floor":5.0,"key":"blueLaboratory:NullPotion"},{"floor":12.0,"key":"blueLaboratory:NullPotion"}],"is_trial":false,"path_per_floor":["M","M","M","?","M","R","E","?","T","R","?","M","R","M","R","B",null,"M","$","?","AVR","?","E","M"],"character_chosen":"THE_SENSHI","items_purchased":["infinitespire:Lucky Rock","theSenshi:SailorMarsAssists","theSenshi:MoonTiaraMagic","theSenshi:SailorMercuryAssists"],"campfire_rested":1,"item_purchase_floors":[19,19,19,19],"current_hp_per_floor":[82,76,66,66,55,55,35,35,42,42,42,33,33,21,47,19,89,73,73,73,73,56,8,0,0],"gold":30,"neow_bonus":"TEN_PERCENT_HP_BONUS","is_daily":false,"chose_seed":false,"campfire_upgraded":3,"win_rate":0.0,"timestamp":1611215164,"path_taken":["M","?","M","?","M","R","E","?","T","R","?","?","R","M","R","BOSS","M","$","?","AVR","?","E","?"],"items_purchased_type":["Relic","Card","Card","Card"],"build_version":"2020-12-22","purchased_purges":1,"victory":false,"max_hp_per_floor":[82,82,82,82,82,82,82,82,89,89,89,89,89,89,89,89,89,89,89,89,89,94,94,94,94],"card_choices":[{"not_picked":["theSenshi:MoonPower","theSenshi:LateForSchool"],"picked":"theSenshi:CrisisMakeUp","floor":1.0},{"not_picked":["theSenshi:CrisisMakeUp","theSenshi:KlutzyLuck"],"picked":"theSenshi:TuxedoSmokingBomber","floor":2.0},{"not_picked":["theSenshi:SupersonicWaves","theSenshi:TallSilhouette"],"picked":"theSenshi:SailorMercuryAssists","floor":3.0},{"not_picked":["theSenshi:MoonPunch","theSenshi:MoonKick"],"picked":"theSenshi:SailorMarsAssists","floor":5.0},{"not_picked":["theSenshi:SchoolBag","theSenshi:TallSilhouette"],"picked":"theSenshi:SailorVenusAssists","floor":7.0},{"not_picked":["theSenshi:EncouragingSpeech","theSenshi:TallSilhouette"],"picked":"theSenshi:WarriorOfTheMoon","floor":12.0},{"not_picked":["theSenshi:LateForSchool","theSenshi:SailorChibiMoonAssists"],"picked":"theSenshi:MoonTiaraMagic","floor":14.0},{"not_picked":["theSenshi:EncouragingSpeech","theSenshi:SupersonicWaves"],"picked":"theSenshi:UranusStrength","floor":15.0},{"not_picked":["theSenshi:JupitersPower","theSenshi:SailorStarHealerAssists"],"picked":"theSenshi:InTheNameOfTheMoon","floor":16.0},{"not_picked":["theSenshi:SailorMercuryAssists","theSenshi:DramaticEntrance"],"picked":"theSenshi:VenusGlamour","floor":18.0},{"not_picked":["theSenshi:SailorChibiMoonAssists+1","theSenshi:SupersonicWaves"],"picked":"theSenshi:VenusGlamour","floor":23.0}],"player_experience":113066,"relics_obtained":[{"floor":7.0,"key":"Dream Catcher"},{"floor":9.0,"key":"Strawberry"},{"floor":17.0,"key":"hubris:SlimyHat"},{"floor":17.0,"key":"hubris:DuctTape"},{"floor":17.0,"key":"StoneCalendar"},{"floor":23.0,"key":"Replay:WaspNest"}],"event_choices":[{"damage_healed":0.0,"max_hp_gain":5.0,"max_hp_loss":0.0,"gold_gain":0.0,"event_name":"Forgotten Altar","player_choice":"Shed Blood","floor":22.0,"gold_loss":0.0,"damage_taken":22.0}],"is_beta":false,"boss_relics":[{"not_picked":["hubris:VirtuousBlindfold","Replay:Ancient Bell"],"picked":"Calling Bell"}],"items_purged_floors":[19],"is_endless":false,"potions_floor_spawned":[3,5,12],"killed_by":"Spheric Guardian","ascension_level":0}}