{"host":"n7qae4nmj9vc7syj","time":1611202032,"event":{"mods":["Act Like it!","BaseMod","Better Third Choice","BetterRewards","Colored Map","Colored Powertips","Custom Start","Googly Eyes","Highlight Path","Minty Spire (QoL Compilation)","Quick Restart","StSLib","SuperFastMode","Transform Curses"],"gold_per_floor":[109,76,76,76,93,120,120,120,132,144,181,193,205,251,263,373,385,411,434,477,512,524,536,563,603,615,653,665,52,52,70,70,170,170,184,284,284,40,40,40,53,53,53,53,78,78,107,107,107,107,107,107,7,39,39,39],"floor_reached":55,"language":"ENG","playtime":1832,"items_purged":["Regret","Doubt"],"score":1125,"play_id":"2b6443cb-32fa-4945-a267-2234c80c92af","local_time":"20210121020711","is_ascension_mode":true,"campfire_choices":[{"data":"Searing Blow","floor":7.0,"key":"SMITH"},{"data":"Searing Blow+1","floor":10.0,"key":"SMITH"},{"data":"Searing Blow+2","floor":15.0,"key":"SMITH"},{"data":"Searing Blow+3","floor":23.0,"key":"SMITH"},{"data":"Searing Blow+4","floor":28.0,"key":"SMITH"},{"data":"Searing Blow+5","floor":30.0,"key":"SMITH"},{"data":"Searing Blow+6","floor":32.0,"key":"SMITH"},{"data":"Searing Blow+7","floor":40.0,"key":"SMITH"},{"data":"Searing Blow+8","floor":42.0,"key":"SMITH"},{"data":"Searing Blow+9","floor":44.0,"key":"SMITH"},{"floor":49.0,"key":"RECALL"},{"data":"Seeing Red","floor":52.0,"key":"SMITH"}],"circlet_count":0,"master_deck":["Strike_R","Strike_R","Defend_R","Defend_R","Defend_R","Bash","Thunderclap","Seeing Red+1","Conclude","Searing Blow+11","Shockwave","Fire Breathing","Reaper","Carnage","Shrug It Off","Double Tap","Wild Strike","True Grit+1","Metallicize","Armaments+1","Armaments+1","Exhume+1","Dropkick+1","Ghostly Armor+1","Iron Wave+1","Madness+1","Madness+1","Double Tap+1","Flex+1","Clumsy","Heavy Blade+1","Shrug It Off+1","Inflame+1"],"relics":["Burning Blood","NeowsBlessing","betterThird:SlimedRelic","Shuriken","Thread and Needle","MawBank","Bronze Scales","Kunai","Juzu Bracelet","Cursed Key","Red Mask","Pen Nib","Ancient Tea Set","Toxic Egg 2","Mango","Matryoshka","Pear","Astrolabe","DollysMirror","Red Skull","Strawberry","Pantograph","Bag of Marbles"],"acts_visited":["Exordium","TheCity","TheBeyond","TheEnding"],"potions_floor_usage":[55,55],"damage_taken":[{"damage":0.0,"enemies":"Small Slimes","floor":1.0,"turns":1.0},{"damage":0.0,"enemies":"2 Louse","floor":5.0,"turns":1.0},{"damage":0.0,"enemies":"Lagavulin","floor":6.0,"turns":1.0},{"damage":19.0,"enemies":"Gremlin Nob","floor":11.0,"turns":4.0},{"damage":21.0,"enemies":"Lagavulin","floor":14.0,"turns":7.0},{"damage":8.0,"enemies":"Slime Boss","floor":16.0,"turns":7.0},{"damage":13.0,"enemies":"Shell Parasite","floor":18.0,"turns":5.0},{"damage":15.0,"enemies":"2 Thieves","floor":19.0,"turns":3.0},{"damage":6.0,"enemies":"Masked Bandits","floor":20.0,"turns":4.0},{"damage":12.0,"enemies":"3 Cultists","floor":24.0,"turns":5.0},{"damage":27.0,"enemies":"Book of Stabbing","floor":25.0,"turns":5.0},{"damage":9.0,"enemies":"Gremlin Leader","floor":27.0,"turns":2.0},{"damage":14.0,"enemies":"Snecko","floor":31.0,"turns":4.0},{"damage":19.0,"enemies":"Automaton","floor":33.0,"turns":6.0},{"damage":4.0,"enemies":"3 Darklings","floor":35.0,"turns":6.0},{"damage":24.0,"enemies":"3 Shapes","floor":41.0,"turns":3.0},{"damage":34.0,"enemies":"Reptomancer","floor":45.0,"turns":4.0},{"damage":0.0,"enemies":"Giant Head","floor":47.0,"turns":5.0},{"damage":44.0,"enemies":"Time Eater","floor":50.0,"turns":6.0},{"damage":39.0,"enemies":"Shield and Spear","floor":54.0,"turns":5.0},{"damage":107,"enemies":"The Heart","floor":55,"turns":8}],"seed_played":"8265223038701380244","potions_obtained":[{"floor":11.0,"key":"FearPotion"},{"floor":16.0,"key":"LiquidBronze"},{"floor":18.0,"key":"Energy Potion"},{"floor":24.0,"key":"SteroidPotion"},{"floor":25.0,"key":"ElixirPotion"},{"floor":35.0,"key":"PowerPotion"},{"floor":45.0,"key":"SteroidPotion"},{"floor":47.0,"key":"CultistPotion"}],"is_trial":false,"path_per_floor":["M","?","?","?","M","E","R","?","T","R","E","$","?","E","R","B",null,"M","M","?","T","?","R","M","E","T","E","R","$","R","M","R","B",null,"M","?","?","$","?","R","M","R","T","R","E","$","E","?","R","B",null,"R","$","E","B"],"character_chosen":"IRONCLAD","items_purchased":["Matryoshka","Pear","Armaments+1","DollysMirror","Strength Potion","SkillPotion"],"campfire_rested":0,"item_purchase_floors":[29,29,29,38,53,53],"current_hp_per_floor":[78,67,67,44,50,56,56,56,56,56,43,43,43,35,35,43,71,64,60,77,77,77,77,75,54,54,65,65,75,75,67,67,54,92,94,94,81,81,81,81,63,63,63,63,42,42,57,57,57,44,94,94,94,61,0,0],"gold":39,"neow_bonus":"THREE_ENEMY_KILL","is_daily":false,"chose_seed":false,"campfire_upgraded":11,"win_rate":0.0,"timestamp":1611202031,"path_taken":["M","?","?","?","M","E","R","?","T","R","E","$","?","E","R","BOSS","M","M","?","?","?","R","M","E","T","E","R","$","R","M","R","BOSS","M","?","?","$","?","R","M","R","T","R","E","$","E","?","R","BOSS","R","$","E","BOSS"],"items_purchased_type":["Relic","Relic","Card","Relic","Potion","Potion"],"build_version":"2020-12-22","purchased_purges":2,"victory":false,"max_hp_per_floor":[80,80,80,80,80,80,80,80,80,80,80,80,80,80,80,80,80,80,80,80,80,80,80,80,80,80,94,94,104,104,104,104,104,104,104,104,104,104,104,104,104,104,104,104,111,111,111,111,111,111,111,111,111,111,111,111],"card_choices":[{"not_picked":["Anger","Iron Wave"],"picked":"Thunderclap","floor":1.0},{"not_picked":["Clash","Cleave"],"picked":"Searing Blow","floor":5.0},{"not_picked":["Clash","Perfected Strike"],"picked":"Shockwave","floor":6.0},{"not_picked":["Flame Barrier","Sentinel"],"picked":"Fire Breathing","floor":11.0},{"not_picked":["Body Slam","Clash"],"picked":"Shrug It Off","floor":14.0},{"not_picked":["Impervious","Feed"],"picked":"Double Tap","floor":16.0},{"not_picked":["Combust+1","Warcry"],"picked":"Wild Strike","floor":18.0},{"not_picked":["Cleave","Havoc"],"picked":"True Grit+1","floor":19.0},{"not_picked":["Thunderclap+1","Reckless Charge+1"],"picked":"Metallicize","floor":20.0},{"not_picked":["Brutality","Headbutt","Clothesline"],"picked":"SKIP","floor":24.0},{"not_picked":["Headbutt","Sentinel","Anger"],"picked":"SKIP","floor":25.0},{"not_picked":["Body Slam","Battle Trance+1"],"picked":"Armaments+1","floor":27.0},{"not_picked":["Wild Strike","Cleave","True Grit+1"],"picked":"SKIP","floor":31.0},{"not_picked":["Impervious+1","Brutality"],"picked":"Exhume+1","floor":33.0},{"not_picked":["Clothesline","Body Slam","Clash"],"picked":"SKIP","floor":35.0},{"not_picked":["True Grit+1","Body Slam"],"picked":"Flex+1","floor":41.0},{"not_picked":["Body Slam+1","Shrug It Off+1"],"picked":"Heavy Blade+1","floor":45.0},{"not_picked":["Corruption","Flex+1"],"picked":"Shrug It Off+1","floor":47.0},{"not_picked":["Headbutt+1","True Grit+1"],"picked":"Inflame+1","floor":54.0}],"player_experience":179868,"relics_obtained":[{"floor":6.0,"key":"Thread and Needle"},{"floor":9.0,"key":"Bronze Scales"},{"floor":11.0,"key":"Kunai"},{"floor":14.0,"key":"Juzu Bracelet"},{"floor":20.0,"key":"Red Mask"},{"floor":21.0,"key":"Pen Nib"},{"floor":25.0,"key":"Ancient Tea Set"},{"floor":26.0,"key":"Toxic Egg 2"},{"floor":27.0,"key":"Mango"},{"floor":43.0,"key":"Red Skull"},{"floor":45.0,"key":"Strawberry"},{"floor":47.0,"key":"Pantograph"},{"floor":54.0,"key":"Bag of Marbles"}],"event_choices":[{"damage_healed":0.0,"max_hp_gain":0.0,"max_hp_loss":0.0,"gold_gain":0.0,"event_name":"betterThird:BetterGoop","player_choice":"Slimed","floor":2.0,"gold_loss":33.0,"damage_taken":11.0},{"damage_healed":0.0,"max_hp_gain":0.0,"max_hp_loss":0.0,"gold_gain":0.0,"cards_transformed":["Strike_R"],"event_name":"Living Wall","player_choice":"Change","floor":3.0,"gold_loss":0.0,"damage_taken":0.0,"cards_obtained":["Seeing Red"]},{"damage_healed":0.0,"max_hp_gain":0.0,"max_hp_loss":0.0,"gold_gain":0.0,"event_name":"Big Fish","player_choice":"Box","floor":8.0,"gold_loss":0.0,"damage_taken":0.0,"relics_obtained":["MawBank"],"cards_obtained":["Regret"]},{"damage_healed":0.0,"max_hp_gain":0.0,"max_hp_loss":0.0,"gold_gain":0.0,"event_name":"Match and Keep!","player_choice":"2 cards matched","floor":13.0,"gold_loss":0.0,"damage_taken":0.0,"cards_obtained":["Reaper","Carnage"]},{"damage_healed":0.0,"max_hp_gain":0.0,"max_hp_loss":0.0,"gold_gain":0.0,"event_name":"Masked Bandits","player_choice":"Fought Bandits","floor":20.0,"gold_loss":0.0,"damage_taken":0.0},{"damage_healed":0.0,"max_hp_gain":0.0,"max_hp_loss":0.0,"gold_gain":0.0,"event_name":"Ghosts","player_choice":"Ignored","floor":22.0,"gold_loss":0.0,"damage_taken":0.0},{"damage_healed":0.0,"max_hp_gain":0.0,"max_hp_loss":0.0,"gold_gain":100.0,"event_name":"Golden Shrine","player_choice":"Pray","floor":36.0,"gold_loss":0.0,"damage_taken":0.0},{"damage_healed":0.0,"max_hp_gain":0.0,"max_hp_loss":0.0,"gold_gain":0.0,"event_name":"Winding Halls","player_choice":"Embrace Madness","floor":37.0,"gold_loss":0.0,"damage_taken":13.0,"cards_obtained":["Madness","Madness"]},{"cards_removed":["Clumsy"],"damage_healed":0.0,"max_hp_gain":0.0,"max_hp_loss":0.0,"gold_gain":0.0,"event_name":"Fountain of Cleansing","player_choice":"Removed Curses","floor":39.0,"gold_loss":0.0,"damage_taken":0.0},{"damage_healed":0.0,"max_hp_gain":0.0,"max_hp_loss":0.0,"gold_gain":0.0,"event_name":"Accursed Blacksmith","player_choice":"Forge","floor":48.0,"gold_loss":0.0,"damage_taken":0.0,"cards_upgraded":["Searing Blow"]}],"is_beta":false,"boss_relics":[{"not_picked":["Sozu","SlaversCollar"],"picked":"Cursed Key"},{"not_picked":["Runic Dome","Velvet Choker"],"picked":"Astrolabe"}],"items_purged_floors":[29,38],"is_endless":false,"potions_floor_spawned":[11,16,18,24,25,27,35,45,47],"killed_by":"The Heart","ascension_level":7}}