{"host":"cwd5s03r1oaxs6mx","time":1611245292,"event":{"mods":["Act Like it!","Arknights The Spire","BaseMod","Better Third Choice","BetterRewards","CapriCore","Card Filter","Challenge The Spire","Colored Map","Custom Start","DeckTracker","Friendly Minions","Hubris","Infinite Spire","Minty Spire (QoL Compilation)","Quick Restart","Relic Stats","Shop Mod","Spicy Shops","StSLib","SuperFastMode","Waifu the Spire"],"gold_per_floor":[634,484,519,546,575,575,575,575,607,635,667,667,174,174,207,242,275,302],"floor_reached":19,"language":"KOR","playtime":656,"items_purged":["Strike_R","Strike_R","Strike_R"],"score":420,"play_id":"fe98bf1d-9c0c-4d0b-a142-06f1385d3060","local_time":"20210122010812","daily_mods":["challengethespire:Bronze Difficulty","challengethespire:Elite Rush","Uncertain Future"],"is_ascension_mode":true,"campfire_choices":[{"data":"Limit Break","floor":7,"key":"SMITH"},{"data":"Entrench","floor":8,"key":"SMITH"},{"data":"Barricade","floor":14,"key":"SMITH"}],"circlet_count":0,"master_deck":["Strike_R+1","Strike_R+1","Defend_R","Defend_R","Defend_R","Defend_R","Bash","Shrug It Off","Heavy Blade","Whirlwind","Barricade+1","Limit Break+1","Entrench+1","Shrug It Off","Whirlwind","Strike_R","Flex","Body Slam","Entrench","Demon Form+1","Pummel"],"relics":["Burning Blood","Black Star","Sling","PreservedInsect","Turnip","Chemical X","Toy Ornithopter","infinitespire:Satchel","Bag of Marbles","hubris:ToyBattleship","hubris:CrystalStatue","Champion Belt","Runic Pyramid","Pocketwatch","Whetstone","Meat on the Bone","infinitespire:WardingShard","Mummified Hand","Astrolabe","Incense Burner","Frozen Egg 2","infinitespire:Beetle Shell","Nunchaku","Potion Belt","Ancient Tea Set","hubris:Spice","Shuriken","Regal Pillow"],"acts_visited":["Exordium"],"potions_floor_usage":[18,18],"damage_taken":[{"damage":8,"enemies":"Lagavulin","floor":3,"turns":4},{"damage":0,"enemies":"3 Sentries","floor":4,"turns":2},{"damage":0,"enemies":"Gremlin Nob","floor":5,"turns":2},{"damage":10,"enemies":"Gremlin Leader","floor":9,"turns":3},{"damage":0,"enemies":"Slavers","floor":10,"turns":1},{"damage":7,"enemies":"Book of Stabbing","floor":11,"turns":3},{"damage":26,"enemies":"Reptomancer","floor":15,"turns":3},{"damage":12,"enemies":"Nemesis","floor":16,"turns":7},{"damage":0,"enemies":"Giant Head","floor":17,"turns":5},{"damage":33,"enemies":"Shield and Spear","floor":18,"turns":5}],"seed_played":"-541699381246554045","potions_obtained":[{"floor":5,"key":"Ancient Potion"},{"floor":10,"key":"AttackPotion"},{"floor":11,"key":"infinitespire:BlackPotion"},{"floor":15,"key":"infinitespire:BlackPotion"},{"floor":18,"key":"Dexterity Potion"}],"is_trial":true,"path_per_floor":["$","$","E","E","E","T","R","R","E","E","E","T","$","R","E","E","E","E",null],"character_chosen":"IRONCLAD","items_purchased":["Turnip","Shrug It Off","Heavy Blade","Chemical X","Whirlwind","Incense Burner","Flex"],"campfire_rested":0,"item_purchase_floors":[1,1,1,1,2,13,13],"current_hp_per_floor":[80,80,78,80,80,80,80,80,76,80,79,79,79,79,59,53,67,62],"gold":302,"neow_bonus":"","is_daily":false,"chose_seed":false,"campfire_upgraded":3,"win_rate":0.0,"timestamp":1611245292,"path_taken":["$","$","E","E","E","T","R","R","E","E","E","T","$","R","E","E","E","E"],"items_purchased_type":["Relic","Card","Card","Relic","Card","Relic","Card"],"build_version":"2020-12-22","purchased_purges":3,"victory":true,"max_hp_per_floor":[80,80,80,80,80,80,80,80,80,80,80,80,80,80,80,80,88,88],"relic_stats":{"Regal Pillow":0,"counters":[10,35],"Astrolabe":[],"PreservedInsect":503,"Whetstone":["Strike_R","Strike_R"],"Burning Blood":48,"Nunchaku":[1],"Mummified Hand":[4],"Shuriken":[0],"Turnip":[0],"Black Star":10,"Chemical X":[20],"Champion Belt":[16],"obtain_stats":[{"Regal Pillow":18,"hubris:CrystalStatue":5,"Incense Burner":13,"Whetstone":10,"Sling":0,"Ancient Tea Set":17,"Burning Blood":0,"Nunchaku":16,"Mummified Hand":11,"Chemical X":1,"Runic Pyramid":6,"Potion Belt":16,"Astrolabe":12,"PreservedInsect":0,"infinitespire:Beetle Shell":15,"Frozen Egg 2":15,"infinitespire:WardingShard":11,"hubris:Spice":17,"Shuriken":18,"infinitespire:Satchel":3,"Turnip":1,"Black Star":0,"Bag of Marbles":4,"hubris:ToyBattleship":4,"Champion Belt":5,"Toy Ornithopter":3,"Pocketwatch":9,"Meat on the Bone":10},{"Regal Pillow":10,"hubris:CrystalStatue":3,"Incense Burner":6,"Whetstone":5,"Sling":0,"Ancient Tea Set":9,"Burning Blood":0,"Nunchaku":8,"Mummified Hand":6,"Chemical X":0,"Runic Pyramid":3,"Potion Belt":8,"Astrolabe":6,"PreservedInsect":0,"infinitespire:Beetle Shell":7,"Frozen Egg 2":7,"infinitespire:WardingShard":6,"hubris:Spice":9,"Shuriken":10,"infinitespire:Satchel":1,"Turnip":0,"Black Star":0,"Bag of Marbles":2,"hubris:ToyBattleship":2,"Champion Belt":3,"Toy Ornithopter":1,"Pocketwatch":4,"Meat on the Bone":5},{"Regal Pillow":35,"hubris:CrystalStatue":8,"Incense Burner":15,"Whetstone":12,"Sling":0,"Ancient Tea Set":30,"Burning Blood":0,"Nunchaku":25,"Mummified Hand":15,"Chemical X":0,"Runic Pyramid":8,"Potion Belt":25,"Astrolabe":15,"PreservedInsect":0,"infinitespire:Beetle Shell":18,"Frozen Egg 2":18,"infinitespire:WardingShard":15,"hubris:Spice":30,"Shuriken":35,"infinitespire:Satchel":4,"Turnip":0,"Black Star":0,"Bag of Marbles":6,"hubris:ToyBattleship":6,"Champion Belt":8,"Toy Ornithopter":4,"Pocketwatch":11,"Meat on the Bone":12}],"Toy Ornithopter":10,"Pocketwatch":[5],"Meat on the Bone":12},"card_choices":[],"player_experience":994057,"relics_obtained":[{"floor":3,"key":"Toy Ornithopter"},{"floor":3,"key":"infinitespire:Satchel"},{"floor":4,"key":"Bag of Marbles"},{"floor":4,"key":"hubris:ToyBattleship"},{"floor":5,"key":"hubris:CrystalStatue"},{"floor":5,"key":"Champion Belt"},{"floor":9,"key":"Pocketwatch"},{"floor":10,"key":"Whetstone"},{"floor":10,"key":"Meat on the Bone"},{"floor":11,"key":"infinitespire:WardingShard"},{"floor":11,"key":"Mummified Hand"},{"floor":15,"key":"Frozen Egg 2"},{"floor":15,"key":"infinitespire:Beetle Shell"},{"floor":16,"key":"Nunchaku"},{"floor":16,"key":"Potion Belt"},{"floor":17,"key":"Ancient Tea Set"},{"floor":17,"key":"hubris:Spice"},{"floor":18,"key":"Shuriken"},{"floor":18,"key":"Regal Pillow"}],"event_choices":[],"is_beta":false,"boss_relics":[{"not_picked":["hubris:GrandSneckoEye","hubris:CrackedHourglass"],"picked":"Runic Pyramid"},{"not_picked":["hubris:BlackHole","SacredBark"],"picked":"Astrolabe"}],"items_purged_floors":[2,13,13],"is_endless":false,"potions_floor_spawned":[5,10,11,15,18],"ascension_level":0}}