{"host":"15ff3ltgpietarej","time":1611213630,"event":{"mods":["BaseMod","Bestiary","Downfall","Highlight Path","Minty Spire (QoL Compilation)","Relic Stats","StSLib"],"gold_per_floor":[99,99,99,99,99,124,124,139,159,59,89,109,119,133,149,149,149,149],"floor_reached":16,"language":"ENG","playtime":701,"items_purged":[],"score":137,"play_id":"6f592535-4b08-4f81-b0c5-7ac44903e222","local_time":"20210121082030","is_ascension_mode":false,"campfire_choices":[{"floor":1.0,"key":"RECALL"},{"data":"bronze:Return","floor":10.0,"key":"SMITH"}],"circlet_count":0,"master_deck":["bronze:Strike","bronze:Strike","bronze:Strike","bronze:Strike","bronze:Defend","bronze:Defend","bronze:Defend","bronze:Defend","bronze:Replicate","bronze:Goto","bronze:WhirlingStrike","bronze:DelayedSlice","bronze:WhirlingStrike","bronze:Allocate","bronze:Return+1","bronze:WildBeam","bronze:MaxOutput","bronze:Shell","bronze:WildBeam","bronze:AlphaBuild"],"relics":["bronze:BronzeCore","downfall:HeartsMalice","Centennial Puzzle","White Beast Statue","downfall:HeartBlessingRed","Question Card"],"acts_visited":["Exordium"],"potions_floor_usage":[16],"damage_taken":[{"damage":0.0,"enemies":"Cultist","floor":3.0,"turns":1.0},{"damage":0.0,"enemies":"Jaw Worm","floor":4.0,"turns":1.0},{"damage":0.0,"enemies":"Lagavulin","floor":6.0,"turns":1.0},{"damage":4.0,"enemies":"2 Louse","floor":8.0,"turns":2.0},{"damage":4.0,"enemies":"Blue Slaver","floor":9.0,"turns":3.0},{"damage":13.0,"enemies":"3 Sentries","floor":11.0,"turns":3.0},{"damage":0.0,"enemies":"Lots of Slimes","floor":12.0,"turns":1.0},{"damage":3.0,"enemies":"3 Louse","floor":13.0,"turns":2.0},{"damage":16,"enemies":"Large Slime","floor":14,"turns":3},{"damage":0,"enemies":"Red Slaver","floor":15,"turns":1},{"damage":31,"enemies":"DF_ARCHETYPE_STREAMLINE","floor":16,"turns":4}],"seed_played":"3476534665242549116","potions_obtained":[{"floor":8.0,"key":"DistilledChaos"},{"floor":9.0,"key":"DistilledChaos"},{"floor":11.0,"key":"bronze:CleanCodePotion"},{"floor":12.0,"key":"Guardian:BlockOnCardUsePotion"},{"floor":13.0,"key":"LiquidMemories"},{"floor":14,"key":"bronze:FreeFunctionsPotion"}],"is_trial":false,"path_per_floor":["R","?","M","M","?","E","T","M","M","R","E","M","M","M","M","B"],"character_chosen":"THE_AUTOMATON","items_purchased":[],"campfire_rested":0,"item_purchase_floors":[],"current_hp_per_floor":[70,70,70,70,70,70,70,66,62,62,49,49,46,30,30,0,0,0],"gold":149,"neow_bonus":"THREE_ENEMY_KILL","is_daily":false,"chose_seed":false,"campfire_upgraded":1,"win_rate":0.0,"timestamp":1611213630,"path_taken":["R","?","M","M","?","E","T","M","M","R","E","?","M","?","M","BOSS"],"items_purchased_type":[],"build_version":"2020-12-22","purchased_purges":0,"victory":false,"max_hp_per_floor":[70,70,70,70,70,70,70,70,70,70,70,70,70,70,70,70,70,70],"relic_stats":{"Centennial Puzzle":[18],"counters":[11,19],"Question Card":4,"obtain_stats":[{"Centennial Puzzle":6,"bronze:BronzeCore":0,"downfall:HeartBlessingRed":10,"downfall:HeartsMalice":0,"Question Card":11,"White Beast Statue":7},{"Centennial Puzzle":3,"bronze:BronzeCore":0,"downfall:HeartBlessingRed":5,"downfall:HeartsMalice":0,"Question Card":6,"White Beast Statue":3},{"Centennial Puzzle":0,"bronze:BronzeCore":0,"downfall:HeartBlessingRed":5,"downfall:HeartsMalice":0,"Question Card":8,"White Beast Statue":0}]},"card_choices":[{"not_picked":["bronze:FineTuning","bronze:DelayedGuard"],"picked":"bronze:WhirlingStrike","floor":3.0},{"not_picked":["bronze:DelayedGuard","bronze:ChildClass"],"picked":"bronze:DelayedSlice","floor":4.0},{"not_picked":["bronze:FollowUp","bronze:Frontload"],"picked":"bronze:Allocate","floor":6.0},{"not_picked":["bronze:DelayedGuard","bronze:Turbo","bronze:Overheat"],"picked":"SKIP","floor":8.0},{"not_picked":["bronze:Backtrace","bronze:ClassDefault"],"picked":"bronze:Return","floor":9.0},{"not_picked":["bronze:Shell","bronze:Frontload"],"picked":"bronze:WildBeam","floor":11.0},{"not_picked":["bronze:NullPointer","bronze:Turbo","bronze:ForceShield"],"picked":"bronze:MaxOutput","floor":12.0},{"not_picked":["bronze:DelayedSlice","bronze:CutThrough","bronze:DigitalCarnage"],"picked":"bronze:Shell","floor":13.0},{"not_picked":["bronze:CutThrough","bronze:BitShift","bronze:DelayedGuard"],"picked":"bronze:WildBeam","floor":14},{"not_picked":["bronze:ClassDefault","bronze:GetLatest","bronze:Allocate"],"picked":"bronze:AlphaBuild","floor":15}],"player_experience":418058,"relics_obtained":[{"floor":6.0,"key":"Centennial Puzzle"},{"floor":7.0,"key":"White Beast Statue"},{"floor":11.0,"key":"Question Card"}],"event_choices":[],"is_beta":false,"boss_relics":[],"items_purged_floors":[],"is_endless":false,"potions_floor_spawned":[8,9,11,12,13,14,15],"killed_by":"DF_ARCHETYPE_STREAMLINE","ascension_level":0}}