{"host":"t6r1isv2bex5ovch","time":1611245343,"event":{"mods":["AchievementEnabler","Act Like it!","Aspiration","BaseMod","Better Altar","Better Match","Better Note","Better Sensory Stone","Better Skull","Better Third Choice","Better Vampires","Colored Powertips","Displayed Cursed Tome","Evolution","Fox Events","Hubris","Minty Spire (QoL Compilation)","StS++","StSLib","The Jungle"],"gold_per_floor":[114,114,189,139,139,171,96,111,136,136,169,187,317,336,336,435,435,452,452,452,468,57,57,57],"floor_reached":23,"language":"ENG","playtime":2004,"items_purged":["Defend_G","Strike_G"],"score":267,"play_id":"e1f27f69-262a-47f8-9f34-860e00094876","local_time":"20210122020903","is_ascension_mode":true,"campfire_choices":[{"floor":10.0,"key":"RECALL"},{"data":"Neutralize","floor":15.0,"key":"SMITH"}],"circlet_count":0,"master_deck":["Strike_G","Strike_G","Defend_G","Defend_G","Defend_G","Survivor","Neutralize+1","Backflip","Flying Knee","Footwork","Phantasmal Killer","Sucker Punch+1","Deadly Poison"],"relics":["Ring of the Snake","EVO:Axolotl","hubris:Icosahedron","hubris:BundleOfHerbs","aspiration:ChemicalBlood","Vajra","Dream Catcher","aspiration:IroncladSkillbook","hubris:Towel","Shovel","TwistedFunnel","Juzu Bracelet"],"acts_visited":["Exordium","Exordium"],"potions_floor_usage":[21,23,23],"damage_taken":[{"damage":2.0,"enemies":"Small Slimes","floor":1.0,"turns":4.0},{"damage":40.0,"enemies":"3 Sentries","floor":6.0,"turns":20.0},{"damage":1.0,"enemies":"2 Louse","floor":8.0,"turns":4.0},{"damage":74.0,"enemies":"Gremlin Nob","floor":11.0,"turns":8.0},{"damage":0.0,"enemies":"Jaw Worm","floor":12.0,"turns":3.0},{"damage":0.0,"enemies":"3 Sentries","floor":13.0,"turns":6.0},{"damage":0.0,"enemies":"2 Fungi Beasts","floor":14.0,"turns":2.0},{"damage":21.0,"enemies":"Hexaghost","floor":16.0,"turns":13.0},{"damage":19.0,"enemies":"theJungle:GiantWrat","floor":18.0,"turns":8.0},{"damage":25,"enemies":"theJungle:MUSHROOMGANG","floor":21,"turns":6},{"damage":19,"enemies":"theJungle:MamaSnecko","floor":23,"turns":3}],"seed_played":"4390636548174585516","potions_obtained":[{"floor":1.0,"key":"Weak Potion"},{"floor":11.0,"key":"LiquidBronze"},{"floor":13.0,"key":"Explosive Potion"},{"floor":14.0,"key":"Poison Potion"}],"is_trial":false,"path_per_floor":["M","?","?","?","?","E","$","M","T","R","E","M","E","M","R","B",null,"M","?","?","M","$","E"],"character_chosen":"THE_SILENT","items_purchased":["TwistedFunnel","Juzu Bracelet"],"campfire_rested":0,"item_purchase_floors":[22,22],"current_hp_per_floor":[68,68,57,57,50,10,10,15,15,15,16,16,16,16,16,1,70,55,55,37,16,16,0,0],"gold":57,"neow_bonus":"REMOVE_CARD","is_daily":false,"chose_seed":false,"campfire_upgraded":1,"win_rate":0.0,"timestamp":1611245343,"path_taken":["M","?","?","?","?","E","?","M","T","R","E","M","E","M","R","BOSS","M","?","?","M","$","E"],"items_purchased_type":["Relic","Relic"],"build_version":"2020-12-22","purchased_purges":2,"victory":false,"max_hp_per_floor":[70,70,70,70,70,70,70,70,70,70,70,70,70,70,70,70,70,70,70,70,70,70,70,70],"card_choices":[{"not_picked":["PiercingWail","Dash","Eviscerate"],"picked":"SKIP","floor":1.0},{"not_picked":["PiercingWail","hubris:Sniper"],"picked":"Backflip","floor":6.0},{"not_picked":["Blade Dance","Sucker Punch","Deflect"],"picked":"SKIP","floor":8.0},{"not_picked":["A Thousand Cuts","Crippling Poison"],"picked":"Flying Knee","floor":11.0},{"not_picked":["StSpp:PoisonousPunch","Acrobatics","Outmaneuver"],"picked":"SKIP","floor":12.0},{"not_picked":["Outmaneuver","Prepared"],"picked":"Footwork","floor":13.0},{"not_picked":["Glass Knife","Dodge and Roll","Dagger Throw"],"picked":"SKIP","floor":14.0},{"not_picked":["Wraith Form v2","Doppelganger"],"picked":"Phantasmal Killer","floor":16.0},{"not_picked":["hubris:Sniper","PiercingWail+1","Underhanded Strike"],"picked":"Sucker Punch+1","floor":18.0},{"not_picked":["PiercingWail","StSpp:StrikeFirst","Sucker Punch"],"picked":"Deadly Poison","floor":21}],"player_experience":350164,"relics_obtained":[{"floor":6.0,"key":"hubris:BundleOfHerbs"},{"floor":9.0,"key":"aspiration:ChemicalBlood"},{"floor":11.0,"key":"Vajra"},{"floor":13.0,"key":"Dream Catcher"}],"event_choices":[{"damage_healed":0.0,"max_hp_gain":0.0,"max_hp_loss":0.0,"gold_gain":75.0,"event_name":"betterThird:BetterGoop","player_choice":"Gold","floor":3.0,"gold_loss":0.0,"damage_taken":11.0},{"cards_removed":["Strike_G"],"damage_healed":0.0,"max_hp_gain":0.0,"max_hp_loss":0.0,"gold_gain":0.0,"event_name":"The Cleric","player_choice":"Card Removal","floor":4.0,"gold_loss":50.0,"damage_taken":0.0},{"cards_removed":["Strike_G"],"damage_healed":0.0,"max_hp_gain":0.0,"max_hp_loss":0.0,"gold_gain":0.0,"event_name":"Golden Wing","player_choice":"Card Removal","floor":5.0,"gold_loss":0.0,"damage_taken":7.0}],"is_beta":false,"boss_relics":[{"not_picked":["aspiration:SecretTechniqueScroll","aspiration:RunicSpoon"],"picked":"aspiration:IroncladSkillbook"}],"items_purged_floors":[7,22],"is_endless":false,"potions_floor_spawned":[1,11,13,14],"killed_by":"theJungle:MamaSnecko","ascension_level":3}}