{"host":"wshh0nphwn6jv7vj","time":1611219939,"event":{"mods":["BaseMod","Bestiary","Minty Spire (QoL Compilation)","Relic Stats"],"gold_per_floor":[119,119,132,1,1,1,17,17,90,120,131,131,131,149,149,225,225,241,141,153,67,67,67],"floor_reached":22,"language":"ENG","playtime":1046,"items_purged":["Strike_B","Defend_B"],"score":340,"play_id":"f7cf3691-e6d6-4451-b74a-225952e886c6","local_time":"20210121040539","is_ascension_mode":true,"campfire_choices":[{"floor":6.0,"key":"REST"},{"data":"Chaos","floor":8.0,"key":"SMITH"},{"floor":12,"key":"DIG"},{"floor":15,"key":"DIG"}],"circlet_count":0,"master_deck":["AscendersBane","Defend_B","Defend_B","Defend_B","Zap","Defragment+1","Defragment+1","Defragment+1","Chaos+1","Ball Lightning","Sunder","Storm","Seek","Hologram","Capacitor"],"relics":["Astrolabe","Anchor","Letter Opener","Shovel","InkBottle","Eternal Feather","Sozu"],"acts_visited":["Exordium","TheCity"],"potions_floor_usage":[16],"damage_taken":[{"damage":2.0,"enemies":"Cultist","floor":1.0,"turns":4.0},{"damage":6.0,"enemies":"2 Louse","floor":3.0,"turns":4.0},{"damage":2.0,"enemies":"Jaw Worm","floor":7.0,"turns":5.0},{"damage":25.0,"enemies":"3 Sentries","floor":10.0,"turns":6.0},{"damage":3,"enemies":"Blue Slaver","floor":11,"turns":4},{"damage":0,"enemies":"Large Slime","floor":14,"turns":4},{"damage":22,"enemies":"Slime Boss","floor":16,"turns":7},{"damage":19,"enemies":"2 Thieves","floor":18,"turns":3},{"damage":6,"enemies":"Spheric Guardian","floor":20,"turns":3},{"damage":41,"enemies":"Cultist and Chosen","floor":22,"turns":4}],"seed_played":"137781945481849717","potions_obtained":[{"floor":3.0,"key":"PotionOfCapacity"},{"floor":10,"key":"Strength Potion"}],"is_trial":false,"path_per_floor":["M","?","M","$","?","R","M","R","T","E","M","R","?","M","R","B",null,"M","$","M","$","M"],"character_chosen":"DEFECT","items_purchased":["Ball Lightning","Capacitor"],"campfire_rested":1,"item_purchase_floors":[4,21],"current_hp_per_floor":[62,51,45,45,45,66,64,64,64,39,36,36,36,36,36,14,57,38,38,32,32,0,0],"gold":67,"neow_bonus":"BOSS_RELIC","is_daily":false,"chose_seed":false,"campfire_upgraded":1,"win_rate":0.0,"timestamp":1611219939,"path_taken":["M","?","M","$","?","R","?","R","T","E","?","R","?","M","R","BOSS","M","$","M","$","M"],"items_purchased_type":["Card","Card"],"build_version":"2020-12-22","purchased_purges":2,"victory":false,"max_hp_per_floor":[71,71,71,71,71,71,71,71,71,71,71,71,71,71,71,71,71,71,71,71,71,71,71],"relic_stats":{"Sozu":1,"Shovel":2,"counters":[10,44],"Astrolabe":["Defragment","Defragment","Defragment"],"Eternal Feather":0,"Letter Opener":[55],"obtain_stats":[{"Sozu":17,"Anchor":2,"Shovel":10,"Astrolabe":0,"Eternal Feather":15,"Letter Opener":9,"Cracked Core":0,"InkBottle":12},{"Sozu":7,"Anchor":1,"Shovel":4,"Astrolabe":0,"Eternal Feather":6,"Letter Opener":3,"Cracked Core":0,"InkBottle":5},{"Sozu":34,"Anchor":4,"Shovel":19,"Astrolabe":0,"Eternal Feather":27,"Letter Opener":13,"Cracked Core":0,"InkBottle":23}],"InkBottle":[6]},"card_choices":[{"not_picked":["Gash","Steam","Skim"],"picked":"SKIP","floor":1.0},{"not_picked":["Recycle","FTL"],"picked":"Chaos","floor":3.0},{"not_picked":["Auto Shields","Consume"],"picked":"Sunder","floor":7.0},{"not_picked":["Redo","Sweeping Beam","Darkness"],"picked":"SKIP","floor":10},{"not_picked":["Sweeping Beam","Streamline","Defragment"],"picked":"SKIP","floor":11},{"not_picked":["Leap","Barrage"],"picked":"Storm","floor":14},{"not_picked":["All For One","Creative AI"],"picked":"Seek","floor":16},{"not_picked":["Leap","Rebound","Turbo"],"picked":"SKIP","floor":18},{"not_picked":["Auto Shields","Aggregate"],"picked":"Hologram","floor":20}],"player_experience":1597994,"relics_obtained":[{"floor":9.0,"key":"Letter Opener"},{"floor":10,"key":"Shovel"},{"floor":12,"key":"InkBottle"},{"floor":15,"key":"Eternal Feather"}],"event_choices":[{"damage_healed":0.0,"max_hp_gain":0.0,"max_hp_loss":0.0,"gold_gain":0.0,"event_name":"Scrap Ooze","player_choice":"Success","floor":2.0,"gold_loss":0.0,"damage_taken":11.0,"relics_obtained":["Anchor"]},{"cards_removed":["Strike_B"],"damage_healed":0.0,"max_hp_gain":0.0,"max_hp_loss":0.0,"gold_gain":0.0,"event_name":"Bonfire Elementals","player_choice":"Offered Basic","floor":5.0,"gold_loss":0.0,"damage_taken":0.0},{"damage_healed":0,"gold_gain":0,"player_choice":"Ignored","damage_taken":0,"max_hp_gain":0,"max_hp_loss":0,"event_name":"Liars Game","floor":13,"gold_loss":0}],"is_beta":false,"boss_relics":[{"not_picked":["Coffee Dripper","Calling Bell"],"picked":"Sozu"}],"items_purged_floors":[4,19],"is_endless":false,"potions_floor_spawned":[3,10,20],"killed_by":"Cultist and Chosen","ascension_level":17}}