{"host":"swphzoo6hmc78epl","time":1611202500,"event":{"mods":["BaseMod","Highlight Path","Minty Spire (QoL Compilation)","Quick Restart"],"gold_per_floor":[130,156,184,210,239,251,277,315,379,411,423,435,467,65,65,164,164,179,179,191,201,201,201,201],"floor_reached":23,"language":"ENG","playtime":1145,"items_purged":["Strike_G"],"score":215,"play_id":"edf10c6a-4309-44e3-a79a-33fcd8e29a56","local_time":"20210120231500","is_ascension_mode":true,"campfire_choices":[{"data":"Noxious Fumes","floor":6,"key":"SMITH"},{"data":"Deadly Poison","floor":11,"key":"SMITH"},{"data":"Secret Technique","floor":15,"key":"SMITH"}],"circlet_count":0,"master_deck":["Strike_G","Strike_G","Strike_G","Defend_G","Defend_G","Defend_G","Defend_G","Defend_G","Survivor","Neutralize","Deadly Poison","Flying Knee","Deadly Poison+1","Noxious Fumes+1","Well Laid Plans","Doppelganger","Secret Technique+1","Corpse Explosion","Cloak And Dagger","Noxious Fumes","Bouncing Flask"],"relics":["Ring of the Snake","MawBank","Pen Nib","Ancient Tea Set","ClockworkSouvenir","Philosopher\u0027s Stone"],"acts_visited":["Exordium","TheCity"],"potions_floor_usage":[5,13,18,20],"damage_taken":[{"damage":0,"enemies":"Cultist","floor":1,"turns":3},{"damage":1,"enemies":"Jaw Worm","floor":2,"turns":5},{"damage":7,"enemies":"Small Slimes","floor":3,"turns":4},{"damage":6,"enemies":"Exordium Wildlife","floor":4,"turns":5},{"damage":0,"enemies":"2 Fungi Beasts","floor":5,"turns":2},{"damage":18,"enemies":"3 Louse","floor":7,"turns":3},{"damage":7,"enemies":"Large Slime","floor":10,"turns":5},{"damage":0,"enemies":"Exordium Wildlife","floor":13,"turns":3},{"damage":13,"enemies":"The Guardian","floor":16,"turns":8},{"damage":1,"enemies":"3 Byrds","floor":18,"turns":2},{"damage":27,"enemies":"2 Thieves","floor":20,"turns":3},{"damage":14,"enemies":"Snecko","floor":21,"turns":5},{"damage":56,"enemies":"Book of Stabbing","floor":23,"turns":5}],"seed_played":"4130214190236456446","potions_obtained":[{"floor":3,"key":"Fire Potion"},{"floor":4,"key":"Explosive Potion"},{"floor":10,"key":"Energy Potion"},{"floor":13,"key":"Fire Potion"},{"floor":19,"key":"Fire Potion"},{"floor":19,"key":"BlessingOfTheForge"}],"is_trial":false,"path_per_floor":["M","M","M","M","M","R","M","T","T","M","R","?","M","$","R","B",null,"M","?","M","M","?","E"],"character_chosen":"THE_SILENT","items_purchased":["ClockworkSouvenir","Secret Technique"],"campfire_rested":0,"item_purchase_floors":[14,14],"current_hp_per_floor":[70,69,62,56,56,56,38,38,38,31,31,24,24,24,24,11,70,69,69,42,28,51,0,0],"gold":201,"neow_bonus":"RANDOM_COMMON_RELIC","is_daily":false,"chose_seed":false,"campfire_upgraded":3,"win_rate":0.0,"timestamp":1611202500,"path_taken":["M","M","M","M","M","R","M","?","T","M","R","?","M","$","R","BOSS","M","?","M","?","?","E"],"items_purchased_type":["Relic","Card"],"build_version":"2020-12-22","purchased_purges":1,"victory":false,"max_hp_per_floor":[70,70,70,70,70,70,70,70,70,70,70,70,70,70,70,70,70,70,70,70,70,70,70,70],"card_choices":[{"not_picked":["Prepared","Quick Slash"],"picked":"Deadly Poison","floor":1},{"not_picked":["PiercingWail","Night Terror","Underhanded Strike"],"picked":"SKIP","floor":2},{"not_picked":["Dodge and Roll","Distraction"],"picked":"Flying Knee","floor":3},{"not_picked":["Sucker Punch","Prepared"],"picked":"Deadly Poison","floor":4},{"not_picked":["Deadly Poison","Deflect"],"picked":"Noxious Fumes","floor":5},{"not_picked":["Leg Sweep","Setup","Underhanded Strike"],"picked":"SKIP","floor":7},{"not_picked":["Slice","Predator"],"picked":"Well Laid Plans","floor":10},{"not_picked":["Sucker Punch","Slice"],"picked":"Doppelganger","floor":13},{"not_picked":["Tools of the Trade","Venomology"],"picked":"Corpse Explosion","floor":16},{"not_picked":["Underhanded Strike+1","Expertise"],"picked":"Cloak And Dagger","floor":18},{"not_picked":["Accuracy","Flying Knee"],"picked":"Noxious Fumes","floor":20},{"not_picked":["Backstab","Flechettes"],"picked":"Bouncing Flask","floor":21}],"player_experience":792177,"relics_obtained":[{"floor":8,"key":"Pen Nib"},{"floor":9,"key":"Ancient Tea Set"}],"event_choices":[{"cards_removed":["Strike_G"],"damage_healed":0,"gold_gain":0,"player_choice":"Card Removal","damage_taken":7,"max_hp_gain":0,"max_hp_loss":0,"event_name":"Golden Wing","floor":12,"gold_loss":0},{"damage_healed":0,"gold_gain":0,"player_choice":"Got Potions","damage_taken":0,"max_hp_gain":0,"max_hp_loss":0,"event_name":"Lab","floor":19,"gold_loss":0},{"damage_healed":23,"gold_gain":0,"player_choice":"Heal","damage_taken":0,"max_hp_gain":0,"max_hp_loss":0,"event_name":"The Library","floor":22,"gold_loss":0}],"is_beta":false,"boss_relics":[{"not_picked":["Runic Pyramid","Ring of the Serpent"],"picked":"Philosopher\u0027s Stone"}],"items_purged_floors":[14],"is_endless":false,"potions_floor_spawned":[3,4,10,13],"killed_by":"Book of Stabbing","ascension_level":3}}