{"host":"opyh6vr790e42ffe","time":1611255392,"event":{"mods":["BaseMod","Colored Map","Highlight Path","Minty Spire (QoL Compilation)","Relic Stats","StSLib"],"gold_per_floor":[119,131,131,150,150,189,201,246,258,270,296,383,408,454,466,573,585,616,109,132,182,197,240,240,283,310,328,353,373,373,416,416,506,569,592,482,507,507,507],"floor_reached":38,"language":"ENG","playtime":4289,"items_purged":["Strike_P"],"score":987,"play_id":"e2cd3779-9c6e-45d8-a05b-59113467e3e6","local_time":"20210121105632","is_ascension_mode":true,"campfire_choices":[{"data":"Worship","floor":7.0,"key":"SMITH"},{"data":"EmptyFist","floor":10.0,"key":"SMITH"},{"data":"Meditate","floor":15.0,"key":"SMITH"},{"floor":24.0,"key":"REST"},{"data":"Apotheosis","floor":30,"key":"SMITH"},{"floor":32,"key":"REST"}],"circlet_count":0,"master_deck":["AscendersBane","Strike_P","Defend_P","Defend_P","Defend_P","Defend_P+1","Eruption","Vigilance","FollowUp","SashWhip","Worship+1","EmptyFist+1","Study","Nirvana","FlyingSleeves","Meditate+1","EmptyFist","Omniscience","ThirdEye+1","Ragnarok+1","Apotheosis+1","Omniscience","CutThroughFate","TalkToTheHand","MasterReality","Wireheading+1","ConjureBlade","SpiritShield","MentalFortress"],"relics":["Velvet Choker","Golden Idol","MawBank","Calipers","Meat on the Bone","Sundial","Runic Pyramid","DollysMirror","Unceasing Top","TeardropLocket","Nunchaku","Blood Vial","Tiny House"],"acts_visited":["Exordium","TheCity","TheBeyond"],"potions_floor_usage":[31,31,37],"damage_taken":[{"damage":2.0,"enemies":"Jaw Worm","floor":1.0,"turns":4.0},{"damage":11.0,"enemies":"Small Slimes","floor":2.0,"turns":2.0},{"damage":0.0,"enemies":"Cultist","floor":4.0,"turns":2.0},{"damage":0.0,"enemies":"Gremlin Nob","floor":6.0,"turns":3.0},{"damage":12.0,"enemies":"Lagavulin","floor":8.0,"turns":7.0},{"damage":9.0,"enemies":"Looter","floor":11.0,"turns":3.0},{"damage":5.0,"enemies":"3 Louse","floor":13.0,"turns":3.0},{"damage":10.0,"enemies":"3 Sentries","floor":14.0,"turns":4.0},{"damage":33.0,"enemies":"Hexaghost","floor":16.0,"turns":9.0},{"damage":21.0,"enemies":"Shell Parasite","floor":18.0,"turns":5.0},{"damage":0.0,"enemies":"Spheric Guardian","floor":20.0,"turns":3.0},{"damage":26.0,"enemies":"Snake Plant","floor":22.0,"turns":3.0},{"damage":16.0,"enemies":"Book of Stabbing","floor":23.0,"turns":3.0},{"damage":37.0,"enemies":"Slavers","floor":25.0,"turns":5.0},{"damage":6,"enemies":"Snecko","floor":27,"turns":4},{"damage":0,"enemies":"Centurion and Healer","floor":28,"turns":2},{"damage":30,"enemies":"Shelled Parasite and Fungi","floor":29,"turns":5},{"damage":7,"enemies":"Book of Stabbing","floor":31,"turns":4},{"damage":38,"enemies":"Champ","floor":33,"turns":8},{"damage":0,"enemies":"Orb Walker","floor":35,"turns":2},{"damage":41,"enemies":"3 Darklings","floor":37,"turns":8},{"damage":39,"enemies":"Sphere and 2 Shapes","floor":38,"turns":2}],"seed_played":"-5368481014074891816","potions_obtained":[{"floor":2.0,"key":"FearPotion"},{"floor":11.0,"key":"SkillPotion"},{"floor":14.0,"key":"SpeedPotion"},{"floor":16.0,"key":"LiquidBronze"},{"floor":20.0,"key":"StancePotion"},{"floor":25.0,"key":"SmokeBomb"},{"floor":29,"key":"SkillPotion"},{"floor":31,"key":"Regen Potion"},{"floor":34,"key":"GamblersBrew"}],"is_trial":false,"path_per_floor":["M","M","?","M","?","E","R","E","T","R","M","?","M","E","R","B",null,"M","$","M","?","M","E","R","E","T","M","M","M","R","E","R","B",null,"M","?","M","M"],"character_chosen":"WATCHER","items_purchased":["Ragnarok","Apotheosis","DollysMirror"],"campfire_rested":2,"item_purchase_floors":[19,19,19],"current_hp_per_floor":[59,48,48,48,48,48,48,36,36,36,39,28,35,37,37,16,51,42,42,42,42,28,24,42,17,17,23,35,17,17,22,40,16,56,58,58,34,0,0],"gold":507,"neow_bonus":"BOSS_RELIC","is_daily":false,"chose_seed":false,"campfire_upgraded":4,"win_rate":0.0,"timestamp":1611255392,"path_taken":["M","M","?","M","?","E","R","E","T","R","M","?","M","E","R","BOSS","M","$","M","?","M","E","R","E","T","M","M","M","R","E","R","BOSS","M","?","M","?"],"items_purchased_type":["Card","Card","Relic"],"build_version":"2020-12-22","purchased_purges":1,"victory":false,"max_hp_per_floor":[68,68,62,62,62,62,62,62,62,62,62,62,62,62,62,62,62,62,62,62,62,62,62,62,62,62,62,62,62,62,62,62,62,67,67,67,67,67,67],"relic_stats":{"Blood Vial":8,"Nunchaku":[7],"counters":[22,91],"Golden Idol":144,"Sundial":[4],"MawBank":156,"obtain_stats":[{"Calipers":8,"Tiny House":34,"Golden Idol":3,"Velvet Choker":0,"TeardropLocket":25,"MawBank":6,"Blood Vial":31,"Nunchaku":26,"Sundial":14,"DollysMirror":19,"PureWater":0,"Unceasing Top":23,"Meat on the Bone":9,"Runic Pyramid":17},{"Calipers":5,"Tiny House":19,"Golden Idol":2,"Velvet Choker":0,"TeardropLocket":14,"MawBank":4,"Blood Vial":18,"Nunchaku":14,"Sundial":8,"DollysMirror":10,"PureWater":0,"Unceasing Top":13,"Meat on the Bone":5,"Runic Pyramid":9},{"Calipers":18,"Tiny House":79,"Golden Idol":6,"Velvet Choker":0,"TeardropLocket":56,"MawBank":11,"Blood Vial":71,"Nunchaku":56,"Sundial":28,"DollysMirror":42,"PureWater":0,"Unceasing Top":51,"Meat on the Bone":18,"Runic Pyramid":37}],"Unceasing Top":[1],"Meat on the Bone":156},"card_choices":[{"not_picked":["DeceiveReality","Evaluate"],"picked":"FollowUp","floor":1.0},{"not_picked":["Halt","Crescendo"],"picked":"SashWhip","floor":2.0},{"not_picked":["FollowUp","Evaluate"],"picked":"Worship","floor":4.0},{"not_picked":["Consecrate","Crescendo"],"picked":"Study","floor":6.0},{"not_picked":["ClearTheMind","FollowUp"],"picked":"Nirvana","floor":8.0},{"not_picked":["EmptyFist","ThirdEye"],"picked":"FlyingSleeves","floor":11.0},{"not_picked":["SpiritShield","EmptyBody"],"picked":"Meditate","floor":13.0},{"not_picked":["CarveReality","EmptyBody"],"picked":"EmptyFist","floor":14.0},{"not_picked":["Brilliance","DeusExMachina"],"picked":"Omniscience","floor":16.0},{"not_picked":["SashWhip+1","PathToVictory"],"picked":"ThirdEye+1","floor":18.0},{"not_picked":["Swivel","FearNoEvil"],"picked":"CutThroughFate","floor":20.0},{"not_picked":["WheelKick","PathToVictory"],"picked":"TalkToTheHand","floor":22.0},{"not_picked":["PathToVictory+1","JustLucky","ThirdEye"],"picked":"SKIP","floor":23.0},{"not_picked":["Evaluate","ClearTheMind"],"picked":"MasterReality","floor":25.0},{"not_picked":["FlyingSleeves","SashWhip","EmptyBody"],"picked":"SKIP","floor":27},{"not_picked":["Indignation","Collect","Prostrate"],"picked":"SKIP","floor":28},{"not_picked":["ThirdEye","Evaluate"],"picked":"Wireheading+1","floor":29},{"not_picked":["MasterReality","EmptyFist"],"picked":"ConjureBlade","floor":31},{"not_picked":["Vault","DeusExMachina"],"picked":"SpiritShield","floor":33},{"not_picked":["PathToVictory","ClearTheMind","CrushJoints"],"picked":"SKIP","floor":35},{"not_picked":["CrushJoints","Prostrate"],"picked":"MentalFortress","floor":37}],"player_experience":2408279,"relics_obtained":[{"floor":6.0,"key":"MawBank"},{"floor":8.0,"key":"Calipers"},{"floor":9.0,"key":"Meat on the Bone"},{"floor":14.0,"key":"Sundial"},{"floor":23.0,"key":"Unceasing Top"},{"floor":25.0,"key":"TeardropLocket"},{"floor":26.0,"key":"Nunchaku"},{"floor":31,"key":"Blood Vial"}],"event_choices":[{"damage_healed":0.0,"max_hp_gain":0.0,"max_hp_loss":6.0,"gold_gain":0.0,"event_name":"Golden Idol","player_choice":"Lose Max HP","floor":3.0,"gold_loss":0.0,"damage_taken":0.0,"relics_obtained":["Golden Idol"]},{"damage_healed":0.0,"max_hp_gain":0.0,"max_hp_loss":0.0,"gold_gain":0.0,"cards_transformed":["Strike_P"],"event_name":"Living Wall","player_choice":"Change","floor":5.0,"gold_loss":0.0,"damage_taken":0.0,"cards_obtained":["EmptyFist"]},{"damage_healed":0.0,"max_hp_gain":0.0,"max_hp_loss":0.0,"gold_gain":75.0,"event_name":"World of Goop","player_choice":"Gather Gold","floor":12.0,"gold_loss":0.0,"damage_taken":11.0},{"damage_healed":0.0,"max_hp_gain":0.0,"max_hp_loss":0.0,"gold_gain":50.0,"event_name":"Nest","player_choice":"Stole From Cult","floor":21.0,"gold_loss":0.0,"damage_taken":0.0},{"cards_removed":["Strike_P"],"damage_healed":0,"gold_gain":0,"player_choice":"Upgrade and Remove","damage_taken":0,"max_hp_gain":0,"max_hp_loss":0,"event_name":"Designer","floor":36,"gold_loss":110,"cards_upgraded":["Defend_P"]}],"is_beta":false,"boss_relics":[{"not_picked":["SlaversCollar","Cursed Key"],"picked":"Runic Pyramid"},{"not_picked":["Philosopher\u0027s Stone","Sozu"],"picked":"Tiny House"}],"items_purged_floors":[19],"is_endless":false,"potions_floor_spawned":[2,11,14,16,20,25,29,31,35],"killed_by":"Sphere and 2 Shapes","ascension_level":20}}