{"host":"och2iitg9ibgz06n","time":1611271239,"event":{"mods":["Abigail Mod","AchievementEnabler","Aspiration","BaseMod","Colored Powertips","Dio Mod","Hubris","Hyrulean Relics","Infinite Spire","Minty Spire (QoL Compilation)","Replay The Spire","Small Relic Pack","StSLib","The Animator","The Bug Knight","The Hierophant","The Jungle","The Saiyan","TheHero","Wandering Minibosses","everything is the same but u backflip on backflip","slay the spire mod where everything is the same but ironclad has a cowboy hat","vexMod"],"gold_per_floor":[109,184,199,144,144,179,197,197,197,229,248,321,321,321],"floor_reached":13,"language":"ENG","playtime":314,"items_purged":[],"score":112,"play_id":"7e051bba-e2bd-4f80-bc57-dc89ae6580f0","local_time":"20210121172039","is_ascension_mode":true,"campfire_choices":[{"floor":8,"key":"REST"}],"circlet_count":0,"master_deck":["animeID:Deku","animeID:Bakugo","animeID:Smash","animeID:Smash","animeID:Smash","animeID:Smash","animeID:DefendMH","animeID:DefendMH","animeID:DefendMH","animeID:DefendMH","animeID:RecoveryGirl","animeID:Stain","animeID:Twice","animeID:Rappa+1","animeID:DelawareSmash","animeID:Tomura","animeID:PlusUltra"],"relics":["animeID:HeroCostume","relicPack:OneForAll","infinitespire:Beetle Shell","hubris:BottledRain","Turnip"],"acts_visited":["Exordium"],"potions_floor_usage":[],"damage_taken":[{"damage":8,"enemies":"Small Slimes","floor":1,"turns":2},{"damage":8,"enemies":"Jaw Worm","floor":3,"turns":4},{"damage":51,"enemies":"Gremlin Nob","floor":6,"turns":5},{"damage":0,"enemies":"2 Louse","floor":7,"turns":2},{"damage":30,"enemies":"3 Sentries","floor":10,"turns":7},{"damage":7,"enemies":"Looter","floor":11,"turns":3},{"damage":25,"enemies":"Lagavulin","floor":13,"turns":4}],"seed_played":"1252464533480759056","potions_obtained":[{"floor":10,"key":"Venom Potion"}],"is_trial":false,"path_per_floor":["M","?","M","$","?","E","M","R","T","E","M","?","E"],"character_chosen":"THE_HERO","items_purchased":["animeID:Rappa+1"],"campfire_rested":1,"item_purchase_floors":[4],"current_hp_per_floor":[67,56,54,54,54,11,15,37,37,15,14,14,0,0],"gold":321,"neow_bonus":"THREE_CARDS","is_daily":false,"chose_seed":false,"campfire_upgraded":0,"win_rate":0.0,"timestamp":1611271239,"path_taken":["M","?","M","$","?","E","M","R","T","E","M","?","E"],"items_purchased_type":["Card"],"build_version":"2020-12-22","purchased_purges":0,"victory":false,"max_hp_per_floor":[75,75,75,75,75,75,75,75,75,75,75,75,75,75],"card_choices":[{"not_picked":["animeID:Tomura","animeID:Twice"],"picked":"animeID:RecoveryGirl","floor":0},{"not_picked":["animeID:Mineta","animeID:TodorokiShoto"],"picked":"animeID:Stain","floor":1},{"not_picked":["animeID:Aoyama","animeID:Mineta"],"picked":"animeID:Twice","floor":3},{"not_picked":["animeID:Hatsume","animeID:Kirishima"],"picked":"animeID:DelawareSmash","floor":6},{"not_picked":["animeID:DetroitDelaware","animeID:Aoyama","animeID:GranTorino"],"picked":"SKIP","floor":7},{"not_picked":["animeID:ShootStyle","animeID:TodorokiShoto"],"picked":"animeID:Tomura","floor":10},{"not_picked":["animeID:Bakugo","animeID:Uraraka"],"picked":"animeID:PlusUltra","floor":11}],"player_experience":447207,"relics_obtained":[{"floor":6,"key":"infinitespire:Beetle Shell"},{"floor":9,"key":"hubris:BottledRain"},{"floor":10,"key":"Turnip"}],"event_choices":[{"damage_healed":0,"gold_gain":75,"player_choice":"Gather Gold","damage_taken":11,"max_hp_gain":0,"max_hp_loss":0,"event_name":"World of Goop","floor":2,"gold_loss":0},{"damage_healed":0,"gold_gain":73,"player_choice":"Gained Gold","damage_taken":0,"max_hp_gain":0,"max_hp_loss":0,"event_name":"Golden Wing","floor":12,"gold_loss":0}],"is_beta":false,"boss_relics":[],"items_purged_floors":[],"is_endless":false,"potions_floor_spawned":[10],"killed_by":"Lagavulin","ascension_level":4}}