{"host":"btkahjvw3wdsn6lk","time":1611233028,"event":{"mods":["ATMod(°¢èªMod)","Act Like it!","BaseMod","Dota2Spire","Gensokyo","Highlight Path","Minty Spire (QoL Compilation)","RumiaBox-Â¶Ã×æ«µÄÉñÃØºÐ×Ó","Spicy Shops","StSLib","TheWitcher","¡¾ÒÅÎï¿¨ÅÆ¡¿REMEMod"],"gold_per_floor":[110,41,63,98,317,351,394,394,394,418,418,467,397,422,422,489,489,514,530,555,571,571,571,326,326,326,438,438,469,469,480,480,609,609,572,537,552,287,287,335,335,335,360,395,395,427,19,242,242,278,278,278,102,150,153],"floor_reached":56,"language":"ZHS","playtime":6385,"items_purged":["Writhe","SnafuTest:SignAard"],"score":1770,"play_id":"c76dfdd3-d19b-45cc-9949-91e13d003e50","local_time":"20210121204348","is_ascension_mode":false,"campfire_choices":[{"data":"SnafuTest:SpellGloemGuard","floor":8.0,"key":"SMITH"},{"data":"AT_FamilyPortrait","floor":11.0,"key":"SMITH"},{"data":"SnafuTest:PayBank","floor":15.0,"key":"SMITH"},{"floor":23.0,"key":"RECALL"},{"data":"Gensokyo:TurboGranny","floor":25.0,"key":"SMITH"},{"data":"SnafuTest:GraveDancingPaleFire","floor":30.0,"key":"SMITH"},{"data":"SnafuTest:PowerProbingFeint","floor":32.0,"key":"SMITH"},{"data":"SnafuTest:PowerBloodLust","floor":41.0,"key":"SMITH"},{"data":"AT_EmpoweredMortalDraw","floor":49,"key":"SMITH"},{"data":"SnafuTest:DefaultCommonSkill","floor":52,"key":"SMITH"}],"circlet_count":0,"master_deck":["SnafuTest:DefaultCommonAttack+1","SnafuTest:DefaultCommonAttack+1","SnafuTest:DefaultCommonSkill+1","SnafuTest:DefaultCommonSkill+1","SnafuTest:DefaultCommonSkill","AT_FamilyPortrait+1","SnafuTest:PhantomMemory+1","SnafuTest:MagePersecution+1","SnafuTest:SpellGloemGuard+1","SnafuTest:GraveDancingPaleFire+1","AT_EmpoweredMortalDraw+1","SnafuTest:ShoulderSlam+1","Gensokyo:TurboGranny+1","SnafuTest:PowerProbingFeint+1","SnafuTest:PowerBloodLust+1","Gensokyo:Dawn+1","SnafuTest:Oriole+1"],"relics":["SnafuTest:UnstableMutagenRelic","AT_ATBox","REME_ComplimentaryCards","NeowsBlessing","AT_BladeRuinedKing","REME_HourglassOfDeath","Ornamental Fan","Dead Branch","Dota2Spire:Butterfly","AT_MortalBlade","REME_CardOfGreed","SnafuTest:IgniRelic","AT_Kusabimaru","Thread and Needle","Potion Belt","Boot","Ccalipers","Sozu","SSSystem","SnafuTest:YrdenRelic","Medical Kit","HornCleat","SnafuTest:AxiiRelic","Dota2Spire:ShadowBlade","AT_DeathDance","AT_ForceNature","AT_RabadonDeathcap","Dota2Spire:CrimsonGuard","Dota2Spire:AssaultCuirass","Dota2Spire:ShivaGuard"],"acts_visited":["Exordium","Gensokyo:Gensokyo","Gensokyo:Gensokyoer","TheEnding"],"potions_floor_usage":[],"damage_taken":[{"damage":0.0,"enemies":"Gensokyo:Python","floor":1.0,"turns":1.0},{"damage":0.0,"enemies":"Gensokyo:2_Kodama","floor":3.0,"turns":3.0},{"damage":0.0,"enemies":"Gensokyo:Mamizou","floor":4.0,"turns":2.0},{"damage":0.0,"enemies":"Gensokyo:Gryphon","floor":5.0,"turns":3.0},{"damage":0.0,"enemies":"Gensokyo:Aya","floor":6.0,"turns":12.0},{"damage":0.0,"enemies":"Gensokyo:Python_and_Kodama","floor":7.0,"turns":6.0},{"damage":0.0,"enemies":"Gensokyo:Mamizou","floor":12.0,"turns":13.0},{"damage":2.0,"enemies":"Gensokyo:Kitsune","floor":14.0,"turns":2.0},{"damage":0.0,"enemies":"Gensokyo:Yukari","floor":16.0,"turns":8.0},{"damage":0.0,"enemies":"Gensokyo:Chomper","floor":18.0,"turns":3.0},{"damage":0.0,"enemies":"Gensokyo:3_Dogs","floor":19.0,"turns":2.0},{"damage":0.0,"enemies":"Gensokyo:Swordslinger","floor":20.0,"turns":4.0},{"damage":0.0,"enemies":"Gensokyo:Wraith","floor":21.0,"turns":3.0},{"damage":7.0,"enemies":"Gensokyo:Wraith","floor":27.0,"turns":10.0},{"damage":0.0,"enemies":"Gensokyo:Reisen","floor":29.0,"turns":6.0},{"damage":0.0,"enemies":"Gensokyo:Monolith_and_Dog","floor":31.0,"turns":4.0},{"damage":0.0,"enemies":"Gensokyo:Eternal_Rivals","floor":33.0,"turns":7.0},{"damage":0.0,"enemies":"Gensokyo:AncientGuardian","floor":35.0,"turns":4.0},{"damage":0.0,"enemies":"Gensokyo:3_Bats","floor":36.0,"turns":3.0},{"damage":0.0,"enemies":"Gensokyo:SeedOfUnknown","floor":37.0,"turns":4.0},{"damage":0.0,"enemies":"Gensokyo:Doremy","floor":40.0,"turns":6.0},{"damage":0,"enemies":"Gensokyo:Doremy","floor":42,"turns":4},{"damage":0,"enemies":"Gensokyo:Marisa","floor":44,"turns":3},{"damage":0,"enemies":"Gensokyo:Dusk_and_Dawn","floor":46,"turns":5},{"damage":0,"enemies":"Gensokyo:Sharpion","floor":48,"turns":3},{"damage":0,"enemies":"Gensokyo:Shinki","floor":50,"turns":4},{"damage":0,"enemies":"Shield and Spear","floor":54,"turns":3},{"damage":0,"enemies":"The Heart","floor":55,"turns":5}],"seed_played":"6764091045688917732","potions_obtained":[{"floor":6.0,"key":"Dota2Spire:HealingSalve"},{"floor":12.0,"key":"BlessingOfTheForge"},{"floor":14.0,"key":"DuplicationPotion"},{"floor":16.0,"key":"SkillPotion"},{"floor":18.0,"key":"Dota2Spire:Clarity"},{"floor":27.0,"key":"SteroidPotion"},{"floor":29.0,"key":"CultistPotion"},{"floor":33.0,"key":"GamblersBrew"}],"is_trial":false,"path_per_floor":["M","COS","M","?","M","E","M","R","T","T","R","E","?","M","R","B",null,"M","M","M","M","?","R","COS","R","T","?","?","E","R","M","R","B",null,"M","M","M","COS","?","E","R","?","T","E","?","M","$","M","R","B",null,"R","$","E","B",null],"character_chosen":"THE_WITCHER","items_purchased":["AT_RabadonDeathcap","Dota2Spire:CrimsonGuard","Dota2Spire:AssaultCuirass"],"campfire_rested":0,"item_purchase_floors":[47,47,53],"current_hp_per_floor":[75,75,75,75,75,75,75,75,75,75,75,75,75,73,73,73,75,75,75,75,75,68,68,68,68,68,61,61,61,61,61,61,65,68,68,68,68,68,68,68,68,68,68,68,68,68,68,68,68,68,68,68,68,68,68],"gold":153,"neow_bonus":"THREE_ENEMY_KILL","is_daily":false,"chose_seed":false,"campfire_upgraded":9,"win_rate":0.0,"timestamp":1611233028,"path_taken":["M","COS","?","?","?","E","M","R","T","?","R","E","?","M","R","BOSS","M","?","M","?","?","R","COS","R","T","?","?","E","R","M","R","BOSS","M","M","M","COS","?","E","R","?","T","E","?","M","$","?","R","BOSS","R","$","E","BOSS"],"items_purchased_type":["Relic","Relic","Relic"],"build_version":"2020-12-22","purchased_purges":2,"victory":true,"max_hp_per_floor":[75,75,75,75,75,75,75,75,75,75,75,75,75,75,75,75,75,75,75,75,75,68,68,68,68,68,68,68,68,68,68,68,68,68,68,68,68,68,68,68,68,68,68,68,68,68,68,68,68,68,68,68,68,68,68],"card_choices":[{"not_picked":["SnafuTest:SmashingSlash","SnafuTest:PowerAlwaysOnRoads","SnafuTest:Shooting"],"picked":"SKIP","floor":1.0},{"not_picked":["SnafuTest:FlashingRaid","SnafuTest:PowerFireDamnation"],"picked":"SnafuTest:PhantomMemory","floor":3.0},{"not_picked":["SnafuTest:PayArmorSmith","SnafuTest:WitchHunt"],"picked":"SnafuTest:MagePersecution","floor":4.0},{"not_picked":["SnafuTest:MCFeignDeath","SnafuTest:DesperateRemediation"],"picked":"SnafuTest:SpellGloemGuard","floor":5.0},{"not_picked":["SnafuTest:SwiftAssault","SnafuTest:Oriole"],"picked":"SnafuTest:PayBank","floor":6.0},{"not_picked":["SnafuTest:MCSuccubusSeduction","SnafuTest:MCFeignDeath","SnafuTest:SwordDance"],"picked":"SKIP","floor":7.0},{"not_picked":["SnafuTest:MCSuccubusSeduction","SnafuTest:PowerCrimsonRitual","SnafuTest:SuddenPuncture"],"picked":"SKIP","floor":12.0},{"not_picked":["SnafuTest:MCPlayGwent","SnafuTest:SpellBlindFury"],"picked":"SnafuTest:PaySmithWorkshop","floor":14.0},{"not_picked":["SnafuTest:SweetHome","SnafuTest:PowerRhymeBeyondTime","SnafuTest:WhiteWolfRise"],"picked":"SnafuTest:GraveDancingPaleFire","floor":16.0},{"not_picked":["SnafuTest:SignQuen","SnafuTest:VitalShield","SnafuTest:SpellTortoise"],"picked":"SKIP","floor":18.0},{"not_picked":["SnafuTest:MCFeignDeath","SnafuTest:SignYrden+1","SnafuTest:SuddenPuncture"],"picked":"SKIP","floor":19.0},{"not_picked":["SnafuTest:MCPlayGwent","SnafuTest:AncestralRitual"],"picked":"SnafuTest:ShoulderSlam+1","floor":20.0},{"not_picked":["SnafuTest:Siege","SnafuTest:BombDevilsPuffball","SnafuTest:PowerMartialMagical"],"picked":"SKIP","floor":21.0},{"not_picked":["Gensokyo:SpontaneousHumanCombustion","Gensokyo:RedCapeBlueCape"],"picked":"Gensokyo:TurboGranny","floor":22.0},{"not_picked":["SnafuTest:SuddenPuncture","SnafuTest:SignAard+1"],"picked":"SnafuTest:PowerProbingFeint","floor":27.0},{"not_picked":["SnafuTest:BloodForBlood","SnafuTest:RecklessBlow+1","SnafuTest:ShieldUp"],"picked":"SKIP","floor":29.0},{"not_picked":["SnafuTest:Decapitate","SnafuTest:NoPass","SnafuTest:PowerCrimsonRitual"],"picked":"SKIP","floor":31.0},{"not_picked":["SnafuTest:LeadingCharge","SnafuTest:DecisiveOpportunity"],"picked":"SnafuTest:PowerBloodLust","floor":33.0},{"not_picked":["SnafuTest:BombSamum","SnafuTest:BattleCry","SnafuTest:PayHappyHour+1"],"picked":"SKIP","floor":35.0},{"not_picked":["SnafuTest:SmashingSlash+1","SnafuTest:MCPlayGwent+1","SnafuTest:PayArmorSmith"],"picked":"SKIP","floor":36.0},{"not_picked":["SnafuTest:MCSuccubusSeduction+1","SnafuTest:Kick","SnafuTest:BombDimeritium+1"],"picked":"SKIP","floor":37.0},{"not_picked":["SnafuTest:SwiftAssault","SnafuTest:PayBank+1","SnafuTest:SpellLivingArmor"],"picked":"SKIP","floor":40.0},{"not_picked":["Gensokyo:RainbowDanmaku+1","Gensokyo:UnhurriedMind+1"],"picked":"Gensokyo:Dawn+1","floor":42},{"not_picked":["SnafuTest:SignYrden+1","SnafuTest:DesperateRemediation+1"],"picked":"SnafuTest:Oriole+1","floor":44},{"not_picked":["SnafuTest:SpellIncendiaryShower+1","SnafuTest:MCMockAndRun","SnafuTest:ScholarsIntrigue"],"picked":"SKIP","floor":46},{"not_picked":["SnafuTest:MCSuccubusSeduction","SnafuTest:UndefeatedNarcissism","SnafuTest:SpellBlindFury"],"picked":"SKIP","floor":48},{"not_picked":["SnafuTest:SpellIthlinneProphecy","SnafuTest:PowerProbingFeint","SnafuTest:BlueWhale"],"picked":"SKIP","floor":54}],"player_experience":386545,"relics_obtained":[{"floor":4.0,"key":"REME_HourglassOfDeath"},{"floor":6.0,"key":"Ornamental Fan"},{"floor":9.0,"key":"Dead Branch"},{"floor":12.0,"key":"Dota2Spire:Butterfly"},{"floor":26.0,"key":"SnafuTest:IgniRelic"},{"floor":27.0,"key":"AT_Kusabimaru"},{"floor":27.0,"key":"Thread and Needle"},{"floor":29.0,"key":"Boot"},{"floor":40.0,"key":"HornCleat"},{"floor":43,"key":"SnafuTest:AxiiRelic"},{"floor":44,"key":"AT_DeathDance"},{"floor":54,"key":"Dota2Spire:ShivaGuard"}],"event_choices":[],"is_beta":false,"boss_relics":[{"not_picked":["Philosopher\u0027s Stone","Calling Bell"],"picked":"AT_MortalBlade"},{"not_picked":["REME_ChargedStone","REME_DuelDisc"],"picked":"Sozu"}],"items_purged_floors":[47,53],"is_endless":false,"potions_floor_spawned":[6,12,14,16,18,27,29,33,35,54],"ascension_level":0}}