{"host":"uzcks4yhskks9i02","time":1611215103,"event":{"mods":["BaseMod","Minty Spire (QoL Compilation)","Quick Restart"],"gold_per_floor":[114,130,141,14,14,14,40,40,40,5,5,39,39,69,69,146,146,164,79,90,15,15,15,42,42,65,65,65,65,65,97,97,171,221,239,461,479,525,148,148,162,162,188,217,217,217,227,277,277,277],"floor_reached":51,"language":"ENG","playtime":2360,"items_purged":["Regret"],"score":1243,"play_id":"720f694e-d29c-445f-ae16-cc7dfdfb6d92","local_time":"20210121004503","is_ascension_mode":true,"campfire_choices":[{"floor":6.0,"key":"DIG"},{"floor":8.0,"key":"DIG"},{"floor":11.0,"key":"DIG"},{"floor":15.0,"key":"REST"},{"floor":23.0,"key":"REST"},{"floor":25,"key":"REST"},{"data":"Apotheosis","floor":27,"key":"SMITH"},{"floor":29,"key":"DIG"},{"floor":32,"key":"DIG"},{"floor":40,"key":"DIG"},{"floor":42,"key":"DIG"},{"floor":46,"key":"REST"},{"floor":49,"key":"DIG"}],"circlet_count":0,"master_deck":["AscendersBane","Strike_R","Strike_R","Strike_R+1","Strike_R+1","Strike_R","Defend_R","Defend_R","Defend_R","Defend_R","Bash","Apotheosis+1","Wild Strike","Shrug It Off","Pommel Strike","Flame Barrier","Metallicize","Feed","Intimidate","Berserk","Rampage+1","Headbutt","Spot Weakness","Impervious","Cleave","Demon Form","Disarm","Spot Weakness","Pommel Strike+1","Bloodletting","Sword Boomerang","Shockwave+1","Uppercut+1"],"relics":["Burning Blood","Shovel","Omamori","Lantern","Blue Candle","Dead Branch","Tiny Chest","Centennial Puzzle","Nunchaku","Black Star","Oddly Smooth Stone","Gremlin Horn","Bronze Scales","Eternal Feather","Toy Ornithopter","Regal Pillow","Ancient Tea Set","Red Mask","InkBottle","Tiny House","Whetstone","Vajra","PreservedInsect","Sundial","Happy Flower","Bag of Preparation","Singing Bowl","Toxic Egg 2","Bag of Marbles"],"acts_visited":["Exordium","TheCity","TheBeyond"],"potions_floor_usage":[24,31,37,50,50],"damage_taken":[{"damage":2.0,"enemies":"Cultist","floor":1.0,"turns":4.0},{"damage":12.0,"enemies":"Jaw Worm","floor":2.0,"turns":3.0},{"damage":0.0,"enemies":"Small Slimes","floor":3.0,"turns":4.0},{"damage":20.0,"enemies":"3 Sentries","floor":7.0,"turns":8.0},{"damage":27.0,"enemies":"Gremlin Nob","floor":12.0,"turns":5.0},{"damage":36.0,"enemies":"Lagavulin","floor":14.0,"turns":10.0},{"damage":22.0,"enemies":"Hexaghost","floor":16.0,"turns":10.0},{"damage":31.0,"enemies":"Spheric Guardian","floor":18.0,"turns":7.0},{"damage":23.0,"enemies":"Shell Parasite","floor":20.0,"turns":7.0},{"damage":17,"enemies":"Slavers","floor":24,"turns":10},{"damage":22,"enemies":"Masked Bandits","floor":31,"turns":5},{"damage":61,"enemies":"Collector","floor":33,"turns":9},{"damage":12,"enemies":"3 Shapes","floor":35,"turns":8},{"damage":16,"enemies":"Orb Walker","floor":37,"turns":5},{"damage":45,"enemies":"Writhing Mass","floor":41,"turns":8},{"damage":36,"enemies":"Giant Head","floor":44,"turns":7},{"damage":28,"enemies":"Sphere and 2 Shapes","floor":47,"turns":6},{"damage":12,"enemies":"Donu and Deca","floor":50,"turns":6}],"seed_played":"6492981842751598970","potions_obtained":[{"floor":7.0,"key":"LiquidBronze"},{"floor":14.0,"key":"SpeedPotion"},{"floor":16.0,"key":"DistilledChaos"},{"floor":24,"key":"EssenceOfSteel"},{"floor":31,"key":"BlessingOfTheForge"},{"floor":33,"key":"ColorlessPotion"},{"floor":34,"key":"EssenceOfSteel"},{"floor":47,"key":"Energy Potion"}],"is_trial":false,"path_per_floor":["M","M","M","$","?","R","E","R","T","?","R","E","?","E","R","B",null,"M","?","M","$","?","R","E","R","T","R","T","R","?","?","R","B",null,"M","?","M","T","$","R","M","R","T","E","?","R","M","?","R","B",null],"character_chosen":"IRONCLAD","items_purchased":["Flame Barrier","Cleave","Vajra","PreservedInsect","Bloodletting"],"campfire_rested":4,"item_purchase_floors":[4,4,39,39,39],"current_hp_per_floor":[68,62,68,68,68,68,54,54,54,68,68,47,47,17,37,21,56,31,31,14,14,14,34,23,55,55,67,67,68,68,52,67,12,59,53,53,48,48,48,66,27,45,45,15,15,69,47,47,65,67],"gold":277,"neow_bonus":"RANDOM_COLORLESS_2","is_daily":false,"chose_seed":false,"campfire_upgraded":1,"win_rate":0.0,"timestamp":1611215103,"path_taken":["M","M","M","$","?","R","E","R","T","?","R","E","?","E","R","BOSS","M","?","M","$","?","R","E","R","T","R","?","R","?","?","R","BOSS","M","?","M","?","$","R","M","R","T","E","?","R","?","?","R","BOSS"],"items_purchased_type":["Card","Card","Relic","Relic","Card"],"build_version":"2020-12-22","purchased_purges":1,"victory":true,"max_hp_per_floor":[68,68,68,68,68,68,68,68,68,68,68,68,68,68,68,68,68,68,68,68,68,68,68,68,68,68,68,68,68,68,68,68,68,73,73,73,73,73,73,73,73,73,73,73,73,73,73,73,73,73],"card_choices":[{"not_picked":["Magnetism","Violence"],"picked":"Apotheosis","floor":0.0},{"not_picked":["Dual Wield","True Grit"],"picked":"Wild Strike","floor":1.0},{"not_picked":["Warcry","Clash"],"picked":"Shrug It Off","floor":2.0},{"not_picked":["Ghostly Armor","Bloodletting"],"picked":"Pommel Strike","floor":3.0},{"not_picked":["Entrench","Blood for Blood"],"picked":"Metallicize","floor":7.0},{"not_picked":["Flex","Flame Barrier"],"picked":"Feed","floor":12.0},{"not_picked":["Wild Strike","Flex"],"picked":"Intimidate","floor":14.0},{"not_picked":["Fiend Fire","Limit Break"],"picked":"Berserk","floor":16.0},{"not_picked":["Wild Strike","True Grit"],"picked":"Rampage","floor":18.0},{"not_picked":["Havoc+1","Anger"],"picked":"Headbutt","floor":20.0},{"not_picked":["Twin Strike","Sever Soul"],"picked":"Spot Weakness","floor":24},{"not_picked":["Wild Strike","True Grit"],"picked":"Cleave","floor":31},{"not_picked":["Exhume","Brutality"],"picked":"Demon Form","floor":33},{"not_picked":["Sever Soul","Headbutt"],"picked":"Disarm","floor":34},{"not_picked":["Combust","Clash"],"picked":"Spot Weakness","floor":35},{"not_picked":["Heavy Blade+1","Body Slam"],"picked":"Pommel Strike+1","floor":37},{"not_picked":["Spot Weakness","Havoc"],"picked":"Sword Boomerang","floor":41},{"not_picked":["Inflame","Dropkick"],"picked":"Shockwave+1","floor":44},{"not_picked":["True Grit+1","Cleave"],"picked":"Uppercut+1","floor":47}],"player_experience":515896,"relics_obtained":[{"floor":6.0,"key":"Omamori"},{"floor":7.0,"key":"Lantern"},{"floor":8.0,"key":"Blue Candle"},{"floor":9.0,"key":"Dead Branch"},{"floor":11.0,"key":"Tiny Chest"},{"floor":12.0,"key":"Centennial Puzzle"},{"floor":14.0,"key":"Nunchaku"},{"floor":24,"key":"Bronze Scales"},{"floor":24,"key":"Eternal Feather"},{"floor":26,"key":"Toy Ornithopter"},{"floor":28,"key":"Regal Pillow"},{"floor":29,"key":"Ancient Tea Set"},{"floor":31,"key":"Red Mask"},{"floor":32,"key":"InkBottle"},{"floor":38,"key":"Whetstone"},{"floor":40,"key":"Sundial"},{"floor":42,"key":"Happy Flower"},{"floor":43,"key":"Bag of Preparation"},{"floor":44,"key":"Singing Bowl"},{"floor":44,"key":"Toxic Egg 2"},{"floor":49,"key":"Bag of Marbles"}],"event_choices":[{"damage_healed":0.0,"max_hp_gain":0.0,"max_hp_loss":0.0,"gold_gain":0.0,"event_name":"Big Fish","player_choice":"Box","floor":5.0,"gold_loss":0.0,"damage_taken":0.0,"relics_obtained":["Shovel"],"cards_obtained":["Regret"]},{"damage_healed":17.0,"max_hp_gain":0.0,"max_hp_loss":0.0,"gold_gain":0.0,"event_name":"The Cleric","player_choice":"Healed","floor":10.0,"gold_loss":35.0,"damage_taken":0.0},{"damage_healed":0.0,"max_hp_gain":0.0,"max_hp_loss":0.0,"gold_gain":0.0,"event_name":"Liars Game","player_choice":"Ignored","floor":13.0,"gold_loss":0.0,"damage_taken":0.0},{"damage_healed":0.0,"max_hp_gain":0.0,"max_hp_loss":0.0,"gold_gain":0.0,"event_name":"Addict","player_choice":"Obtained Relic","floor":19.0,"gold_loss":85.0,"damage_taken":0.0,"relics_obtained":["Oddly Smooth Stone"]},{"damage_healed":0.0,"max_hp_gain":0.0,"max_hp_loss":0.0,"gold_gain":0.0,"event_name":"WeMeetAgain","player_choice":"Gave Potion","floor":22.0,"gold_loss":0.0,"damage_taken":0.0,"relics_obtained":["Gremlin Horn"]},{"damage_healed":0,"gold_gain":0,"player_choice":"Read","damage_taken":0,"max_hp_gain":0,"max_hp_loss":0,"event_name":"The Library","floor":30,"gold_loss":0,"cards_obtained":["Impervious"]},{"damage_healed":0,"gold_gain":0,"player_choice":"Fought Bandits","damage_taken":0,"max_hp_gain":0,"max_hp_loss":0,"event_name":"Masked Bandits","floor":31,"gold_loss":0},{"damage_healed":0,"gold_gain":222,"player_choice":"Wore Mask","damage_taken":0,"max_hp_gain":0,"max_hp_loss":0,"event_name":"Tomb of Lord Red Mask","floor":36,"gold_loss":0},{"cards_removed":["Cleave"],"damage_healed":0,"gold_gain":0,"player_choice":"Removed Attack","damage_taken":0,"max_hp_gain":0,"max_hp_loss":0,"event_name":"Falling","floor":45,"gold_loss":0},{"damage_healed":0,"gold_gain":50,"player_choice":"Pray","damage_taken":0,"max_hp_gain":0,"max_hp_loss":0,"event_name":"Golden Shrine","floor":48,"gold_loss":0}],"is_beta":false,"boss_relics":[{"not_picked":["SacredBark","Sozu"],"picked":"Black Star"},{"not_picked":["SlaversCollar","Coffee Dripper"],"picked":"Tiny House"}],"items_purged_floors":[21],"is_endless":false,"potions_floor_spawned":[7,14,16,24,31,33,35,47],"ascension_level":15}}