{"host":"w8xisjf5mgmfjvmt","time":1611223133,"event":{"mods":["BaseMod","BetterRewards","Challenge The Spire","Conspire","Dota2Spire","Energized Spire","Filter the Spire","Minty Spire (QoL Compilation)","Quarter Circle Forward PUNCH!","Quick Restart","Relic Stats","Replay The Spire","Shop Mod","Spicy Shops","StSLib","Starting Relic: Pandora\u0027s Box","¡¾ÒÅÎï¿¨ÅÆ¡¿REMEMod","óô»ðÖ¸ÄÏ"],"gold_per_floor":[114,133,133,133,147,147,147],"floor_reached":6,"language":"ZHS","playtime":143,"items_purged":[],"score":72,"play_id":"9694aa25-aad1-4110-ac1a-83d89815f862","local_time":"20210121175853","is_ascension_mode":true,"campfire_choices":[],"circlet_count":0,"master_deck":["AscendersBane","Survivor","Neutralize","REME_GreenPollution","Noxious Fumes","Infinite Blades","Underhanded Strike","Dodge and Roll","Dodge and Roll","ReplayTheSpireMod:Exploit Weakness","ReplayTheSpireMod:Speed Training","Deflect","Dagger Spray","Adrenaline","Hidden Blade","Doubt","Backstab"],"relics":["REME_ComplimentaryCards","Busted Crown","Turnip","Ring of Peace","Ring of Panic"],"acts_visited":["Exordium"],"potions_floor_usage":[],"damage_taken":[{"damage":7,"enemies":"2 Louse","floor":1,"turns":3},{"damage":0,"enemies":"Cultist","floor":2,"turns":3},{"damage":2,"enemies":"Jaw Worm","floor":5,"turns":5},{"damage":0,"enemies":"Lagavulin","floor":6,"turns":1}],"seed_played":"-6451790827783634573","potions_obtained":[{"floor":1,"key":"Swift Potion"}],"is_trial":false,"path_per_floor":["M","M","?","?","M","E"],"character_chosen":"THE_SILENT","items_purchased":[],"campfire_rested":0,"item_purchase_floors":[],"current_hp_per_floor":[52,52,47,47,45,45,45],"gold":147,"neow_bonus":"BOSS_RELIC","is_daily":false,"chose_seed":false,"campfire_upgraded":0,"win_rate":0.0,"timestamp":1611223133,"path_taken":["M","M","?","?","M","E"],"items_purchased_type":[],"build_version":"2020-12-22","purchased_purges":0,"victory":false,"max_hp_per_floor":[66,66,66,66,66,66,66],"relic_stats":{"Busted Crown":8,"counters":[4,12],"Turnip":[0],"obtain_stats":[{"Busted Crown":0,"Ring of Peace":4,"Pandora\u0027s Box":0,"Turnip":3,"Ring of Panic":4,"REME_ComplimentaryCards":0},{"Busted Crown":0,"Ring of Peace":2,"Pandora\u0027s Box":0,"Turnip":2,"Ring of Panic":2,"REME_ComplimentaryCards":0},{"Busted Crown":0,"Ring of Peace":6,"Pandora\u0027s Box":0,"Turnip":6,"Ring of Panic":6,"REME_ComplimentaryCards":0}]},"card_choices":[{"not_picked":[],"picked":"Hidden Blade","floor":1},{"not_picked":["Dagger Spray"],"picked":"SKIP","floor":2},{"not_picked":[],"picked":"Backstab","floor":5}],"player_experience":1193387,"relics_obtained":[{"floor":4,"key":"Ring of Peace"},{"floor":4,"key":"Ring of Panic"}],"event_choices":[{"damage_healed":0,"gold_gain":0,"player_choice":"Success","damage_taken":5,"relics_obtained":["Turnip"],"max_hp_gain":0,"max_hp_loss":0,"event_name":"Scrap Ooze","floor":3,"gold_loss":0}],"is_beta":false,"boss_relics":[],"items_purged_floors":[],"is_endless":false,"potions_floor_spawned":[1],"killed_by":"Lagavulin","ascension_level":20}}