{"host":"l2dnabsh5e0fsksb","time":1611194013,"event":{"mods":["2.2 Compatiblity","BaseMod","Downfall","Minty Spire (QoL Compilation)","Quick Restart","StSLib"],"gold_per_floor":[99,114,114,130,146,174,174,190,90,148,180,200,31,50,61,61,61,61],"floor_reached":16,"language":"ENG","playtime":1031,"items_purged":[],"score":143,"play_id":"f9ef7dbc-bec9-4bfb-928d-dfe1bce0808f","local_time":"20210121122333","is_ascension_mode":true,"campfire_choices":[{"floor":1,"key":"RECALL"},{"floor":9,"key":"REST"}],"circlet_count":0,"master_deck":["bronze:Strike","bronze:Strike+1","bronze:Strike","bronze:Strike","bronze:Defend","bronze:Defend","bronze:Defend","bronze:Defend","bronze:Replicate","bronze:FineTuning","bronze:DelayedGuard","bronze:Deprecate","bronze:Separator","bronze:ForLoop","bronze:Iterate","bronze:DelayedSlice+1","bronze:Virus","bronze:Repair","bronze:FineTuning","bronze:WhirlingStrike"],"relics":["bronze:BronzeCore","Blood Vial","Letter Opener","downfall:HeartBlessingBlue","Regal Pillow","Whetstone","PreservedInsect"],"acts_visited":["Exordium"],"potions_floor_usage":[10,11,12,14,15],"damage_taken":[{"damage":4,"enemies":"Small Slimes","floor":2,"turns":5},{"damage":10,"enemies":"Cultist","floor":4,"turns":5},{"damage":7,"enemies":"Jaw Worm","floor":5,"turns":4},{"damage":28,"enemies":"3 Sentries","floor":6,"turns":13},{"damage":4,"enemies":"2 Fungi Beasts","floor":8,"turns":4},{"damage":21,"enemies":"Gremlin Nob","floor":10,"turns":5},{"damage":5,"enemies":"Lagavulin","floor":11,"turns":6},{"damage":9,"enemies":"Exordium Thugs","floor":12,"turns":4},{"damage":5,"enemies":"downfall:FleeingMerchant","floor":13,"turns":4},{"damage":4,"enemies":"Blue Slaver","floor":14,"turns":3},{"damage":23,"enemies":"Exordium Wildlife","floor":15,"turns":4},{"damage":43,"enemies":"WA_ARCHETYPE_RETAIN","floor":16,"turns":7}],"seed_played":"643130416777193460","potions_obtained":[{"floor":4,"key":"Block Potion"},{"floor":8,"key":"bronze:FreeFunctionsPotion"},{"floor":10,"key":"PowerPotion"},{"floor":12,"key":"Swift Potion"},{"floor":14,"key":"BlessingOfTheForge"}],"is_trial":false,"path_per_floor":["R","M","?","M","M","E","T","M","R","?","E","M","$","M","M","B"],"character_chosen":"THE_AUTOMATON","items_purchased":["PreservedInsect"],"campfire_rested":1,"item_purchase_floors":[13],"current_hp_per_floor":[70,66,66,58,53,27,27,25,59,40,37,30,27,32,25,0,0,0],"gold":61,"neow_bonus":"RANDOM_COMMON_RELIC","is_daily":false,"chose_seed":false,"campfire_upgraded":0,"win_rate":0.0,"timestamp":1611194013,"path_taken":["R","M","?","?","M","E","T","M","R","?","E","M","?","M","M","BOSS"],"items_purchased_type":["Relic"],"build_version":"2020-12-22","purchased_purges":0,"victory":false,"max_hp_per_floor":[70,70,70,70,70,70,70,70,80,80,80,80,80,80,80,80,80,80],"card_choices":[{"not_picked":["bronze:Frontload","bronze:BugBarrage"],"picked":"bronze:FineTuning","floor":2},{"not_picked":["bronze:MaxOutput","bronze:NullPointer"],"picked":"bronze:DelayedGuard","floor":4},{"not_picked":["bronze:GetLatest","bronze:DigitalCarnage"],"picked":"bronze:Deprecate","floor":5},{"not_picked":["bronze:WhirlingStrike","bronze:DelayedGuard"],"picked":"bronze:Separator","floor":6},{"not_picked":["bronze:Shield","bronze:DigitalCarnage"],"picked":"bronze:ForLoop","floor":8},{"not_picked":["bronze:WhirlingStrike","bronze:InfiniteBeams"],"picked":"bronze:Iterate","floor":10},{"not_picked":["bronze:Safeguard","bronze:WildBeam"],"picked":"bronze:DelayedSlice","floor":11},{"not_picked":["bronze:Branch","bronze:ForceShield"],"picked":"bronze:Virus","floor":12},{"not_picked":["bronze:ClassDefault","bronze:BugBarrage"],"picked":"bronze:Repair","floor":13},{"not_picked":["bronze:Deprecate","bronze:Invalidate"],"picked":"bronze:FineTuning","floor":14},{"not_picked":["bronze:OilSpill","bronze:DigitalCarnage"],"picked":"bronze:WhirlingStrike","floor":15}],"player_experience":1815744,"relics_obtained":[{"floor":6,"key":"Letter Opener"},{"floor":10,"key":"Regal Pillow"},{"floor":11,"key":"Whetstone"}],"event_choices":[{"cards_removed":["bronze:Goto"],"damage_healed":0,"gold_gain":0,"player_choice":"Offered Basic","damage_taken":0,"max_hp_gain":0,"max_hp_loss":0,"event_name":"Bonfire Elementals","floor":3,"gold_loss":0}],"is_beta":false,"boss_relics":[],"items_purged_floors":[],"is_endless":false,"potions_floor_spawned":[4,8,10,12,14],"killed_by":"WA_ARCHETYPE_RETAIN","ascension_level":5}}