{"host":"2lo6hma6kymb0g9i","time":1611195702,"event":{"mods":["BaseMod","Colored Map","DeckTracker","Minty Spire (QoL Compilation)"],"gold_per_floor":[215,235,235,262,262,289,289,289,334,334,62,62,76,151,151,151,151],"floor_reached":16,"language":"JPN","playtime":668,"items_purged":[],"score":192,"play_id":"033a3d69-b2e9-4d3e-bec7-923f1de16159","local_time":"20210121112142","is_ascension_mode":true,"campfire_choices":[{"data":"Defragment","floor":7,"key":"SMITH"},{"floor":10,"key":"REST"},{"data":"Conserve Battery","floor":12,"key":"SMITH"},{"data":"Recycle","floor":15,"key":"SMITH"}],"circlet_count":0,"master_deck":["AscendersBane","Strike_B","Strike_B","Strike_B","Defend_B","Defend_B","Defend_B","Defend_B","Zap","Dualcast","Conserve Battery+1","Defragment+1","Recycle+1"],"relics":["Cracked Core","Akabeko","Mercury Hourglass","Blood Vial","Sundial"],"acts_visited":["Exordium"],"potions_floor_usage":[16,16],"damage_taken":[{"damage":7,"enemies":"Jaw Worm","floor":1,"turns":3},{"damage":2,"enemies":"Small Slimes","floor":2,"turns":4},{"damage":30,"enemies":"Lagavulin","floor":6,"turns":8},{"damage":0,"enemies":"2 Louse","floor":13,"turns":2},{"damage":41,"enemies":"Slime Boss","floor":16,"turns":6}],"seed_played":"4667622858619440384","potions_obtained":[{"floor":6,"key":"FocusPotion"},{"floor":13,"key":"Block Potion"}],"is_trial":false,"path_per_floor":["M","M","?","T","?","E","R","$","T","R","$","R","M","?","R","B"],"character_chosen":"DEFECT","items_purchased":["Sundial"],"campfire_rested":1,"item_purchase_floors":[11],"current_hp_per_floor":[57,55,60,60,53,23,23,23,23,45,45,45,47,36,36,0,0],"gold":151,"neow_bonus":"HUNDRED_GOLD","is_daily":false,"chose_seed":false,"campfire_upgraded":3,"win_rate":0.0,"timestamp":1611195702,"path_taken":["M","M","?","?","?","E","R","$","T","R","?","R","M","?","R","BOSS"],"items_purchased_type":["Relic"],"build_version":"2020-12-22","purchased_purges":0,"victory":false,"max_hp_per_floor":[71,71,76,76,76,76,76,76,76,76,76,76,76,76,76,76,76],"card_choices":[{"not_picked":["Compile Driver","Heatsinks"],"picked":"Conserve Battery","floor":1},{"not_picked":["Rebound","Gash"],"picked":"Defragment","floor":2},{"not_picked":["Steam Power","Sweeping Beam","Loop"],"picked":"SKIP","floor":6},{"not_picked":["Gash","Steam"],"picked":"Recycle","floor":13}],"player_experience":1100696,"relics_obtained":[{"floor":4,"key":"Akabeko"},{"floor":6,"key":"Mercury Hourglass"},{"floor":9,"key":"Blood Vial"}],"event_choices":[{"damage_healed":0,"gold_gain":0,"player_choice":"Donut","damage_taken":0,"max_hp_gain":5,"max_hp_loss":0,"event_name":"Big Fish","floor":3,"gold_loss":0},{"cards_removed":["Strike_B"],"damage_healed":0,"gold_gain":0,"player_choice":"Card Removal","damage_taken":7,"max_hp_gain":0,"max_hp_loss":0,"event_name":"Golden Wing","floor":5,"gold_loss":0},{"damage_healed":0,"gold_gain":75,"player_choice":"Gather Gold","damage_taken":11,"max_hp_gain":0,"max_hp_loss":0,"event_name":"World of Goop","floor":14,"gold_loss":0}],"is_beta":false,"boss_relics":[],"items_purged_floors":[],"is_endless":false,"potions_floor_spawned":[6,13],"killed_by":"Slime Boss","ascension_level":20}}