{"host":"q0qnzbgdx8oqogg9","time":1611187757,"event":{"mods":["BaseMod","Minty Spire (QoL Compilation)","Slay-I","StSLib"],"gold_per_floor":[111,124,135,36,47,47,62,62,62,62,12,41,57,70,70,173,173,190,190,190,90,103,103,135,135,135],"floor_reached":25,"language":"ENG","playtime":805,"items_purged":["Strike_R","Strike_R"],"score":323,"play_id":"f74fc150-f74b-4fc9-9ba9-191538661408","local_time":"20210120190917","is_ascension_mode":true,"campfire_choices":[{"floor":6,"key":"REST"},{"data":"Headbutt","floor":8,"key":"SMITH"},{"data":"Carnage","floor":10,"key":"SMITH"},{"floor":15,"key":"REST"},{"floor":23,"key":"REST"}],"circlet_count":0,"master_deck":["Strike_R","Defend_R","Defend_R+1","Defend_R","Bash","Feel No Pain","Carnage+1","Sword Boomerang","Headbutt+1","Cleave","Power Through","Power Through+1","Clothesline","Spot Weakness","Brutality","CurseOfTheBell","Armaments+1","RitualDagger","Heavy Blade","Metallicize"],"relics":["Burning Blood","Blue Candle","Blood Vial","Calling Bell","White Beast Statue","Incense Burner","War Paint","StoneCalendar"],"acts_visited":["Exordium","TheCity"],"potions_floor_usage":[13,25,25],"damage_taken":[{"damage":1,"enemies":"Cultist","floor":1,"turns":4},{"damage":12,"enemies":"Jaw Worm","floor":2,"turns":3},{"damage":9,"enemies":"2 Louse","floor":3,"turns":3},{"damage":26,"enemies":"Exordium Wildlife","floor":5,"turns":3},{"damage":12,"enemies":"Gremlin Gang","floor":7,"turns":5},{"damage":16,"enemies":"Gremlin Nob","floor":12,"turns":3},{"damage":7,"enemies":"Large Slime","floor":13,"turns":5},{"damage":8,"enemies":"Blue Slaver","floor":14,"turns":2},{"damage":46,"enemies":"The Guardian","floor":16,"turns":12},{"damage":21,"enemies":"Shell Parasite","floor":18,"turns":6},{"damage":19,"enemies":"2 Thieves","floor":22,"turns":5},{"damage":42,"enemies":"Book of Stabbing","floor":24,"turns":8},{"damage":34,"enemies":"Snecko","floor":25,"turns":4}],"seed_played":"-6999578169975586972","potions_obtained":[{"floor":1,"key":"LiquidBronze"},{"floor":12,"key":"DistilledChaos"},{"floor":13,"key":"Strength Potion"},{"floor":14,"key":"FearPotion"}],"is_trial":false,"path_per_floor":["M","M","M","$","M","R","M","R","T","R","?","E","M","M","R","B",null,"M","?","?","$","M","R","E","M"],"character_chosen":"IRONCLAD","items_purchased":["Headbutt"],"campfire_rested":3,"item_purchase_floors":[4],"current_hp_per_floor":[56,50,47,47,27,51,45,45,45,45,45,35,36,36,60,22,66,53,47,47,47,36,60,26,0,0],"gold":135,"neow_bonus":"REMOVE_TWO","is_daily":false,"chose_seed":false,"campfire_upgraded":2,"win_rate":0.0,"timestamp":1611187757,"path_taken":["M","M","M","?","M","R","M","R","T","R","?","E","M","M","R","BOSS","M","?","?","?","M","R","E","M"],"items_purchased_type":["Card"],"build_version":"2020-12-22","purchased_purges":2,"victory":false,"max_hp_per_floor":[80,80,80,80,80,80,80,80,80,80,80,80,80,80,80,80,80,80,80,80,80,80,80,80,80,80],"card_choices":[{"not_picked":["Fire Breathing","Dual Wield"],"picked":"Feel No Pain","floor":1},{"not_picked":["Perfected Strike","Iron Wave"],"picked":"Carnage","floor":2},{"not_picked":["Iron Wave","Reckless Charge"],"picked":"Sword Boomerang","floor":3},{"not_picked":["Havoc","Twin Strike"],"picked":"Cleave","floor":5},{"not_picked":["Havoc","Carnage"],"picked":"Power Through","floor":7},{"not_picked":["Wild Strike","Pummel"],"picked":"Power Through","floor":12},{"not_picked":["Wild Strike","Shrug It Off"],"picked":"Clothesline","floor":13},{"not_picked":["Intimidate","Pummel"],"picked":"Spot Weakness","floor":14},{"not_picked":["Bludgeon","Fiend Fire"],"picked":"Brutality","floor":16},{"not_picked":["Headbutt","Twin Strike+1"],"picked":"Armaments+1","floor":18},{"not_picked":["Thunderclap+1","Dual Wield"],"picked":"Heavy Blade","floor":22},{"not_picked":["Clothesline","Immolate"],"picked":"Metallicize","floor":24}],"player_experience":242320,"relics_obtained":[{"floor":9,"key":"Blue Candle"},{"floor":12,"key":"Blood Vial"},{"floor":17,"key":"White Beast Statue"},{"floor":17,"key":"Incense Burner"},{"floor":17,"key":"War Paint"},{"floor":24,"key":"StoneCalendar"}],"event_choices":[{"cards_removed":["Strike_R"],"damage_healed":0,"gold_gain":0,"player_choice":"Card Removal","damage_taken":0,"max_hp_gain":0,"max_hp_loss":0,"event_name":"The Cleric","floor":11,"gold_loss":50},{"damage_healed":0,"gold_gain":0,"player_choice":"Joined the Cult","damage_taken":6,"max_hp_gain":0,"max_hp_loss":0,"event_name":"Nest","floor":19,"gold_loss":0,"cards_obtained":["RitualDagger"]},{"damage_healed":0,"gold_gain":0,"player_choice":"Ignored","damage_taken":0,"max_hp_gain":0,"max_hp_loss":0,"event_name":"The Mausoleum","floor":20,"gold_loss":0}],"is_beta":false,"boss_relics":[{"not_picked":["Mark of Pain","Ectoplasm"],"picked":"Calling Bell"}],"items_purged_floors":[4,21],"is_endless":false,"potions_floor_spawned":[1,12,13,14,18,22,24],"killed_by":"Snecko","ascension_level":9}}