{"host":"pwvccrb83t5l255a","time":1611257430,"event":{"mods":["2.2 Compatiblity","AchievementEnabler","BaseMod","Bestiary","BetterRewards","Block Reminder","Colored Map","Colored Powertips","Curses Come First","Googly Eyes","Minty Spire (QoL Compilation)","Quick Restart","Rare Cards Sparkle","Relic Sorter","Relic Stats","StSLib","The IronCluck"],"gold_per_floor":[114,64,64,64,64,64,83,102,127,165,165,165,340,340,340],"floor_reached":14,"language":"ENG","playtime":478,"items_purged":[],"score":86,"play_id":"285819d5-6e09-4a16-b62d-e4ab51de4fd7","local_time":"20210121143030","daily_mods":["Chimera","Hoarder","Binary"],"is_ascension_mode":false,"campfire_choices":[{"floor":6,"key":"REST"},{"floor":11,"key":"REST"}],"circlet_count":0,"master_deck":["Bash","Survivor","Zap","Strike_R","Strike_G","Strike_B+1","Defend_R","Defend_G","Defend_P","Body Slam+1","Body Slam","Body Slam","Doubt","Doubt","Doubt"],"relics":["Burning Blood","Golden Idol","Whetstone","Bag of Preparation"],"acts_visited":["Exordium"],"potions_floor_usage":[],"damage_taken":[{"damage":1,"enemies":"Jaw Worm","floor":1,"turns":4},{"damage":6,"enemies":"Small Slimes","floor":7,"turns":4},{"damage":10,"enemies":"2 Louse","floor":8,"turns":3},{"damage":62,"enemies":"Gremlin Nob","floor":10,"turns":6},{"damage":12,"enemies":"3 Sentries","floor":14,"turns":3}],"seed_played":"811174962971598332","potions_obtained":[{"floor":1,"key":"Weak Potion"}],"is_trial":false,"path_per_floor":["M","?","?","$","?","R","M","M","T","E","R","$","?","E"],"character_chosen":"IRONCLAD","items_purchased":[],"campfire_rested":2,"item_purchase_floors":[],"current_hp_per_floor":[80,80,85,85,64,85,85,81,81,25,50,50,50,38,38],"gold":340,"neow_bonus":"","is_daily":true,"chose_seed":false,"campfire_upgraded":0,"win_rate":0.0,"timestamp":1611257430,"path_taken":["M","?","?","$","?","R","M","M","T","E","R","$","?","E"],"items_purchased_type":[],"build_version":"2020-12-22","purchased_purges":0,"victory":false,"max_hp_per_floor":[80,80,85,85,85,85,85,85,85,85,85,85,85,85,85],"relic_stats":{"counters":[5,20],"Golden Idol":16,"Bag of Preparation":[2],"Whetstone":["Strike_B","Body Slam"],"obtain_stats":[{"Golden Idol":5,"Bag of Preparation":10,"Whetstone":9,"Burning Blood":0},{"Golden Idol":1,"Bag of Preparation":4,"Whetstone":3,"Burning Blood":0},{"Golden Idol":4,"Bag of Preparation":17,"Whetstone":11,"Burning Blood":0}],"Burning Blood":19},"card_choices":[{"not_picked":["Burning Pact","Whirlwind"],"picked":"SKIP","floor":1},{"not_picked":["Perfected Strike","Iron Wave"],"picked":"SKIP","floor":7},{"not_picked":["Dropkick"],"picked":"Body Slam","floor":8},{"not_picked":["Brutality","Twin Strike"],"picked":"SKIP","floor":10}],"player_experience":229618,"relics_obtained":[{"floor":9,"key":"Whetstone"},{"floor":10,"key":"Bag of Preparation"}],"event_choices":[{"cards_removed":["Eruption"],"damage_healed":0,"gold_gain":0,"player_choice":"Card Removal","damage_taken":0,"max_hp_gain":0,"max_hp_loss":0,"event_name":"The Cleric","floor":2,"gold_loss":50},{"damage_healed":0,"gold_gain":0,"player_choice":"Donut","damage_taken":0,"max_hp_gain":5,"max_hp_loss":0,"event_name":"Big Fish","floor":3,"gold_loss":0},{"damage_healed":0,"gold_gain":0,"player_choice":"Take Damage","damage_taken":21,"relics_obtained":["Golden Idol"],"max_hp_gain":0,"max_hp_loss":0,"event_name":"Golden Idol","floor":5,"gold_loss":0},{"damage_healed":0,"gold_gain":175,"player_choice":"AGREE","damage_taken":0,"max_hp_gain":0,"max_hp_loss":0,"event_name":"Liars Game","floor":13,"gold_loss":0,"cards_obtained":["Doubt"]}],"is_beta":false,"boss_relics":[],"items_purged_floors":[],"is_endless":false,"potions_floor_spawned":[1],"killed_by":"3 Sentries","ascension_level":0}}