{"host":"lnnm69al9x392px5","time":1611203560,"event":{"mods":["BaseMod","Downfall","Minty Spire (QoL Compilation)","StSLib"],"gold_per_floor":[99,110,123,123,123,123,146,164,164,195,71,84,84,102,122,122,122,122],"floor_reached":16,"language":"ENG","playtime":1059,"items_purged":[],"score":102,"play_id":"1d19d6bd-550d-440c-8ff3-155c0af7eea0","local_time":"20210120203240","is_ascension_mode":false,"campfire_choices":[{"data":"bronze:Replicate","floor":1,"key":"SMITH"},{"data":"bronze:Repulsor","floor":6,"key":"SMITH"},{"floor":9,"key":"RECALL"},{"floor":13,"key":"REST"}],"circlet_count":0,"master_deck":["bronze:Strike","bronze:Strike","bronze:Strike","bronze:Strike","bronze:Defend","bronze:Defend","bronze:Defend","bronze:Defend","bronze:Replicate+1","bronze:Goto","bronze:Repulsor+1","bronze:Shield","Pain","bronze:ChosenStrike","bronze:Virus","bronze:DelayedSlice","bronze:BronzeOrb","bronze:Optimize","bronze:OilSpill","bronze:Shield","bronze:GetLatest"],"relics":["bronze:BronzeCore","downfall:ShatteredFragment","WarpedTongs","bronze:SilverBullet","Matryoshka"],"acts_visited":["Exordium"],"potions_floor_usage":[10,16,16],"damage_taken":[{"damage":0,"enemies":"2 Louse","floor":2,"turns":3},{"damage":1,"enemies":"Cultist","floor":3,"turns":4},{"damage":7,"enemies":"Small Slimes","floor":8,"turns":3},{"damage":11,"enemies":"Lagavulin","floor":10,"turns":5},{"damage":3,"enemies":"downfall:FleeingMerchant","floor":11,"turns":4},{"damage":11,"enemies":"Blue Slaver","floor":12,"turns":3},{"damage":11,"enemies":"Exordium Thugs","floor":14,"turns":2},{"damage":7,"enemies":"Large Slime","floor":15,"turns":3},{"damage":48,"enemies":"DF_ARCHETYPE_STREAMLINE","floor":16,"turns":9}],"seed_played":"2163508608204142669","potions_obtained":[{"floor":3,"key":"bronze:FreeFunctionsPotion"},{"floor":8,"key":"hexamod:SoulburnPotion"},{"floor":15,"key":"SpeedPotion"}],"is_trial":false,"path_per_floor":["R","M","M","?","?","R","T","M","R","E","$","M","R","M","M","B"],"character_chosen":"THE_AUTOMATON","items_purchased":["bronze:BronzeOrb","bronze:Optimize"],"campfire_rested":1,"item_purchase_floors":[11,11],"current_hp_per_floor":[77,77,76,55,55,55,55,48,48,37,34,23,46,35,28,0,0,0],"gold":122,"neow_bonus":"TEN_PERCENT_HP_BONUS","is_daily":false,"chose_seed":false,"campfire_upgraded":2,"win_rate":0.0,"timestamp":1611203560,"path_taken":["R","M","M","?","?","R","T","?","R","E","?","?","R","M","M","BOSS"],"items_purchased_type":["Card","Card"],"build_version":"2020-12-22","purchased_purges":0,"victory":false,"max_hp_per_floor":[77,77,77,77,77,77,77,77,77,77,77,77,77,77,77,77,77,77],"card_choices":[{"not_picked":["bronze:Invalidate","bronze:Fortify"],"picked":"bronze:Repulsor","floor":2},{"not_picked":["bronze:Overload","bronze:Frontload"],"picked":"bronze:Shield","floor":3},{"not_picked":["bronze:NullPointer","bronze:DelayedGuard"],"picked":"bronze:ChosenStrike","floor":8},{"not_picked":["bronze:WildBeam","bronze:Iterate"],"picked":"bronze:Virus","floor":10},{"not_picked":["bronze:Repulsor","bronze:Frontload"],"picked":"bronze:DelayedSlice","floor":11},{"not_picked":["bronze:DelayedGuard","bronze:CutThrough"],"picked":"bronze:OilSpill","floor":12},{"not_picked":["bronze:DarkDash","bronze:NullPointer"],"picked":"bronze:Shield","floor":14},{"not_picked":["bronze:BuggyMess","bronze:FineTuning"],"picked":"bronze:GetLatest","floor":15}],"player_experience":226804,"relics_obtained":[{"floor":7,"key":"bronze:SilverBullet"},{"floor":10,"key":"Matryoshka"}],"event_choices":[],"is_beta":false,"boss_relics":[],"items_purged_floors":[],"is_endless":false,"potions_floor_spawned":[3,8,15],"killed_by":"DF_ARCHETYPE_STREAMLINE","ascension_level":0}}