{"host":"ypphcgdomtfqpc2w","time":1611233598,"event":{"mods":["BaseMod","DeckTracker","Minty Spire (QoL Compilation)","Relic Stats","StSLib"],"gold_per_floor":[116,116,116,127,127,127,142,142,142,142,10,41,61,77,77,148,148,159,172,192,192,12,43,43,43,43,43,68,68,97,117,117,188,188,198,210,225,245,90,90,124,124,148,148,148],"floor_reached":44,"language":"ENG","playtime":2923,"items_purged":["Strike_R","Bite"],"score":1017,"play_id":"25c89213-d070-4e67-b2d1-327737ffce39","local_time":"20210121215318","is_ascension_mode":true,"campfire_choices":[{"data":"1","floor":6.0,"key":"LIFT"},{"data":"Carnage","floor":8.0,"key":"SMITH"},{"data":"2","floor":10.0,"key":"LIFT"},{"data":"3","floor":15.0,"key":"LIFT"},{"floor":24.0,"key":"REST"},{"data":"Iron Wave","floor":32.0,"key":"SMITH"},{"data":"Brutality","floor":40.0,"key":"SMITH"},{"data":"Armaments","floor":42.0,"key":"SMITH"}],"circlet_count":0,"master_deck":["AscendersBane","Defend_R","Defend_R","Defend_R","Defend_R+1","Bash","Metallicize+1","Ghostly Armor","Anger+1","Carnage+1","Dropkick","Headbutt+1","Exhume+1","Corruption","Iron Wave+1","Twin Strike","Sentinel","Limit Break","Shockwave","Bite+1","Bite","Bite","Bite","Flame Barrier","Brutality+1","Rupture+1","Sword Boomerang","Armaments+1"],"relics":["Burning Blood","Girya","Self Forming Clay","TungstenRod","Velvet Choker","Nilry\u0027s Codex","Omamori","Gambling Chip","War Paint","Shovel","Calling Bell","Boot","Blue Candle","Incense Burner","Regal Pillow","Whetstone"],"acts_visited":["Exordium","TheCity","TheBeyond"],"potions_floor_usage":[],"damage_taken":[{"damage":14.0,"enemies":"Jaw Worm","floor":1.0,"turns":6.0},{"damage":4.0,"enemies":"2 Louse","floor":4.0,"turns":4.0},{"damage":0.0,"enemies":"Cultist","floor":7.0,"turns":2.0},{"damage":16.0,"enemies":"Lagavulin","floor":12.0,"turns":4.0},{"damage":0.0,"enemies":"Large Slime","floor":13.0,"turns":4.0},{"damage":0.0,"enemies":"Exordium Wildlife","floor":14.0,"turns":1.0},{"damage":16.0,"enemies":"Slime Boss","floor":16.0,"turns":8.0},{"damage":3.0,"enemies":"3 Byrds","floor":18.0,"turns":5.0},{"damage":2.0,"enemies":"Chosen","floor":19.0,"turns":4.0},{"damage":5.0,"enemies":"Snecko","floor":20.0,"turns":4.0},{"damage":26.0,"enemies":"Slavers","floor":23.0,"turns":6.0},{"damage":9.0,"enemies":"Gremlin Leader","floor":28.0,"turns":4.0},{"damage":33.0,"enemies":"Book of Stabbing","floor":30.0,"turns":5.0},{"damage":9.0,"enemies":"Sentry and Sphere","floor":31.0,"turns":7.0},{"damage":17.0,"enemies":"Collector","floor":33.0,"turns":7.0},{"damage":19.0,"enemies":"Orb Walker","floor":35.0,"turns":5.0},{"damage":4.0,"enemies":"3 Shapes","floor":36.0,"turns":5.0},{"damage":38.0,"enemies":"Writhing Mass","floor":37.0,"turns":7.0},{"damage":5.0,"enemies":"3 Darklings","floor":38.0,"turns":6.0},{"damage":46.0,"enemies":"Reptomancer","floor":41.0,"turns":18.0},{"damage":48,"enemies":"Nemesis","floor":44,"turns":6}],"seed_played":"-3411569150159458254","potions_obtained":[{"floor":1.0,"key":"LiquidBronze"},{"floor":12.0,"key":"FearPotion"},{"floor":16.0,"key":"SkillPotion"},{"floor":18.0,"key":"Strength Potion"},{"floor":20.0,"key":"Swift Potion"},{"floor":33.0,"key":"LiquidBronze"},{"floor":36.0,"key":"Block Potion"}],"is_trial":false,"path_per_floor":["M","?","?","M","?","R","M","R","T","R","$","E","M","M","R","B",null,"M","M","M","?","$","E","R","?","T","?","E","T","E","M","R","B",null,"M","M","M","M","$","R","E","R","T","E"],"character_chosen":"IRONCLAD","items_purchased":["SpeedPotion","Limit Break","SteroidPotion"],"campfire_rested":1,"item_purchase_floors":[11,22,39],"current_hp_per_floor":[42,19,19,21,21,21,27,27,27,27,27,17,23,29,29,19,61,64,68,69,52,52,32,54,54,54,52,52,52,29,42,42,45,50,43,49,25,42,42,42,28,28,28,0,0],"gold":148,"neow_bonus":"ONE_RARE_RELIC","is_daily":false,"chose_seed":false,"campfire_upgraded":4,"win_rate":0.0,"timestamp":1611233598,"path_taken":["M","?","?","?","?","R","M","R","T","R","?","E","?","M","R","BOSS","M","?","M","?","$","E","R","?","T","?","E","?","E","?","R","BOSS","M","M","M","M","$","R","E","R","T","E"],"items_purchased_type":["Potion","Card","Potion"],"build_version":"2020-12-22","purchased_purges":2,"victory":false,"max_hp_per_floor":[75,75,75,75,75,75,75,75,75,75,75,75,75,75,75,75,75,75,75,75,75,75,75,75,75,75,52,52,52,52,52,52,52,52,52,52,52,52,52,52,52,52,52,52,52],"relic_stats":{"Regal Pillow":0,"Shovel":0,"counters":[21,118],"Self Forming Clay":[120],"Gambling Chip":[37],"Blue Candle":[1],"Whetstone":["Headbutt","Bite"],"War Paint":["Exhume","Defend_R"],"Boot":[20],"obtain_stats":[{"Girya":0,"Regal Pillow":41,"Self Forming Clay":9,"Nilry\u0027s Codex":21,"Blue Candle":34,"Velvet Choker":17,"Omamori":23,"Incense Burner":34,"Whetstone":43,"War Paint":28,"Boot":34,"Burning Blood":0,"Calling Bell":34,"Shovel":30,"Gambling Chip":26,"TungstenRod":12},{"Girya":0,"Regal Pillow":20,"Self Forming Clay":3,"Nilry\u0027s Codex":10,"Blue Candle":15,"Velvet Choker":7,"Omamori":11,"Incense Burner":15,"Whetstone":20,"War Paint":12,"Boot":15,"Burning Blood":0,"Calling Bell":15,"Shovel":13,"Gambling Chip":11,"TungstenRod":4},{"Girya":0,"Regal Pillow":112,"Self Forming Clay":12,"Nilry\u0027s Codex":42,"Blue Candle":71,"Velvet Choker":29,"Omamori":48,"Incense Burner":71,"Whetstone":112,"War Paint":52,"Boot":71,"Burning Blood":0,"Calling Bell":71,"Shovel":57,"Gambling Chip":48,"TungstenRod":16}],"Burning Blood":117,"TungstenRod":99},"card_choices":[{"not_picked":["Reckless Charge","True Grit"],"picked":"Metallicize","floor":1.0},{"not_picked":["True Grit","Heavy Blade"],"picked":"Anger","floor":4.0},{"not_picked":["Rampage","Perfected Strike"],"picked":"Carnage","floor":7.0},{"not_picked":["Infernal Blade","Wild Strike","Dropkick"],"picked":"SKIP","floor":12.0},{"not_picked":["Infernal Blade","Wild Strike"],"picked":"Dropkick","floor":12.0},{"not_picked":["Heavy Blade","Flex"],"picked":"Headbutt","floor":13.0},{"not_picked":["Headbutt","Flex"],"picked":"Exhume","floor":14.0},{"not_picked":["Double Tap","Offering"],"picked":"Corruption","floor":16.0},{"not_picked":["Clash","Rupture"],"picked":"Iron Wave","floor":18.0},{"not_picked":["Warcry","Sword Boomerang"],"picked":"Twin Strike","floor":19.0},{"not_picked":["Pommel Strike","Reckless Charge"],"picked":"Sentinel","floor":20.0},{"not_picked":["Spot Weakness","Sever Soul","Iron Wave"],"picked":"SKIP","floor":23.0},{"not_picked":["Spot Weakness","Sever Soul","Iron Wave"],"picked":"SKIP","floor":23.0},{"not_picked":["Flex","Warcry","Havoc"],"picked":"SKIP","floor":28.0},{"not_picked":["Warcry","Perfected Strike","Intimidate"],"picked":"SKIP","floor":30.0},{"not_picked":["Pommel Strike","Blood for Blood"],"picked":"Flame Barrier","floor":31.0},{"not_picked":["Immolate","Impervious"],"picked":"Brutality","floor":33.0},{"not_picked":["Sentinel+1","Seeing Red"],"picked":"Rupture+1","floor":35.0},{"not_picked":["Fire Breathing","Inflame","Twin Strike"],"picked":"SKIP","floor":36.0},{"not_picked":["Pummel","Rage"],"picked":"Sword Boomerang","floor":37.0},{"not_picked":["Wild Strike","Clash+1","Armaments"],"picked":"SKIP","floor":38.0},{"not_picked":["Reckless Charge","Iron Wave"],"picked":"Armaments","floor":41.0}],"player_experience":2083672,"relics_obtained":[{"floor":9.0,"key":"Self Forming Clay"},{"floor":12.0,"key":"TungstenRod"},{"floor":21.0,"key":"Nilry\u0027s Codex"},{"floor":23.0,"key":"Omamori"},{"floor":26.0,"key":"Gambling Chip"},{"floor":28.0,"key":"War Paint"},{"floor":30.0,"key":"Shovel"},{"floor":34.0,"key":"Boot"},{"floor":34.0,"key":"Blue Candle"},{"floor":34.0,"key":"Incense Burner"},{"floor":41.0,"key":"Regal Pillow"},{"floor":43.0,"key":"Whetstone"}],"event_choices":[{"damage_healed":0.0,"max_hp_gain":0.0,"max_hp_loss":0.0,"gold_gain":0.0,"event_name":"Shining Light","player_choice":"Entered Light","floor":2.0,"gold_loss":0.0,"damage_taken":23.0,"cards_upgraded":["Strike_R","Metallicize"]},{"damage_healed":0.0,"max_hp_gain":0.0,"max_hp_loss":0.0,"gold_gain":0.0,"event_name":"Match and Keep!","player_choice":"1 cards matched","floor":3.0,"gold_loss":0.0,"damage_taken":0.0,"cards_obtained":["Ghostly Armor"]},{"damage_healed":0.0,"max_hp_gain":0.0,"max_hp_loss":0.0,"gold_gain":0.0,"event_name":"Living Wall","player_choice":"Grow","floor":5.0,"gold_loss":0.0,"damage_taken":0.0,"cards_upgraded":["Anger"]},{"damage_healed":0.0,"max_hp_gain":0.0,"max_hp_loss":0.0,"gold_gain":0.0,"event_name":"Cursed Tome","player_choice":"Obtained Book","floor":21.0,"gold_loss":0.0,"damage_taken":21.0},{"damage_healed":0.0,"max_hp_gain":0.0,"max_hp_loss":0.0,"gold_gain":0.0,"event_name":"The Library","player_choice":"Read","floor":25.0,"gold_loss":0.0,"damage_taken":0.0,"cards_obtained":["Shockwave"]},{"damage_healed":0.0,"max_hp_gain":0.0,"max_hp_loss":23.0,"gold_gain":0.0,"event_name":"Vampires","player_choice":"Became a vampire","floor":27.0,"gold_loss":0.0,"damage_taken":0.0,"cards_obtained":["Bite","Bite","Bite","Bite","Bite"]}],"is_beta":false,"boss_relics":[{"not_picked":["SlaversCollar","Astrolabe"],"picked":"Velvet Choker"},{"not_picked":["Fusion Hammer","Black Blood"],"picked":"Calling Bell"}],"items_purged_floors":[11,39],"is_endless":false,"potions_floor_spawned":[1,12,14,16,18,20,33,36],"killed_by":"Nemesis","ascension_level":20}}