{"host":"v67gr4iepfhi0qby","time":1611273302,"event":{"mods":["BaseMod","Minty Spire (QoL Compilation)","StSLib","The Cursed","The Disciple"],"gold_per_floor":[118,118,118,133,87,87,97,97,97,117,117,133,152,169,169,272,322,342,342,36,49,49,49,65,76,125,141,141,152,152,152,152,152,152],"floor_reached":33,"language":"ENG","playtime":2105,"items_purged":["Defend_Br"],"score":286,"play_id":"1ae50f0c-c30a-4a6b-8c03-8aff8afb914f","local_time":"20210121165502","is_ascension_mode":false,"campfire_choices":[{"data":"Tempo","floor":6,"key":"SMITH"},{"data":"PatternShift","floor":11,"key":"SMITH"},{"floor":15,"key":"REST"},{"data":"ResonantCall","floor":23,"key":"SMITH"},{"data":"Allegretto","floor":28,"key":"SMITH"},{"floor":30,"key":"REST"},{"floor":32,"key":"REST"}],"circlet_count":0,"master_deck":["Moderato+1","Strike_Br","Strike_Br","Strike_Br","Strike_Br","Defend_Br","Defend_Br+1","Defend_Br","SecondHand","PatternShift+1","LockedAstrolabe+1","WindUp","Accelerando","Allegro+1","Cuckoo","WakeUpCall","WindUp","Allegro+1","Pendulum","ShortSighted+1","ResonantCall+1","Allegretto+1","Allegretto","Echoward+1","TiringSlam+1","Echonomics","Stagnate+1"],"relics":["Chronometer","Ginger","Anchor","Nloth\u0027s Gift","Strawberry"],"acts_visited":["Exordium","TheCity"],"potions_floor_usage":[29,29,29,31,33,33],"damage_taken":[{"damage":3,"enemies":"Jaw Worm","floor":1,"turns":5},{"damage":0,"enemies":"Small Slimes","floor":4,"turns":3},{"damage":1,"enemies":"Cultist","floor":7,"turns":4},{"damage":9,"enemies":"Blue Slaver","floor":10,"turns":4},{"damage":16,"enemies":"Gremlin Gang","floor":12,"turns":5},{"damage":0,"enemies":"Looter","floor":13,"turns":4},{"damage":20,"enemies":"Lots of Slimes","floor":14,"turns":3},{"damage":23,"enemies":"Slime Boss","floor":16,"turns":10},{"damage":5,"enemies":"Chosen","floor":18,"turns":5},{"damage":24,"enemies":"Spheric Guardian","floor":21,"turns":5},{"damage":15,"enemies":"Shelled Parasite and Fungi","floor":24,"turns":5},{"damage":15,"enemies":"Centurion and Healer","floor":25,"turns":7},{"damage":36,"enemies":"Cultist and Chosen","floor":27,"turns":7},{"damage":33,"enemies":"Sentry and Sphere","floor":29,"turns":8},{"damage":0,"enemies":"Slavers","floor":31,"turns":1},{"damage":71,"enemies":"Collector","floor":33,"turns":8}],"seed_played":"-2946465815519164349","potions_obtained":[{"floor":7,"key":"FearPotion"},{"floor":10,"key":"DistilledChaos"},{"floor":14,"key":"FearPotion"},{"floor":19,"key":"EntropicBrew"},{"floor":29,"key":"LiquidMemories"}],"is_trial":false,"path_per_floor":["M","?","?","M","$","R","M","?","T","M","R","M","M","M","R","B",null,"M","?","$","M","?","R","M","M","T","M","R","M","R","E","R","B"],"character_chosen":"CHRONO_CLASS","items_purchased":["Tempo","ResonantCall","Anchor"],"campfire_rested":3,"item_purchase_floors":[5,20,20],"current_hp_per_floor":[62,67,67,67,67,67,66,66,66,57,57,41,41,21,42,19,75,70,70,70,56,56,56,51,56,63,37,37,14,38,38,62,0,0],"gold":152,"neow_bonus":"ONE_RANDOM_RARE_CARD","is_daily":false,"chose_seed":false,"campfire_upgraded":4,"win_rate":0.0,"timestamp":1611273302,"path_taken":["M","?","?","M","$","R","M","?","T","M","R","M","?","M","R","BOSS","M","?","$","?","?","R","M","M","T","M","R","M","R","E","R","BOSS"],"items_purchased_type":["Card","Card","Relic"],"build_version":"2020-12-22","purchased_purges":1,"victory":false,"max_hp_per_floor":[65,70,70,70,70,70,70,70,70,70,70,70,70,70,70,70,75,75,75,75,75,75,75,75,75,82,82,82,82,82,82,82,82,82],"card_choices":[{"not_picked":["AlternateTimeline","CrunchTime"],"picked":"WindUp","floor":1},{"not_picked":["WakeUpCall","HandsUpB"],"picked":"Tempo","floor":4},{"not_picked":["Fragmentalize","LockedAnchor"],"picked":"Cuckoo","floor":7},{"not_picked":["WindUp","HandsUpC"],"picked":"WakeUpCall","floor":10},{"not_picked":["Chronoelasticity","CrunchTime","LockedUrn"],"picked":"SKIP","floor":12},{"not_picked":["LockedAnchor","BlueShift"],"picked":"WindUp","floor":13},{"not_picked":["HandsUpC","BiteCommand","Echonomics"],"picked":"SKIP","floor":14},{"not_picked":["LockedAstrolabe","LockedFlame"],"picked":"Pendulum","floor":16},{"not_picked":["LockedPlans","LockedScales"],"picked":"Tempo","floor":17},{"not_picked":["WindUp","AlternateTimeline"],"picked":"ShortSighted+1","floor":18},{"not_picked":["Facsimile","DaylightSavings"],"picked":"Echoward+1","floor":21},{"not_picked":["LockedMedicine","PrimeTime","TickedOff"],"picked":"SKIP","floor":24},{"not_picked":["WatchCommand","ExoVibe"],"picked":"TiringSlam+1","floor":25},{"not_picked":["BlueShift+1","WindUp"],"picked":"Echonomics","floor":27},{"not_picked":["LockedBlood+1","BlueShift"],"picked":"Stagnate+1","floor":29}],"player_experience":6008,"relics_obtained":[{"floor":9,"key":"Ginger"},{"floor":26,"key":"Strawberry"}],"event_choices":[{"damage_healed":0,"gold_gain":0,"player_choice":"Donut","damage_taken":0,"max_hp_gain":5,"max_hp_loss":0,"event_name":"Big Fish","floor":2,"gold_loss":0},{"damage_healed":0,"gold_gain":0,"player_choice":"Ignored","damage_taken":0,"max_hp_gain":0,"max_hp_loss":0,"event_name":"Golden Idol","floor":3,"gold_loss":0},{"damage_healed":0,"gold_gain":0,"player_choice":"Forge","damage_taken":0,"max_hp_gain":0,"max_hp_loss":0,"event_name":"Accursed Blacksmith","floor":8,"gold_loss":0,"cards_upgraded":["LockedAstrolabe"]},{"damage_healed":0,"gold_gain":0,"player_choice":"Got Potions","damage_taken":0,"max_hp_gain":0,"max_hp_loss":0,"event_name":"Lab","floor":19,"gold_loss":0},{"damage_healed":0,"gold_gain":0,"player_choice":"Traded Relic","damage_taken":0,"relics_obtained":["Nloth\u0027s Gift"],"max_hp_gain":0,"max_hp_loss":0,"event_name":"N\u0027loth","floor":22,"relics_lost":["Tiny House"],"gold_loss":0}],"is_beta":false,"boss_relics":[{"not_picked":["SacredBark","Black Star"],"picked":"Tiny House"}],"items_purged_floors":[20],"is_endless":false,"potions_floor_spawned":[7,10,14,18,24,29,31],"killed_by":"Collector","ascension_level":0}}