{"host":"r10yh36zs2k9z1sa","time":1611252782,"event":{"mods":["AchievementEnabler","Act Like it!","Aspiration","Astrologer","BaseMod","Colored Map","Conspire","Decade(¤ý¤p©ú)","Gensokyo","Hermit","Highlight Path","KinomotoSakuraMod(¤ì¤§¥»?)","Koishi","KomeijiMod","Marisa¡]Ãú«B¡@Å]²z¨F¡^","Minty Spire (QoL Compilation)","Permanent Neow","Quick Restart","Reimu¡]³Õ???¡^","Remilia¡]Á¢¦Ì²ú?¡^","StSLib","SuperFastMode","The Administrix","The Animator","The Bug Knight","The Cursed","The Gatherer","The Marked","The Mystic","The Saiyan","The Senshi","The Servant 0.9.4","Youmu¡]»î¾z§¯?¡^","Yuri Mod","Yuyuko"],"gold_per_floor":[115,115,22,39,39,69,18,43,43,75,94,118,118,138,138,236,236,252,252,252,177,117,152,152,182,234,234,264,282,282,308,308,409,409,423,9,23,340,340,374,374,43,67,87,87,87,101,133,133,133,133,133,15,44,44],"floor_reached":56,"language":"ZHS","playtime":6492,"items_purged":["Strike_S","Defend_S"],"score":2277,"play_id":"e44c7ce3-0f6b-40c5-9e84-44d90231b803","local_time":"20210122021302","is_ascension_mode":true,"campfire_choices":[{"data":"Moondial","floor":13.0,"key":"SMITH"},{"data":"Barrier","floor":15.0,"key":"SMITH"},{"data":"Embodiment","floor":32.0,"key":"SMITH"},{"data":"Solidify","floor":41,"key":"SMITH"},{"floor":49,"key":"RECALL"},{"data":"Discovery","floor":52,"key":"SMITH"}],"circlet_count":0,"master_deck":["AscendersBane","KidneyShot+1","Exchange","Solidify+1","Defy","Contraction","Flash of Steel","Moondial+1","Defy","TrueSight","BottledTime","Barrier+1","Embodiment+1","FastForward","BottledTime+1","ShatteredReality+1","SilverMatrix","Gensokyo:RedCapeBlueCape","Luminosity+1","FlawlessForm","RealityMarble","Endless Agony","Quick Slash","Escape Plan","Discovery+1","Chrysalis","Initiator","Gensokyo:PrivateSquare","Pride","Foresight"],"relics":["Uniform","HollowMod:PaleOreRelic","Boot","Ice Cream","PureWhite:ReiMu","Busted Crown","The Courier","aspiration:ArtOfWarUpgrade","Centennial Puzzle","Oddly Smooth Stone","Girya","TungstenRod","InkBottle","RedLine:ReiMu","Juzu Bracelet","Lantern","Mercury Hourglass","aspiration:Nostalgia","SaiyanHeart","Akabeko","conspire:GiftBox","aspiration:HiddenCompartment","Bird Faced Urn"],"acts_visited":["Exordium","TheCity","TheCity","TheEnding"],"potions_floor_usage":[40,50,55,55],"damage_taken":[{"damage":10.0,"enemies":"Cultist","floor":1.0,"turns":5.0},{"damage":2.0,"enemies":"Jaw Worm","floor":4.0,"turns":6.0},{"damage":2.0,"enemies":"HollowMod:MossKnight","floor":6.0,"turns":28.0},{"damage":8.0,"enemies":"Gremlin Nob","floor":8.0,"turns":3.0},{"damage":0.0,"enemies":"3 Sentries","floor":10.0,"turns":9.0},{"damage":0.0,"enemies":"2 Louse","floor":11.0,"turns":3.0},{"damage":0.0,"enemies":"Exordium Wildlife","floor":14.0,"turns":3.0},{"damage":0.0,"enemies":"The Guardian","floor":16.0,"turns":19.0},{"damage":0.0,"enemies":"Spheric Guardian","floor":18.0,"turns":5.0},{"damage":0.0,"enemies":"HollowMod:Nosk","floor":23.0,"turns":15.0},{"damage":9.0,"enemies":"Slavers","floor":25.0,"turns":12.0},{"damage":14.0,"enemies":"Gremlin Leader","floor":28.0,"turns":8.0},{"damage":0.0,"enemies":"Chosen","floor":29.0,"turns":6.0},{"damage":0.0,"enemies":"HollowMod:Nosk","floor":31.0,"turns":13.0},{"damage":0.0,"enemies":"Collector","floor":33.0,"turns":12.0},{"damage":0.0,"enemies":"Gensokyo:3_Boulders","floor":35.0,"turns":4.0},{"damage":0.0,"enemies":"Gensokyo:AncientGuardian","floor":37.0,"turns":10.0},{"damage":0,"enemies":"Gensokyo:SeedOfUnknown","floor":38,"turns":8},{"damage":0,"enemies":"Gensokyo:Kasen","floor":40,"turns":11},{"damage":0,"enemies":"Gensokyo:Dusk_and_Dawn","floor":44,"turns":6},{"damage":0,"enemies":"Gensokyo:Rafflesia","floor":47,"turns":6},{"damage":5,"enemies":"Gensokyo:Marisa","floor":48,"turns":4},{"damage":0,"enemies":"Gensokyo:Shinki","floor":50,"turns":13},{"damage":0,"enemies":"Shield and Spear","floor":54,"turns":7},{"damage":0,"enemies":"The Heart","floor":55,"turns":11}],"seed_played":"1847981190731609006","potions_obtained":[{"floor":6.0,"key":"Strength Potion"},{"floor":8.0,"key":"SteroidPotion"},{"floor":10.0,"key":"Fruit Juice"},{"floor":14.0,"key":"PowerPotion"},{"floor":23.0,"key":"Block Potion"},{"floor":28.0,"key":"Ancient Potion"},{"floor":29.0,"key":"Explosive Potion"},{"floor":31.0,"key":"AttackPotion"},{"floor":37,"key":"DuplicationPotion"},{"floor":38,"key":"Regen Potion"},{"floor":40,"key":"GamblersBrew"},{"floor":48,"key":"DistilledChaos"}],"is_trial":false,"path_per_floor":["M","?","$","M","?","E","$","E","T","E","M","T","R","M","R","B",null,"M","?","?","?","$","E","R","E","T","R","E","M","T","E","R","B",null,"M","COS","M","M","?","E","R","$","T","M","?","?","M","E","R","B",null,"R","$","E","B",null],"character_chosen":"THE_SERVANT","items_purchased":["Flash of Steel","Fire Potion","Discovery","aspiration:Nostalgia","Chrysalis","PowerPotion"],"campfire_rested":0,"item_purchase_floors":[3,7,42,42,42,53],"current_hp_per_floor":[49,49,49,47,47,45,45,37,37,37,37,37,37,37,37,42,63,63,63,63,63,63,63,63,54,54,54,40,40,40,40,40,40,63,63,63,63,63,63,63,63,63,63,63,63,63,68,64,64,77,77,77,77,77,80],"gold":44,"neow_bonus":"ONE_RANDOM_RARE_CARD","is_daily":false,"chose_seed":false,"campfire_upgraded":5,"win_rate":0.0,"timestamp":1611252782,"path_taken":["M","?","?","M","?","E","$","E","T","E","?","?","R","M","R","BOSS","M","?","?","?","$","E","R","E","T","R","E","M","?","E","R","BOSS","M","COS","M","M","?","E","R","?","T","M","?","?","M","E","R","BOSS","R","$","E","BOSS"],"items_purchased_type":["Card","Potion","Card","Relic","Card","Potion"],"build_version":"2020-12-22","purchased_purges":2,"victory":true,"max_hp_per_floor":[65,65,65,65,65,65,65,65,65,65,65,65,65,65,65,70,70,70,70,70,70,70,70,70,70,70,70,70,70,70,70,70,70,70,70,70,70,70,70,70,70,70,70,70,70,70,75,76,76,77,77,77,77,77,80],"card_choices":[{"not_picked":["Spin","TimeWarp"],"picked":"Defy","floor":1.0},{"not_picked":["Replace","GearUp","Shuttle"],"picked":"SKIP","floor":4.0},{"not_picked":["Defy","ShiftingGears"],"picked":"Moondial","floor":6.0},{"not_picked":["Deadline","Hightail"],"picked":"Defy","floor":8.0},{"not_picked":["StarChef","Revamp"],"picked":"TrueSight","floor":10.0},{"not_picked":["TimeTheft","Spin"],"picked":"BottledTime","floor":11.0},{"not_picked":["Collapse","Manipulate"],"picked":"Barrier","floor":14.0},{"not_picked":["Initiator","MurderousAura"],"picked":"Embodiment","floor":16.0},{"not_picked":[],"picked":"FastForward","floor":18.0},{"not_picked":["Revamp"],"picked":"SKIP","floor":23.0},{"not_picked":[],"picked":"BottledTime+1","floor":25.0},{"not_picked":[],"picked":"ShatteredReality+1","floor":28.0},{"not_picked":["Deadline"],"picked":"SKIP","floor":29.0},{"not_picked":["Spin+1"],"picked":"SKIP","floor":31.0},{"not_picked":[],"picked":"SilverMatrix","floor":33.0},{"not_picked":["Orbit"],"picked":"SKIP","floor":35.0},{"not_picked":[],"picked":"Luminosity+1","floor":37},{"not_picked":[],"picked":"FlawlessForm","floor":38},{"not_picked":[],"picked":"RealityMarble","floor":38},{"not_picked":["Ricochet+1"],"picked":"SKIP","floor":40},{"not_picked":["Ricochet+1"],"picked":"SKIP","floor":40},{"not_picked":["Ricochet+1"],"picked":"SKIP","floor":40},{"not_picked":[],"picked":"Initiator","floor":44},{"not_picked":["Starlight"],"picked":"SKIP","floor":44},{"not_picked":["KillingDoll"],"picked":"SKIP","floor":47},{"not_picked":["Replace"],"picked":"SKIP","floor":48},{"not_picked":[],"picked":"Foresight","floor":54}],"player_experience":285406,"relics_obtained":[{"floor":6.0,"key":"HollowMod:PaleOreRelic"},{"floor":8.0,"key":"Boot"},{"floor":9.0,"key":"Ice Cream"},{"floor":10.0,"key":"PureWhite:ReiMu"},{"floor":23.0,"key":"Art of War"},{"floor":25.0,"key":"Centennial Puzzle"},{"floor":26.0,"key":"Oddly Smooth Stone"},{"floor":28.0,"key":"Girya"},{"floor":30.0,"key":"TungstenRod"},{"floor":31.0,"key":"InkBottle"},{"floor":40,"key":"Mercury Hourglass"},{"floor":43,"key":"Akabeko"},{"floor":48,"key":"aspiration:HiddenCompartment"},{"floor":54,"key":"Bird Faced Urn"}],"event_choices":[{"damage_healed":0.0,"max_hp_gain":0.0,"max_hp_loss":0.0,"gold_gain":0.0,"cards_transformed":["Strike_S"],"event_name":"Transmorgrifier","player_choice":"Transformed","floor":2.0,"gold_loss":0.0,"damage_taken":0.0,"cards_obtained":["Contraction"]},{"damage_healed":0.0,"max_hp_gain":0.0,"max_hp_loss":0.0,"gold_gain":0.0,"event_name":"Accursed Blacksmith","player_choice":"Forge","floor":5.0,"gold_loss":0.0,"damage_taken":0.0,"cards_upgraded":["KidneyShot"]},{"damage_healed":0.0,"max_hp_gain":0.0,"max_hp_loss":0.0,"gold_gain":0.0,"event_name":"The Mausoleum","player_choice":"Opened","floor":20.0,"gold_loss":0.0,"damage_taken":0.0,"relics_obtained":["The Courier"]},{"cards_removed":["Exhaustion"],"damage_healed":0.0,"max_hp_gain":0.0,"max_hp_loss":0.0,"gold_gain":0.0,"event_name":"Beggar","player_choice":"Gave Gold","floor":21.0,"gold_loss":75.0,"damage_taken":0.0}],"is_beta":false,"boss_relics":[{"not_picked":["Snecko Eye","Calling Bell"],"picked":"Busted Crown"},{"not_picked":["conspire:SpecialSausage","Fusion Hammer"],"picked":"RedLine:ReiMu"}],"items_purged_floors":[22,53],"is_endless":false,"potions_floor_spawned":[6,8,10,14,23,28,29,31,37,38,40,48],"ascension_level":11}}