{"host":"hcfgv6p6h0ubjkk0","time":1611200057,"event":{"mods":["BaseMod","Downfall","Minty Spire (QoL Compilation)","Quick Restart","StSLib","The Cursed","The Forsaken"],"gold_per_floor":[99,114,129,129,139,139,139,168,168,179,190,207,225,244,262,262,262,262],"floor_reached":16,"language":"ENG","playtime":937,"items_purged":[],"score":108,"play_id":"7f6d237c-c3ba-4499-b68c-d313dcd4572a","local_time":"20210121033417","is_ascension_mode":false,"campfire_choices":[{"data":"hexamod:Sear","floor":1,"key":"SMITH"},{"data":"hexamod:HeatShield","floor":6,"key":"SMITH"},{"data":"hexamod:SkipABeat","floor":9,"key":"SMITH"}],"circlet_count":0,"master_deck":["hexamod:Strike","hexamod:Strike","hexamod:Strike","hexamod:Strike","hexamod:Defend","hexamod:Defend","hexamod:Defend","hexamod:Defend","hexamod:Sear+1","hexamod:Float","hexamod:SkipABeat+1","hexamod:HeatShield+1","hexamod:Float","hexamod:Rewind","hexamod:AdvancingGuard","hexamod:HeatMetal","hexamod:ThermalTransfer","hexamod:Incineration","hexamod:PhantomCloak"],"relics":["hexamod:SpiritBrand","theForsaken:ScaryMask","Potion Belt"],"acts_visited":["Exordium"],"potions_floor_usage":[13,16],"damage_taken":[{"damage":0,"enemies":"2 Louse","floor":2,"turns":4},{"damage":1,"enemies":"Cultist","floor":3,"turns":3},{"damage":1,"enemies":"Jaw Worm","floor":5,"turns":3},{"damage":28,"enemies":"3 Sentries","floor":8,"turns":10},{"damage":0,"enemies":"Blue Slaver","floor":10,"turns":3},{"damage":0,"enemies":"2 Fungi Beasts","floor":11,"turns":4},{"damage":4,"enemies":"Large Slime","floor":12,"turns":6},{"damage":0,"enemies":"Gremlin Gang","floor":13,"turns":4},{"damage":8,"enemies":"Lots of Slimes","floor":14,"turns":3},{"damage":16,"enemies":"Large Slime","floor":15,"turns":5},{"damage":19,"enemies":"DF_ARCHETYPE_STREAMLINE","floor":16,"turns":6}],"seed_played":"1876289760512783998","potions_obtained":[{"floor":3,"key":"Dexterity Potion"},{"floor":5,"key":"DistilledChaos"},{"floor":12,"key":"Block Potion"},{"floor":13,"key":"bronze:BurnAndBuffPotion"}],"is_trial":false,"path_per_floor":["R","M","M","?","M","R","T","E","R","M","M","M","M","M","M","B"],"character_chosen":"THE_SPIRIT","items_purchased":[],"campfire_rested":0,"item_purchase_floors":[],"current_hp_per_floor":[77,77,76,76,75,75,75,47,47,47,47,43,43,35,19,0,0,0],"gold":262,"neow_bonus":"TEN_PERCENT_HP_BONUS","is_daily":false,"chose_seed":false,"campfire_upgraded":3,"win_rate":0.0,"timestamp":1611200057,"path_taken":["R","M","M","?","M","R","T","E","R","M","M","M","?","M","M","BOSS"],"items_purchased_type":[],"build_version":"2020-12-22","purchased_purges":0,"victory":false,"max_hp_per_floor":[77,77,77,77,77,77,77,77,77,77,77,77,77,77,77,77,77,77],"card_choices":[{"not_picked":["hexamod:Hexaguard","hexamod:AdvancingGuard"],"picked":"hexamod:SkipABeat","floor":2},{"not_picked":["hexamod:SpectersWail","hexamod:InspiringFlames"],"picked":"hexamod:HeatShield","floor":3},{"not_picked":["hexamod:NecessarySacrifice","hexamod:CatchUp"],"picked":"hexamod:Rewind","floor":5},{"not_picked":["hexamod:RecurringNightmare","hexamod:BacktrackSmack"],"picked":"hexamod:AdvancingGuard","floor":8},{"not_picked":["hexamod:NightmareGuise","hexamod:SpectersWail","hexamod:AdvancingGuard"],"picked":"SKIP","floor":10},{"not_picked":["hexamod:GhostLash","hexamod:SpectersWail"],"picked":"hexamod:HeatMetal","floor":11},{"not_picked":["hexamod:GhostShield","hexamod:Rewind","hexamod:SwordOfDarkness"],"picked":"SKIP","floor":12},{"not_picked":["hexamod:BacktrackSmack","hexamod:NecessarySacrifice"],"picked":"hexamod:ThermalTransfer","floor":13},{"not_picked":["hexamod:GhostLash","hexamod:Hexaguard"],"picked":"hexamod:Incineration","floor":14},{"not_picked":["hexamod:AdvancingGuard","hexamod:GhostLash"],"picked":"hexamod:PhantomCloak","floor":15}],"player_experience":127443,"relics_obtained":[{"floor":7,"key":"theForsaken:ScaryMask"},{"floor":8,"key":"Potion Belt"}],"event_choices":[],"is_beta":false,"boss_relics":[],"items_purged_floors":[],"is_endless":false,"potions_floor_spawned":[3,5,12,13],"killed_by":"DF_ARCHETYPE_STREAMLINE","ascension_level":0}}