{"host":"b7j598ve05halrwk","time":1611206141,"event":{"mods":["2.2 Compatiblity","BaseMod","Block Reminder","DeckTracker","Minty Spire (QoL Compilation)","Relic Stats","Slay the Relics Exporter","StSLib","ojb\u0027s Better Paths Mod","ojb\u0027s Info Mod"],"gold_per_floor":[110,123,123,135,135,170,183,246,273,273,273],"floor_reached":10,"language":"ENG","playtime":400,"items_purged":[],"score":136,"play_id":"6fcb714c-b933-4b40-a333-2dc0fac8e816","local_time":"20210121001541","is_ascension_mode":true,"campfire_choices":[],"circlet_count":0,"master_deck":["AscendersBane","Strike_B","Strike_B","Strike_B","Strike_B","Defend_B","Defend_B","Defend_B","Zap","Dualcast","Lockon","Genetic Algorithm","Hologram","BootSequence","Sunder","Cold Snap","Steam"],"relics":["Cracked Core","NeowsBlessing","Toy Ornithopter","Happy Flower","Centennial Puzzle"],"acts_visited":["Exordium"],"potions_floor_usage":[6,8,8],"damage_taken":[{"damage":0.0,"enemies":"Cultist","floor":1.0,"turns":1.0},{"damage":0.0,"enemies":"Small Slimes","floor":2.0,"turns":1.0},{"damage":0.0,"enemies":"Jaw Worm","floor":4.0,"turns":1.0},{"damage":11,"enemies":"Gremlin Nob","floor":6,"turns":3},{"damage":8,"enemies":"Exordium Thugs","floor":7,"turns":4},{"damage":54,"enemies":"Lagavulin Event","floor":8,"turns":7},{"damage":6,"enemies":"3 Sentries","floor":10,"turns":2}],"seed_played":"9071783097251648423","potions_obtained":[{"floor":1.0,"key":"Block Potion"},{"floor":3.0,"key":"EssenceOfSteel"},{"floor":4.0,"key":"BlessingOfTheForge"},{"floor":6,"key":"SkillPotion"}],"is_trial":false,"path_per_floor":["M","M","?","M","?","E","M","?","T","E"],"character_chosen":"DEFECT","items_purchased":[],"campfire_rested":0,"item_purchase_floors":[],"current_hp_per_floor":[64,64,64,64,64,53,45,1,1,0,0],"gold":273,"neow_bonus":"THREE_ENEMY_KILL","is_daily":false,"chose_seed":false,"campfire_upgraded":0,"win_rate":0.0,"timestamp":1611206141,"path_taken":["M","M","?","?","?","E","M","?","T","E"],"items_purchased_type":[],"build_version":"2020-12-22","purchased_purges":0,"victory":false,"max_hp_per_floor":[71,71,71,71,71,71,71,71,71,71,71],"relic_stats":{"Centennial Puzzle":[0],"Happy Flower":[0],"counters":[7,19],"obtain_stats":[{"Centennial Puzzle":9,"NeowsBlessing":0,"Happy Flower":8,"Cracked Core":0,"Toy Ornithopter":6},{"Centennial Puzzle":6,"NeowsBlessing":0,"Happy Flower":6,"Cracked Core":0,"Toy Ornithopter":4},{"Centennial Puzzle":17,"NeowsBlessing":0,"Happy Flower":17,"Cracked Core":0,"Toy Ornithopter":6}],"Toy Ornithopter":10},"card_choices":[{"not_picked":["Darkness","Go for the Eyes"],"picked":"Lockon","floor":1.0},{"not_picked":["Melter","Leap"],"picked":"Genetic Algorithm","floor":2.0},{"not_picked":["Reprogram","Redo"],"picked":"Hologram","floor":4.0},{"not_picked":["Undo","Barrage"],"picked":"Sunder","floor":6},{"not_picked":["Rebound","Barrage"],"picked":"Cold Snap","floor":7},{"not_picked":["Cold Snap","Beam Cell"],"picked":"Steam","floor":8}],"player_experience":1026331,"relics_obtained":[{"floor":6,"key":"Toy Ornithopter"},{"floor":8,"key":"Happy Flower"},{"floor":9,"key":"Centennial Puzzle"}],"event_choices":[{"damage_healed":0.0,"max_hp_gain":0.0,"max_hp_loss":0.0,"gold_gain":0.0,"event_name":"Lab","player_choice":"Got Potions","floor":3.0,"gold_loss":0.0,"damage_taken":0.0},{"damage_healed":0.0,"max_hp_gain":0.0,"max_hp_loss":0.0,"gold_gain":0.0,"cards_transformed":["Defend_B"],"event_name":"Living Wall","player_choice":"Change","floor":5.0,"gold_loss":0.0,"damage_taken":0.0,"cards_obtained":["BootSequence"]},{"damage_healed":0,"gold_gain":0,"player_choice":"Searched \u00271\u0027 times","damage_taken":0,"max_hp_gain":0,"max_hp_loss":0,"event_name":"Dead Adventurer","floor":8,"gold_loss":0}],"is_beta":false,"boss_relics":[],"items_purged_floors":[],"is_endless":false,"potions_floor_spawned":[1,4,6],"killed_by":"3 Sentries","ascension_level":20}}