{"host":"w05x4i13f2m9joq1","time":1611201864,"event":{"mods":["Act Like it!","Bard","BaseMod","Better Altar","Better Match","Better Note","Better Sensory Stone","Better Skull","Better Third Choice","BetterRewards","Colored Map","Colored Powertips","Duelist Mod","GifTheSpireLib","Googly Eyes","Ironclad Rager","Lobotomy","LobotomyExtend","Marisa????????","Minty Spire (QoL Compilation)","Replay The Spire","Spire Birthday Party","StSLib","The Bug Knight","The Construct","The Hierophant","The IronCluck","The Mystic","TheBandit","everything is the same but u backflip on backflip","slay the spire mod where everything is the same but ironclad has a cowboy hat"],"gold_per_floor":[137,147,1,1,21,55,55,89,138,150,175,175,122,150,150,255,255,266,266,277,53,76,76,108,17,70,99,111,111,144,156,156,261,261,271,271,271,288,288,288],"floor_reached":39,"language":"ENG","playtime":1959,"items_purged":["Regret"],"score":695,"play_id":"605092d2-2395-4611-9063-d103a52615a3","local_time":"20210120230424","is_ascension_mode":true,"campfire_choices":[{"floor":7.0,"key":"REST"},{"floor":15.0,"key":"REST"},{"floor":23.0,"key":"REST"},{"data":"theDuelist:BigFire","floor":29.0,"key":"SMITH"},{"floor":32.0,"key":"REST"}],"circlet_count":0,"master_deck":["theDuelist:DarkTinker","theDuelist:ArchfiendSoldier","theDuelist:ArchfiendSoldier+1","theDuelist:ArchfiendSoldier","theDuelist:CastleWalls","theDuelist:CastleWalls+1","theDuelist:FiendMegacyber+1","theDuelist:Sparks","theDuelist:SummonedSkull","theDuelist:RedMirror","theDuelist:GoblinKing","theDuelist:TerraTerrible","theDuelist:ElectromagneticShield","theDuelist:ArchfiendSoldier","theDuelist:FluteKuriboh","theDuelist:BerserkerCrush","theDuelist:Relinkuriboh","theDuelist:CyberArchfiend","theDuelist:BerserkerCrush","theDuelist:ArchfiendGeneral","theDuelist:TributeDoomed+1","theDuelist:BigFire+1","theDuelist:UmbralHorrorGhoul","theDuelist:Cloning+1","theDuelist:ArchfiendHeiress","theDuelist:DarkBlade+1","theDuelist:WanderingKing","theDuelist:RedSprinter+1","theDuelist:FabledGallabas","theDuelist:TributeDoomed","theDuelist:PortraitSecret"],"relics":["theDuelist:MillenniumPuzzle","theDuelist:CardPoolRelic","theDuelist:CardPoolBasicRelic","theDuelist:BoosterPackPoolRelic","theDuelist:CardPoolAddRelic","theDuelist:CardPoolMinusRelic","theDuelist:CardPoolSaveRelic","theDuelist:CardPoolOptionsRelic","Paper Crane","LetterFromLob","Happy Flower","Solar Panel","Gremlin Food","theDuelist:DuelistOrichalcum","Thread and Needle","ChewingGum","Torii","Ancient Tea Set","Replay:Rubber Ducky","Calipers","Snake Skull","Bottled Flame","Boot","theDuelist:ElectricKey"],"acts_visited":["Exordium","TheCity","TheBeyond"],"potions_floor_usage":[39,39],"damage_taken":[{"damage":3.0,"enemies":"2 Louse","floor":1.0,"turns":3.0},{"damage":1.0,"enemies":"Cultist","floor":2.0,"turns":3.0},{"damage":4.0,"enemies":"Small Slimes","floor":5.0,"turns":4.0},{"damage":26.0,"enemies":"3 Sentries","floor":6.0,"turns":7.0},{"damage":16.0,"enemies":"Lagavulin","floor":8.0,"turns":7.0},{"damage":7.0,"enemies":"2 Fungi Beasts","floor":10.0,"turns":4.0},{"damage":17.0,"enemies":"3 Sentries","floor":11.0,"turns":6.0},{"damage":3.0,"enemies":"Gremlin Nob","floor":14.0,"turns":4.0},{"damage":16.0,"enemies":"The Guardian","floor":16.0,"turns":8.0},{"damage":15.0,"enemies":"2 Thieves","floor":18.0,"turns":3.0},{"damage":7.0,"enemies":"Spheric Guardian","floor":20.0,"turns":3.0},{"damage":19.0,"enemies":"Slavers","floor":24.0,"turns":3.0},{"damage":0.0,"enemies":"Book of Stabbing","floor":27.0,"turns":4.0},{"damage":12.0,"enemies":"Snecko","floor":28.0,"turns":5.0},{"damage":0.0,"enemies":"Slavers","floor":30.0,"turns":2.0},{"damage":0.0,"enemies":"3 Cultists","floor":31.0,"turns":2.0},{"damage":6.0,"enemies":"Pondfish","floor":33.0,"turns":6.0},{"damage":2.0,"enemies":"Orb Walker","floor":35.0,"turns":1.0},{"damage":9,"enemies":"3 Darklings","floor":38,"turns":4},{"damage":67,"enemies":"Writhing Mass","floor":39,"turns":5}],"seed_played":"7829960252426763249","potions_obtained":[{"floor":2.0,"key":"theDuelist:VoidBottle"},{"floor":5.0,"key":"theDuelist:WaterBottle"},{"floor":8.0,"key":"Milkshake"},{"floor":14.0,"key":"Elixir"},{"floor":18.0,"key":"theDuelist:WhiteBottle"},{"floor":27.0,"key":"Adrenaline Potion"},{"floor":28.0,"key":"Energy Potion"},{"floor":37.0,"key":"Explosive Potion"},{"floor":37.0,"key":"EssenceOfDarkness"},{"floor":37.0,"key":"theDuelist:MillenniumElixir"}],"is_trial":false,"path_per_floor":["M","M","$","?","M","E","R","E","T","M","E","?","$","E","R","B",null,"M","?","M","$","T","R","E","$","T","E","M","R","E","M","R","B",null,"M","?","?","M","M"],"character_chosen":"THE_DUELIST","items_purchased":["theDuelist:TerraTerrible","Swift Potion","theDuelist:CyberArchfiend","theDuelist:UmbralHorrorGhoul","Ancient Tea Set","theDuelist:ArchfiendHeiress","AttackPotion"],"campfire_rested":4,"item_purchase_floors":[3,3,13,21,21,25,25],"current_hp_per_floor":[69,68,68,68,64,38,62,46,46,43,30,30,30,27,51,35,69,54,54,47,47,47,71,52,52,52,52,40,40,40,40,64,58,75,73,73,73,64,0,0],"gold":288,"neow_bonus":"RANDOM_EVENT","is_daily":false,"chose_seed":false,"campfire_upgraded":1,"win_rate":0.0,"timestamp":1611201864,"path_taken":["M","M","$","?","M","E","R","E","T","?","E","?","$","E","R","BOSS","M","?","M","$","?","R","E","?","T","E","M","R","E","M","R","BOSS","M","?","?","M","?"],"items_purchased_type":["Card","Potion","Card","Card","Relic","Card","Potion"],"build_version":"2020-12-22","purchased_purges":1,"victory":false,"max_hp_per_floor":[80,80,80,80,80,80,80,80,80,80,80,80,80,80,80,80,80,80,80,80,80,80,80,80,80,80,80,80,80,80,80,80,80,80,80,80,80,80,80,80],"card_choices":[{"not_picked":["theDuelist:DoomDonuts","theDuelist:DarknessNeosphere","theDuelist:Doomdog"],"picked":"theDuelist:RedMirror","floor":1.0},{"not_picked":["theDuelist:GrossGhost","theDuelist:MsJudge"],"picked":"theDuelist:GoblinKing","floor":2.0},{"not_picked":["theDuelist:PowerWall","theDuelist:FlameTiger"],"picked":"theDuelist:ElectromagneticShield","floor":5.0},{"not_picked":["theDuelist:FlyingSaucer","theDuelist:CheerfulCoffin"],"picked":"theDuelist:ArchfiendSoldier","floor":6.0},{"not_picked":["theDuelist:GaiaMidNightSun","theDuelist:MudGolem"],"picked":"theDuelist:FluteKuriboh","floor":8.0},{"not_picked":["theDuelist:DarkEnergy","theDuelist:PotDuality"],"picked":"theDuelist:BerserkerCrush","floor":10.0},{"not_picked":["theDuelist:DarklordMarie","theDuelist:DarkFusion"],"picked":"theDuelist:Relinkuriboh","floor":11.0},{"not_picked":["theDuelist:DarkFusion","theDuelist:CheerfulCoffin"],"picked":"theDuelist:BerserkerCrush","floor":14.0},{"not_picked":["theDuelist:PutridPudding","theDuelist:ArchfiendCommander"],"picked":"theDuelist:ArchfiendGeneral","floor":16.0},{"not_picked":["theDuelist:CheerfulCoffin","theDuelist:GracefulCharity"],"picked":"theDuelist:TributeDoomed+1","floor":18.0},{"not_picked":["theDuelist:DokiDoki","theDuelist:HaneHane"],"picked":"theDuelist:BigFire","floor":20.0},{"not_picked":["theDuelist:StormingMirrorForce+1","theDuelist:DestructPotion"],"picked":"theDuelist:Cloning+1","floor":24.0},{"not_picked":["theDuelist:DarkEnergy","theDuelist:RockSunrise","theDuelist:ShardGreed"],"picked":"SKIP","floor":27.0},{"not_picked":["theDuelist:Lajinn","theDuelist:Zombyra"],"picked":"theDuelist:DarkBlade+1","floor":28.0},{"not_picked":["theDuelist:DarkBlade","theDuelist:DarkMasterZorc"],"picked":"theDuelist:WanderingKing","floor":30.0},{"not_picked":["theDuelist:UmbralHorrorUniform","theDuelist:SkullArchfiend"],"picked":"theDuelist:RedSprinter+1","floor":31.0},{"not_picked":["theDuelist:Tierra","theDuelist:DarkMasterZorc"],"picked":"theDuelist:FabledGallabas","floor":33.0},{"not_picked":["theDuelist:DarkEnergy+1","theDuelist:Wildfire+2"],"picked":"theDuelist:TributeDoomed","floor":35.0},{"not_picked":["theDuelist:DarkHunter+1","theDuelist:TributeDoomed+1"],"picked":"theDuelist:PortraitSecret","floor":38}],"player_experience":116374,"relics_obtained":[{"floor":1.0,"key":"LetterFromLob"},{"floor":6.0,"key":"Happy Flower"},{"floor":8.0,"key":"Solar Panel"},{"floor":9.0,"key":"Gremlin Food"},{"floor":11.0,"key":"theDuelist:DuelistOrichalcum"},{"floor":14.0,"key":"Thread and Needle"},{"floor":22.0,"key":"Replay:Rubber Ducky"},{"floor":24.0,"key":"Calipers"},{"floor":26.0,"key":"Snake Skull"},{"floor":27.0,"key":"Bottled Flame"},{"floor":30.0,"key":"Boot"}],"event_choices":[{"damage_healed":0.0,"max_hp_gain":0.0,"max_hp_loss":0.0,"gold_gain":0.0,"event_name":"Big Fish","player_choice":"Box","floor":0.0,"gold_loss":0.0,"damage_taken":0.0,"relics_obtained":["Paper Crane"],"cards_obtained":["Regret"]},{"cards_removed":["theDuelist:Sparks"],"damage_healed":0.0,"max_hp_gain":0.0,"max_hp_loss":0.0,"gold_gain":0.0,"event_name":"Purifier","player_choice":"Purged","floor":4.0,"gold_loss":0.0,"damage_taken":0.0},{"damage_healed":0.0,"max_hp_gain":0.0,"max_hp_loss":0.0,"gold_gain":0.0,"event_name":"Card Trader","player_choice":"Traded Castle Walls for Dark Tinker","duelist":true,"floor":12.0,"gold_loss":0.0,"damage_taken":0.0},{"damage_healed":0.0,"max_hp_gain":0.0,"max_hp_loss":0.0,"gold_gain":0.0,"event_name":"WeMeetAgain","player_choice":"Gave Potion","floor":19.0,"gold_loss":0.0,"damage_taken":0.0,"relics_obtained":["Torii"]},{"damage_healed":0.0,"max_hp_gain":0.0,"max_hp_loss":0.0,"gold_gain":0.0,"event_name":"Lab","player_choice":"Got Potions","floor":37.0,"gold_loss":0.0,"damage_taken":0.0}],"is_beta":false,"boss_relics":[{"not_picked":["Empty Cage","SacredBark"],"picked":"ChewingGum"},{"not_picked":["Replay:Ancient Bell","Runic Cube"],"picked":"theDuelist:ElectricKey"}],"items_purged_floors":[3],"is_endless":false,"potions_floor_spawned":[2,5,8,14,18,27,28,30],"killed_by":"Writhing Mass","ascension_level":6}}