{"host":"tubmkv2g6v9d0kjw","time":1611232357,"event":{"mods":["2.2 Compatiblity","BaseMod","Conspire","Downfall","Hubris","Minty Spire (QoL Compilation)","StSLib"],"gold_per_floor":[99,115,130,130,39,39,39,39,50,60,80,90,103,138,150,150,150,150],"floor_reached":16,"language":"ENG","playtime":656,"items_purged":[],"score":106,"play_id":"aab0a3ec-055f-4987-be9a-503c88a5a344","local_time":"20210121063237","is_ascension_mode":false,"campfire_choices":[{"floor":1,"key":"RECALL"},{"floor":8,"key":"REST"}],"circlet_count":0,"master_deck":["bronze:Strike","bronze:Strike","bronze:Strike","bronze:Strike","bronze:Defend","bronze:Defend","bronze:Defend","bronze:Defend","bronze:Replicate","bronze:Goto","bronze:Backtrace","bronze:FineTuning","Regret","bronze:RecursiveStrike","bronze:Flail","bronze:Spike","bronze:Frontload","bronze:WhirlingStrike","bronze:Invalidate","bronze:DelayedSlice","bronze:Assembly","bronze:Boost","bronze:Format","bronze:Optimize"],"relics":["bronze:BronzeCore","Dream Catcher","hubris:SphereOfDissonance","Art of War"],"acts_visited":["Exordium"],"potions_floor_usage":[12,14,16],"damage_taken":[{"damage":1,"enemies":"Cultist","floor":2,"turns":4},{"damage":0,"enemies":"2 Louse","floor":3,"turns":2},{"damage":9,"enemies":"downfall:FleeingMerchant","floor":5,"turns":4},{"damage":33,"enemies":"downfall:FleeingMerchant","floor":6,"turns":3},{"damage":10,"enemies":"Small Slimes","floor":9,"turns":2},{"damage":3,"enemies":"Blue Slaver","floor":10,"turns":3},{"damage":8,"enemies":"Lots of Slimes","floor":11,"turns":2},{"damage":2,"enemies":"Red Slaver","floor":12,"turns":2},{"damage":4,"enemies":"Large Slime","floor":13,"turns":3},{"damage":5,"enemies":"3 Sentries","floor":14,"turns":3},{"damage":0,"enemies":"Gremlin Gang","floor":15,"turns":3},{"damage":39,"enemies":"WA_ARCHETYPE_RETAIN","floor":16,"turns":5}],"seed_played":"5018421801680419427","potions_obtained":[{"floor":3,"key":"SkillPotion"},{"floor":6,"key":"Block Potion"},{"floor":13,"key":"bronze:CleanCodePotion"},{"floor":14,"key":"Fruit Juice"}],"is_trial":false,"path_per_floor":["R","M","M","?","$","?","T","R","M","M","M","M","M","E","M","B"],"character_chosen":"THE_AUTOMATON","items_purchased":["bronze:Flail"],"campfire_rested":1,"item_purchase_floors":[5],"current_hp_per_floor":[77,76,76,76,67,34,34,57,47,44,36,34,30,30,30,0,0,0],"gold":150,"neow_bonus":"TEN_PERCENT_HP_BONUS","is_daily":false,"chose_seed":false,"campfire_upgraded":0,"win_rate":0.0,"timestamp":1611232357,"path_taken":["R","M","?","?","$","?","T","R","M","M","M","M","M","E","M","BOSS"],"items_purchased_type":["Card"],"build_version":"2020-12-22","purchased_purges":0,"victory":false,"max_hp_per_floor":[77,77,77,77,77,77,77,77,77,77,77,77,77,82,82,82,82,82],"card_choices":[{"not_picked":["bronze:WildBeam","bronze:Allocate"],"picked":"bronze:Backtrace","floor":2},{"not_picked":["bronze:OilSpill","bronze:DigitalCarnage"],"picked":"bronze:FineTuning","floor":3},{"not_picked":["bronze:Branch","bronze:ChildClass"],"picked":"bronze:RecursiveStrike","floor":5},{"not_picked":[],"picked":"bronze:Spike","floor":6},{"not_picked":["bronze:WildBeam","bronze:CutThrough"],"picked":"bronze:Frontload","floor":6},{"not_picked":["bronze:Deprecate","bronze:Overload"],"picked":"bronze:WhirlingStrike","floor":8},{"not_picked":["bronze:DelayedGuard","bronze:Overload"],"picked":"bronze:Invalidate","floor":9},{"not_picked":["bronze:Frontload","bronze:GetLatest","bronze:CloningBeam"],"picked":"SKIP","floor":10},{"not_picked":["bronze:NullPointer","bronze:OilSpill"],"picked":"bronze:DelayedSlice","floor":11},{"not_picked":["bronze:Flail","bronze:WildBeam"],"picked":"bronze:Assembly","floor":12},{"not_picked":["bronze:GetLatest","bronze:DelayedSlice"],"picked":"bronze:Boost","floor":13},{"not_picked":["bronze:Philosophize","bronze:WhirlingStrike"],"picked":"bronze:Format","floor":14},{"not_picked":["bronze:Fortify","bronze:CutThrough"],"picked":"bronze:Optimize","floor":15}],"player_experience":526759,"relics_obtained":[{"floor":7,"key":"hubris:SphereOfDissonance"},{"floor":14,"key":"Art of War"}],"event_choices":[{"damage_healed":0,"gold_gain":0,"player_choice":"Box","damage_taken":0,"relics_obtained":["Dream Catcher"],"max_hp_gain":0,"max_hp_loss":0,"event_name":"Big Fish","floor":4,"gold_loss":0,"cards_obtained":["Regret"]}],"is_beta":false,"boss_relics":[],"items_purged_floors":[],"is_endless":false,"potions_floor_spawned":[3,6,13,14],"killed_by":"WA_ARCHETYPE_RETAIN","ascension_level":0}}