{"host":"gk9qdtkqd8dwfeg2","time":1611218320,"event":{"mods":["Act Like it!","Aspiration","BaseMod","Colored Powertips","KomeijiMod","Minty Spire (QoL Compilation)","Quick Restart","Replay The Spire","Shop Mod","StSLib","TestMod","The Gatherer","The Servant 0.9.4","Waifu the Spire","WarShipGirlsR/战舰少女R mod","Yuri Mod","【遗物卡牌】REMEMod"],"gold_per_floor":[111,111,126,51,51,78,78,78,78,110,125,136,536,549,549,626,626,636,616,616,616],"floor_reached":20,"language":"ZHS","playtime":339,"items_purged":["Strike_B"],"score":464,"play_id":"4f467d6d-77e8-4ab6-bc66-62e1c8d1dd47","local_time":"20210121163840","is_ascension_mode":true,"campfire_choices":[{"data":"Aggregate","floor":8,"key":"SMITH"},{"data":"Heatsinks","floor":15,"key":"SMITH"}],"circlet_count":0,"master_deck":["AscendersBane","Strike_B","Strike_B","Defend_B","Defend_B","Defend_B","Zap","Dualcast","ReplayGash","Aggregate+1","Panic Button","Beam Cell+1","Heatsinks+1","Glacier","Hyperbeam+1","Streamline+1","Fission"],"relics":["Cracked Core","REME_ComplimentaryCards","testmod-Temperance","Molten Egg 2","ReplayTheSpireMod:Lightbulb","NeowsBlessing","Pear","Replay:Accelerometer","Inserter"],"acts_visited":["Exordium","TheCity"],"potions_floor_usage":[1,16],"damage_taken":[{"damage":0,"enemies":"Cultist","floor":1,"turns":1},{"damage":0,"enemies":"Small Slimes","floor":3,"turns":1},{"damage":0,"enemies":"Lagavulin","floor":6,"turns":1},{"damage":0,"enemies":"Gremlin Nob","floor":10,"turns":1},{"damage":0,"enemies":"Jaw Worm","floor":11,"turns":1},{"damage":0,"enemies":"Exordium Thugs","floor":12,"turns":1},{"damage":14,"enemies":"Exordium Wildlife","floor":14,"turns":4},{"damage":53,"enemies":"The Guardian","floor":16,"turns":12},{"damage":18,"enemies":"Shell Parasite","floor":18,"turns":3},{"damage":0,"enemies":"2 Thieves","floor":20,"turns":1}],"seed_played":"-7903915372647988481","potions_obtained":[{"floor":1,"key":"Fruit Juice"},{"floor":6,"key":"Explosive Potion"},{"floor":12,"key":"SpeedPotion"},{"floor":19,"key":"Ancient Potion"}],"is_trial":false,"path_per_floor":["M","$","M","$","?","E","?","R","T","E","M","M","?","M","R","B",null,"M","?","M"],"character_chosen":"DEFECT","items_purchased":[],"campfire_rested":0,"item_purchase_floors":[],"current_hp_per_floor":[69,69,69,69,69,69,69,69,79,79,79,79,79,65,65,12,68,50,50,50,50],"gold":616,"neow_bonus":"THREE_ENEMY_KILL","is_daily":false,"chose_seed":false,"campfire_upgraded":2,"win_rate":0.0,"timestamp":1611218320,"path_taken":["M","$","?","$","?","E","?","R","T","E","M","M","?","M","R","BOSS","M","?","M"],"items_purchased_type":[],"build_version":"2020-12-22","purchased_purges":1,"victory":false,"max_hp_per_floor":[76,76,76,76,76,76,76,76,86,86,86,86,86,86,86,86,86,86,86,86,86],"card_choices":[{"not_picked":["BasicCrystalCard","ReplayTheSpireMod:Repulse"],"picked":"Aggregate","floor":1},{"not_picked":["Leap","REME_SelfUpgrade"],"picked":"Panic Button","floor":3},{"not_picked":["Steam","REME_Whirling"],"picked":"Beam Cell+1","floor":6},{"not_picked":["ReplaySolidLightProjector","Leap"],"picked":"Heatsinks","floor":10},{"not_picked":["ReplaySolidLightProjector","Barrage+1"],"picked":"Glacier","floor":11},{"not_picked":["Leap","Hyperbeam+1","Conserve Battery"],"picked":"SKIP","floor":12},{"not_picked":["Leap","Conserve Battery"],"picked":"Hyperbeam+1","floor":12},{"not_picked":["Stack","Barrage+1"],"picked":"Streamline+1","floor":14},{"not_picked":["ReplayRNGCard","ReplayTheSpireMod:Omega Cannon+1"],"picked":"Fission","floor":16},{"not_picked":["Redo","Aggregate","Ball Lightning+1"],"picked":"SKIP","floor":18}],"player_experience":674778,"relics_obtained":[{"floor":6,"key":"ReplayTheSpireMod:Lightbulb"},{"floor":9,"key":"Pear"},{"floor":10,"key":"Replay:Accelerometer"}],"event_choices":[{"damage_healed":0,"gold_gain":0,"player_choice":"Swap Relic","damage_taken":0,"relics_obtained":["NeowsBlessing"],"max_hp_gain":0,"max_hp_loss":0,"event_name":"给自己的盒子","floor":7,"relics_lost":["NeowsBlessing"],"gold_loss":0},{"damage_healed":0,"gold_gain":400,"player_choice":"Sell","damage_taken":0,"max_hp_gain":0,"max_hp_loss":0,"event_name":"恩洛斯的盘子","floor":13,"relics_lost":["testmod-TestBox"],"gold_loss":0},{"damage_healed":0,"gold_gain":0,"player_choice":"Bought 1 Potion","damage_taken":0,"max_hp_gain":0,"max_hp_loss":0,"event_name":"The Woman in Blue","floor":19,"gold_loss":0}],"is_beta":false,"boss_relics":[{"not_picked":["Snecko Eye","REME_DuelDisc"],"picked":"Inserter"}],"items_purged_floors":[4],"is_endless":false,"potions_floor_spawned":[1,6,12],"killed_by":"2 Thieves","ascension_level":20}}