{"host":"fc97bmrl7qvj4ruk","time":1611254324,"event":{"mods":["AchievementEnabler","Act Like it!","BaseMod","ChefMod","Colored Map","Gensokyo","GifTheSpireLib","Hermit","Minty Spire (QoL Compilation)","Replay The Spire","Robot Space Explorer","StSLib","The Hayseed","¡¾ÒÅÎï¿¨ÅÆ¡¿REMEMod"],"gold_per_floor":[119,137,153,169,182,216,216,244,271,233,245,257,299,311,323,436,448,571,217,430,430,1,230,443,443,443],"floor_reached":25,"language":"ZHS","playtime":2255,"items_purged":["Replay:Hysterical Blindness"],"score":278,"play_id":"b08d6e05-8fe6-44b5-aedd-d834cdaca5b6","local_time":"20210121143844","is_ascension_mode":true,"campfire_choices":[{"floor":7.0,"key":"REST"},{"floor":12.0,"key":"REST"},{"floor":15.0,"key":"REST"}],"circlet_count":0,"master_deck":["hermit:Strike_Hermit","hermit:Strike_Hermit","hermit:Strike_Hermit","hermit:Defend_Hermit","hermit:Defend_Hermit","hermit:Defend_Hermit","hermit:Defend_Hermit","hermit:Snapshot","hermit:Covet+1","hermit:Reprieve","hermit:Dive","hermit:SprayPray","hermit:Vantage","hermit:OverwhelmingPower","hermit:Vantage","hermit:Determination","hermit:WideOpen","hermit:Vantage","Juggernaut","hermit:Combo","Looming Evil","hermit:Cheat","TheSimpletonMod:Nettles","Overencumbered"],"relics":["REME_ComplimentaryCards","Fusion Hammer","REME_PuzzleBoxRelic","Tiny Chest","MawBank","Bag of Preparation","PrismaticShard","REME_DemonsWealth","Matryoshka","Boot","ReplayFunnel","Shuriken","Anchor","FossilizedHelix"],"acts_visited":["Exordium","TheCity"],"potions_floor_usage":[],"damage_taken":[{"damage":0.0,"enemies":"2 Louse","floor":1.0,"turns":3.0},{"damage":0.0,"enemies":"Small Slimes","floor":2.0,"turns":4.0},{"damage":0.0,"enemies":"Jaw Worm","floor":3.0,"turns":3.0},{"damage":8.0,"enemies":"Red Slaver","floor":4.0,"turns":5.0},{"damage":9.0,"enemies":"2 Fungi Beasts","floor":5.0,"turns":5.0},{"damage":12.0,"enemies":"Lagavulin","floor":6.0,"turns":6.0},{"damage":18.0,"enemies":"3 Sentries","floor":8.0,"turns":7.0},{"damage":27.0,"enemies":"Replay:BlueRogue","floor":13.0,"turns":5.0},{"damage":59.0,"enemies":"The Guardian","floor":16.0,"turns":10.0},{"damage":8.0,"enemies":"Chosen","floor":18.0,"turns":5.0},{"damage":48.0,"enemies":"3 Byrds","floor":20.0,"turns":6.0},{"damage":26.0,"enemies":"Gremlin Leader","floor":23.0,"turns":5.0},{"damage":0.0,"enemies":"Snecko","floor":24.0,"turns":3.0},{"damage":33,"enemies":"Slavers","floor":25,"turns":3}],"seed_played":"8160192179998875112","potions_obtained":[{"floor":1.0,"key":"hermit:Eclipse"},{"floor":3.0,"key":"Block Potion"},{"floor":8.0,"key":"SpeedPotion"},{"floor":13.0,"key":"PowerPotion"},{"floor":20.0,"key":"Cursed Concoction"},{"floor":24.0,"key":"Elixir"}],"is_trial":false,"path_per_floor":["M","M","M","M","M","E","R","E","T","?","?","R","E","?","R","B",null,"M","$","M","T","$","E","M","E"],"character_chosen":"HERMIT","items_purchased":["Matryoshka","hermit:Combo","Shuriken","Anchor","hermit:Cheat"],"campfire_rested":3,"item_purchase_floors":[19,19,22,22,22],"current_hp_per_floor":[75,75,75,67,58,50,72,54,54,54,54,75,52,52,74,23,75,67,67,19,19,19,13,21,0,0],"gold":443,"neow_bonus":"BOSS_RELIC","is_daily":false,"chose_seed":false,"campfire_upgraded":0,"win_rate":0.0,"timestamp":1611254324,"path_taken":["M","M","M","M","M","E","R","E","T","?","?","R","E","?","R","BOSS","M","$","M","?","?","E","?","E"],"items_purchased_type":["Relic","Card","Relic","Relic","Card"],"build_version":"2020-12-22","purchased_purges":1,"victory":false,"max_hp_per_floor":[75,75,75,75,75,75,75,75,75,75,75,75,75,75,75,75,75,75,75,75,75,75,75,75,75,75],"card_choices":[{"not_picked":["hermit:LowProfile","hermit:ItchyTrigger"],"picked":"hermit:Dive","floor":1.0},{"not_picked":["hermit:Maintenance","hermit:CalledShot"],"picked":"hermit:SprayPray","floor":2.0},{"not_picked":["hermit:Roulette","hermit:Ricochet"],"picked":"hermit:Vantage","floor":3.0},{"not_picked":["hermit:Dive","hermit:BodyArmor"],"picked":"hermit:OverwhelmingPower","floor":4.0},{"not_picked":["hermit:LowProfile","hermit:Dive"],"picked":"hermit:Vantage","floor":5.0},{"not_picked":["hermit:HighCaliber","hermit:Showdown"],"picked":"hermit:Determination","floor":6.0},{"not_picked":["hermit:Feint","hermit:Coalescence"],"picked":"hermit:WideOpen","floor":8.0},{"not_picked":["hermit:Spite","hermit:TakeCover"],"picked":"hermit:Vantage","floor":13.0},{"not_picked":["REME_BattleFury","TheSimpletonMod:CrackOfDawn"],"picked":"Juggernaut","floor":16.0},{"not_picked":["Flechettes","REME_Whirling","FlurryOfBlows+1"],"picked":"Replay:Hysterical Blindness","floor":18.0},{"not_picked":["hermit:Virtue","chefmod:Ratatouille","RobotSpaceExplorer:SwiftStep"],"picked":"Looming Evil","floor":20.0},{"not_picked":["PathToVictory","Cleave","Forethought"],"picked":"TheSimpletonMod:Nettles","floor":23.0},{"not_picked":["chefmod:Fillet+1","Gensokyo:BrilliantDragonBullet","Crippling Poison+1"],"picked":"Overencumbered","floor":24.0}],"player_experience":181648,"relics_obtained":[{"floor":6.0,"key":"REME_PuzzleBoxRelic"},{"floor":8.0,"key":"Tiny Chest"},{"floor":9.0,"key":"MawBank"},{"floor":13.0,"key":"Bag of Preparation"},{"floor":21.0,"key":"Boot"},{"floor":21.0,"key":"ReplayFunnel"},{"floor":23.0,"key":"FossilizedHelix"}],"event_choices":[{"cards_removed":["hermit:Strike_Hermit"],"damage_healed":0.0,"max_hp_gain":0.0,"max_hp_loss":0.0,"gold_gain":0.0,"event_name":"The Cleric","player_choice":"Card Removal","floor":10.0,"gold_loss":50.0,"damage_taken":0.0}],"is_beta":false,"boss_relics":[{"not_picked":["Painkiller Herb","Replay:Wanted Poster"],"picked":"REME_DemonsWealth"}],"items_purged_floors":[19],"is_endless":false,"potions_floor_spawned":[1,3,8,13,20,24],"killed_by":"Slavers","ascension_level":1}}