{"host":"miejrq8yypas90n2","time":1611205336,"event":{"mods":["100% Spire Juice","Act Like it!","BaseMod","Colored Powertips","Gensokyo","Marisa£®ÏF”Í°°ƒß¿Ì…≥£©","Minty Spire (QoL Compilation)","Reimu£®≤©¿ˆ¡È√Œ£©","StSLib","The Gatherer"],"gold_per_floor":[113,113,128,128,143,143,154,154,179,34,34,34,34],"floor_reached":11,"language":"ZHS","playtime":387,"items_purged":[],"score":63,"play_id":"682ad46d-7a57-4347-b87b-167685e8ee8c","local_time":"20210121130216","is_ascension_mode":false,"metric_token":661,"campfire_choices":[{"data":"Gatherer:ScentOfRosmari","floor":6.0,"key":"SMITH"},{"data":"Gatherer:Centralize","floor":8.0,"key":"SMITH"}],"circlet_count":0,"master_deck":["Gatherer:Strike_Gatherer","Gatherer:Strike_Gatherer","Gatherer:Strike_Gatherer","Gatherer:Defend_Gatherer","Gatherer:Defend_Gatherer","Gatherer:Defend_Gatherer","Gatherer:Defend_Gatherer","Gatherer:Centralize+1","Gatherer:FlowerWhip","Gatherer:ScentOfRosmari+1","Gatherer:Convert","Gatherer:SaveValuables"],"relics":["Philosopher\u0027s Stone","Happy Flower","Medical Kit"],"acts_visited":["Gensokyo:Gensokyo"],"potions_floor_usage":[],"damage_taken":[{"damage":1.0,"enemies":"Gensokyo:2_Kodama","floor":1.0,"turns":3.0},{"damage":2.0,"enemies":"Gensokyo:Python","floor":3.0,"turns":4.0},{"damage":0.0,"enemies":"Gensokyo:3_Fairies","floor":5.0,"turns":3.0},{"damage":9.0,"enemies":"Gensokyo:LivingMonolith","floor":7.0,"turns":4.0},{"damage":32,"enemies":"Gensokyo:Cirno","floor":11,"turns":5}],"seed_played":"8734095472102403402","potions_obtained":[{"floor":1.0,"key":"SpeedPotion"}],"is_trial":false,"path_per_floor":["M","?","M","?","M","R","M","R","T","$","E"],"character_chosen":"THE_GATHERER","items_purchased":["Medical Kit"],"campfire_rested":0,"item_purchase_floors":[10],"current_hp_per_floor":[71,43,41,41,41,41,32,32,32,32,0,0,0],"gold":34,"neow_bonus":"BOSS_RELIC","is_daily":false,"chose_seed":false,"campfire_upgraded":2,"win_rate":0.0,"timestamp":1611205336,"path_taken":["M","?","M","?","M","R","M","R","T","$","E"],"items_purchased_type":["Relic"],"build_version":"2020-12-22","purchased_purges":0,"victory":false,"max_hp_per_floor":[72,72,72,72,72,72,72,72,72,72,72,72,72],"card_choices":[{"not_picked":["Gatherer:Solidify","Gatherer:SaveValuables"],"picked":"Gatherer:ScentOfRosmari","floor":1.0},{"not_picked":["Gatherer:AcidicSpray","Gatherer:Frenzy"],"picked":"Gatherer:Convert","floor":3.0},{"not_picked":["Gatherer:FragileHammer","Gatherer:EchoOfNature","Gatherer:BigPouch"],"picked":"SKIP","floor":5.0},{"not_picked":["Gatherer:Enchant","Gatherer:AcidicSpray"],"picked":"Gatherer:SaveValuables","floor":7.0}],"player_experience":288181,"relics_obtained":[{"floor":9.0,"key":"Happy Flower"}],"event_choices":[],"is_beta":false,"boss_relics":[],"items_purged_floors":[],"is_endless":false,"potions_floor_spawned":[1],"killed_by":"Gensokyo:Cirno","ascension_level":0}}