{"host":"t179ovrkr5k1gnfh","time":1611262899,"event":{"mods":["AchievementEnabler","BaseMod","Colored Map","Minty Spire (QoL Compilation)"],"gold_per_floor":[19,29,29,54,54,95,95,131,131,131,165,165,165,165,165,284,284,302,502,522,535,112,112,148,73,100,100,133,156,174,198,198,327,327,340,403,426,426,449,449,480,480,480,146,146,162,162,231,231,231,231,231,60,94,94],"floor_reached":56,"language":"ENG","playtime":4469,"items_purged":[],"score":1328,"play_id":"f277d038-c392-41f7-976d-8758c6a9a7cc","local_time":"20210121220139","is_ascension_mode":true,"campfire_choices":[{"data":"Mayhem","floor":7.0,"key":"SMITH"},{"data":"Bash","floor":10.0,"key":"SMITH"},{"data":"Pommel Strike","floor":12.0,"key":"SMITH"},{"floor":15.0,"key":"REST"},{"data":"Evolve","floor":23.0,"key":"SMITH"},{"data":"Armaments","floor":32,"key":"SMITH"},{"data":"True Grit","floor":40,"key":"SMITH"},{"data":"Body Slam","floor":45,"key":"SMITH"},{"data":"1","floor":47,"key":"LIFT"},{"floor":49,"key":"RECALL"},{"data":"2","floor":52,"key":"LIFT"}],"circlet_count":0,"master_deck":["Bash+1","Mayhem+1","Seeing Red","Metallicize","Shockwave","Pommel Strike+1","Feed+1","Double Tap","Disarm","Metallicize","Second Wind","Metallicize","Immolate+1","Shrug It Off","Power Through","Evolve+1","Thinking Ahead","Mayhem+1","Dual Wield+1","Armaments+1","Whirlwind","Demon Form","Heavy Blade","True Grit+1","Entrench+1","Reaper","Body Slam+1"],"relics":["Burning Blood","Golden Idol","Smiling Mask","Mango","Gremlin Horn","Mercury Hourglass","Lantern","Pandora\u0027s Box","DollysMirror","Sundial","Bag of Marbles","InkBottle","Mark of Pain","Unceasing Top","Blood Vial","Girya","Potion Belt","Self Forming Clay","Du-Vu Doll","Whetstone"],"acts_visited":["Exordium","TheCity","TheBeyond","TheEnding"],"potions_floor_usage":[33,35,35,46,50,50,54,54],"damage_taken":[{"damage":4.0,"enemies":"2 Louse","floor":1.0,"turns":3.0},{"damage":3.0,"enemies":"Jaw Worm","floor":2.0,"turns":4.0},{"damage":3.0,"enemies":"Cultist","floor":4.0,"turns":4.0},{"damage":10.0,"enemies":"Lagavulin","floor":6.0,"turns":7.0},{"damage":27.0,"enemies":"Gremlin Nob","floor":8.0,"turns":5.0},{"damage":10.0,"enemies":"Lagavulin","floor":11.0,"turns":6.0},{"damage":43.0,"enemies":"Hexaghost","floor":16.0,"turns":12.0},{"damage":10.0,"enemies":"2 Thieves","floor":18.0,"turns":3.0},{"damage":0.0,"enemies":"3 Byrds","floor":20.0,"turns":4.0},{"damage":2.0,"enemies":"Snecko","floor":21.0,"turns":7.0},{"damage":25.0,"enemies":"Slavers","floor":24.0,"turns":7.0},{"damage":9.0,"enemies":"Gremlin Leader","floor":28.0,"turns":5.0},{"damage":12.0,"enemies":"Snake Plant","floor":29.0,"turns":6.0},{"damage":0.0,"enemies":"Centurion and Healer","floor":30.0,"turns":4.0},{"damage":1,"enemies":"Snecko","floor":31,"turns":6},{"damage":17,"enemies":"Automaton","floor":33,"turns":7},{"damage":6,"enemies":"3 Darklings","floor":35,"turns":5},{"damage":26,"enemies":"Mind Bloom Boss Battle","floor":36,"turns":6},{"damage":1,"enemies":"Orb Walker","floor":37,"turns":5},{"damage":0,"enemies":"Jaw Worm Horde","floor":39,"turns":2},{"damage":32,"enemies":"Nemesis","floor":41,"turns":7},{"damage":7,"enemies":"4 Shapes","floor":46,"turns":4},{"damage":13,"enemies":"2 Orb Walkers","floor":48,"turns":6},{"damage":81,"enemies":"Awakened One","floor":50,"turns":9},{"damage":20,"enemies":"Shield and Spear","floor":54,"turns":7},{"damage":95,"enemies":"The Heart","floor":55,"turns":10}],"seed_played":"4376074701200757485","potions_obtained":[{"floor":6.0,"key":"Fire Potion"},{"floor":16.0,"key":"ElixirPotion"},{"floor":20.0,"key":"GamblersBrew"},{"floor":24.0,"key":"GamblersBrew"},{"floor":28.0,"key":"DuplicationPotion"},{"floor":33,"key":"Energy Potion"},{"floor":41,"key":"FairyPotion"},{"floor":46,"key":"Dexterity Potion"}],"is_trial":false,"path_per_floor":["M","M","?","M","?","E","R","E","T","R","E","R","?","T","R","B",null,"M","?","M","M","$","R","E","?","T","?","E","M","M","M","R","B",null,"M","?","M","T","M","R","E","?","T","$","R","M","R","?","R","B",null,"R","$","E","B",null],"character_chosen":"IRONCLAD","items_purchased":["Battle Trance","Thinking Ahead","DollysMirror","Body Slam","Self Forming Clay","SkillPotion","Block Potion","GamblersBrew","BlessingOfTheForge"],"campfire_rested":1,"item_purchase_floors":[22,22,22,44,44,44,53,53,53],"current_hp_per_floor":[80,80,60,63,56,66,66,45,45,45,41,41,34,34,62,25,94,93,93,100,100,100,100,81,81,81,100,97,91,101,108,108,97,108,108,88,93,93,104,104,80,80,80,80,80,84,84,95,95,58,114,114,114,110,60],"gold":94,"neow_bonus":"RANDOM_COLORLESS_2","is_daily":false,"chose_seed":false,"campfire_upgraded":7,"win_rate":0.0,"timestamp":1611262899,"path_taken":["M","M","?","M","?","E","R","E","T","R","E","R","?","?","R","BOSS","M","?","?","M","$","R","E","?","T","?","E","?","M","M","R","BOSS","M","?","M","?","?","R","E","?","T","?","R","M","R","?","R","BOSS","R","$","E","BOSS"],"items_purchased_type":["Card","Card","Relic","Card","Relic","Potion","Potion","Potion","Potion"],"build_version":"2020-12-22","purchased_purges":0,"victory":true,"max_hp_per_floor":[80,80,80,80,80,94,94,94,94,94,94,94,94,94,94,94,94,97,97,100,100,100,100,100,100,100,100,100,100,104,108,108,108,108,108,108,108,108,111,111,111,111,111,111,111,114,114,114,114,114,114,114,114,114,114],"card_choices":[{"not_picked":["Violence","Panache"],"picked":"Mayhem","floor":0.0},{"not_picked":["Cleave","Havoc"],"picked":"Seeing Red","floor":1.0},{"not_picked":["Hemokinesis","Dropkick"],"picked":"Metallicize","floor":2.0},{"not_picked":["Twin Strike","Rage"],"picked":"Shockwave","floor":4.0},{"not_picked":["Immolate","Combust","Cleave"],"picked":"SKIP","floor":6.0},{"not_picked":["Bloodletting","Havoc","Clash"],"picked":"SKIP","floor":8.0},{"not_picked":["Evolve","Rampage"],"picked":"Pommel Strike","floor":11.0},{"not_picked":["Brutality","Double Tap"],"picked":"Feed","floor":16.0},{"not_picked":["Twin Strike","Rage","Perfected Strike"],"picked":"SKIP","floor":18.0},{"not_picked":["Havoc+1","Perfected Strike","Infernal Blade"],"picked":"SKIP","floor":20.0},{"not_picked":["Metallicize+1","Perfected Strike+1"],"picked":"Evolve","floor":21.0},{"not_picked":["Power Through","Spot Weakness+1","Shrug It Off+1"],"picked":"SKIP","floor":24.0},{"not_picked":["Havoc","Clash"],"picked":"Dual Wield+1","floor":28.0},{"not_picked":["Wild Strike","Havoc"],"picked":"Armaments","floor":29.0},{"not_picked":["Hemokinesis","Wild Strike"],"picked":"Whirlwind","floor":30.0},{"not_picked":["Feel No Pain","Flex","Flame Barrier"],"picked":"SKIP","floor":31},{"not_picked":["Fiend Fire","Corruption"],"picked":"Demon Form","floor":33},{"not_picked":["Shrug It Off+1","Blood for Blood+1","Twin Strike"],"picked":"SKIP","floor":35},{"not_picked":["Pummel+1","Warcry+1"],"picked":"Heavy Blade","floor":36},{"not_picked":["Iron Wave+1","Hemokinesis+1"],"picked":"True Grit","floor":37},{"not_picked":["Searing Blow+1","Anger"],"picked":"Entrench+1","floor":39},{"not_picked":["Perfected Strike+1","Rupture+1"],"picked":"Reaper","floor":41},{"not_picked":["Clash+1","Shrug It Off","Twin Strike+1"],"picked":"SKIP","floor":46},{"not_picked":["Immolate","True Grit+1","Whirlwind"],"picked":"SKIP","floor":54}],"player_experience":87688,"relics_obtained":[{"floor":6.0,"key":"Mango"},{"floor":8.0,"key":"Gremlin Horn"},{"floor":9.0,"key":"Mercury Hourglass"},{"floor":11.0,"key":"Lantern"},{"floor":24.0,"key":"Sundial"},{"floor":26.0,"key":"Bag of Marbles"},{"floor":28.0,"key":"InkBottle"},{"floor":36,"key":"Unceasing Top"},{"floor":38,"key":"Blood Vial"},{"floor":41,"key":"Girya"},{"floor":43,"key":"Potion Belt"},{"floor":48,"key":"Du-Vu Doll"},{"floor":54,"key":"Whetstone"}],"event_choices":[{"damage_healed":0.0,"max_hp_gain":0.0,"max_hp_loss":0.0,"gold_gain":0.0,"event_name":"Golden Idol","player_choice":"Take Damage","floor":3.0,"gold_loss":0.0,"damage_taken":20.0,"relics_obtained":["Golden Idol"]},{"damage_healed":0.0,"max_hp_gain":0.0,"max_hp_loss":0.0,"gold_gain":0.0,"event_name":"Scrap Ooze","player_choice":"Success","floor":5.0,"gold_loss":0.0,"damage_taken":7.0,"relics_obtained":["Smiling Mask"]},{"cards_removed":["Strike_R"],"damage_healed":0.0,"max_hp_gain":0.0,"max_hp_loss":0.0,"gold_gain":0.0,"event_name":"Golden Wing","player_choice":"Card Removal","floor":13.0,"gold_loss":0.0,"damage_taken":7.0},{"damage_healed":0.0,"max_hp_gain":0.0,"max_hp_loss":0.0,"gold_gain":200.0,"event_name":"Wheel of Change","player_choice":"Gold","floor":19.0,"gold_loss":0.0,"damage_taken":0.0},{"cards_removed":["Battle Trance"],"damage_healed":0.0,"max_hp_gain":0.0,"max_hp_loss":0.0,"gold_gain":0.0,"event_name":"Beggar","player_choice":"Gave Gold","floor":25.0,"gold_loss":75.0,"damage_taken":0.0},{"damage_healed":19.0,"max_hp_gain":0.0,"max_hp_loss":0.0,"gold_gain":0.0,"event_name":"Wheel of Change","player_choice":"Full Heal","floor":27.0,"gold_loss":0.0,"damage_taken":0.0},{"damage_healed":0,"gold_gain":0,"player_choice":"Fight","damage_taken":0,"max_hp_gain":0,"max_hp_loss":0,"event_name":"MindBloom","floor":36,"gold_loss":0},{"damage_healed":0,"gold_gain":0,"player_choice":"Memory 1","damage_taken":0,"max_hp_gain":0,"max_hp_loss":0,"event_name":"SensoryStone","floor":42,"gold_loss":0},{"damage_healed":0,"gold_gain":0,"player_choice":"Fight","damage_taken":0,"max_hp_gain":0,"max_hp_loss":0,"event_name":"Mysterious Sphere","floor":48,"gold_loss":0}],"is_beta":false,"boss_relics":[{"not_picked":["Tiny House","Black Blood"],"picked":"Pandora\u0027s Box"},{"not_picked":["Sozu","Fusion Hammer"],"picked":"Mark of Pain"}],"items_purged_floors":[],"is_endless":false,"potions_floor_spawned":[6,16,20,24,28,33,41,46],"ascension_level":1}}