{"host":"m7puq4mk16tgc6yn","time":1611189778,"event":{"mods":["AchievementEnabler","BaseMod","Colored Map","Colored Powertips","Minty Spire (QoL Compilation)","Relic Stats"],"gold_per_floor":[110,128,140,20,33,64,83,113,165,195,195,208,208,208,208,334,334,350,368,388,234,258,258,258],"floor_reached":23,"language":"ENG","playtime":1117,"items_purged":["Strike_B","Strike_B"],"score":269,"play_id":"ab32dcb9-675c-4def-b3a0-3eaab8cc984f","local_time":"20210120164258","is_ascension_mode":true,"campfire_choices":[{"data":"Defragment","floor":11,"key":"SMITH"},{"data":"Glacier","floor":13,"key":"SMITH"},{"data":"Loop","floor":15,"key":"SMITH"}],"circlet_count":0,"master_deck":["Strike_B","Strike_B","Defend_B","Defend_B","Defend_B","Defend_B","Zap","Dualcast","Glacier+1","Rebound","Beam Cell","Sweeping Beam","Ball Lightning","Defragment+1","Leap","Loop+1","Sweeping Beam+1","Undo","Seek","Conserve Battery","Cold Snap+1","Loop+1","Turbo","Streamline+1"],"relics":["Cracked Core","Ice Cream","Art of War","Strawberry","Molten Egg 2","Golden Idol","SlaversCollar"],"acts_visited":["Exordium","TheCity"],"potions_floor_usage":[6,10,23,23,23],"damage_taken":[{"damage":0,"enemies":"Cultist","floor":1,"turns":4},{"damage":7,"enemies":"2 Louse","floor":2,"turns":2},{"damage":2,"enemies":"Jaw Worm","floor":3,"turns":6},{"damage":2,"enemies":"Blue Slaver","floor":5,"turns":4},{"damage":4,"enemies":"Lagavulin","floor":6,"turns":6},{"damage":10,"enemies":"Lots of Slimes","floor":7,"turns":2},{"damage":22,"enemies":"Gremlin Nob","floor":8,"turns":4},{"damage":15,"enemies":"3 Sentries","floor":10,"turns":5},{"damage":4,"enemies":"Red Slaver","floor":12,"turns":2},{"damage":4,"enemies":"Slime Boss","floor":16,"turns":10},{"damage":1,"enemies":"Spheric Guardian","floor":18,"turns":5},{"damage":12,"enemies":"Shell Parasite","floor":19,"turns":6},{"damage":39,"enemies":"Cultist and Chosen","floor":20,"turns":11},{"damage":12,"enemies":"Shelled Parasite and Fungi","floor":22,"turns":5},{"damage":6,"enemies":"Slavers","floor":23,"turns":1}],"seed_played":"8433812684055879432","potions_obtained":[{"floor":1,"key":"PotionOfCapacity"},{"floor":5,"key":"SkillPotion"},{"floor":6,"key":"Energy Potion"},{"floor":8,"key":"Fire Potion"},{"floor":20,"key":"FearPotion"},{"floor":22,"key":"Ancient Potion"}],"is_trial":false,"path_per_floor":["M","M","M","$","M","E","M","E","T","E","R","M","R","?","R","B",null,"M","M","M","$","M","E"],"character_chosen":"DEFECT","items_purchased":["Sweeping Beam","Turbo"],"campfire_rested":0,"item_purchase_floors":[4,21],"current_hp_per_floor":[82,75,73,73,71,67,57,35,42,27,27,23,23,23,23,19,66,65,53,14,14,2,0,0],"gold":258,"neow_bonus":"TEN_PERCENT_HP_BONUS","is_daily":false,"chose_seed":false,"campfire_upgraded":3,"win_rate":0.0,"timestamp":1611189778,"path_taken":["M","M","M","$","?","E","M","E","T","E","R","M","R","?","R","BOSS","M","M","M","$","M","E"],"items_purchased_type":["Card","Card"],"build_version":"2020-12-22","purchased_purges":2,"victory":false,"max_hp_per_floor":[82,82,82,82,82,82,82,82,89,89,89,89,89,82,82,82,82,82,82,82,82,82,82,82],"relic_stats":{"counters":[15,72],"Golden Idol":41,"Art of War":[6],"obtain_stats":[{"Ice Cream":6,"SlaversCollar":17,"Golden Idol":14,"Strawberry":9,"Molten Egg 2":10,"Art of War":8,"Cracked Core":0},{"Ice Cream":5,"SlaversCollar":10,"Golden Idol":9,"Strawberry":7,"Molten Egg 2":8,"Art of War":7,"Cracked Core":0},{"Ice Cream":22,"SlaversCollar":45,"Golden Idol":35,"Strawberry":28,"Molten Egg 2":33,"Art of War":28,"Cracked Core":0}]},"card_choices":[{"not_picked":["Chill","Genetic Algorithm"],"picked":"Glacier","floor":1},{"not_picked":["Steam","Static Discharge"],"picked":"Rebound","floor":2},{"not_picked":["Barrage","Sunder"],"picked":"Beam Cell","floor":3},{"not_picked":["Auto Shields","Gash"],"picked":"Ball Lightning","floor":5},{"not_picked":["Undo","Buffer"],"picked":"Defragment","floor":6},{"not_picked":["Coolheaded","Sweeping Beam"],"picked":"Leap","floor":7},{"not_picked":["Force Field","Steam Power"],"picked":"Loop","floor":8},{"not_picked":["Steam","Hologram"],"picked":"Sweeping Beam+1","floor":10},{"not_picked":["Compile Driver+1","Leap"],"picked":"Undo","floor":12},{"not_picked":["Machine Learning","Meteor Strike+1"],"picked":"Seek","floor":16},{"not_picked":["Coolheaded","Chaos"],"picked":"Conserve Battery","floor":18},{"not_picked":["Steam","Ball Lightning+1"],"picked":"Cold Snap+1","floor":19},{"not_picked":["Gash+1","Sweeping Beam+1"],"picked":"Loop+1","floor":20},{"not_picked":["Beam Cell+1","Barrage+1"],"picked":"Streamline+1","floor":22}],"player_experience":88672,"relics_obtained":[{"floor":6,"key":"Ice Cream"},{"floor":8,"key":"Art of War"},{"floor":9,"key":"Strawberry"},{"floor":10,"key":"Molten Egg 2"}],"event_choices":[{"damage_healed":0,"gold_gain":0,"player_choice":"Lose Max HP","damage_taken":0,"relics_obtained":["Golden Idol"],"max_hp_gain":0,"max_hp_loss":7,"event_name":"Golden Idol","floor":14,"gold_loss":0}],"is_beta":false,"boss_relics":[{"not_picked":["Pandora\u0027s Box","Runic Dome"],"picked":"SlaversCollar"}],"items_purged_floors":[4,21],"is_endless":false,"potions_floor_spawned":[1,5,6,8,20,22],"killed_by":"Slavers","ascension_level":5}}