{"host":"6p0attdrtjqaih7v","time":1611217058,"event":{"mods":["2.2 Compatiblity","AchievementEnabler","Bard","BaseMod","Better Skull","Better Third Choice","Colored Powertips","Hermit","Highlight Path","Jorbs\u0027s Wanderer Trilogy","Key Reminder","Minty Spire (QoL Compilation)","Permanent Neow","Quick Restart","Random Character Button","Relic Stats","Replay The Spire","Robot Space Explorer","StSLib"],"gold_per_floor":[118,136,136,136,148,174,174,201,201,218,13,13,24,55,55,127,127,147,158,158,158,177,208,208,208,235,235,268,284,313,115,115,191,191,206,225,240,293,4,33,33,45,45,116,116,116,143,160,160,160],"floor_reached":51,"language":"ENG","playtime":2389,"items_purged":["RobotSpaceExplorer:Defend"],"score":1424,"play_id":"60f3b971-7e06-48b4-b49c-e57339ef5b81","local_time":"20210121031738","is_ascension_mode":true,"campfire_choices":[{"data":"RobotSpaceExplorer:Asteroid","floor":7,"key":"SMITH"},{"data":"RobotSpaceExplorer:Electropulse","floor":12,"key":"SMITH"},{"data":"RobotSpaceExplorer:FreezingShield","floor":15,"key":"SMITH"},{"data":"RobotSpaceExplorer:ShockMissile","floor":25,"key":"SMITH"},{"data":"RobotSpaceExplorer:ChargingLaser","floor":27,"key":"SMITH"},{"data":"RobotSpaceExplorer:ExhaustFan","floor":32,"key":"SMITH"},{"data":"RobotSpaceExplorer:ShovelStrike","floor":41,"key":"SMITH"},{"floor":45,"key":"REST"},{"floor":49,"key":"REST"}],"circlet_count":0,"master_deck":["AscendersBane","RobotSpaceExplorer:Defend","RobotSpaceExplorer:Defend","RobotSpaceExplorer:Defend","RobotSpaceExplorer:Scan","RobotSpaceExplorer:MiniLasers","RobotSpaceExplorer:ShockMissile+1","RobotSpaceExplorer:ShovelStrike","RobotSpaceExplorer:MetalStrike","RobotSpaceExplorer:ShovelStrike+1","RobotSpaceExplorer:Asteroid+1","RobotSpaceExplorer:Electropulse+1","RobotSpaceExplorer:ScrapToss","RobotSpaceExplorer:FreezingShield+1","RobotSpaceExplorer:TrailblazerForm","RobotSpaceExplorer:Electropulse+1","RobotSpaceExplorer:Calculate+1","RobotSpaceExplorer:ScrapMissile+1","RobotSpaceExplorer:ExhaustFan+1","RobotSpaceExplorer:ChargingLaser+1","RobotSpaceExplorer:TrailblazerForm","RobotSpaceExplorer:ScrapShield","Flash of Steel","RobotSpaceExplorer:StarLightning","RobotSpaceExplorer:FreezingShield+1","RobotSpaceExplorer:ExhaustFan+1","Madness","Madness","RobotSpaceExplorer:ChargingLaser","RobotSpaceExplorer:IronShell+1"],"relics":["RobotSpaceExplorer:RoboCore","Bag of Preparation","ReplayTheSpireMod:Ninjato","Gremlin Horn","Strawberry","Potion Belt","Astrolabe","RobotSpaceExplorer:ToughPlating","PreservedInsect","Shuriken","Replay:Bottled Flurry","BargainBundle","Sozu","Pocketwatch","Thread and Needle","Snack Pack","Girya","Bronze Scales","ReplayTheSpireMod:TigerMarble"],"acts_visited":["Exordium","TheCity","TheBeyond"],"potions_floor_usage":[6,16,23,28,30,33,33,33,38],"damage_taken":[{"damage":7,"enemies":"2 Louse","floor":1,"turns":5},{"damage":8,"enemies":"Small Slimes","floor":2,"turns":4},{"damage":0,"enemies":"Cultist","floor":5,"turns":3},{"damage":28,"enemies":"Lagavulin","floor":6,"turns":8},{"damage":8,"enemies":"3 Sentries","floor":8,"turns":6},{"damage":0,"enemies":"Large Slime","floor":10,"turns":2},{"damage":0,"enemies":"2 Fungi Beasts","floor":13,"turns":1},{"damage":2,"enemies":"Gremlin Nob","floor":14,"turns":2},{"damage":0,"enemies":"Slime Boss","floor":16,"turns":4},{"damage":0,"enemies":"Chosen","floor":18,"turns":4},{"damage":0,"enemies":"2 Thieves","floor":19,"turns":2},{"damage":1,"enemies":"Sentry and Sphere","floor":22,"turns":2},{"damage":15,"enemies":"Gremlin Leader","floor":23,"turns":3},{"damage":0,"enemies":"Slavers","floor":28,"turns":2},{"damage":0,"enemies":"Shelled Parasite and Fungi","floor":29,"turns":1},{"damage":3,"enemies":"Book of Stabbing","floor":30,"turns":4},{"damage":19,"enemies":"Automaton","floor":33,"turns":8},{"damage":0,"enemies":"Orb Walker","floor":35,"turns":5},{"damage":0,"enemies":"3 Darklings","floor":36,"turns":3},{"damage":9,"enemies":"Sphere and 2 Shapes","floor":37,"turns":3},{"damage":31,"enemies":"2 Orb Walkers","floor":38,"turns":5},{"damage":0,"enemies":"Giant Head","floor":40,"turns":5},{"damage":0,"enemies":"Maw","floor":42,"turns":5},{"damage":4,"enemies":"R_Hoarder","floor":47,"turns":5},{"damage":0,"enemies":"3 Darklings","floor":48,"turns":2},{"damage":21,"enemies":"Awakened One","floor":50,"turns":8}],"seed_played":"6694085674059404172","potions_obtained":[{"floor":5,"key":"RobotSpaceExplorer:RecyclePotion"},{"floor":10,"key":"ColorlessPotion"},{"floor":16,"key":"SpeedPotion"},{"floor":22,"key":"GamblersBrew"},{"floor":23,"key":"RobotSpaceExplorer:RecyclePotion"},{"floor":28,"key":"DistilledChaos"}],"is_trial":false,"path_per_floor":["M","M","?","?","M","E","R","E","T","M","$","R","M","E","R","B",null,"M","M","?","?","M","E","$","R","T","R","E","M","E","$","R","B",null,"M","M","M","?","$","E","R","M","T","?","R","?","E","M","R","B",null],"character_chosen":"RobotSpaceExplorer","items_purchased":["Strawberry","RobotSpaceExplorer:RecyclePotion","BargainBundle","Block Potion","GamblersBrew","Flash of Steel","RobotSpaceExplorer:StarLightning","Thread and Needle"],"campfire_rested":2,"item_purchase_floors":[11,11,31,31,31,31,31,39],"current_hp_per_floor":[61,53,58,58,58,30,30,22,22,22,29,29,29,27,27,27,72,72,72,72,72,71,56,56,56,56,56,56,56,53,53,53,34,74,74,74,65,34,34,34,34,44,44,23,49,38,46,56,82,85],"gold":160,"neow_bonus":"ONE_RANDOM_RARE_CARD","is_daily":false,"chose_seed":false,"campfire_upgraded":7,"win_rate":0.0,"timestamp":1611217058,"path_taken":["M","M","?","?","M","E","R","E","T","M","$","R","M","E","R","BOSS","M","?","?","?","M","E","?","R","T","R","E","M","E","$","R","BOSS","M","M","?","?","$","E","R","M","T","?","R","?","E","M","R","BOSS"],"items_purchased_type":["Relic","Potion","Relic","Potion","Potion","Card","Card","Relic"],"build_version":"2020-12-22","purchased_purges":1,"victory":true,"max_hp_per_floor":[75,75,80,80,80,80,80,80,80,80,87,87,87,87,87,87,87,87,87,87,87,87,87,87,87,87,87,87,87,87,87,87,87,87,87,87,87,87,87,87,87,87,87,87,87,87,87,87,87,87],"relic_stats":{"Sozu":5,"Gremlin Horn":[17,20],"counters":[26,102],"Shuriken":[64],"Astrolabe":["RobotSpaceExplorer:Electropulse","RobotSpaceExplorer:Calculate","RobotSpaceExplorer:ScrapMissile"],"Bronze Scales":[57],"PreservedInsect":302,"Bag of Preparation":[44],"obtain_stats":[{"Potion Belt":14,"Girya":43,"BargainBundle":31,"ReplayTheSpireMod:Ninjato":8,"Gremlin Horn":9,"Astrolabe":17,"RobotSpaceExplorer:RoboCore":0,"Thread and Needle":39,"PreservedInsect":26,"Bag of Preparation":6,"Sozu":34,"Shuriken":28,"Strawberry":11,"RobotSpaceExplorer:ToughPlating":23,"Bronze Scales":44,"Replay:Bottled Flurry":30,"Snack Pack":40,"ReplayTheSpireMod:TigerMarble":47,"Pocketwatch":38},{"Potion Belt":8,"Girya":23,"BargainBundle":16,"ReplayTheSpireMod:Ninjato":5,"Gremlin Horn":5,"Astrolabe":9,"RobotSpaceExplorer:RoboCore":0,"Thread and Needle":21,"PreservedInsect":13,"Bag of Preparation":4,"Sozu":17,"Shuriken":14,"Strawberry":6,"RobotSpaceExplorer:ToughPlating":13,"Bronze Scales":23,"Replay:Bottled Flurry":16,"Snack Pack":22,"ReplayTheSpireMod:TigerMarble":24,"Pocketwatch":21},{"Potion Belt":31,"Girya":87,"BargainBundle":53,"ReplayTheSpireMod:Ninjato":26,"Gremlin Horn":26,"Astrolabe":35,"RobotSpaceExplorer:RoboCore":0,"Thread and Needle":77,"PreservedInsect":46,"Bag of Preparation":20,"Sozu":61,"Shuriken":48,"Strawberry":28,"RobotSpaceExplorer:ToughPlating":46,"Bronze Scales":87,"Replay:Bottled Flurry":53,"Snack Pack":82,"ReplayTheSpireMod:TigerMarble":92,"Pocketwatch":77}],"Pocketwatch":[6]},"card_choices":[{"not_picked":["RobotSpaceExplorer:SelfCleaning","RobotSpaceExplorer:Probe"],"picked":"RobotSpaceExplorer:ShovelStrike","floor":1},{"not_picked":["RobotSpaceExplorer:MiniBoosters","RobotSpaceExplorer:StunGrenade"],"picked":"RobotSpaceExplorer:MetalStrike","floor":2},{"not_picked":["RobotSpaceExplorer:Probe","RobotSpaceExplorer:FranticSearch"],"picked":"RobotSpaceExplorer:ShovelStrike","floor":5},{"not_picked":["RobotSpaceExplorer:SwiftStep","RobotSpaceExplorer:FreezingShield"],"picked":"RobotSpaceExplorer:Asteroid","floor":6},{"not_picked":["RobotSpaceExplorer:SlimeMissile","RobotSpaceExplorer:Probe"],"picked":"RobotSpaceExplorer:Electropulse","floor":8},{"not_picked":["RobotSpaceExplorer:ShovelStrike","RobotSpaceExplorer:StarDust","RobotSpaceExplorer:Pulsar"],"picked":"SKIP","floor":10},{"not_picked":["RobotSpaceExplorer:StunGrenade","RobotSpaceExplorer:MiniDrones"],"picked":"RobotSpaceExplorer:ScrapToss","floor":13},{"not_picked":["RobotSpaceExplorer:ScrapMissile","RobotSpaceExplorer:DualCore"],"picked":"RobotSpaceExplorer:FreezingShield","floor":14},{"not_picked":["RobotSpaceExplorer:Multitool","RobotSpaceExplorer:Comet"],"picked":"RobotSpaceExplorer:TrailblazerForm","floor":16},{"not_picked":["RobotSpaceExplorer:ImprovisedAttack","RobotSpaceExplorer:StarLightning+1"],"picked":"RobotSpaceExplorer:ExhaustFan","floor":18},{"not_picked":["RobotSpaceExplorer:SurgingShield","RobotSpaceExplorer:ScrapMissile","RobotSpaceExplorer:Pulsar"],"picked":"SKIP","floor":19},{"not_picked":["RobotSpaceExplorer:SurgingShield","RobotSpaceExplorer:Pulsar","RobotSpaceExplorer:ShockKick"],"picked":"SKIP","floor":22},{"not_picked":["RobotSpaceExplorer:SurgingShield","RobotSpaceExplorer:Pulsar","RobotSpaceExplorer:ShockKick"],"picked":"SKIP","floor":22},{"not_picked":["RobotSpaceExplorer:Ammunition+1","RobotSpaceExplorer:MakeshiftVolley"],"picked":"RobotSpaceExplorer:ChargingLaser","floor":23},{"not_picked":["RobotSpaceExplorer:Counterblock","RobotSpaceExplorer:FrostMissile+1"],"picked":"RobotSpaceExplorer:TrailblazerForm","floor":28},{"not_picked":["RobotSpaceExplorer:StunGrenade","RobotSpaceExplorer:SurgingStrike"],"picked":"RobotSpaceExplorer:ScrapShield","floor":29},{"not_picked":["RobotSpaceExplorer:MiniDrones","RobotSpaceExplorer:GlueSpray","RobotSpaceExplorer:Calculate"],"picked":"SKIP","floor":30},{"not_picked":["RobotSpaceExplorer:SurgingShield","RobotSpaceExplorer:ShockKick+1","RobotSpaceExplorer:FrostMissile"],"picked":"SKIP","floor":35},{"not_picked":["RobotSpaceExplorer:StarDust","RobotSpaceExplorer:ToxicBomb"],"picked":"RobotSpaceExplorer:FreezingShield+1","floor":36},{"not_picked":["RobotSpaceExplorer:ScrapMissile","RobotSpaceExplorer:StarDust","RobotSpaceExplorer:SlimeMissile"],"picked":"SKIP","floor":37},{"not_picked":["RobotSpaceExplorer:FranticSearch+1","RobotSpaceExplorer:Ammunition"],"picked":"RobotSpaceExplorer:ExhaustFan+1","floor":40},{"not_picked":["RobotSpaceExplorer:SurgingShield","RobotSpaceExplorer:DroneSwarm","RobotSpaceExplorer:Reload"],"picked":"SKIP","floor":42},{"not_picked":["RobotSpaceExplorer:Fix","RobotSpaceExplorer:FrostMissile+1"],"picked":"RobotSpaceExplorer:ChargingLaser","floor":47},{"not_picked":["RobotSpaceExplorer:MiniDrones","RobotSpaceExplorer:SurgingStrike"],"picked":"RobotSpaceExplorer:IronShell+1","floor":48}],"player_experience":902351,"relics_obtained":[{"floor":6,"key":"Bag of Preparation"},{"floor":8,"key":"ReplayTheSpireMod:Ninjato"},{"floor":9,"key":"Gremlin Horn"},{"floor":14,"key":"Potion Belt"},{"floor":23,"key":"RobotSpaceExplorer:ToughPlating"},{"floor":26,"key":"PreservedInsect"},{"floor":28,"key":"Shuriken"},{"floor":30,"key":"Replay:Bottled Flurry"},{"floor":38,"key":"Pocketwatch"},{"floor":40,"key":"Snack Pack"},{"floor":43,"key":"Girya"},{"floor":44,"key":"Bronze Scales"},{"floor":47,"key":"ReplayTheSpireMod:TigerMarble"}],"event_choices":[{"damage_healed":0,"gold_gain":0,"player_choice":"Donut","damage_taken":0,"max_hp_gain":5,"max_hp_loss":0,"event_name":"Big Fish","floor":3,"gold_loss":0},{"cards_removed":["RobotSpaceExplorer:Strike"],"damage_healed":0,"gold_gain":0,"player_choice":"Offered Basic","damage_taken":0,"max_hp_gain":0,"max_hp_loss":0,"event_name":"Bonfire Elementals","floor":4,"gold_loss":0},{"damage_healed":0,"gold_gain":0,"player_choice":"Fight","damage_taken":0,"max_hp_gain":0,"max_hp_loss":0,"event_name":"Mysterious Sphere","floor":38,"gold_loss":0},{"damage_healed":0,"gold_gain":0,"player_choice":"Embrace Madness","damage_taken":11,"max_hp_gain":0,"max_hp_loss":0,"event_name":"Winding Halls","floor":46,"gold_loss":0,"cards_obtained":["Madness","Madness"]}],"is_beta":false,"boss_relics":[{"not_picked":["Black Star","Painkiller Herb"],"picked":"Astrolabe"},{"not_picked":["ReplayTheSpireMod:DimensionalGlitch","Kintsugi"],"picked":"Sozu"}],"items_purged_floors":[31],"is_endless":false,"potions_floor_spawned":[5,10,13,16,22,23,28,36,37,47],"ascension_level":13}}