{"host":"qy89j0vid1u7yuu4","time":1611197646,"event":{"mods":["Act Like it!","Aspiration","BaseMod","Better Match","Better Third Choice","Card Forge","Colored Powertips","Conspire","Elementarium","GifTheSpireLib","Halation","Hermit","Hubris","Infinite Spire","Menagerie","Minty Spire (QoL Compilation)","Replay The Spire","Spicy Shops","StSLib","Stuff the Spire","The Blue Laboratory","The Jungle"],"gold_per_floor":[135,135,192,246,294,294,294],"floor_reached":6,"language":"ENG","playtime":279,"items_purged":[],"score":76,"play_id":"6f16546c-c6c8-4a73-b793-9df239614be2","local_time":"20210120195406","daily_mods":["Heirloom","Flight","Elite Swarm","Midas"],"is_ascension_mode":true,"campfire_choices":[],"circlet_count":0,"master_deck":["AscendersBane","Strike_P","Strike_P","Strike_P","Strike_P","Defend_P","Defend_P","Defend_P","Defend_P","Eruption+1","Vigilance+1","PathToVictory+1","Replay:AtTheReady","JustLucky","Halt"],"relics":["PureWater","Hammer of Thor","Seething Fire","Anvil of the Gods","Ring of Chaos","halation:QuantumPhysicsTextbook"],"acts_visited":["Exordium"],"potions_floor_usage":[5],"damage_taken":[{"damage":0,"enemies":"Cultist","floor":1,"turns":3},{"damage":2,"enemies":"infinitespire:Voidling","floor":3,"turns":4},{"damage":2,"enemies":"conspire:RoseBush","floor":4,"turns":3},{"damage":1,"enemies":"Red Slaver","floor":5,"turns":5},{"damage":10,"enemies":"3 Sentries","floor":6,"turns":2}],"seed_played":"3499130464802253618","potions_obtained":[{"floor":2,"key":"blueLaboratory:RememoryPotion"},{"floor":2,"key":"LifebloodPotion"},{"floor":3,"key":"DistilledChaos"}],"is_trial":true,"path_per_floor":["M","?","M","M","M","E"],"character_chosen":"WATCHER","items_purchased":[],"campfire_rested":0,"item_purchase_floors":[],"current_hp_per_floor":[61,61,59,57,56,46,46],"gold":294,"neow_bonus":"","is_daily":false,"chose_seed":false,"campfire_upgraded":0,"win_rate":0.0,"timestamp":1611197646,"path_taken":["M","?","M","M","M","E"],"items_purchased_type":[],"build_version":"2020-12-22","purchased_purges":0,"victory":false,"max_hp_per_floor":[68,68,68,68,68,68,68],"card_choices":[{"not_picked":["SandsOfTime","Protect"],"picked":"PathToVictory","floor":1},{"not_picked":["Replay:Anticipation","Protect"],"picked":"Replay:AtTheReady","floor":3},{"not_picked":["SashWhip","PathToVictory"],"picked":"JustLucky","floor":4},{"not_picked":["Tantrum","PathToVictory"],"picked":"Halt","floor":5}],"player_experience":112426,"relics_obtained":[],"event_choices":[{"damage_healed":0,"gold_gain":0,"player_choice":"Got Potions","damage_taken":0,"max_hp_gain":0,"max_hp_loss":0,"event_name":"Lab","floor":2,"gold_loss":0}],"is_beta":false,"boss_relics":[],"items_purged_floors":[],"is_endless":false,"potions_floor_spawned":[3,4],"killed_by":"3 Sentries","ascension_level":20}}