{"host":"tyeg9214rgutn7tb","time":1611233402,"event":{"mods":["BaseMod","Colored Map","Custom Start","Downfall","Minty Spire (QoL Compilation)","StSLib"],"gold_per_floor":[0,14,14,30,30,49,49,34,67,82,82,109,9,9,29,134,134,134,154,173,192,212,212,212,40,40,125,154,154,54,79,97,198,198,98,114,114,114,24,24,24,24,97,97,123,123,123,248,258,258,258,286,44,44,44,44],"floor_reached":57,"language":"ENG","playtime":3008,"items_purged":["bronze:Defend"],"score":2230,"play_id":"aa03dccd-28d8-4f3e-96a7-e38ed66592f7","local_time":"20210121135002","is_ascension_mode":true,"campfire_choices":[{"data":"bronze:Replicate","floor":1,"key":"SMITH"},{"data":"bronze:Terminator","floor":11,"key":"SMITH"},{"data":"bronze:Deprecate","floor":13,"key":"SMITH"},{"data":"bronze:Frontload","floor":18,"key":"SMITH"},{"data":"bronze:Flail","floor":23,"key":"SMITH"},{"data":"bronze:Boost","floor":26,"key":"SMITH"},{"floor":30,"key":"RECALL"},{"data":"bronze:HardenedForm","floor":35,"key":"SMITH"},{"data":"expansioncontent:Chronoboost","floor":42,"key":"SMITH"},{"data":"bronze:Repulsor","floor":44,"key":"SMITH"},{"data":"bronze:Goto","floor":47,"key":"SMITH"},{"data":"expansioncontent:PrepareCrush","floor":54,"key":"SMITH"}],"circlet_count":0,"master_deck":["bronze:Defend","bronze:Defend","bronze:Defend","bronze:Replicate+1","bronze:Goto+1","bronze:Terminator+1","bronze:Flail+1","bronze:Frontload+1","bronze:Deprecate+1","bronze:OilSpill","bronze:BronzeArmor+1","bronze:Boost+1","bronze:CleanCode","bronze:HardenedForm+1","expansioncontent:Chronoboost+1","expansioncontent:PrepareCrush+1","expansioncontent:Hexaburn","bronze:Repulsor+1","bronze:SpaghettiCode","bronze:Iterate+1"],"relics":["bronze:BronzeCore","Thread and Needle","Mercury Hourglass","CaptainsWheel","downfall:HeartBlessingBlue","Snecko Eye","sneckomod:SuperSneckoEye","Matryoshka","downfall:HeartBlessingGreen","StoneCalendar","Philosopher\u0027s Stone","downfall:HeartBlessingRed","Molten Egg 2","Letter Opener","bronze:CableSpool","Bottled Flame","Question Card","sneckomod:BlankCard","Orichalcum","Blue Candle"],"acts_visited":["Exordium","TheCity","TheBeyond","TheEnding"],"potions_floor_usage":[9,16,16,56,56,56],"damage_taken":[{"damage":0,"enemies":"Small Slimes","floor":2,"turns":2},{"damage":1,"enemies":"Cultist","floor":4,"turns":3},{"damage":7,"enemies":"Jaw Worm","floor":6,"turns":2},{"damage":0,"enemies":"downfall:FleeingMerchant","floor":8,"turns":4},{"damage":10,"enemies":"Gremlin Nob","floor":9,"turns":4},{"damage":4,"enemies":"Blue Slaver","floor":10,"turns":3},{"damage":0,"enemies":"Lagavulin","floor":12,"turns":7},{"damage":0,"enemies":"Gremlin Gang","floor":15,"turns":1},{"damage":1,"enemies":"IC_STATUS_ARCHETYPE","floor":16,"turns":5},{"damage":5,"enemies":"Shell Parasite","floor":19,"turns":4},{"damage":0,"enemies":"Chosen","floor":20,"turns":4},{"damage":0,"enemies":"3 Cultists","floor":21,"turns":2},{"damage":4,"enemies":"Snecko","floor":22,"turns":4},{"damage":0,"enemies":"downfall:FleeingMerchant","floor":25,"turns":4},{"damage":5,"enemies":"Book of Stabbing","floor":28,"turns":6},{"damage":0,"enemies":"Gremlin Leader","floor":31,"turns":6},{"damage":0,"enemies":"Snake Plant","floor":32,"turns":4},{"damage":0,"enemies":"WA_ARCHETYPE_CALM","floor":33,"turns":9},{"damage":0,"enemies":"3 Darklings","floor":36,"turns":3},{"damage":0,"enemies":"downfall:FleeingMerchant","floor":39,"turns":4},{"damage":20,"enemies":"Reptomancer","floor":45,"turns":4},{"damage":0,"enemies":"downfall:FleeingMerchant","floor":48,"turns":3},{"damage":2,"enemies":"Orb Walker","floor":49,"turns":3},{"damage":11,"enemies":"DF_ARCHETYPE_ORBS","floor":50,"turns":7},{"damage":0,"enemies":"downfall:CharBossMerchant","floor":52,"turns":5},{"damage":2,"enemies":"downfall:NeowBoss","floor":55,"turns":11},{"damage":2,"enemies":"downfall:NeowBossFinal","floor":56,"turns":6}],"seed_played":"-8215141065186648744","potions_obtained":[{"floor":4,"key":"SkillPotion"},{"floor":9,"key":"SkillPotion"},{"floor":10,"key":"Fire Potion"},{"floor":15,"key":"Swift Potion"},{"floor":16,"key":"PowerPotion"},{"floor":20,"key":"LiquidBronze"},{"floor":28,"key":"PowerPotion"},{"floor":49,"key":"DuplicationPotion"}],"is_trial":false,"path_per_floor":["R","M","?","M","T","M","T","$","E","M","R","E","R","?","M","B",null,"R","M","M","M","M","R","T","$","R","?","E","?","R","E","M","B",null,"R","M","?","?","$","?","T","R","T","R","E","?","R","$","M","B",null,"E","$","R","B","B",null],"character_chosen":"THE_AUTOMATON","items_purchased":["bronze:CleanCode","bronze:Repulsor","sneckomod:BlankCard","Blue Candle"],"campfire_rested":0,"item_purchase_floors":[25,39,48,53],"current_hp_per_floor":[70,70,70,69,69,62,62,62,52,48,48,48,58,58,58,57,74,74,69,69,69,65,65,65,65,65,51,46,90,90,90,90,90,90,90,90,90,80,80,80,80,80,80,80,60,60,60,60,58,47,79,79,79,79,77,75],"gold":44,"neow_bonus":"REMOVE_TWO","is_daily":false,"chose_seed":false,"campfire_upgraded":11,"win_rate":0.0,"timestamp":1611233402,"path_taken":["R","M","?","?","?","M","T","?","E","M","R","E","R","?","M","BOSS","R","M","M","?","?","R","T","$","R","?","E","?","R","E","M","BOSS","R","M","?","?","$","?","T","R","?","R","E","?","R","?","M","BOSS","E","$","R","BOSS","BOSS"],"items_purchased_type":["Card","Card","Relic","Relic"],"build_version":"2020-12-22","purchased_purges":1,"victory":true,"max_hp_per_floor":[70,70,70,70,70,70,70,70,70,70,70,70,80,80,80,80,80,80,80,80,80,80,80,80,80,80,80,80,90,90,90,90,90,90,90,90,90,90,90,90,90,90,90,90,90,90,90,90,90,90,90,90,90,90,90,90],"card_choices":[{"not_picked":["bronze:DelayedGuard","bronze:NullPointer","bronze:DelayedSlice"],"picked":"SKIP","floor":2},{"not_picked":["bronze:ChildClass","bronze:DelayedGuard"],"picked":"bronze:WildBeam","floor":4},{"not_picked":["bronze:GetLatest","bronze:Overheat"],"picked":"bronze:Terminator","floor":6},{"not_picked":["bronze:Allocate","bronze:CloningBeam","bronze:Separator"],"picked":"SKIP","floor":8},{"not_picked":["bronze:Allocate","bronze:BugBarrage"],"picked":"bronze:Flail","floor":9},{"not_picked":["bronze:Iterate","bronze:Separator"],"picked":"bronze:Frontload","floor":10},{"not_picked":["bronze:ForLoop","bronze:Invalidate"],"picked":"bronze:Deprecate","floor":12},{"not_picked":["bronze:BitShift","bronze:InfiniteBeams","bronze:HardenedForm"],"picked":"SKIP","floor":15},{"not_picked":["bronze:HardenedForm","bronze:Format"],"picked":"bronze:Assembly","floor":16},{"not_picked":["bronze:FineTuning","bronze:Constructor","bronze:Invalidate"],"picked":"SKIP","floor":19},{"not_picked":["bronze:Branch","bronze:Turbo"],"picked":"bronze:BronzeArmor+1","floor":20},{"not_picked":["bronze:Terminator+1","bronze:FollowUp","bronze:OilSpill"],"picked":"SKIP","floor":21},{"not_picked":["bronze:Backtrace+1","bronze:InfiniteBeams","bronze:Overheat"],"picked":"SKIP","floor":22},{"not_picked":["bronze:Deprecate","bronze:Safeguard+1"],"picked":"bronze:Boost","floor":25},{"not_picked":["bronze:Overheat","bronze:Constructor+1","bronze:Iterate"],"picked":"SKIP","floor":28},{"not_picked":["bronze:DelayedGuard","bronze:Shield","bronze:NullPointer"],"picked":"SKIP","floor":31},{"not_picked":["bronze:Overheat","bronze:BronzeOrb+1","bronze:Mutator"],"picked":"SKIP","floor":32},{"not_picked":["bronze:HyperBeam","bronze:Assembly"],"picked":"bronze:HardenedForm","floor":33},{"not_picked":["bronze:CutThrough+1","bronze:BitShift","bronze:WhirlingStrike+1"],"picked":"SKIP","floor":36},{"not_picked":["expansioncontent:PrepareCrush","expansioncontent:LastStand"],"picked":"expansioncontent:Chronoboost","floor":38},{"not_picked":["expansioncontent:PolyBeam","expansioncontent:Hexaburn"],"picked":"expansioncontent:PrepareCrush","floor":38},{"not_picked":["expansioncontent:YouAreMine","expansioncontent:PolyBeam"],"picked":"expansioncontent:Hexaburn","floor":38},{"not_picked":["bronze:Shield+1","bronze:OilSpill","bronze:DigitalCarnage"],"picked":"SKIP","floor":39},{"not_picked":["bronze:Constructor","bronze:BugBarrage+1","bronze:Backtrace+1"],"picked":"SKIP","floor":45},{"not_picked":["bronze:Overheat+1","bronze:BitShift+1","bronze:BugBarrage+1","bronze:Separator+1"],"picked":"SKIP","floor":48},{"not_picked":["bronze:Allocate+1","bronze:Optimize+1","bronze:WhirlingStrike+1"],"picked":"bronze:SpaghettiCode","floor":49},{"not_picked":["bronze:Iterate+1","bronze:WhirlingStrike+1","bronze:Virus+1","bronze:BitShift"],"picked":"SKIP","floor":52},{"not_picked":["bronze:WhirlingStrike+1","bronze:Virus+1","bronze:BitShift"],"picked":"bronze:Iterate+1","floor":52}],"player_experience":703644,"relics_obtained":[{"floor":7,"key":"Thread and Needle"},{"floor":9,"key":"Mercury Hourglass"},{"floor":12,"key":"CaptainsWheel"},{"floor":24,"key":"sneckomod:SuperSneckoEye"},{"floor":28,"key":"Matryoshka"},{"floor":31,"key":"StoneCalendar"},{"floor":41,"key":"Molten Egg 2"},{"floor":41,"key":"Letter Opener"},{"floor":43,"key":"bronze:CableSpool"},{"floor":43,"key":"Bottled Flame"},{"floor":45,"key":"Question Card"},{"floor":52,"key":"Orichalcum"}],"event_choices":[{"cards_removed":["bronze:Strike"],"damage_healed":0,"gold_gain":0,"player_choice":"Offered Basic","damage_taken":0,"max_hp_gain":0,"max_hp_loss":0,"event_name":"Bonfire Elementals","floor":3,"gold_loss":0},{"cards_removed":["bronze:WildBeam"],"damage_healed":0,"gold_gain":0,"player_choice":"Removed Attack","damage_taken":0,"max_hp_gain":0,"max_hp_loss":0,"event_name":"Falling","floor":46,"gold_loss":0}],"is_beta":false,"boss_relics":[{"not_picked":["Tiny House","Cursed Key"],"picked":"Snecko Eye"},{"not_picked":["Busted Crown","sneckomod:SneckoTalon"],"picked":"Philosopher\u0027s Stone"}],"items_purged_floors":[48],"is_endless":false,"potions_floor_spawned":[4,9,10,15,16,20,21,28,31,32,36,49,52],"ascension_level":5}}