{"host":"CK","time":1611204125,"event":{"mods":["2.2 Compatiblity","BaseMod","Bestiary","Block Reminder","Colored Powertips","DeckTracker","Displayed Cursed Tome","Minty Spire (QoL Compilation)","Permanent Neow","Slay-I","Unknown Chances"],"gold_per_floor":[116,127,26,26,36,36,61,79,79,79,109,109,138,138,138,211,211,226,241,241,256,256,274,285,27,53,82,82,82,92,126,126,205,205,217,267,280,299,236,270,270,303,303,303,68,96,0,0,0,0],"floor_reached":51,"language":"ENG","playtime":4897,"items_purged":["Strike_B","Zap","Lockon+1","Leap"],"score":1445,"play_id":"21585573-f0f6-451e-ac64-396d058c6eb0","local_time":"20210120204205","is_ascension_mode":true,"campfire_choices":[{"data":"Dualcast","floor":6,"key":"SMITH"},{"data":"Fission","floor":10,"key":"SMITH"},{"data":"Scrape","floor":12,"key":"SMITH"},{"data":"Go for the Eyes","floor":15,"key":"SMITH"},{"data":"Defragment","floor":29,"key":"SMITH"},{"data":"Seek","floor":32,"key":"SMITH"},{"data":"Sunder","floor":41,"key":"SMITH"},{"data":"Hologram","floor":44,"key":"SMITH"},{"data":"Steam","floor":49,"key":"SMITH"}],"circlet_count":0,"master_deck":["AscendersBane","Dualcast+1","Gash+1","Self Repair+1","Gash","Glacier","Fission+1","Gash","Scrape+1","Go for the Eyes+1","Seek+1","Hologram+1","Beam Cell+1","Genetic Algorithm","Sunder+1","Leap","Scrape+1","Glacier","Defragment+1","Steam+1","Recycle+1","Coolheaded+1"],"relics":["Astrolabe","HornCleat","InkBottle","Boot","Odd Mushroom","Empty Cage","Membership Card","Oddly Smooth Stone","Akabeko","Darkstone Periapt","SacredBark","StoneCalendar","Question Card","Pantograph","Bottled Flame","DataDisk","PrismaticShard","Nunchaku","Red Mask"],"acts_visited":["Exordium","TheCity","TheBeyond"],"potions_floor_usage":[7,7,19,36,50],"damage_taken":[{"damage":7,"enemies":"Jaw Worm","floor":1,"turns":3},{"damage":1,"enemies":"Cultist","floor":2,"turns":3},{"damage":3,"enemies":"Small Slimes","floor":5,"turns":3},{"damage":21,"enemies":"Gremlin Nob","floor":7,"turns":4},{"damage":1,"enemies":"Looter","floor":8,"turns":3},{"damage":6,"enemies":"3 Sentries","floor":11,"turns":6},{"damage":11,"enemies":"The Mushroom Lair","floor":13,"turns":4},{"damage":19,"enemies":"Hexaghost","floor":16,"turns":7},{"damage":10,"enemies":"Shell Parasite","floor":18,"turns":2},{"damage":0,"enemies":"2 Thieves","floor":19,"turns":2},{"damage":0,"enemies":"Centurion and Healer","floor":21,"turns":3},{"damage":4,"enemies":"Snake Plant","floor":23,"turns":3},{"damage":7,"enemies":"Cultist and Chosen","floor":24,"turns":4},{"damage":0,"enemies":"Gremlin Leader","floor":27,"turns":5},{"damage":0,"enemies":"Sentry and Sphere","floor":30,"turns":4},{"damage":0,"enemies":"Book of Stabbing","floor":31,"turns":4},{"damage":3,"enemies":"Champ","floor":33,"turns":7},{"damage":5,"enemies":"3 Shapes","floor":35,"turns":6},{"damage":7,"enemies":"2 Orb Walkers","floor":36,"turns":4},{"damage":22,"enemies":"3 Darklings","floor":37,"turns":7},{"damage":0,"enemies":"Transient","floor":38,"turns":6},{"damage":7,"enemies":"Nemesis","floor":40,"turns":7},{"damage":12,"enemies":"Giant Head","floor":42,"turns":7},{"damage":8,"enemies":"Nemesis","floor":46,"turns":6},{"damage":2,"enemies":"Awakened One","floor":50,"turns":8}],"seed_played":"-4478289626572985459","potions_obtained":[{"floor":1,"key":"FocusPotion"},{"floor":5,"key":"SkillPotion"},{"floor":13,"key":"PowerPotion"},{"floor":18,"key":"BlessingOfTheForge"},{"floor":19,"key":"Block Potion"},{"floor":30,"key":"LiquidMemories"},{"floor":36,"key":"FearPotion"},{"floor":42,"key":"ColorlessPotion"}],"is_trial":false,"path_per_floor":["M","M","$","?","M","R","E","M","T","R","E","R","?","?","R","B",null,"M","M","?","M","?","M","M","$","T","E","?","R","M","E","R","B",null,"M","?","M","M","$","E","R","E","T","R","$","E","?","$","R","B",null],"character_chosen":"DEFECT","items_purchased":["Leap","Membership Card","Defragment","DataDisk","PrismaticShard"],"campfire_rested":0,"item_purchase_floors":[3,25,25,45,45],"current_hp_per_floor":[67,71,71,71,71,71,60,69,69,69,71,71,70,70,70,61,69,69,71,71,71,71,71,71,71,71,71,51,51,61,71,71,76,76,76,76,64,74,74,76,76,74,74,74,74,76,76,76,76,74],"gold":0,"neow_bonus":"BOSS_RELIC","is_daily":false,"chose_seed":false,"campfire_upgraded":9,"win_rate":0.0,"timestamp":1611204125,"path_taken":["M","M","$","?","?","R","E","M","T","R","E","R","?","?","R","BOSS","M","M","?","M","?","M","M","$","T","E","?","R","?","E","R","BOSS","M","?","M","M","$","E","R","E","T","R","$","E","?","?","R","BOSS"],"items_purchased_type":["Card","Relic","Card","Relic","Relic"],"build_version":"2020-12-18","purchased_purges":4,"victory":true,"max_hp_per_floor":[71,71,71,71,71,71,71,71,71,71,71,71,71,71,71,71,71,71,71,71,71,71,71,71,71,71,71,76,76,76,76,76,76,76,76,76,76,76,76,76,76,76,76,76,76,76,76,76,76,76],"card_choices":[{"not_picked":["Scrape","Cold Snap"],"picked":"Gash","floor":1},{"not_picked":["Beam Cell","Reprogram"],"picked":"Glacier","floor":2},{"not_picked":["Steam","Barrage","Stack"],"picked":"SKIP","floor":5},{"not_picked":["Streamline","Blizzard"],"picked":"Fission","floor":7},{"not_picked":["Genetic Algorithm","Sweeping Beam"],"picked":"Gash","floor":8},{"not_picked":["Sweeping Beam","Cold Snap"],"picked":"Scrape","floor":11},{"not_picked":["Glacier","Cold Snap"],"picked":"Go for the Eyes","floor":13},{"not_picked":["Reboot","Amplify"],"picked":"Seek","floor":16},{"not_picked":["Redo","Turbo"],"picked":"Hologram","floor":18},{"not_picked":["Reprogram","Barrage"],"picked":"Beam Cell+1","floor":19},{"not_picked":["Go for the Eyes","Beam Cell"],"picked":"Leap","floor":21},{"not_picked":["Coolheaded","Ball Lightning+1"],"picked":"Scrape+1","floor":23},{"not_picked":["Blizzard","Chill"],"picked":"Glacier","floor":24},{"not_picked":["Consume","Machine Learning","Barrage"],"picked":"SKIP","floor":27},{"not_picked":["Tempest+1","Beam Cell","Redo+1"],"picked":"SKIP","floor":30},{"not_picked":["Barrage","Loop","Force Field"],"picked":"SKIP","floor":31},{"not_picked":["Go for the Eyes","Coolheaded","Redo+1"],"picked":"SKIP","floor":35},{"not_picked":["Force Field","Hologram"],"picked":"Steam","floor":36},{"not_picked":["Storm","Redo","Self Repair"],"picked":"SKIP","floor":37},{"not_picked":["Streamline","Sweeping Beam"],"picked":"Recycle+1","floor":38},{"not_picked":["Go for the Eyes","Rebound","Rainbow"],"picked":"SKIP","floor":40},{"not_picked":["Go for the Eyes","Hologram","Streamline"],"picked":"Coolheaded+1","floor":42},{"not_picked":["Battle Trance","Slice","Flying Knee","Cleave"],"picked":"SKIP","floor":46}],"player_experience":1156929,"relics_obtained":[{"floor":7,"key":"HornCleat"},{"floor":9,"key":"InkBottle"},{"floor":11,"key":"Boot"},{"floor":13,"key":"Odd Mushroom"},{"floor":26,"key":"Oddly Smooth Stone"},{"floor":27,"key":"Akabeko"},{"floor":31,"key":"Darkstone Periapt"},{"floor":36,"key":"StoneCalendar"},{"floor":40,"key":"Question Card"},{"floor":42,"key":"Pantograph"},{"floor":43,"key":"Bottled Flame"},{"floor":46,"key":"Nunchaku"}],"event_choices":[{"damage_healed":0,"gold_gain":0,"player_choice":"0 cards matched","damage_taken":0,"max_hp_gain":0,"max_hp_loss":0,"event_name":"Match and Keep!","floor":4,"gold_loss":0,"cards_obtained":[]},{"damage_healed":0,"gold_gain":0,"player_choice":"Fought Mushrooms","damage_taken":0,"max_hp_gain":0,"max_hp_loss":0,"event_name":"Mushrooms","floor":13,"gold_loss":0},{"damage_healed":0,"gold_gain":0,"player_choice":"Ignored","damage_taken":0,"max_hp_gain":0,"max_hp_loss":0,"event_name":"Liars Game","floor":14,"gold_loss":0},{"damage_healed":0,"gold_gain":0,"cards_transformed":["Defend_B","Defend_B"],"player_choice":"Became Test Subject","damage_taken":0,"max_hp_gain":0,"max_hp_loss":0,"event_name":"Drug Dealer","floor":20,"gold_loss":0,"cards_obtained":["Genetic Algorithm","Sunder"]},{"damage_healed":0,"gold_gain":0,"player_choice":"Ignored","damage_taken":0,"max_hp_gain":0,"max_hp_loss":0,"event_name":"Ghosts","floor":22,"gold_loss":0},{"damage_healed":0,"gold_gain":0,"player_choice":"Shed Blood","damage_taken":25,"max_hp_gain":5,"max_hp_loss":0,"event_name":"Forgotten Altar","floor":28,"gold_loss":0},{"damage_healed":0,"gold_gain":0,"player_choice":"Fight","damage_taken":0,"max_hp_gain":0,"max_hp_loss":0,"event_name":"Mysterious Sphere","floor":36,"gold_loss":0},{"damage_healed":0,"gold_gain":0,"player_choice":"Paid","damage_taken":0,"relics_obtained":["Red Mask"],"max_hp_gain":0,"max_hp_loss":0,"event_name":"Tomb of Lord Red Mask","floor":47,"gold_loss":96}],"is_beta":true,"boss_relics":[{"not_picked":["Black Star","Snecko Eye"],"picked":"Empty Cage"},{"not_picked":["Velvet Choker","Runic Dome"],"picked":"SacredBark"}],"items_purged_floors":[3,25,39,45],"is_endless":false,"potions_floor_spawned":[1,5,13,18,19,30,31,36,42],"ascension_level":17}}