{"host":"4cz9gr89nglr7k8k","time":1611248861,"event":{"mods":["BaseMod","Minty Spire (QoL Compilation)","Relic Stats","Slay-I"],"gold_per_floor":[118,118,118,118,145,145,145,145],"floor_reached":7,"language":"DEU","playtime":112,"items_purged":[],"score":74,"play_id":"f6360e5a-968d-4955-9653-6354d7e24484","local_time":"20210121180741","is_ascension_mode":true,"campfire_choices":[{"floor":6,"key":"REST"}],"circlet_count":0,"master_deck":["AscendersBane","Strike_R","Strike_R","Strike_R","Strike_R","Strike_R","Defend_R","Defend_R","Defend_R","Defend_R","Bash","Carnage"],"relics":["Burning Blood","Tiny Chest","Frozen Egg 2","Golden Idol","Pen Nib"],"acts_visited":["Exordium"],"potions_floor_usage":[],"damage_taken":[{"damage":8,"enemies":"2 Louse","floor":1,"turns":3},{"damage":62,"enemies":"Gremlin Nob","floor":7,"turns":4}],"seed_played":"186792725022849136","potions_obtained":[],"is_trial":false,"path_per_floor":["M","?","?","?","T","R","E"],"character_chosen":"IRONCLAD","items_purchased":[],"campfire_rested":1,"item_purchase_floors":[],"current_hp_per_floor":[66,66,40,14,14,36,0,0],"gold":145,"neow_bonus":"RANDOM_COMMON_RELIC","is_daily":false,"chose_seed":false,"campfire_upgraded":0,"win_rate":0.0,"timestamp":1611248861,"path_taken":["M","?","?","?","?","R","E"],"items_purchased_type":[],"build_version":"2020-12-22","purchased_purges":0,"victory":false,"max_hp_per_floor":[75,75,75,75,75,75,75,75],"relic_stats":{"counters":[2,7],"Golden Idol":0,"Tiny Chest":1,"Pen Nib":[0],"obtain_stats":[{"Golden Idol":4,"Tiny Chest":0,"Pen Nib":5,"Frozen Egg 2":3,"Burning Blood":0},{"Golden Idol":1,"Tiny Chest":0,"Pen Nib":1,"Frozen Egg 2":1,"Burning Blood":0},{"Golden Idol":3,"Tiny Chest":0,"Pen Nib":3,"Frozen Egg 2":3,"Burning Blood":0}],"Burning Blood":6},"card_choices":[{"not_picked":["True Grit","Disarm"],"picked":"Carnage","floor":1}],"player_experience":1513692,"relics_obtained":[{"floor":5,"key":"Pen Nib"}],"event_choices":[{"damage_healed":0,"gold_gain":0,"player_choice":"Leave","damage_taken":0,"max_hp_gain":0,"max_hp_loss":0,"event_name":"The Cleric","floor":2,"gold_loss":0},{"damage_healed":0,"gold_gain":0,"player_choice":"Success","damage_taken":26,"relics_obtained":["Frozen Egg 2"],"max_hp_gain":0,"max_hp_loss":0,"event_name":"Scrap Ooze","floor":3,"gold_loss":0},{"damage_healed":0,"gold_gain":0,"player_choice":"Take Damage","damage_taken":26,"relics_obtained":["Golden Idol"],"max_hp_gain":0,"max_hp_loss":0,"event_name":"Golden Idol","floor":4,"gold_loss":0}],"is_beta":false,"boss_relics":[],"items_purged_floors":[],"is_endless":false,"potions_floor_spawned":[],"killed_by":"Gremlin Nob","ascension_level":20}}