{"host":"hcfgv6p6h0ubjkk0","time":1611206344,"event":{"mods":["AchievementEnabler","BaseMod","Beaked The Cultist","Highlight Path","Minty Spire (QoL Compilation)","Quick Restart","StSLib","The Cursed","The Elementalist","The Forsaken","The Poker Player"],"gold_per_floor":[112,128,53,53,53,86,101,101,151,151,185,197,225,254,266,377,389,415,445,457,486,498,536,548,437,515,535,563,563,563,589,589,691,691,704,721,721,721],"floor_reached":37,"language":"ENG","playtime":1820,"items_purged":["TheCursedMod:Strike_TheCursed","TheCursedMod:Strike_TheCursed"],"score":472,"play_id":"8b63c2db-fcc1-48bf-b6b9-e32ed4a8c8e8","local_time":"20210121051904","is_ascension_mode":false,"campfire_choices":[{"data":"TheCursedMod:CursedWand","floor":8,"key":"SMITH"},{"floor":10,"key":"REST"},{"data":"TheCursedMod:ManaBullet","floor":15,"key":"SMITH"},{"floor":24,"key":"REST"},{"data":"TheCursedMod:CollectTribute","floor":30,"key":"SMITH"},{"data":"TheCursedMod:CleanUpWorkshop","floor":32,"key":"SMITH"}],"circlet_count":0,"master_deck":["TheCursedMod:Strike_TheCursed","TheCursedMod:Strike_TheCursed","TheCursedMod:Defend_TheCursed","TheCursedMod:Defend_TheCursed","TheCursedMod:Defend_TheCursed","TheCursedMod:Defend_TheCursed","TheCursedMod:CursedWand+1","TheCursedMod:CleanUpWorkshop+1","TheCursedMod:Dregs","TheCursedMod:TacticalStrike","TheCursedMod:CircleOfBlood","Regret","TheCursedMod:LuckyCharm","TheCursedMod:ManaBullet+1","TheCursedMod:ReleasedStrength","TheCursedMod:RapidMovement","TheCursedMod:CursedBlade","TheCursedMod:DemonicPact","CurseOfTheBell","TheCursedMod:SpitefulStrike","TheCursedMod:CursedAmulet","TheCursedMod:NeowsMight","theForsaken:PlagueCurse","TheCursedMod:SpitefulStrike","TheCursedMod:CircleOfCorruption+1","TheCursedMod:CircleOfCorruption","TheCursedMod:CollectTribute+1","TheCursedMod:FleshFromBone","TheCursedMod:VoidForm","TheCursedMod:SpitefulStrike+1","TheCursedMod:CursedBlade+1"],"relics":["TheCursedMod:BlackMagic101","NeowsBlessing","Dream Catcher","Vajra","Orichalcum","TungstenRod","MawBank","Calling Bell","Pen Nib","Mummified Hand","Prayer Wheel","theForsaken:PlagueMask","Lantern","TheCursedMod:BloodyHarpoon","Centennial Puzzle","Bag of Marbles","Girya","TheCursedMod:OminousMark"],"acts_visited":["Exordium","TheCity","TheBeyond"],"potions_floor_usage":[16,33,33],"damage_taken":[{"damage":0,"enemies":"2 Louse","floor":1,"turns":1},{"damage":0,"enemies":"Small Slimes","floor":2,"turns":1},{"damage":0,"enemies":"Lagavulin","floor":6,"turns":1},{"damage":3,"enemies":"Cultist","floor":7,"turns":3},{"damage":9,"enemies":"3 Sentries","floor":11,"turns":11},{"damage":10,"enemies":"Blue Slaver","floor":12,"turns":4},{"damage":17,"enemies":"Lagavulin","floor":13,"turns":6},{"damage":1,"enemies":"Looter","floor":14,"turns":3},{"damage":25,"enemies":"The Guardian","floor":16,"turns":14},{"damage":13,"enemies":"Chosen","floor":18,"turns":5},{"damage":5,"enemies":"Shell Parasite","floor":19,"turns":4},{"damage":14,"enemies":"Shelled Parasite and Fungi","floor":21,"turns":7},{"damage":21,"enemies":"Slavers","floor":23,"turns":6},{"damage":5,"enemies":"Chosen and Byrds","floor":27,"turns":5},{"damage":6,"enemies":"Gremlin Leader","floor":28,"turns":7},{"damage":11,"enemies":"Slavers","floor":31,"turns":4},{"damage":28,"enemies":"Champ","floor":33,"turns":6},{"damage":39,"enemies":"3 Darklings","floor":35,"turns":7},{"damage":0,"enemies":"Orb Walker","floor":36,"turns":2},{"damage":43,"enemies":"Writhing Mass","floor":37,"turns":4}],"seed_played":"-3851019810012200149","potions_obtained":[{"floor":2,"key":"SteroidPotion"},{"floor":6,"key":"Dexterity Potion"},{"floor":13,"key":"LiquidMemories"},{"floor":16,"key":"Block Potion"}],"is_trial":false,"path_per_floor":["M","M","$","?","?","E","M","R","T","R","E","M","E","M","R","B",null,"M","M","?","M","?","E","R","$","T","M","E","T","R","E","R","B",null,"M","M","M"],"character_chosen":"THE_CURSED","items_purchased":["TheCursedMod:CircleOfCorruption"],"campfire_rested":2,"item_purchase_floors":[25],"current_hp_per_floor":[75,75,75,75,75,75,72,72,72,75,69,63,52,55,55,34,75,62,61,48,42,42,23,47,47,47,46,44,44,44,35,35,7,80,41,41,0,0],"gold":721,"neow_bonus":"THREE_ENEMY_KILL","is_daily":false,"chose_seed":false,"campfire_upgraded":4,"win_rate":0.0,"timestamp":1611206344,"path_taken":["M","M","$","?","?","E","?","R","T","R","E","M","E","M","R","BOSS","M","M","?","M","?","E","R","?","T","M","E","?","R","E","R","BOSS","M","M","?"],"items_purchased_type":["Card"],"build_version":"2020-12-22","purchased_purges":2,"victory":false,"max_hp_per_floor":[75,75,75,75,75,75,75,75,75,75,75,75,75,75,75,75,75,75,75,80,80,80,80,80,80,80,80,80,80,80,80,80,80,80,80,80,80,80],"card_choices":[{"not_picked":["TheCursedMod:Hemoplague","TheCursedMod:FleshFromBone"],"picked":"TheCursedMod:TacticalStrike","floor":1},{"not_picked":["TheCursedMod:HellfireBreathing","TheCursedMod:Torture"],"picked":"TheCursedMod:CircleOfBlood","floor":2},{"not_picked":["TheCursedMod:ManaBullet","TheCursedMod:Evocation","TheCursedMod:SmokeScreen"],"picked":"SKIP","floor":6},{"not_picked":["TheCursedMod:BlessingInDisguise","TheCursedMod:Stretching"],"picked":"TheCursedMod:LuckyCharm","floor":7},{"not_picked":["TheCursedMod:CursedArmor","TheCursedMod:VitalStrike"],"picked":"TheCursedMod:ManaBullet","floor":10},{"not_picked":["TheCursedMod:Stigma","TheCursedMod:BloodBarrier","TheCursedMod:SmokeScreen"],"picked":"SKIP","floor":11},{"not_picked":["TheCursedMod:VitalStrike","TheCursedMod:RapidMovement"],"picked":"TheCursedMod:ReleasedStrength","floor":12},{"not_picked":["TheCursedMod:SurpriseAttack","TheCursedMod:Evocation"],"picked":"TheCursedMod:RapidMovement","floor":13},{"not_picked":["TheCursedMod:TacticalStrike","TheCursedMod:Stretching"],"picked":"TheCursedMod:CursedBlade","floor":14},{"not_picked":["TheCursedMod:DemonSword","TheCursedMod:UltimatePain"],"picked":"TheCursedMod:DemonicPact","floor":16},{"not_picked":["TheCursedMod:Stigma","TheCursedMod:CursedAmulet"],"picked":"TheCursedMod:SpitefulStrike","floor":18},{"not_picked":["TheCursedMod:Grudge","TheCursedMod:Hemoplague","TheCursedMod:TroublousMinions"],"picked":"SKIP","floor":18},{"not_picked":["TheCursedMod:ManaBullet","TheCursedMod:FleshFromBone+1"],"picked":"TheCursedMod:CursedAmulet","floor":19},{"not_picked":["TheCursedMod:RapidMovement","TheCursedMod:VitalStrike","TheCursedMod:CursedStaff"],"picked":"SKIP","floor":19},{"not_picked":["TheCursedMod:Stigma+1","TheCursedMod:SmokeScreen"],"picked":"TheCursedMod:NeowsMight","floor":21},{"not_picked":["TheCursedMod:SaltUponWound+1","TheCursedMod:CircleOfBlood+1","TheCursedMod:Stretching"],"picked":"SKIP","floor":21},{"not_picked":["TheCursedMod:CursedSpellbook","TheCursedMod:VitalStrike"],"picked":"TheCursedMod:SpitefulStrike","floor":23},{"not_picked":["TheCursedMod:CursedStaff+1","TheCursedMod:AshesToAshes"],"picked":"TheCursedMod:CircleOfCorruption+1","floor":24},{"not_picked":["TheCursedMod:Stigma","TheCursedMod:Stretching","TheCursedMod:FleshFromBone"],"picked":"SKIP","floor":27},{"not_picked":["TheCursedMod:CircleOfCorruption","TheCursedMod:SoulCrush","TheCursedMod:Stretching+1"],"picked":"SKIP","floor":27},{"not_picked":["TheCursedMod:CursedBoomerang","TheCursedMod:Evocation+1"],"picked":"TheCursedMod:CollectTribute","floor":28},{"not_picked":["TheCursedMod:Stretching","TheCursedMod:CircleOfFocus"],"picked":"TheCursedMod:FleshFromBone","floor":31},{"not_picked":["TheCursedMod:AntiAging","TheCursedMod:ForbiddenAlchemy"],"picked":"TheCursedMod:VoidForm","floor":33},{"not_picked":["TheCursedMod:SpitefulPray","TheCursedMod:RapidMovement"],"picked":"TheCursedMod:SpitefulStrike+1","floor":35},{"not_picked":["TheCursedMod:CursedMace","TheCursedMod:Obscuration+1","TheCursedMod:SurpriseAttack"],"picked":"SKIP","floor":35},{"not_picked":["TheCursedMod:TacticalStrike+1","TheCursedMod:Hemoplague+1"],"picked":"TheCursedMod:CursedBlade+1","floor":36},{"not_picked":["TheCursedMod:CircleOfBlood","TheCursedMod:SpitefulStrike+1","TheCursedMod:Stigma+1"],"picked":"SKIP","floor":36}],"player_experience":127474,"relics_obtained":[{"floor":6,"key":"Vajra"},{"floor":9,"key":"Orichalcum"},{"floor":11,"key":"TungstenRod"},{"floor":13,"key":"MawBank"},{"floor":17,"key":"Pen Nib"},{"floor":17,"key":"Mummified Hand"},{"floor":17,"key":"Prayer Wheel"},{"floor":23,"key":"Lantern"},{"floor":26,"key":"TheCursedMod:BloodyHarpoon"},{"floor":28,"key":"Centennial Puzzle"},{"floor":29,"key":"Bag of Marbles"},{"floor":31,"key":"Girya"}],"event_choices":[{"damage_healed":0,"gold_gain":0,"player_choice":"Box","damage_taken":0,"relics_obtained":["Dream Catcher"],"max_hp_gain":0,"max_hp_loss":0,"event_name":"Big Fish","floor":4,"gold_loss":0,"cards_obtained":["Regret"]},{"damage_healed":0,"gold_gain":0,"player_choice":"Full Heal","damage_taken":0,"max_hp_gain":0,"max_hp_loss":0,"event_name":"Wheel of Change","floor":5,"gold_loss":0},{"damage_healed":0,"gold_gain":0,"player_choice":"Shed Blood","damage_taken":19,"max_hp_gain":5,"max_hp_loss":0,"event_name":"Forgotten Altar","floor":20,"gold_loss":0},{"damage_healed":0,"gold_gain":0,"player_choice":"Obtain Plague Curse","damage_taken":0,"max_hp_gain":0,"max_hp_loss":0,"event_name":"Plague Doctor","floor":22,"gold_loss":0,"cards_obtained":["theForsaken:PlagueCurse"]}],"is_beta":false,"boss_relics":[{"not_picked":["Pandora\u0027s Box","Runic Pyramid"],"picked":"Calling Bell"},{"not_picked":["TheCursedMod:FourLeafCloverCharm","Philosopher\u0027s Stone"],"picked":"TheCursedMod:OminousMark"}],"items_purged_floors":[3,25],"is_endless":false,"potions_floor_spawned":[2,6,13,16,21,31],"killed_by":"Writhing Mass","ascension_level":0}}