{"host":"p8f0otjoacyb9giz","time":1611246808,"event":{"mods":["AchievementEnabler","BaseMod","Downfall","Minty Spire (QoL Compilation)","StSLib"],"gold_per_floor":[99,99,99,99,45,75,100,100,100,100],"floor_reached":8,"language":"ENG","playtime":387,"items_purged":[],"score":58,"play_id":"e6641ff7-c159-4d1c-b375-02d0d11511cb","local_time":"20210121193328","is_ascension_mode":true,"campfire_choices":[{"data":"champ:Execute","floor":1,"key":"SMITH"}],"circlet_count":0,"master_deck":["champ:Strike","champ:Strike","champ:Strike","champ:Strike","champ:Defend","champ:Defend","champ:Defend","champ:Defend","champ:Execute+1","champ:Taunt","champ:StanceDance","champ:FocusedBerserking","champ:Haymaker","champ:BerserkerStyle","champ:AdrenalArmor"],"relics":["champ:ChampionCrown","downfall:HeartsMalice","White Beast Statue","Guardian:PocketSentry"],"acts_visited":["Exordium"],"potions_floor_usage":[],"damage_taken":[{"damage":0,"enemies":"Jaw Worm","floor":2,"turns":1},{"damage":0,"enemies":"Small Slimes","floor":3,"turns":1},{"damage":0,"enemies":"2 Louse","floor":4,"turns":1},{"damage":30,"enemies":"downfall:FleeingMerchant","floor":5,"turns":4},{"damage":53,"enemies":"Gremlin Nob","floor":6,"turns":4},{"damage":53,"enemies":"3 Sentries","floor":8,"turns":5}],"seed_played":"-439300979640181610","potions_obtained":[{"floor":6,"key":"sneckomod:MuddlingPotion"}],"is_trial":false,"path_per_floor":["R","M","M","M","$","E","T","E"],"character_chosen":"THE_CHAMP","items_purchased":["champ:BerserkerStyle"],"campfire_rested":0,"item_purchase_floors":[5],"current_hp_per_floor":[90,90,90,90,85,47,47,0,0,0],"gold":100,"neow_bonus":"THREE_ENEMY_KILL","is_daily":false,"chose_seed":false,"campfire_upgraded":1,"win_rate":0.0,"timestamp":1611246808,"path_taken":["R","M","M","M","$","E","T","E"],"items_purchased_type":["Card"],"build_version":"2020-12-22","purchased_purges":0,"victory":false,"max_hp_per_floor":[90,90,90,90,90,90,90,90,90,90],"card_choices":[{"not_picked":["champ:BringItOn","champ:SetATrap","champ:PerfectedStrike"],"picked":"SKIP","floor":2},{"not_picked":["champ:BringItOn","champ:FaceSlap"],"picked":"champ:StanceDance","floor":3},{"not_picked":["champ:BerserkersShout","champ:BerserkerStyle"],"picked":"champ:FocusedBerserking","floor":4},{"not_picked":["champ:EnGarde","champ:TornadoPunch"],"picked":"champ:Haymaker","floor":5},{"not_picked":["champ:Shatter","champ:CrookedStrike"],"picked":"champ:AdrenalArmor","floor":6}],"player_experience":386080,"relics_obtained":[{"floor":6,"key":"White Beast Statue"},{"floor":7,"key":"Guardian:PocketSentry"}],"event_choices":[],"is_beta":false,"boss_relics":[],"items_purged_floors":[],"is_endless":false,"potions_floor_spawned":[6],"killed_by":"3 Sentries","ascension_level":3}}