{"host":"oqvelqkxh74plq6q","time":1611221770,"event":{"mods":["ATMod(°¢èªMod)","AchievementEnabler","BaseMod","Better Match","Better-Laid Plans","BetterRewards","BshForSts","Conspire","Good Game Mod","Jedi Mod","Minty Spire (QoL Compilation)","MostiFishMod","Poor People Problems","Quick Restart","Relic Stats","Remilia£¨ÀÙÃ×ÀòÑÇ£©","Shop Mod","Spicy Shops","StSLib","TestMod","Youmu£¨»êÆÇÑýÃÎ£©","vexMod","óô»ðÖ¸ÄÏ"],"gold_per_floor":[113,113,125,153,166,166,496,496,496,526,90,117,133,133,133,236,236,246,246,3,19,19,19,49,61,109,144,419,444,455,465,44,141,141,161,179,179,197,216,216,245,245,245,280,332,343,168,168,168,168,168,168,17,50,50],"floor_reached":56,"language":"ZHS","playtime":7972,"items_purged":["Strike_G","Strike_G","Defend_G","Defend_G","Judgement"],"score":1850,"play_id":"c6fd3c12-9e54-46ae-8d01-cc33e1a5d50e","local_time":"20210121173610","is_ascension_mode":true,"campfire_choices":[{"floor":6.0,"key":"RECALL"},{"floor":8.0,"key":"REST"},{"data":"Accuracy","floor":15.0,"key":"SMITH"},{"data":"Blade Dance","floor":23.0,"key":"SMITH"},{"data":"Flechettes","floor":40,"key":"SMITH"},{"data":"Infinite Blades","floor":42,"key":"SMITH"},{"data":"Cloak And Dagger","floor":49,"key":"SMITH"},{"data":"Outmaneuver","floor":52,"key":"SMITH"}],"circlet_count":0,"master_deck":["Strike_G+1","Strike_G+1","Defend_G","Defend_G","Defend_G","Survivor","Neutralize+1","Outmaneuver+1","MostiFishMod:PerfectParry+1","Accuracy+1","Blade Dance+1","Blade Dance+1","Cloak And Dagger+1","Infinite Blades+1","Flechettes+1","AT_ShadowStep+1","Blade Dance+1","Writhe"],"relics":["Ring of the Snake","REME:ComplimentaryCards","DaveBox","AT_ATBox","testmod-TestBox","testmod-Justice","MetatronsCube","NeowsBlessing","SynthV:TestCard","Ninja Scroll","Old Coin","jedi:angrymask","vexMod:Spyglass","Omamori","Nunchaku","vexMod:PaidLearning","vexMod:RedPlottingStone","AT_SunfireAegis","testmod-LifeArmor","AT_BladeRuinedKing","Bottled Tornado","Vajra","Dead Branch","ImprovedEquipment","Potion Belt","Sling","Whetstone"],"acts_visited":["Exordium","TheCity","TheBeyond","TheEnding"],"potions_floor_usage":[],"damage_taken":[{"damage":3.0,"enemies":"conspire:RoseBush","floor":1.0,"turns":1.0},{"damage":0.0,"enemies":"2 Louse","floor":3.0,"turns":1.0},{"damage":0.0,"enemies":"conspire:MimicChest","floor":4.0,"turns":1.0},{"damage":0.0,"enemies":"Jaw Worm","floor":5.0,"turns":2.0},{"damage":17.0,"enemies":"Gremlin Nob","floor":7.0,"turns":4.0},{"damage":10.0,"enemies":"3 Sentries","floor":10.0,"turns":4.0},{"damage":0.0,"enemies":"Gremlin Nob","floor":12.0,"turns":2.0},{"damage":0.0,"enemies":"Large Slime","floor":13.0,"turns":3.0},{"damage":0.0,"enemies":"Hexaghost","floor":16.0,"turns":6.0},{"damage":0.0,"enemies":"Shell Parasite","floor":18.0,"turns":2.0},{"damage":0.0,"enemies":"conspire:FuzzyDice","floor":21.0,"turns":2.0},{"damage":0.0,"enemies":"Gremlin Leader","floor":24.0,"turns":4.0},{"damage":0.0,"enemies":"Centurion and Healer","floor":25.0,"turns":2.0},{"damage":4.0,"enemies":"Slavers","floor":27.0,"turns":3.0},{"damage":0,"enemies":"conspire:Head Lice","floor":29,"turns":1},{"damage":0,"enemies":"Snake Plant","floor":30,"turns":1},{"damage":0,"enemies":"Cultist and Chosen","floor":31,"turns":1},{"damage":0,"enemies":"Collector","floor":33,"turns":2},{"damage":0,"enemies":"Orb Walker","floor":35,"turns":1},{"damage":8,"enemies":"3 Shapes","floor":36,"turns":1},{"damage":0,"enemies":"Spire Growth","floor":38,"turns":1},{"damage":0,"enemies":"Transient","floor":39,"turns":3},{"damage":5,"enemies":"Giant Head","floor":41,"turns":4},{"damage":0,"enemies":"Nemesis","floor":44,"turns":3},{"damage":0,"enemies":"Jaw Worm Horde","floor":46,"turns":2},{"damage":0,"enemies":"Time Eater","floor":50,"turns":3},{"damage":0,"enemies":"Shield and Spear","floor":54,"turns":2},{"damage":20,"enemies":"The Heart","floor":55,"turns":4}],"seed_played":"5748018567952613284","potions_obtained":[{"floor":5.0,"key":"LiquidBronze"},{"floor":7.0,"key":"jedi:wingpotion"},{"floor":10.0,"key":"GhostInAJar"},{"floor":13.0,"key":"Poison Potion"},{"floor":16.0,"key":"jedi:wingpotion"},{"floor":24.0,"key":"FearPotion"},{"floor":29,"key":"Strength Potion"},{"floor":54,"key":"Poison Potion"}],"is_trial":false,"path_per_floor":["M","?","M","?","M","R","E","R","T","E","$","E","M","?","R","B",null,"M","?","$","M","T","R","E","M","T","E","?","E","M","M","R","B",null,"M","M","?","M","M","R","E","R","T","E","T","M","$","?","R","B",null,"R","$","E","B",null],"character_chosen":"THE_SILENT","items_purchased":["vexMod:Spyglass","Omamori","Nunchaku","vexMod:PaidLearning","Vajra","Sling"],"campfire_rested":1,"item_purchase_floors":[11,11,11,20,32,53],"current_hp_per_floor":[67,67,67,67,67,67,50,70,70,60,60,60,60,60,60,60,70,70,70,70,70,70,70,70,70,70,66,66,66,66,66,66,66,70,70,62,55,55,55,55,50,50,50,50,50,50,50,68,68,68,70,70,70,70,50],"gold":50,"neow_bonus":"THREE_ENEMY_KILL","is_daily":false,"chose_seed":false,"campfire_upgraded":6,"win_rate":0.0,"timestamp":1611221770,"path_taken":["M","?","M","?","M","R","E","R","T","E","$","E","M","?","R","BOSS","M","?","$","M","?","R","E","M","T","E","?","E","M","M","R","BOSS","M","M","?","M","M","R","E","R","T","E","?","M","$","?","R","BOSS","R","$","E","BOSS"],"items_purchased_type":["Relic","Relic","Relic","Relic","Relic","Relic"],"build_version":"2020-12-22","purchased_purges":5,"victory":true,"max_hp_per_floor":[70,70,70,70,70,70,70,70,70,70,70,70,70,70,70,70,70,70,70,70,70,70,70,70,70,70,70,70,70,70,70,70,70,70,70,70,70,70,70,70,70,70,70,70,70,70,70,70,70,70,70,70,70,70,70],"relic_stats":{"Nunchaku":[30],"counters":[28,66],"Dead Branch":[80],"Whetstone":["Strike_G","Strike_G"],"obtain_stats":[{"jedi:angrymask":10,"AT_ATBox":0,"DaveBox":0,"Vajra":32,"testmod-LifeArmor":26,"Whetstone":54,"Bottled Tornado":29,"vexMod:Spyglass":11,"Sling":53,"Old Coin":7,"Nunchaku":11,"Ninja Scroll":4,"vexMod:RedPlottingStone":22,"Ring of the Snake":0,"Potion Belt":45,"testmod-TestBox":0,"NeowsBlessing":0,"Dead Branch":41,"ImprovedEquipment":43,"AT_BladeRuinedKing":27,"Omamori":11,"vexMod:PaidLearning":20,"testmod-Justice":0,"REME:ComplimentaryCards":0,"SynthV:TestCard":1,"AT_SunfireAegis":24,"MetatronsCube":0},{"jedi:angrymask":6,"AT_ATBox":0,"DaveBox":0,"Vajra":17,"testmod-LifeArmor":13,"Whetstone":27,"Bottled Tornado":15,"vexMod:Spyglass":6,"Sling":26,"Old Coin":5,"Nunchaku":6,"Ninja Scroll":3,"vexMod:RedPlottingStone":11,"Ring of the Snake":0,"Potion Belt":24,"testmod-TestBox":0,"NeowsBlessing":0,"Dead Branch":23,"ImprovedEquipment":23,"AT_BladeRuinedKing":14,"Omamori":6,"vexMod:PaidLearning":10,"testmod-Justice":0,"REME:ComplimentaryCards":0,"SynthV:TestCard":1,"AT_SunfireAegis":12,"MetatronsCube":0},{"jedi:angrymask":13,"AT_ATBox":0,"DaveBox":0,"Vajra":40,"testmod-LifeArmor":34,"Whetstone":62,"Bottled Tornado":38,"vexMod:Spyglass":13,"Sling":60,"Old Coin":9,"Nunchaku":13,"Ninja Scroll":3,"vexMod:RedPlottingStone":28,"Ring of the Snake":0,"Potion Belt":55,"testmod-TestBox":0,"NeowsBlessing":0,"Dead Branch":52,"ImprovedEquipment":52,"AT_BladeRuinedKing":37,"Omamori":13,"vexMod:PaidLearning":26,"testmod-Justice":0,"REME:ComplimentaryCards":0,"SynthV:TestCard":1,"AT_SunfireAegis":32,"MetatronsCube":0}],"Ring of the Snake":[56]},"card_choices":[{"not_picked":["Distraction","Underhanded Strike","AT_KneejerkReflex"],"picked":"SKIP","floor":1.0},{"not_picked":["Skewer","Dodge and Roll","Cloak And Dagger","Deflect"],"picked":"Outmaneuver","floor":3.0},{"not_picked":["Underhanded Strike","Flying Knee","Sucker Punch","MostiFishMod:PoisonShield"],"picked":"MostiFishMod:PerfectParry","floor":4.0},{"not_picked":["AT_WindFlip","Malaise","Deflect","Quick Slash","Dagger Throw"],"picked":"SKIP","floor":5.0},{"not_picked":["Heel Hook","Bouncing Flask","Blade Dance","conspire:PoisonWeapons"],"picked":"Accuracy","floor":7.0},{"not_picked":["Terror","Underhanded Strike","Tactician","Acrobatics"],"picked":"Blade Dance","floor":10.0},{"not_picked":["Prepared","Corpse Explosion","Escape Plan","Dagger Spray"],"picked":"Blade Dance","floor":12.0},{"not_picked":["Dagger Spray","AT_ThistleTea","MostiFishMod:PerfectParry","MostiFishMod:PoisonShield","Outmaneuver"],"picked":"SKIP","floor":13.0},{"not_picked":["Expertise+1","Underhanded Strike","Sucker Punch+1","Bane+1","Caltrops"],"picked":"SKIP","floor":18.0},{"not_picked":["AT_ArcaneSupremacy+1","Sucker Punch","Dagger Throw","Underhanded Strike+1"],"picked":"Cloak And Dagger","floor":21.0},{"not_picked":["Well Laid Plans","Caltrops","AT_MyraUnstableElement","Quick Slash","Bane+1"],"picked":"SKIP","floor":24.0},{"not_picked":["Sucker Punch","Poisoned Stab","Crippling Poison","Deadly Poison","Prepared"],"picked":"SKIP","floor":25.0},{"not_picked":["Malaise","Bane","AT_WindFlip+1","MostiFishMod:ThornCasing","Dagger Throw"],"picked":"SKIP","floor":27.0},{"not_picked":["jedi:collectorvenom+1","Crippling Poison","Endless Agony","AT_TinkerSharpsword","Dagger Spray"],"picked":"SKIP","floor":29},{"not_picked":["Poisoned Stab","Sucker Punch","Dagger Spray+1","AT_TwilightShroud","Quick Slash+1"],"picked":"SKIP","floor":30},{"not_picked":["Well Laid Plans","Envenom","Riddle With Holes","Cloak And Dagger"],"picked":"Infinite Blades","floor":31},{"not_picked":["Blade Dance+1","Choke+1","Flying Knee","MostiFishMod:PoisonShield"],"picked":"Flechettes","floor":35},{"not_picked":["Calculated Gamble","Deadly Poison+1","AT_WindFlip+1","AT_WomanClash"],"picked":"AT_ShadowStep+1","floor":36},{"not_picked":["Cloak And Dagger","AT_WomanClash","Prepared","Poisoned Stab","Choke"],"picked":"SKIP","floor":38},{"not_picked":["Underhanded Strike+1","MostiFishMod:PerfectParry","Heel Hook","Flying Knee","AT_MyraUnstableElement"],"picked":"SKIP","floor":39},{"not_picked":["AT_WomanClash","Backflip+1","Dash+1","Outmaneuver+1","AT_Desolate"],"picked":"SKIP","floor":41},{"not_picked":["Slice","Backflip+1","Sucker Punch+1","Flying Knee+1","Dodge and Roll"],"picked":"SKIP","floor":44},{"not_picked":["Adrenaline","Dagger Spray+1","Choke+1","Cloak And Dagger"],"picked":"Blade Dance+1","floor":46},{"not_picked":["jedi:pocketpoison","Dagger Spray","AT_TinkerSharpsword","Dagger Throw+1","Die Die Die"],"picked":"SKIP","floor":54}],"player_experience":110285,"relics_obtained":[{"floor":1.0,"key":"SynthV:TestCard"},{"floor":4.0,"key":"Ninja Scroll"},{"floor":7.0,"key":"Old Coin"},{"floor":10.0,"key":"jedi:angrymask"},{"floor":22.0,"key":"vexMod:RedPlottingStone"},{"floor":24.0,"key":"AT_SunfireAegis"},{"floor":26.0,"key":"testmod-LifeArmor"},{"floor":27.0,"key":"AT_BladeRuinedKing"},{"floor":29,"key":"Bottled Tornado"},{"floor":41,"key":"Dead Branch"},{"floor":43,"key":"ImprovedEquipment"},{"floor":45,"key":"Potion Belt"},{"floor":54,"key":"Whetstone"}],"event_choices":[{"damage_healed":0.0,"max_hp_gain":0.0,"max_hp_loss":0.0,"gold_gain":0.0,"event_name":"Living Wall","player_choice":"Grow","floor":2.0,"gold_loss":0.0,"damage_taken":0.0,"cards_upgraded":["Neutralize"]},{"cards_removed":["Strike_G"],"damage_healed":0.0,"max_hp_gain":0.0,"max_hp_loss":0.0,"gold_gain":0.0,"event_name":"Purifier","player_choice":"Purged","floor":14.0,"gold_loss":0.0,"damage_taken":0.0},{"damage_healed":0.0,"max_hp_gain":0.0,"max_hp_loss":0.0,"gold_gain":275.0,"event_name":"Golden Shrine","player_choice":"Desecrate","floor":28.0,"gold_loss":0.0,"damage_taken":0.0,"cards_obtained":["Regret"]},{"damage_healed":0,"gold_gain":0,"player_choice":"Ignored","damage_taken":7,"max_hp_gain":0,"max_hp_loss":0,"event_name":"¶÷ÂåË¹µÄÅÌ×Ó","floor":37,"gold_loss":0},{"damage_healed":18,"gold_gain":0,"player_choice":"Writhe","damage_taken":0,"max_hp_gain":0,"max_hp_loss":0,"event_name":"Winding Halls","floor":48,"gold_loss":0,"cards_obtained":["Writhe"]}],"is_beta":false,"boss_relics":[{"not_picked":["testmod-PortableAltar","NightmareShop","testmod-TimeTraveler"]},{"not_picked":["FixedStarFall","Snecko Eye","vexMod:TanglingVine"]}],"items_purged_floors":[11,20,32,32,47],"is_endless":false,"potions_floor_spawned":[5,7,10,13,16,24,29,31,38,39,41,54],"ascension_level":3}}