{"host":"h9c2ptiayi21rmia","time":1611262540,"event":{"mods":["AchievementEnabler","Aspiration","BaseMod","Better Altar","Better Match","Better Note","Better Sensory Stone","Better Skull","Better Third Choice","Better Vampires","Block Reminder","ChefMod","Dio Mod","Evolution","Hermit","Hubris","JesterMod","Jorbs\u0027s Wanderer Trilogy","Kratos Character Expansion","Minty Spire (QoL Compilation)","Permanent Neow","Relic Stats","Replay The Spire","Shade Mod","Small Relic Pack","Spicy Shops","StS++","StSLib","The Dragon Tamer","The Marked","TheSwordswoman"],"gold_per_floor":[116,116,116,17,17,17,17,17],"floor_reached":7,"language":"ENG","playtime":6670,"items_purged":["Regret"],"score":39,"play_id":"16fb1ef3-b9ab-42e2-a471-d717fcd40bc7","local_time":"20210121155540","is_ascension_mode":true,"campfire_choices":[{"data":"Shade:TouchOfTheGrave","floor":6,"key":"SMITH"}],"circlet_count":0,"master_deck":["Shade:ClawBack","Shade:ClawBack","Shade:Strike_Shade","Shade:Strike_Shade","Shade:Defend_Shade","Shade:Defend_Shade","Shade:Defend_Shade","Shade:Defend_Shade","Shade:AnimateDead","Shade:CarefulCut","Shade:FleshLikeOak","Shade:TouchOfTheGrave+1","Shade:Frenzy"],"relics":["Shade:YorickSkull","EVO:Axolotl","aspiration:Nostalgia","DTMod:PactStone","hubris:SlimyHat","KratosMod:chalice","blazmod:SamuraiSword"],"acts_visited":["Exordium"],"potions_floor_usage":[],"damage_taken":[{"damage":2,"enemies":"Small Slimes","floor":1,"turns":3},{"damage":20,"enemies":"3 Sentries","floor":7,"turns":6}],"seed_played":"1723918538422264814","potions_obtained":[],"is_trial":false,"path_per_floor":["M","?","?","$","?","R","E"],"character_chosen":"SHADE","items_purchased":["Shade:Frenzy"],"campfire_rested":0,"item_purchase_floors":[4],"current_hp_per_floor":[63,63,63,63,63,63,43,43],"gold":17,"neow_bonus":"NOSTALGIA","is_daily":false,"chose_seed":false,"campfire_upgraded":1,"win_rate":0.0,"timestamp":1611262540,"path_taken":["M","?","?","$","?","R","E"],"items_purchased_type":["Card"],"build_version":"2020-12-22","purchased_purges":1,"victory":false,"max_hp_per_floor":[65,65,65,65,65,65,65,65],"relic_stats":{"counters":[2,9],"obtain_stats":[{"KratosMod:chalice":5,"blazmod:SamuraiSword":5,"DTMod:PactStone":0,"Shade:YorickSkull":0,"aspiration:Nostalgia":0,"hubris:SlimyHat":2,"EVO:Axolotl":0},{"KratosMod:chalice":1,"blazmod:SamuraiSword":1,"DTMod:PactStone":0,"Shade:YorickSkull":0,"aspiration:Nostalgia":0,"hubris:SlimyHat":1,"EVO:Axolotl":0},{"KratosMod:chalice":3,"blazmod:SamuraiSword":3,"DTMod:PactStone":0,"Shade:YorickSkull":0,"aspiration:Nostalgia":0,"hubris:SlimyHat":3,"EVO:Axolotl":0}]},"card_choices":[{"not_picked":["Shade:ExtraLimbs","Shade:CloudOfShrapnel"],"picked":"Shade:FleshLikeOak","floor":1}],"player_experience":233888,"relics_obtained":[],"event_choices":[{"damage_healed":0,"gold_gain":0,"player_choice":"Box","damage_taken":0,"relics_obtained":["hubris:SlimyHat"],"max_hp_gain":0,"max_hp_loss":0,"event_name":"Big Fish","floor":2,"gold_loss":0,"cards_obtained":["Regret"]}],"is_beta":false,"boss_relics":[],"items_purged_floors":[4],"is_endless":false,"potions_floor_spawned":[],"killed_by":"3 Sentries","ascension_level":1}}