{"host":"4rvakrj1idbgia3f","time":1611211909,"event":{"mods":["BaseMod","Colored Map","Colored Powertips","DeckTracker","Highlight Path","Minty Spire (QoL Compilation)","Random Character Button","StSLib"],"gold_per_floor":[109,1,17,67,78,78,108,108,108,140,140,215,246,270,282,294,294],"floor_reached":16,"language":"JPN","playtime":6584,"items_purged":[],"score":236,"play_id":"3beabe1a-f4ac-48a6-b195-744b0c6dac9f","local_time":"20210121155149","is_ascension_mode":true,"campfire_choices":[{"data":"Twin Strike","floor":6,"key":"SMITH"},{"data":"True Grit","floor":8,"key":"SMITH"},{"data":"True Grit","floor":15,"key":"SMITH"}],"circlet_count":0,"master_deck":["AscendersBane","Strike_R","Strike_R","Strike_R","Strike_R","Strike_R","Defend_R","Defend_R","Defend_R","Defend_R","Bash","Twin Strike+1","Evolve","True Grit+1","Iron Wave","Pommel Strike","True Grit+1","Dark Embrace"],"relics":["Burning Blood","NeowsBlessing","Peace Pipe","Bird Faced Urn","Toxic Egg 2","Molten Egg 2","MawBank"],"acts_visited":["Exordium"],"potions_floor_usage":[7,13],"damage_taken":[{"damage":0,"enemies":"Jaw Worm","floor":1,"turns":1},{"damage":0,"enemies":"Cultist","floor":3,"turns":1},{"damage":0,"enemies":"Small Slimes","floor":5,"turns":1},{"damage":3,"enemies":"Gremlin Nob","floor":7,"turns":3},{"damage":16,"enemies":"3 Sentries","floor":10,"turns":12},{"damage":28,"enemies":"Gremlin Nob","floor":13,"turns":4},{"damage":0,"enemies":"Exordium Wildlife","floor":14,"turns":3},{"damage":75,"enemies":"The Guardian","floor":16,"turns":12}],"seed_played":"-2397175821033173607","potions_obtained":[{"floor":5,"key":"AttackPotion"},{"floor":10,"key":"PowerPotion"},{"floor":14,"key":"Strength Potion"}],"is_trial":false,"path_per_floor":["M","$","M","?","M","R","E","R","T","E","T","?","E","M","R","B"],"character_chosen":"IRONCLAD","items_purchased":["Evolve","True Grit"],"campfire_rested":0,"item_purchase_floors":[2,2],"current_hp_per_floor":[74,74,75,75,75,75,75,75,75,67,67,56,36,42,42,0,0],"gold":294,"neow_bonus":"THREE_ENEMY_KILL","is_daily":false,"chose_seed":false,"campfire_upgraded":3,"win_rate":0.0,"timestamp":1611211909,"path_taken":["M","$","M","?","?","R","E","R","T","E","?","?","E","?","R","BOSS"],"items_purchased_type":["Card","Card"],"build_version":"2020-12-22","purchased_purges":0,"victory":false,"max_hp_per_floor":[75,75,75,75,75,75,75,75,75,75,75,75,75,75,75,75,75],"card_choices":[{"not_picked":["Clash","Pommel Strike"],"picked":"Twin Strike","floor":1},{"not_picked":["Thunderclap","Havoc"],"picked":"Iron Wave","floor":3},{"not_picked":["Entrench","Bloodletting"],"picked":"Pommel Strike","floor":5},{"not_picked":["Heavy Blade","Flex"],"picked":"True Grit","floor":7},{"not_picked":["Flex+1","Clash+1"],"picked":"Dark Embrace","floor":14}],"player_experience":2052990,"relics_obtained":[{"floor":7,"key":"Peace Pipe"},{"floor":9,"key":"Bird Faced Urn"},{"floor":10,"key":"Toxic Egg 2"},{"floor":11,"key":"Molten Egg 2"},{"floor":13,"key":"MawBank"}],"event_choices":[{"damage_healed":0,"gold_gain":50,"player_choice":"Pray","damage_taken":0,"max_hp_gain":0,"max_hp_loss":0,"event_name":"Golden Shrine","floor":4,"gold_loss":0},{"damage_healed":0,"gold_gain":75,"player_choice":"Gather Gold","damage_taken":11,"max_hp_gain":0,"max_hp_loss":0,"event_name":"World of Goop","floor":12,"gold_loss":0}],"is_beta":false,"boss_relics":[],"items_purged_floors":[],"is_endless":false,"potions_floor_spawned":[5,10,14],"killed_by":"The Guardian","ascension_level":20}}