{"host":"nxnzcl474ro3ewbj","time":1611272079,"event":{"mods":["2.2 Compatiblity","Act Like it!","BaseMod","Better Third Choice","Better-Laid Plans","Colored Map","Custom Start","Highlight Path","Keyboard Shortcuts","Minty Spire (QoL Compilation)","Quick Restart","Rare Cards Sparkle","Relic Stats","Shop Mod","Slay the Relics Exporter","StSLib","SuperFastMode"],"gold_per_floor":[11,31,48,123,123,123,123,149,201,221,240,240,273,158,158,258,258,275,175,100,118,118,118,151,151,151],"floor_reached":25,"language":"KOR","playtime":1363,"items_purged":["Strike_B","Strike_B"],"score":486,"play_id":"451b0e55-364b-452a-81cd-9115d5613c0e","local_time":"20210122083439","is_ascension_mode":true,"campfire_choices":[{"data":"Fission","floor":6.0,"key":"SMITH"},{"data":"White Noise","floor":12.0,"key":"SMITH"},{"data":"White Noise","floor":15.0,"key":"SMITH"},{"data":"Amplify","floor":23.0,"key":"SMITH"}],"circlet_count":0,"master_deck":["AscendersBane","Defend_B","Defend_B","Defend_B+1","Zap+1","Dualcast","Coolheaded","Sweeping Beam","Fission+1","White Noise+1","Glacier","Ball Lightning","White Noise+1","Undo","Amplify+1","Self Repair"],"relics":["Cracked Core","Omamori","Mango","Dream Catcher","War Paint","Philosopher\u0027s Stone","Smiling Mask","Turnip"],"acts_visited":[],"potions_floor_usage":[],"damage_taken":[{"damage":10.0,"enemies":"Cultist","floor":1.0,"turns":4.0},{"damage":3.0,"enemies":"2 Louse","floor":2.0,"turns":3.0},{"damage":5.0,"enemies":"Small Slimes","floor":3.0,"turns":4.0},{"damage":18.0,"enemies":"Gremlin Nob","floor":8.0,"turns":3.0},{"damage":1.0,"enemies":"Red Slaver","floor":10.0,"turns":6.0},{"damage":9.0,"enemies":"Exordium Thugs","floor":11.0,"turns":4.0},{"damage":0.0,"enemies":"3 Sentries","floor":13.0,"turns":6.0},{"damage":0.0,"enemies":"The Guardian","floor":16.0,"turns":15.0},{"damage":18.0,"enemies":"3 Byrds","floor":18.0,"turns":5.0},{"damage":14.0,"enemies":"Shell Parasite","floor":21.0,"turns":8.0},{"damage":53.0,"enemies":"Slavers","floor":24.0,"turns":5.0},{"damage":0,"enemies":"Snake Plant","floor":25,"turns":1}],"seed_played":"897600459063149660","potions_obtained":[{"floor":2.0,"key":"Fire Potion"},{"floor":11.0,"key":"Fire Potion"},{"floor":13.0,"key":"Strength Potion"},{"floor":21.0,"key":"Regen Potion"}],"is_trial":false,"path_per_floor":["M","M","M","?","?","R","?","E","T","M","M","R","E","$","R","B",null,"M","$","?","M","?","R","E","M"],"character_chosen":"DEFECT","items_purchased":["Undo"],"campfire_rested":0,"item_purchase_floors":[14],"current_hp_per_floor":[58,55,50,39,32,32,32,28,28,27,18,18,18,18,18,18,71,53,53,53,39,39,39,1,1,1],"gold":151,"neow_bonus":"REMOVE_TWO","is_daily":false,"chose_seed":false,"campfire_upgraded":4,"win_rate":0.0,"timestamp":1611272079,"path_taken":["M","?","M","?","?","R","?","E","T","?","M","R","E","$","R","BOSS","M","$","?","M","?","R","E","M"],"items_purchased_type":["Card"],"build_version":"2020-12-22","purchased_purges":2,"victory":false,"max_hp_per_floor":[75,75,75,75,75,75,75,89,89,89,89,89,89,89,89,89,89,89,89,89,89,89,89,89,89,89],"relic_stats":{"Dream Catcher":0,"counters":[12,64],"Turnip":[0],"War Paint":["Zap","Defend_B"],"Smiling Mask":0,"obtain_stats":[{"Dream Catcher":9,"Mango":8,"Philosopher\u0027s Stone":17,"Turnip":24,"Omamori":5,"War Paint":13,"Cracked Core":0,"Smiling Mask":22},{"Dream Catcher":4,"Mango":4,"Philosopher\u0027s Stone":8,"Turnip":11,"Omamori":3,"War Paint":7,"Cracked Core":0,"Smiling Mask":10},{"Dream Catcher":14,"Mango":14,"Philosopher\u0027s Stone":45,"Turnip":63,"Omamori":11,"War Paint":30,"Cracked Core":0,"Smiling Mask":58}]},"card_choices":[{"not_picked":["Skim","Stack"],"picked":"Coolheaded","floor":1.0},{"not_picked":["Turbo","Cold Snap"],"picked":"Sweeping Beam","floor":2.0},{"not_picked":["Glacier","Consume"],"picked":"Fission","floor":3.0},{"not_picked":["Stack","Coolheaded"],"picked":"Glacier","floor":8.0},{"not_picked":["Streamline","Turbo"],"picked":"Ball Lightning","floor":10.0},{"not_picked":["Redo","Steam"],"picked":"White Noise","floor":11.0},{"not_picked":["Redo","Reboot","Cold Snap"],"picked":"SKIP","floor":13.0},{"not_picked":["Hyperbeam","Meteor Strike"],"picked":"Amplify","floor":16.0},{"not_picked":["Beam Cell","Undo","BootSequence"],"picked":"SKIP","floor":18.0},{"not_picked":["Scrape+1","Streamline","Cold Snap"],"picked":"SKIP","floor":21.0},{"not_picked":["Turbo","Go for the Eyes"],"picked":"Self Repair","floor":24.0}],"player_experience":66943,"relics_obtained":[{"floor":8.0,"key":"Mango"},{"floor":9.0,"key":"Dream Catcher"},{"floor":13.0,"key":"War Paint"},{"floor":24.0,"key":"Turnip"}],"event_choices":[{"damage_healed":0.0,"max_hp_gain":0.0,"max_hp_loss":0.0,"gold_gain":75.0,"event_name":"World of Goop","player_choice":"Gather Gold","floor":4.0,"gold_loss":0.0,"damage_taken":11.0},{"damage_healed":0.0,"max_hp_gain":0.0,"max_hp_loss":0.0,"gold_gain":0.0,"event_name":"Scrap Ooze","player_choice":"Success","floor":5.0,"gold_loss":0.0,"damage_taken":7.0,"relics_obtained":["Omamori"]},{"damage_healed":0.0,"max_hp_gain":0.0,"max_hp_loss":0.0,"gold_gain":0.0,"event_name":"Match and Keep!","player_choice":"1 cards matched","floor":7.0,"gold_loss":0.0,"damage_taken":0.0,"cards_obtained":["White Noise"]},{"damage_healed":0.0,"max_hp_gain":0.0,"max_hp_loss":0.0,"gold_gain":0.0,"event_name":"Match and Keep!","player_choice":"1 cards matched","floor":7.0,"gold_loss":0.0,"damage_taken":0.0,"cards_obtained":["White Noise"]},{"cards_removed":["Defend_B"],"damage_healed":0.0,"max_hp_gain":0.0,"max_hp_loss":0.0,"gold_gain":0.0,"event_name":"Beggar","player_choice":"Gave Gold","floor":20.0,"gold_loss":75.0,"damage_taken":0.0},{"damage_healed":0.0,"max_hp_gain":0.0,"max_hp_loss":0.0,"gold_gain":0.0,"event_name":"The Mausoleum","player_choice":"Opened","floor":22.0,"gold_loss":0.0,"damage_taken":0.0,"relics_obtained":["Smiling Mask"]}],"is_beta":false,"boss_relics":[{"not_picked":["Velvet Choker","Runic Pyramid"],"picked":"Philosopher\u0027s Stone"}],"items_purged_floors":[14,19],"is_endless":false,"potions_floor_spawned":[2,11,13,21],"killed_by":"Snake Plant","ascension_level":12}}