{"host":"ndpbn7fqb3wjbd7p","time":1611272564,"event":{"mods":["AchievementEnabler","Act Like it!","AlwaysNeverKeys","BaseMod","Better Vampires","Block Reminder","Colored Powertips","DeckTracker","Defuse TimeMaze Blight","Friendly Minions","Hallownest","Hermit","Highlight Path","MarisaÅiñ∂âJÅ@ñÇóùçπÅj","Minty Spire (QoL Compilation)","Permanent Neow","Shade Mod","StSLib","SuperFastMode","Synergy Search","The Mystic","Unceasing Turn Reminder","egg"],"gold_per_floor":[11,11,31,31,43,43,43,53,76,95,110,110,122,141,141,212,212,231,256,69,87,87,87,87,87],"floor_reached":24,"language":"ENG","playtime":1259,"items_purged":["Strike_G"],"score":380,"play_id":"898ec88c-756a-4179-9070-46105581790e","local_time":"20210122004244","is_ascension_mode":true,"campfire_choices":[{"data":"Noxious Fumes","floor":6,"key":"SMITH"},{"data":"Tools of the Trade","floor":12,"key":"SMITH"},{"data":"Neutralize","floor":15,"key":"SMITH"},{"data":"Concentrate","floor":23,"key":"SMITH"}],"circlet_count":0,"master_deck":["AscendersBane","Strike_G+1","Strike_G+1","Defend_G","Defend_G","Defend_G","Survivor","Neutralize+1","Footwork","Poisoned Stab","Backflip","Noxious Fumes+1","Tools of the Trade+1","PiercingWail","Deflect","Acrobatics","Concentrate+1","Escape Plan"],"relics":["Ring of the Serpent","Blood Vial","Smiling Mask","Toxic Egg 2"],"acts_visited":["Exordium","TheCity"],"potions_floor_usage":[8,13,16],"damage_taken":[{"damage":3,"enemies":"Small Slimes","floor":1,"turns":4},{"damage":0,"enemies":"Cultist","floor":3,"turns":4},{"damage":0,"enemies":"Jaw Worm","floor":5,"turns":4},{"damage":4,"enemies":"3 Louse","floor":8,"turns":5},{"damage":10,"enemies":"Exordium Thugs","floor":10,"turns":4},{"damage":1,"enemies":"Red Slaver","floor":11,"turns":4},{"damage":5,"enemies":"Lots of Slimes","floor":13,"turns":6},{"damage":0,"enemies":"Exordium Thugs","floor":14,"turns":5},{"damage":5,"enemies":"Hexaghost","floor":16,"turns":9},{"damage":0,"enemies":"3 Byrds","floor":18,"turns":6},{"damage":11,"enemies":"Chosen","floor":21,"turns":7},{"damage":61,"enemies":"Gremlin Leader","floor":24,"turns":5}],"seed_played":"330569157300619053","potions_obtained":[{"floor":1,"key":"GamblersBrew"},{"floor":5,"key":"Swift Potion"},{"floor":14,"key":"Strength Potion"},{"floor":16,"key":"CultistPotion"}],"is_trial":false,"path_per_floor":["M","?","M","?","M","R","?","M","T","M","M","R","M","M","R","B",null,"M","T","$","M","T","R","E"],"character_chosen":"THE_SILENT","items_purchased":["Acrobatics","Concentrate"],"campfire_rested":0,"item_purchase_floors":[20,20],"current_hp_per_floor":[56,56,56,36,36,36,36,32,32,24,25,25,22,24,24,21,55,57,57,57,48,48,48,0,0],"gold":87,"neow_bonus":"REMOVE_TWO","is_daily":false,"chose_seed":false,"campfire_upgraded":4,"win_rate":0.0,"timestamp":1611272564,"path_taken":["M","?","?","?","M","R","?","M","T","M","M","R","?","M","R","BOSS","M","?","$","?","?","R","E"],"items_purchased_type":["Card","Card"],"build_version":"2020-12-22","purchased_purges":1,"victory":false,"max_hp_per_floor":[66,66,66,66,66,66,66,66,66,66,66,66,66,66,66,66,66,66,66,66,66,66,66,66,66],"card_choices":[{"not_picked":["Slice","Predator"],"picked":"Footwork","floor":1},{"not_picked":["Prepared","Well Laid Plans"],"picked":"Backflip","floor":3},{"not_picked":["Acrobatics","Riddle With Holes"],"picked":"Noxious Fumes","floor":5},{"not_picked":["Prepared","Outmaneuver","Bane"],"picked":"SKIP","floor":8},{"not_picked":["Distraction","Blade Dance","Dagger Spray"],"picked":"SKIP","floor":10},{"not_picked":["Dagger Spray","Skewer"],"picked":"Tools of the Trade","floor":11},{"not_picked":["Blade Dance","Outmaneuver","Well Laid Plans"],"picked":"SKIP","floor":13},{"not_picked":["Bane","Dagger Throw"],"picked":"PiercingWail","floor":14},{"not_picked":["Sucker Punch","Blade Dance"],"picked":"Deflect","floor":18},{"not_picked":["Dagger Spray","Slice"],"picked":"Escape Plan","floor":21}],"player_experience":1179169,"relics_obtained":[{"floor":9,"key":"Blood Vial"},{"floor":19,"key":"Smiling Mask"},{"floor":22,"key":"Toxic Egg 2"}],"event_choices":[{"damage_healed":0,"gold_gain":0,"cards_transformed":["Strike_G"],"player_choice":"Transformed","damage_taken":0,"max_hp_gain":0,"max_hp_loss":0,"event_name":"Transmorgrifier","floor":2,"gold_loss":0,"cards_obtained":["Poisoned Stab"]},{"damage_healed":0,"gold_gain":0,"player_choice":"Entered Light","damage_taken":20,"max_hp_gain":0,"max_hp_loss":0,"event_name":"Shining Light","floor":4,"gold_loss":0,"cards_upgraded":["Strike_G","Strike_G"]},{"cards_removed":["Strike_G"],"damage_healed":0,"gold_gain":0,"player_choice":"Offered Basic","damage_taken":0,"max_hp_gain":0,"max_hp_loss":0,"event_name":"Bonfire Elementals","floor":7,"gold_loss":0}],"is_beta":false,"boss_relics":[{"not_picked":["Runic Dome","Sozu"],"picked":"Ring of the Serpent"}],"items_purged_floors":[20],"is_endless":false,"potions_floor_spawned":[1,5,14,16],"killed_by":"Gremlin Leader","ascension_level":20}}