{"host":"83ve8bsuvg15pdqh","time":1611202561,"event":{"mods":["2.2 Compatiblity","AchievementEnabler","BaseMod","Colored Map","Colored Powertips","Downfall","Highlight Path","Minty Spire (QoL Compilation)","Relic Stats","StSLib","everything is the same but u backflip on backflip"],"gold_per_floor":[99,115,130,145,295,287,312,312,312,312],"floor_reached":8,"language":"ENG","playtime":336,"items_purged":[],"score":46,"play_id":"2ed30d18-a509-416b-a1ac-9bd41384177a","local_time":"20210120221601","is_ascension_mode":false,"campfire_choices":[{"data":"hexamod:Float","floor":1,"key":"SMITH"}],"circlet_count":0,"master_deck":["hexamod:Strike","hexamod:Strike","hexamod:Strike","hexamod:Strike","hexamod:Defend","hexamod:Defend","hexamod:Defend","hexamod:Defend","hexamod:Sear","hexamod:Float+1","hexamod:ExtraCrispy","hexamod:RadiantFlame","downfall:Icky","hexamod:FirstSeal","hexamod:SecondSeal","hexamod:ThirdSeal","hexamod:FourthSeal"],"relics":["hexamod:SpiritBrand"],"acts_visited":["Exordium"],"potions_floor_usage":[],"damage_taken":[{"damage":1,"enemies":"Jaw Worm","floor":2,"turns":4},{"damage":5,"enemies":"Small Slimes","floor":3,"turns":3},{"damage":0,"enemies":"Cultist","floor":4,"turns":3},{"damage":67,"enemies":"Gremlin Nob","floor":8,"turns":6}],"seed_played":"7478688190050317085","potions_obtained":[{"floor":2,"key":"Fire Potion"},{"floor":3,"key":"SteroidPotion"}],"is_trial":false,"path_per_floor":["R","M","M","M","?","?","T","E"],"character_chosen":"THE_SPIRIT","items_purchased":[],"campfire_rested":0,"item_purchase_floors":[],"current_hp_per_floor":[77,76,71,71,71,64,64,0,0,0],"gold":312,"neow_bonus":"TEN_PERCENT_HP_BONUS","is_daily":false,"chose_seed":false,"campfire_upgraded":1,"win_rate":0.0,"timestamp":1611202561,"path_taken":["R","M","M","M","?","?","T","E"],"items_purchased_type":[],"build_version":"2020-12-22","purchased_purges":0,"victory":false,"max_hp_per_floor":[77,77,77,77,77,77,77,77,77,77],"relic_stats":{"counters":[4,16],"obtain_stats":[{"hexamod:SpiritBrand":0},{"hexamod:SpiritBrand":0},{"hexamod:SpiritBrand":0}]},"card_choices":[{"not_picked":["hexamod:Incineration","hexamod:SecondSeal"],"picked":"hexamod:ExtraCrispy","floor":2},{"not_picked":["hexamod:Haunt","hexamod:NightmareGuise"],"picked":"hexamod:RadiantFlame","floor":3},{"not_picked":["hexamod:BacktrackSmack","hexamod:ShieldOfDarkness"],"picked":"hexamod:BurningTouch","floor":4}],"player_experience":7591,"relics_obtained":[],"event_choices":[],"is_beta":false,"boss_relics":[],"items_purged_floors":[],"is_endless":false,"potions_floor_spawned":[2,3],"killed_by":"Gremlin Nob","ascension_level":0}}