{"host":"2se5dq1do2gp0x9k","time":1611243281,"event":{"mods":["AchievementEnabler","BaseMod","Block Reminder","Colored Map","Colored Powertips","Minty Spire (QoL Compilation)","Relic Stats","StSLib","SuperFastMode"],"gold_per_floor":[118,118,81,99,124,124,174,218,242,242,267,290,61,82,82,175,175,190,215,215,215,215],"floor_reached":21,"language":"ENG","playtime":728,"items_purged":[],"score":362,"play_id":"e66321ae-3f6c-4551-a297-4d334328bb2e","local_time":"20210121073441","is_ascension_mode":true,"campfire_choices":[{"data":"Defragment","floor":6,"key":"SMITH"},{"floor":10,"key":"REST"},{"floor":15,"key":"REST"}],"circlet_count":0,"master_deck":["AscendersBane","Strike_B+1","Strike_B","Strike_B","Strike_B+1","Defend_B","Defend_B","Defend_B","Defend_B","Zap","Dualcast","Coolheaded","Defragment+1","Hologram","Chaos","Redo","Electrodynamics","Chaos+1","Reboot","Compile Driver"],"relics":["Busted Crown","Golden Idol","Whetstone","DataDisk","Runic Pyramid"],"acts_visited":["Exordium","TheCity"],"potions_floor_usage":[8,12,21],"damage_taken":[{"damage":2.0,"enemies":"Jaw Worm","floor":1.0,"turns":3.0},{"damage":0,"enemies":"Cultist","floor":4,"turns":4},{"damage":0,"enemies":"Small Slimes","floor":5,"turns":3},{"damage":51,"enemies":"Gremlin Nob","floor":8,"turns":4},{"damage":7,"enemies":"Gremlin Gang","floor":11,"turns":5},{"damage":16,"enemies":"Blue Slaver","floor":12,"turns":5},{"damage":8,"enemies":"Lots of Slimes","floor":14,"turns":3},{"damage":13,"enemies":"The Guardian","floor":16,"turns":9},{"damage":16,"enemies":"Shell Parasite","floor":18,"turns":6},{"damage":16,"enemies":"2 Thieves","floor":19,"turns":5},{"damage":21,"enemies":"Snake Plant","floor":21,"turns":3}],"seed_played":"5822779683251740912","potions_obtained":[{"floor":4,"key":"EssenceOfDarkness"},{"floor":8,"key":"Regen Potion"},{"floor":16,"key":"Swift Potion"}],"is_trial":false,"path_per_floor":["M","?","$","M","M","R","?","E","T","R","M","M","$","M","R","B",null,"M","M","?","M"],"character_chosen":"DEFECT","items_purchased":["Defragment","Electrodynamics","Chaos"],"campfire_rested":2,"item_purchase_floors":[3,13,13],"current_hp_per_floor":[62,62,62,62,62,62,56,5,5,24,17,10,10,2,21,8,50,34,18,18,0,0],"gold":215,"neow_bonus":"BOSS_RELIC","is_daily":false,"chose_seed":false,"campfire_upgraded":1,"win_rate":0.0,"timestamp":1611243281,"path_taken":["M","?","?","M","?","R","?","E","T","R","?","M","$","M","R","BOSS","M","?","?","?"],"items_purchased_type":["Card","Card","Card"],"build_version":"2020-12-22","purchased_purges":0,"victory":false,"max_hp_per_floor":[71,64,64,64,64,64,64,64,64,64,64,64,64,64,64,64,64,64,64,64,64,64],"relic_stats":{"Busted Crown":20,"counters":[11,50],"Golden Idol":59,"Whetstone":["Strike_B","Strike_B"],"obtain_stats":[{"DataDisk":9,"Busted Crown":0,"Golden Idol":2,"Whetstone":8,"Cracked Core":0,"Runic Pyramid":17},{"DataDisk":4,"Busted Crown":0,"Golden Idol":1,"Whetstone":4,"Cracked Core":0,"Runic Pyramid":8},{"DataDisk":14,"Busted Crown":0,"Golden Idol":3,"Whetstone":14,"Cracked Core":0,"Runic Pyramid":36}]},"card_choices":[{"not_picked":[],"picked":"Coolheaded","floor":1.0},{"not_picked":[],"picked":"Hologram","floor":4},{"not_picked":["Stack"],"picked":"SKIP","floor":5},{"not_picked":[],"picked":"Chaos","floor":8},{"not_picked":["Beam Cell"],"picked":"SKIP","floor":11},{"not_picked":[],"picked":"Redo","floor":12},{"not_picked":["Scrape"],"picked":"SKIP","floor":14},{"not_picked":[],"picked":"Reboot","floor":16},{"not_picked":["Barrage"],"picked":"SKIP","floor":18},{"not_picked":[],"picked":"Compile Driver","floor":19}],"player_experience":3930374,"relics_obtained":[{"floor":8,"key":"Whetstone"},{"floor":9,"key":"DataDisk"}],"event_choices":[{"damage_healed":0.0,"max_hp_gain":0.0,"max_hp_loss":7.0,"gold_gain":0.0,"event_name":"Golden Idol","player_choice":"Lose Max HP","floor":2.0,"gold_loss":0.0,"damage_taken":0.0,"relics_obtained":["Golden Idol"]},{"damage_healed":0,"gold_gain":50,"player_choice":"Touch","damage_taken":6,"max_hp_gain":0,"max_hp_loss":0,"event_name":"FaceTrader","floor":7,"gold_loss":0},{"damage_healed":0,"gold_gain":0,"player_choice":"Upgraded","damage_taken":0,"max_hp_gain":0,"max_hp_loss":0,"event_name":"Upgrade Shrine","floor":20,"gold_loss":0,"cards_upgraded":["Chaos"]}],"is_beta":false,"boss_relics":[{"not_picked":["SacredBark","SlaversCollar"],"picked":"Runic Pyramid"}],"items_purged_floors":[],"is_endless":false,"potions_floor_spawned":[4,8,16],"killed_by":"Snake Plant","ascension_level":20}}