{"host":"dvpvhz1t6etneyb3","time":1611199667,"event":{"mods":["AchievementEnabler","BaseMod","Colored Map","Highlight Path","Minty Spire (QoL Compilation)","Permanent Neow","Quick Restart"],"gold_per_floor":[20,30,30,49,49,75,75,0,0,31,47,74,124,137,137,213,213,239,262,18,44,44,44,80,107,158,194,194,223,267,294,294,368,368,388,2,11,36,57,98,98,136,216,252,306,306,306,346,346,346,346],"floor_reached":52,"language":"ENG","playtime":3782,"items_purged":["Strike_R","Strike_R"],"score":2346,"play_id":"27ee5bc7-581a-467a-ba48-931e3025f9f9","local_time":"20210120222747","is_ascension_mode":true,"campfire_choices":[{"data":"Bash","floor":7.0,"key":"SMITH"},{"data":"Evolve","floor":15.0,"key":"SMITH"},{"data":"Corruption","floor":23.0,"key":"SMITH"},{"data":"Dark Embrace","floor":28.0,"key":"SMITH"},{"data":"Feel No Pain","floor":32.0,"key":"SMITH"},{"data":"Body Slam","floor":46.0,"key":"SMITH"},{"data":"Fire Breathing","floor":49.0,"key":"SMITH"}],"circlet_count":0,"master_deck":["AscendersBane","Strike_R","Strike_R","Strike_R","Defend_R+1","Defend_R","Defend_R","Defend_R+1","Bash+1","Bludgeon+1","Feel No Pain+1","Evolve+1","Hemokinesis","Dark Embrace+1","Corruption+1","CurseOfTheBell","Shockwave+1","True Grit+1","True Grit+1","Feel No Pain","Immolate","Feel No Pain","Inflame+1","Battle Trance+1","Entrench+1","Exhume+1","Shockwave+1","Seeing Red+1","Master of Strategy+1","Fire Breathing+1","Shrug It Off+1","Battle Trance+1","True Grit+1","Body Slam+1","Brutality+1"],"relics":["Burning Blood","Paper Frog","StrikeDummy","Mango","War Paint","Calling Bell","CeramicFish","Toxic Egg 2","CaptainsWheel","Eternal Feather","Bird Faced Urn","Juzu Bracelet","Red Skull","Bag of Preparation","Mark of Pain","Self Forming Clay","Dream Catcher","Frozen Egg 2","The Courier","Bronze Scales","StoneCalendar","Magic Flower"],"acts_visited":["Exordium","TheCity","TheBeyond"],"potions_floor_usage":[51],"damage_taken":[{"damage":4.0,"enemies":"Jaw Worm","floor":1.0,"turns":4.0},{"damage":4.0,"enemies":"2 Louse","floor":2.0,"turns":3.0},{"damage":7.0,"enemies":"Cultist","floor":4.0,"turns":4.0},{"damage":22.0,"enemies":"3 Sentries","floor":6.0,"turns":7.0},{"damage":2.0,"enemies":"Gremlin Nob","floor":10.0,"turns":2.0},{"damage":3.0,"enemies":"Exordium Thugs","floor":11.0,"turns":3.0},{"damage":12.0,"enemies":"3 Sentries","floor":12.0,"turns":6.0},{"damage":9.0,"enemies":"Exordium Wildlife","floor":14.0,"turns":3.0},{"damage":57.0,"enemies":"Hexaghost","floor":16.0,"turns":6.0},{"damage":32.0,"enemies":"Shell Parasite","floor":18.0,"turns":5.0},{"damage":31.0,"enemies":"3 Byrds","floor":19.0,"turns":7.0},{"damage":5.0,"enemies":"Sentry and Sphere","floor":21.0,"turns":6.0},{"damage":2.0,"enemies":"Gremlin Leader","floor":24.0,"turns":7.0},{"damage":11.0,"enemies":"Shelled Parasite and Fungi","floor":25.0,"turns":7.0},{"damage":13.0,"enemies":"Book of Stabbing","floor":27.0,"turns":6.0},{"damage":2.0,"enemies":"Centurion and Healer","floor":29.0,"turns":6.0},{"damage":37.0,"enemies":"Gremlin Leader","floor":30.0,"turns":10.0},{"damage":14.0,"enemies":"Sentry and Sphere","floor":31.0,"turns":8.0},{"damage":58.0,"enemies":"Automaton","floor":33.0,"turns":11.0},{"damage":4.0,"enemies":"3 Darklings","floor":35.0,"turns":8.0},{"damage":13.0,"enemies":"Orb Walker","floor":38.0,"turns":4.0},{"damage":0.0,"enemies":"4 Shapes","floor":39.0,"turns":3.0},{"damage":6.0,"enemies":"Reptomancer","floor":40.0,"turns":6.0},{"damage":16.0,"enemies":"Nemesis","floor":42.0,"turns":7.0},{"damage":4.0,"enemies":"Giant Head","floor":44.0,"turns":7.0},{"damage":21.0,"enemies":"2 Orb Walkers","floor":45.0,"turns":4.0},{"damage":23.0,"enemies":"Nemesis","floor":48.0,"turns":5.0},{"damage":3.0,"enemies":"Donu and Deca","floor":50.0,"turns":4.0},{"damage":55,"enemies":"Awakened One","floor":51,"turns":11}],"seed_played":"8009249371672951458","potions_obtained":[{"floor":2.0,"key":"AttackPotion"},{"floor":11.0,"key":"SneckoOil"},{"floor":16.0,"key":"Regen Potion"},{"floor":19.0,"key":"ElixirPotion"},{"floor":24.0,"key":"SmokeBomb"},{"floor":29.0,"key":"Fire Potion"},{"floor":30.0,"key":"Fire Potion"},{"floor":38.0,"key":"Explosive Potion"},{"floor":44.0,"key":"LiquidMemories"}],"is_trial":false,"path_per_floor":["M","M","?","M","?","E","R","$","T","E","M","E","?","M","R","B",null,"M","M","$","M","T","R","E","M","T","E","R","M","E","M","R","B",null,"M","$","?","M","M","E","?","E","T","E","?","R","?","E","R","B","B",null],"character_chosen":"IRONCLAD","items_purchased":["True Grit+1","Feel No Pain","Immolate","Fire Potion","Self Forming Clay"],"campfire_rested":0,"item_purchase_floors":[20,20,20,20,36],"current_hp_per_floor":[70,72,72,71,71,55,55,55,55,73,76,70,70,67,67,16,71,59,34,34,35,35,47,51,58,58,59,74,89,64,68,86,47,79,89,89,89,84,89,89,89,89,89,89,84,89,89,86,89,89,67],"gold":346,"neow_bonus":"THREE_RARE_CARDS","is_daily":false,"chose_seed":false,"campfire_upgraded":7,"win_rate":0.0,"timestamp":1611199667,"path_taken":["M","M","?","M","?","E","R","?","T","E","M","E","?","M","R","BOSS","M","M","$","?","?","R","E","M","T","E","R","M","E","M","R","BOSS","M","$","?","M","M","E","?","E","T","E","?","R","?","E","R","BOSS","BOSS"],"items_purchased_type":["Card","Card","Card","Potion","Relic"],"build_version":"2020-12-22","purchased_purges":2,"victory":true,"max_hp_per_floor":[75,75,75,75,75,75,75,75,75,89,89,89,89,89,89,89,89,89,89,89,89,89,89,89,89,89,89,89,89,89,89,89,89,89,89,89,89,89,89,89,89,89,89,89,89,89,89,89,89,89,89],"card_choices":[{"not_picked":["Demon Form","Double Tap"],"picked":"Bludgeon","floor":0.0},{"not_picked":["Shrug It Off","Heavy Blade"],"picked":"Feel No Pain","floor":1.0},{"not_picked":["Burning Pact","Fire Breathing"],"picked":"Evolve","floor":2.0},{"not_picked":["Thunderclap","Body Slam"],"picked":"Hemokinesis","floor":4.0},{"not_picked":["Iron Wave","Cleave","Pommel Strike"],"picked":"SKIP","floor":6.0},{"not_picked":["Thunderclap","Clash"],"picked":"Dark Embrace","floor":10.0},{"not_picked":["Armaments","Dark Embrace","Iron Wave"],"picked":"SKIP","floor":11.0},{"not_picked":["Carnage","Perfected Strike","Warcry"],"picked":"SKIP","floor":12.0},{"not_picked":["Cleave","Dual Wield"],"picked":"Thunderclap","floor":14.0},{"not_picked":["Immolate","Juggernaut"],"picked":"Corruption","floor":16.0},{"not_picked":["Intimidate+1","Sword Boomerang"],"picked":"Shockwave+1","floor":18.0},{"not_picked":["Havoc+1","Flex+1"],"picked":"True Grit+1","floor":19.0},{"not_picked":["Heavy Blade","Twin Strike+1"],"picked":"Feel No Pain","floor":21.0},{"not_picked":["Evolve","Clothesline"],"picked":"Inflame+1","floor":24.0},{"not_picked":["Flame Barrier+1","Sentinel+1"],"picked":"Battle Trance+1","floor":25.0},{"not_picked":["Iron Wave","Thunderclap"],"picked":"Entrench+1","floor":27.0},{"not_picked":["Pommel Strike","Headbutt"],"picked":"Exhume+1","floor":29.0},{"not_picked":["Warcry+1","Rampage"],"picked":"Shockwave+1","floor":30.0},{"not_picked":["Sword Boomerang+1","Spot Weakness+1"],"picked":"Seeing Red+1","floor":31.0},{"not_picked":["Twin Strike","Anger","Clothesline"],"picked":"SKIP","floor":35.0},{"not_picked":["Secret Technique+1","Jack Of All Trades+1"],"picked":"Master of Strategy+1","floor":37.0},{"not_picked":["Dual Wield+1","Wild Strike"],"picked":"Fire Breathing","floor":38.0},{"not_picked":["Clothesline","Body Slam"],"picked":"Shrug It Off+1","floor":39.0},{"not_picked":["Fire Breathing","Cleave"],"picked":"Battle Trance+1","floor":40.0},{"not_picked":["Flex+1","Sword Boomerang"],"picked":"True Grit+1","floor":42.0},{"not_picked":["Sentinel+1","Blood for Blood+1"],"picked":"Body Slam","floor":44.0},{"not_picked":["Body Slam","Warcry+1"],"picked":"Brutality+1","floor":48.0}],"player_experience":2047865,"relics_obtained":[{"floor":6.0,"key":"Paper Frog"},{"floor":9.0,"key":"StrikeDummy"},{"floor":10.0,"key":"Mango"},{"floor":12.0,"key":"War Paint"},{"floor":17.0,"key":"CeramicFish"},{"floor":17.0,"key":"Toxic Egg 2"},{"floor":17.0,"key":"CaptainsWheel"},{"floor":22.0,"key":"Eternal Feather"},{"floor":24.0,"key":"Bird Faced Urn"},{"floor":26.0,"key":"Juzu Bracelet"},{"floor":27.0,"key":"Red Skull"},{"floor":30.0,"key":"Bag of Preparation"},{"floor":40.0,"key":"Dream Catcher"},{"floor":42.0,"key":"Frozen Egg 2"},{"floor":43.0,"key":"The Courier"},{"floor":44.0,"key":"Bronze Scales"},{"floor":45.0,"key":"StoneCalendar"},{"floor":48.0,"key":"Magic Flower"}],"event_choices":[{"damage_healed":0.0,"max_hp_gain":0.0,"max_hp_loss":0.0,"gold_gain":0.0,"event_name":"Living Wall","player_choice":"Grow","floor":3.0,"gold_loss":0.0,"damage_taken":0.0,"cards_upgraded":["Bludgeon"]},{"damage_healed":0.0,"max_hp_gain":0.0,"max_hp_loss":0.0,"gold_gain":0.0,"event_name":"The Cleric","player_choice":"Leave","floor":5.0,"gold_loss":0.0,"damage_taken":0.0},{"damage_healed":0.0,"max_hp_gain":0.0,"max_hp_loss":0.0,"gold_gain":50.0,"event_name":"Golden Shrine","player_choice":"Pray","floor":13.0,"gold_loss":0.0,"damage_taken":0.0},{"damage_healed":0.0,"max_hp_gain":0.0,"max_hp_loss":0.0,"gold_gain":0.0,"event_name":"SensoryStone","player_choice":"Memory 1","floor":37.0,"gold_loss":0.0,"damage_taken":0.0},{"damage_healed":0.0,"max_hp_gain":0.0,"max_hp_loss":0.0,"gold_gain":0.0,"event_name":"SecretPortal","player_choice":"Ignored","floor":41.0,"gold_loss":0.0,"damage_taken":0.0},{"damage_healed":0.0,"max_hp_gain":0.0,"max_hp_loss":0.0,"gold_gain":0.0,"event_name":"Mysterious Sphere","player_choice":"Fight","floor":45.0,"gold_loss":0.0,"damage_taken":0.0},{"cards_removed":["Thunderclap"],"damage_healed":0.0,"max_hp_gain":0.0,"max_hp_loss":0.0,"gold_gain":0.0,"event_name":"Falling","player_choice":"Removed Attack","floor":47.0,"gold_loss":0.0,"damage_taken":0.0}],"is_beta":false,"boss_relics":[{"not_picked":["Velvet Choker","SacredBark"],"picked":"Calling Bell"},{"not_picked":["Astrolabe","Empty Cage"],"picked":"Mark of Pain"}],"items_purged_floors":[8,36],"is_endless":false,"potions_floor_spawned":[2,11,16,19,24,29,30,38,39,44,45,48],"ascension_level":20}}