{"host":"yb2vosf5gpvgythe","time":1611214424,"event":{"mods":["BaseMod","Downfall","Minty Spire (QoL Compilation)","StSLib","egg"],"gold_per_floor":[99,118,118,118,118,153,177,191,191,226,244,261,261,261,271,371,371,371,384,425,436,38,55,55,55,73,73,73,92,292,292,308,308,308,308],"floor_reached":33,"language":"ENG","playtime":2008,"items_purged":["sneckomod:Strike"],"score":334,"play_id":"5b6573dd-2d7d-4d23-ba8e-9efcede1c012","local_time":"20210121023344","is_ascension_mode":false,"campfire_choices":[{"data":"sneckomod:TailWhip","floor":1,"key":"SMITH"},{"floor":25,"key":"REST"},{"floor":28,"key":"REST"}],"circlet_count":0,"master_deck":["sneckomod:Strike","sneckomod:Defend","sneckomod:Defend","sneckomod:Defend","sneckomod:TailWhip+1","sneckomod:SnekBite+1","sneckomod:Unknown","sneckomod:SerpentIdol","sneckomod:TailWhip+1","sneckomod:SlitherStrike","sneckomod:SoulCleanse","WheelKick","sneckomod:DiceBoulder","sneckomod:UnknownX","sneckomod:CheapStock","sneckomod:UnlimitedRolls","sneckomod:Unknown3Cost","DeceiveReality","sneckomod:UnknownClassPURPLE","sneckomod:ImprovisedGuard","sneckomod:SoulDraw","sneckomod:IronFang","sneckomod:SoulRoll","sneckomod:SnekBeam+1","hexamod:SixthSeal","sneckomod:SerpentIdol","sneckomod:UnknownUncommonPower","downfall:Haunted","sneckomod:UnknownX","sneckomod:UnknownCommonAttack+1"],"relics":["sneckomod:SneckoSoul","Oddly Smooth Stone","Bag of Marbles","Lizard Tail","The Courier","Sozu","Prayer Wheel","StrikeDummy","downfall:RedIOU"],"acts_visited":["Exordium","TheCity"],"potions_floor_usage":[10,16,16,19,23],"damage_taken":[{"damage":3,"enemies":"Jaw Worm","floor":2,"turns":2},{"damage":0,"enemies":"Cultist","floor":4,"turns":1},{"damage":30,"enemies":"3 Sentries","floor":6,"turns":7},{"damage":3,"enemies":"Small Slimes","floor":8,"turns":3},{"damage":0,"enemies":"Gremlin Nob","floor":10,"turns":2},{"damage":3,"enemies":"Blue Slaver","floor":11,"turns":2},{"damage":4,"enemies":"Large Slime","floor":12,"turns":5},{"damage":0,"enemies":"Exordium Wildlife","floor":15,"turns":2},{"damage":50,"enemies":"WA_ARCHETYPE_RETAIN","floor":16,"turns":8},{"damage":6,"enemies":"Spheric Guardian","floor":19,"turns":4},{"damage":17,"enemies":"Cultist and Chosen","floor":20,"turns":6},{"damage":28,"enemies":"Snake Plant","floor":21,"turns":6},{"damage":5,"enemies":"downfall:FleeingMerchant","floor":22,"turns":4},{"damage":35,"enemies":"3 Cultists","floor":23,"turns":7},{"damage":8,"enemies":"Snecko","floor":26,"turns":4},{"damage":38,"enemies":"Shelled Parasite and Fungi","floor":29,"turns":8},{"damage":44,"enemies":"Sentry and Sphere","floor":32,"turns":8},{"damage":55,"enemies":"IC_MUSHROOM_ARCHETYPE","floor":33,"turns":7}],"seed_played":"8103097625143894765","potions_obtained":[{"floor":2,"key":"Weak Potion"},{"floor":6,"key":"DistilledChaos"},{"floor":12,"key":"Fruit Juice"},{"floor":15,"key":"champ:CounterPotion"},{"floor":16,"key":"Block Potion"}],"is_trial":false,"path_per_floor":["R","M","?","M","?","E","T","M","R","E","M","M","?","T","M","B",null,"R","M","M","M","$","M","T","R","M","?","R","M","?","?","M","B"],"character_chosen":"THE_SNECKO","items_purchased":["Prayer Wheel","Blood Vial"],"campfire_rested":2,"item_purchase_floors":[22,22],"current_hp_per_floor":[99,96,96,96,96,66,66,63,63,63,60,56,61,61,61,11,104,104,98,81,53,48,20,20,52,46,46,78,40,40,40,54,0,0,0],"gold":308,"neow_bonus":"TEN_PERCENT_HP_BONUS","is_daily":false,"chose_seed":false,"campfire_upgraded":1,"win_rate":0.0,"timestamp":1611214424,"path_taken":["R","M","?","M","?","E","T","M","R","E","M","?","?","?","M","BOSS","R","M","M","M","$","M","T","R","M","?","R","M","?","?","M","BOSS"],"items_purchased_type":["Relic","Relic"],"build_version":"2020-12-22","purchased_purges":1,"victory":false,"max_hp_per_floor":[99,99,99,99,99,99,99,99,99,99,99,99,104,104,104,104,104,104,104,104,104,104,109,109,109,109,109,109,109,109,109,109,109,109,109],"card_choices":[{"not_picked":["sneckomod:UnknownUncommonPower","sneckomod:QuickMove"],"picked":"sneckomod:UnknownUncommonAttack","floor":2},{"not_picked":["sneckomod:UnknownCommonSkill","sneckomod:UnknownCommonAttack"],"picked":"sneckomod:SerpentIdol","floor":4},{"not_picked":["sneckomod:UnknownBlock","sneckomod:UnknownCommonAttack"],"picked":"sneckomod:SlitherStrike","floor":6},{"not_picked":["sneckomod:WideSting","sneckomod:SerpentIdol"],"picked":"sneckomod:SoulCleanse","floor":8},{"not_picked":["sneckomod:UnknownUncommonSkill","sneckomod:ImprovisedAttack"],"picked":"sneckomod:DiceBoulder","floor":10},{"not_picked":["sneckomod:WideSting","sneckomod:Nope"],"picked":"sneckomod:UnknownX","floor":11},{"not_picked":["sneckomod:DefensiveFlair","sneckomod:UnknownBlock"],"picked":"sneckomod:CheapStock","floor":12},{"not_picked":["sneckomod:DiceBlock","sneckomod:Unknown0Cost"],"picked":"sneckomod:UnlimitedRolls","floor":15},{"not_picked":["sneckomod:Mudshield","sneckomod:DangerNoodle"],"picked":"sneckomod:Unknown3Cost","floor":16},{"not_picked":["sneckomod:UnknownWeak","sneckomod:UnknownCommonAttack"],"picked":"sneckomod:UnknownClassPURPLE","floor":19},{"not_picked":["sneckomod:UnknownUncommonAttack","sneckomod:DiceCrush"],"picked":"sneckomod:ImprovisedGuard","floor":20},{"not_picked":["sneckomod:UnknownCommonSkill","sneckomod:ImprovisedGuard"],"picked":"sneckomod:SoulDraw","floor":21},{"not_picked":["sneckomod:SoulDraw","sneckomod:Cheat"],"picked":"sneckomod:IronFang","floor":22},{"not_picked":["sneckomod:SoulDraw","sneckomod:Unknown1Cost"],"picked":"sneckomod:SoulRoll","floor":23},{"not_picked":["sneckomod:SoulDraw","sneckomod:Unknown1Cost","sneckomod:SlitherStrike"],"picked":"SKIP","floor":23},{"not_picked":["sneckomod:UnknownClassHEXA_GHOST_PURPLE","sneckomod:TrashToTreasure"],"picked":"sneckomod:SnekBeam+1","floor":26},{"not_picked":["sneckomod:Nope","sneckomod:RainOfDice","sneckomod:SoulDraw"],"picked":"SKIP","floor":26},{"not_picked":["hexamod:ThirdSeal","hexamod:FourthSeal"],"picked":"hexamod:SixthSeal","floor":29},{"not_picked":["sneckomod:UnknownBlock","sneckomod:SoulRoll+1"],"picked":"sneckomod:SerpentIdol","floor":29},{"not_picked":["sneckomod:SlitherStrike","sneckomod:QuickMove"],"picked":"sneckomod:UnknownUncommonPower","floor":29},{"not_picked":["sneckomod:DiceCrush","sneckomod:UnknownClassTHE_CHAMP_GRAY"],"picked":"sneckomod:UnknownX","floor":32},{"not_picked":["sneckomod:UnknownDraw","sneckomod:SlitherStrike+1"],"picked":"sneckomod:UnknownCommonAttack+1","floor":32}],"player_experience":440139,"relics_obtained":[{"floor":6,"key":"Oddly Smooth Stone"},{"floor":7,"key":"Bag of Marbles"},{"floor":10,"key":"Lizard Tail"},{"floor":14,"key":"The Courier"},{"floor":24,"key":"StrikeDummy"}],"event_choices":[{"damage_healed":0,"gold_gain":0,"player_choice":"Donut","damage_taken":0,"max_hp_gain":5,"max_hp_loss":0,"event_name":"Big Fish","floor":13,"gold_loss":0}],"is_beta":false,"boss_relics":[{"not_picked":["sneckomod:SuperSneckoSoul","Velvet Choker"],"picked":"Sozu"}],"items_purged_floors":[22],"is_endless":false,"potions_floor_spawned":[2,6,12,15,16,20,26,32],"killed_by":"IC_MUSHROOM_ARCHETYPE","ascension_level":0}}