{"host":"c6u7e77myxvw4d0m","time":1611262921,"event":{"mods":["AchievementEnabler","BaseMod","Bestiary","Colored Map","Colored Powertips","Minty Spire (QoL Compilation)","Rare Cards Sparkle","Relic Stats","everything is the same but u backflip on backflip"],"gold_per_floor":[117,137,187,1,12,60,60,141,193,225,269,313,313,356,356,356,356],"floor_reached":16,"language":"ENG","playtime":3917,"items_purged":[],"score":238,"play_id":"9556f0cb-f27f-4ea4-8ae8-69e72da87143","local_time":"20210121230201","is_ascension_mode":true,"campfire_choices":[{"data":"HandOfGreed","floor":7.0,"key":"SMITH"},{"floor":15.0,"key":"REST"}],"circlet_count":0,"master_deck":["AscendersBane","Strike_G","Strike_G","Strike_G","Strike_G","Strike_G","Defend_G","Defend_G","Defend_G","Defend_G","Defend_G","Survivor","Neutralize","Dagger Throw","Poisoned Stab","HandOfGreed+1","Dagger Spray","Bouncing Flask+1","Blur+1","Wraith Form v2","Acrobatics+1","Bane"],"relics":["HoveringKite","Toxic Egg 2","Bag of Preparation","Smiling Mask","Toy Ornithopter"],"acts_visited":["Exordium"],"potions_floor_usage":[16,16],"damage_taken":[{"damage":8.0,"enemies":"Small Slimes","floor":1.0,"turns":6.0},{"damage":0.0,"enemies":"Cultist","floor":2.0,"turns":3.0},{"damage":4.0,"enemies":"2 Louse","floor":5.0,"turns":2.0},{"damage":8.0,"enemies":"Gremlin Nob","floor":6.0,"turns":3.0},{"damage":12.0,"enemies":"3 Sentries","floor":8.0,"turns":9.0},{"damage":26.0,"enemies":"Gremlin Nob","floor":10.0,"turns":4.0},{"damage":0.0,"enemies":"Looter","floor":11.0,"turns":2.0},{"damage":0.0,"enemies":"2 Fungi Beasts","floor":12.0,"turns":2.0},{"damage":0.0,"enemies":"Large Slime","floor":14.0,"turns":4.0},{"damage":39,"enemies":"Slime Boss","floor":16,"turns":6}],"seed_played":"-2481574042021359480","potions_obtained":[{"floor":1.0,"key":"PowerPotion"},{"floor":5.0,"key":"GamblersBrew"},{"floor":6.0,"key":"Block Potion"},{"floor":11.0,"key":"GamblersBrew"},{"floor":14.0,"key":"Fruit Juice"}],"is_trial":false,"path_per_floor":["M","M","?","$","M","E","R","E","T","E","M","M","?","M","R","B"],"character_chosen":"THE_SILENT","items_purchased":["HandOfGreed"],"campfire_rested":1,"item_purchase_floors":[4],"current_hp_per_floor":[51,51,51,51,47,39,39,27,27,1,1,1,1,1,20,0,0],"gold":356,"neow_bonus":"BOSS_RELIC","is_daily":false,"chose_seed":false,"campfire_upgraded":1,"win_rate":0.0,"timestamp":1611262921,"path_taken":["M","M","?","$","?","E","R","E","T","E","M","M","?","M","R","BOSS"],"items_purchased_type":["Card"],"build_version":"2020-12-22","purchased_purges":0,"victory":false,"max_hp_per_floor":[66,66,66,66,66,66,66,66,66,66,66,66,66,66,66,71,71],"relic_stats":{"counters":[10,41],"HoveringKite":[20],"Bag of Preparation":[10],"Smiling Mask":0,"obtain_stats":[{"HoveringKite":0,"Bag of Preparation":8,"Toxic Egg 2":6,"Smiling Mask":9,"Toy Ornithopter":10,"Ring of the Snake":0},{"HoveringKite":0,"Bag of Preparation":5,"Toxic Egg 2":4,"Smiling Mask":5,"Toy Ornithopter":6,"Ring of the Snake":0},{"HoveringKite":0,"Bag of Preparation":23,"Toxic Egg 2":14,"Smiling Mask":23,"Toy Ornithopter":27,"Ring of the Snake":0}],"Toy Ornithopter":10},"card_choices":[{"not_picked":["Predator","Deadly Poison"],"picked":"Dagger Throw","floor":1.0},{"not_picked":["Outmaneuver","Footwork"],"picked":"Poisoned Stab","floor":2.0},{"not_picked":["Poisoned Stab","Dagger Throw"],"picked":"Dagger Spray","floor":5.0},{"not_picked":["Flying Knee","Blur+1"],"picked":"Bouncing Flask+1","floor":6.0},{"not_picked":["Concentrate+1","Flying Knee"],"picked":"Blur+1","floor":8.0},{"not_picked":["Slice","Endless Agony","Finisher"],"picked":"SKIP","floor":10.0},{"not_picked":["Sucker Punch","Poisoned Stab"],"picked":"Wraith Form v2","floor":11.0},{"not_picked":["Blade Dance+1","Backstab"],"picked":"Acrobatics+1","floor":12.0},{"not_picked":["Expertise+1","Skewer"],"picked":"Bane","floor":14.0}],"player_experience":426913,"relics_obtained":[{"floor":6.0,"key":"Toxic Egg 2"},{"floor":8.0,"key":"Bag of Preparation"},{"floor":9.0,"key":"Smiling Mask"},{"floor":10.0,"key":"Toy Ornithopter"}],"event_choices":[{"damage_healed":0.0,"max_hp_gain":0.0,"max_hp_loss":0.0,"gold_gain":50.0,"event_name":"Golden Shrine","player_choice":"Pray","floor":3.0,"gold_loss":0.0,"damage_taken":0.0},{"damage_healed":0.0,"max_hp_gain":0.0,"max_hp_loss":0.0,"gold_gain":0.0,"event_name":"Liars Game","player_choice":"Ignored","floor":13.0,"gold_loss":0.0,"damage_taken":0.0}],"is_beta":false,"boss_relics":[],"items_purged_floors":[],"is_endless":false,"potions_floor_spawned":[1,5,6,11,14],"killed_by":"Slime Boss","ascension_level":19}}