{"host":"uyrebrj0204enqpc","time":1611260612,"event":{"mods":["Act Like it!","Bard","BaseMod","Block Reminder","Challenge The Spire","Colored Map","Colored Powertips","DeckTracker","Downfall","GifTheSpireLib","HexUI Lib","Highlight Path","Hubris","Infinite Spire","Minty Spire (QoL Compilation)","Pale of the Ancients","Quick Restart","Random Character Button","Relic Sorter","Relic Stats","Shop Mod","StSLib","The Blue Laboratory","The Bug Knight","The Cursed","The Jungle","The Marked","Wandering Minibosses"],"gold_per_floor":[113,113,113,38,38,68,68,93,118,137,137,157,175,194,194,294,294,306,320,320,142,142,142],"floor_reached":22,"language":"ENG","playtime":750,"items_purged":["theMarked:Defend","theMarked:Strike","theMarked:Strike"],"score":272,"play_id":"6677bb44-2ae8-42e5-9cf5-5f9ff6cc459d","local_time":"20210121152332","is_ascension_mode":true,"campfire_choices":[{"data":"theMarked:ParalyzingBlade","floor":7.0,"key":"SMITH"},{"data":"theMarked:EternalStudent","floor":15.0,"key":"SMITH"}],"circlet_count":0,"master_deck":["theMarked:Strike","theMarked:Strike","theMarked:Strike","theMarked:Defend","theMarked:Defend","theMarked:Defend+1","theMarked:SoldierOfQuellstein+1","theMarked:ParalyzingBlade+1","theMarked:EternalStudent+1","theMarked:EternalStudent","theMarked:Levitate","theMarked:HeightenedSenses+1","theMarked:Standoff"],"relics":["theMarked:BronzeBlade","NeowsBlessing","Pen Nib","Unceasing Top","PreservedInsect","Ancient Tea Set","hubris:FruitBowl"],"acts_visited":["Exordium","TheCity"],"potions_floor_usage":[22],"damage_taken":[{"damage":0.0,"enemies":"2 Louse","floor":1.0,"turns":1.0},{"damage":0.0,"enemies":"Lagavulin","floor":6.0,"turns":1.0},{"damage":0.0,"enemies":"Cultist","floor":10.0,"turns":1.0},{"damage":4.0,"enemies":"Jaw Worm","floor":12.0,"turns":3.0},{"damage":3.0,"enemies":"Blue Slaver","floor":13.0,"turns":3.0},{"damage":6.0,"enemies":"Looter","floor":14.0,"turns":3.0},{"damage":20.0,"enemies":"The Guardian","floor":16.0,"turns":7.0},{"damage":14.0,"enemies":"Shell Parasite","floor":18.0,"turns":3.0},{"damage":15.0,"enemies":"3 Byrds","floor":19.0,"turns":3.0},{"damage":28,"enemies":"Cultist and Chosen","floor":22,"turns":4}],"seed_played":"-8020007116798524266","potions_obtained":[{"floor":12.0,"key":"blueLaboratory:PolymorphPotion"},{"floor":13.0,"key":"Weak Potion"},{"floor":16.0,"key":"ColorlessPotion"},{"floor":18.0,"key":"sneckomod:MuddlingPotion"}],"is_trial":false,"path_per_floor":["M","?","?","$","?","E","R","T","T","M","$","M","M","M","R","B",null,"M","M","?","$","M"],"character_chosen":"THE_DEFAULT","items_purchased":["hubris:FruitBowl","theMarked:Standoff"],"campfire_rested":0,"item_purchase_floors":[11,21],"current_hp_per_floor":[63,60,60,60,60,60,60,60,60,60,36,32,29,23,23,3,53,39,24,24,24,0,0],"gold":142,"neow_bonus":"THREE_ENEMY_KILL","is_daily":false,"chose_seed":false,"campfire_upgraded":2,"win_rate":0.0,"timestamp":1611260612,"path_taken":["M","?","?","$","?","E","R","?","T","M","?","?","M","M","R","BOSS","M","M","?","$","M"],"items_purchased_type":["Relic","Card"],"build_version":"2020-12-22","purchased_purges":3,"victory":false,"max_hp_per_floor":[70,70,70,70,70,70,70,70,70,70,70,70,70,70,70,70,70,70,70,70,70,70,70],"relic_stats":{"counters":[10,29],"Pen Nib":[3],"PreservedInsect":0,"obtain_stats":[{"theMarked:ArtifactOfAir":0,"NeowsBlessing":0,"hubris:FruitBowl":11,"Pen Nib":2,"PreservedInsect":8,"theMarked:BronzeBlade":17,"Ancient Tea Set":9,"Unceasing Top":6},{"theMarked:ArtifactOfAir":0,"NeowsBlessing":0,"hubris:FruitBowl":3,"Pen Nib":1,"PreservedInsect":2,"theMarked:BronzeBlade":7,"Ancient Tea Set":2,"Unceasing Top":2},{"theMarked:ArtifactOfAir":0,"NeowsBlessing":0,"hubris:FruitBowl":3,"Pen Nib":1,"PreservedInsect":2,"theMarked:BronzeBlade":19,"Ancient Tea Set":2,"Unceasing Top":2}],"Unceasing Top":[0]},"card_choices":[{"not_picked":["theMarked:HeightenedSenses","theMarked:EmpowerWeapon"],"picked":"theMarked:ParalyzingBlade","floor":1.0},{"not_picked":["theMarked:Panic","theMarked:BanishingStrike","theMarked:RepellingDischarge"],"picked":"SKIP","floor":6.0},{"not_picked":["theMarked:Improvise","theMarked:Opportunist"],"picked":"theMarked:EternalStudent","floor":10.0},{"not_picked":["theMarked:Panic","theMarked:ContemptForTheProud","theMarked:TwofoldDefense"],"picked":"SKIP","floor":12.0},{"not_picked":["theMarked:WastefulAttack","theMarked:SwordAndMagic"],"picked":"theMarked:EternalStudent","floor":13.0},{"not_picked":["theMarked:HeightenedSenses","theMarked:ElectricStrings","theMarked:Electrify"],"picked":"SKIP","floor":14.0},{"not_picked":["theMarked:SuspiciousRaven","theMarked:DispelDoubt"],"picked":"theMarked:Levitate","floor":16.0},{"not_picked":["theMarked:Parkour","theMarked:ResourceFulStrike","theMarked:Frustration+1"],"picked":"SKIP","floor":18.0},{"not_picked":["theMarked:WardOff","theMarked:HeritageOfTheMarked+1"],"picked":"theMarked:HeightenedSenses+1","floor":19}],"player_experience":1090230,"relics_obtained":[{"floor":6.0,"key":"Unceasing Top"},{"floor":8.0,"key":"PreservedInsect"},{"floor":9.0,"key":"Ancient Tea Set"}],"event_choices":[{"damage_healed":0.0,"max_hp_gain":0.0,"max_hp_loss":0.0,"gold_gain":0.0,"event_name":"Scrap Ooze","player_choice":"Success","floor":2.0,"gold_loss":0.0,"damage_taken":3.0,"relics_obtained":["Pen Nib"]},{"damage_healed":0.0,"max_hp_gain":0.0,"max_hp_loss":0.0,"gold_gain":0.0,"event_name":"Living Wall","player_choice":"Grow","floor":5.0,"gold_loss":0.0,"damage_taken":0.0,"cards_upgraded":["theMarked:Defend"]}],"is_beta":false,"boss_relics":[{"not_picked":["hubris:RunicObelisk","Runic Dome"],"picked":"theMarked:BronzeBlade"}],"items_purged_floors":[4,11,21],"is_endless":false,"potions_floor_spawned":[12,13,16,18],"killed_by":"Cultist and Chosen","ascension_level":6}}