{"host":"6p0attdrtjqaih7v","time":1611257506,"event":{"mods":["2.2 Compatiblity","AchievementEnabler","Bard","BaseMod","Better Skull","Better Third Choice","Colored Powertips","Hermit","Highlight Path","Jorbs\u0027s Wanderer Trilogy","Key Reminder","Minty Spire (QoL Compilation)","Permanent Neow","Quick Restart","Random Character Button","Relic Stats","Replay The Spire","Robot Space Explorer","StSLib"],"gold_per_floor":[116,116,131,20,38,66,66,94,94,112,112,112,112,4,4,90,90,124,140,140,158,176,176,205,205,205,48,62,83,102,136,136,211,261,278,303,106,118,148,148,173,173,197,197,197,197,208,224,233,233,233,233],"floor_reached":51,"language":"ENG","playtime":3121,"items_purged":["stsjorbsmod:Strike_Wanderer","stsjorbsmod:Strike_Wanderer"],"score":1350,"play_id":"88def884-0214-4b76-9ae9-c5e9ddd639ab","local_time":"20210121143146","is_ascension_mode":true,"campfire_choices":[{"data":"stsjorbsmod:ChainLightning","floor":7,"key":"SMITH"},{"data":"Terror","floor":11,"key":"SMITH"},{"floor":15,"key":"REST"},{"data":"stsjorbsmod:MagicMissiles","floor":23,"key":"SMITH"},{"data":"stsjorbsmod:ParryingBlow","floor":25,"key":"SMITH"},{"data":"stsjorbsmod:Message","floor":32,"key":"SMITH"},{"data":"Impatience","floor":40,"key":"SMITH"},{"floor":44,"key":"REST"},{"data":"stsjorbsmod:ArcaneForm","floor":46,"key":"SMITH"},{"floor":49,"key":"REST"}],"circlet_count":0,"master_deck":["AscendersBane","stsjorbsmod:ForbiddenGrimoire+1","stsjorbsmod:Strike_Wanderer+1","stsjorbsmod:Strike_Wanderer+1","stsjorbsmod:Defend_Wanderer","stsjorbsmod:Defend_Wanderer","stsjorbsmod:Defend_Wanderer","stsjorbsmod:Defend_Wanderer","stsjorbsmod:FreshAdventure+1","stsjorbsmod:EyeOfTheStorm","stsjorbsmod:Message+1","Terror+1","stsjorbsmod:SmithingStrike+1","stsjorbsmod:ChainLightning+1","stsjorbsmod:Mania+1","stsjorbsmod:HedgeWizard+1","stsjorbsmod:FranticSearch","stsjorbsmod:ParryingBlow+1","stsjorbsmod:MagicMissiles+1","stsjorbsmod:ArcaneForm+1","stsjorbsmod:Materialize","stsjorbsmod:Materialize","stsjorbsmod:DoubleCheck","Impatience+1","stsjorbsmod:SchoolsOfMagic"],"relics":["stsjorbsmod:GrimoireRelic","Blood Vial","Quantum Egg","Omamori","CeramicFish","Busted Crown","Bronze Scales","Durian","Lee\u0027s Waffle","Regal Pillow","Tiny House","Lizard Tail","Blue Doll","Dream Catcher","Replay:Bottled Steam"],"acts_visited":["Exordium","TheCity","TheBeyond"],"potions_floor_usage":[6,6,28,29,30,30,33,35,38,50,50],"damage_taken":[{"damage":0,"enemies":"Jaw Worm","floor":1,"turns":4},{"damage":0,"enemies":"Small Slimes","floor":3,"turns":2},{"damage":4,"enemies":"2 Louse","floor":5,"turns":4},{"damage":8,"enemies":"Gremlin Nob","floor":6,"turns":3},{"damage":22,"enemies":"Lagavulin","floor":8,"turns":6},{"damage":0,"enemies":"Large Slime","floor":10,"turns":6},{"damage":22,"enemies":"The Guardian","floor":16,"turns":11},{"damage":0,"enemies":"Chosen","floor":18,"turns":3},{"damage":0,"enemies":"Shell Parasite","floor":19,"turns":3},{"damage":8,"enemies":"Snake Plant","floor":21,"turns":2},{"damage":3,"enemies":"Replay:Snechameleon","floor":24,"turns":5},{"damage":7,"enemies":"Centurion and Healer","floor":28,"turns":7},{"damage":0,"enemies":"Snecko","floor":29,"turns":3},{"damage":20,"enemies":"3 Cultists","floor":30,"turns":4},{"damage":3,"enemies":"Book of Stabbing","floor":31,"turns":4},{"damage":21,"enemies":"Champ","floor":33,"turns":7},{"damage":8,"enemies":"3 Shapes","floor":35,"turns":4},{"damage":0,"enemies":"Mind Bloom Boss Battle","floor":36,"turns":7},{"damage":22,"enemies":"3 Darklings","floor":38,"turns":4},{"damage":18,"enemies":"Spire Growth","floor":39,"turns":4},{"damage":101,"enemies":"Giant Head","floor":41,"turns":7},{"damage":6,"enemies":"Jaw Worm Horde","floor":47,"turns":3},{"damage":6,"enemies":"Sphere and 2 Shapes","floor":48,"turns":3},{"damage":74,"enemies":"Donu and Deca","floor":50,"turns":8},{"damage":7,"enemies":"Awakened One","floor":51,"turns":2}],"seed_played":"841668257305899834","potions_obtained":[{"floor":1,"key":"Dexterity Potion"},{"floor":5,"key":"stsjorbsmod:BurningPotion"},{"floor":18,"key":"Adrenaline Potion"},{"floor":22,"key":"ColorlessPotion"},{"floor":28,"key":"ColorlessPotion"},{"floor":29,"key":"LiquidMemories"},{"floor":31,"key":"ColorlessPotion"},{"floor":33,"key":"GamblersBrew"},{"floor":34,"key":"ColorlessPotion"},{"floor":35,"key":"FearPotion"},{"floor":39,"key":"Reflective Coating"},{"floor":47,"key":"Energy Potion"},{"floor":48,"key":"DuplicationPotion"}],"is_trial":false,"path_per_floor":["M","?","M","$","M","E","R","E","T","M","R","?","?","$","R","B",null,"M","M","?","M","?","R","E","R","T","$","M","M","M","E","R","B",null,"M","?","$","M","M","R","E","?","T","R","?","R","M","M","R","B","B"],"character_chosen":"WANDERER","items_purchased":["stsjorbsmod:ChainLightning","stsjorbsmod:BurningPotion","stsjorbsmod:MagicMissiles","Lee\u0027s Waffle","Impatience"],"campfire_rested":3,"item_purchase_floors":[4,4,14,27,37],"current_hp_per_floor":[60,48,48,48,46,39,39,22,22,28,28,28,9,9,28,8,50,54,60,60,55,34,34,38,38,43,76,71,74,62,66,66,47,74,71,79,79,61,47,47,16,16,16,54,54,54,50,48,77,3,0,0],"gold":233,"neow_bonus":"UPGRADE_CARD","is_daily":false,"chose_seed":false,"campfire_upgraded":7,"win_rate":0.0,"timestamp":1611257506,"path_taken":["M","?","M","$","M","E","R","E","T","M","R","?","?","$","R","BOSS","M","M","?","M","?","R","E","R","T","$","M","M","M","E","R","BOSS","M","?","$","M","M","R","E","?","T","R","?","R","M","M","R","BOSS","BOSS"],"items_purchased_type":["Card","Potion","Card","Relic","Card"],"build_version":"2020-12-22","purchased_purges":2,"victory":false,"max_hp_per_floor":[64,64,64,64,64,64,64,64,64,64,64,64,64,64,64,64,64,64,64,64,64,64,64,64,64,69,76,76,76,76,76,76,76,81,81,81,81,81,81,81,81,77,77,77,77,77,77,77,77,77,77,77],"relic_stats":{"Blood Vial":38,"Lee\u0027s Waffle":33,"Regal Pillow":21,"Lizard Tail":40,"Dream Catcher":2,"Busted Crown":40,"counters":[25,116],"CeramicFish":63,"Bronze Scales":[182],"obtain_stats":[{"Lee\u0027s Waffle":27,"Regal Pillow":31,"Tiny House":34,"Quantum Egg":8,"CeramicFish":12,"stsjorbsmod:GrimoireRelic":0,"Blue Doll":41,"Omamori":9,"Blood Vial":6,"Lizard Tail":36,"Dream Catcher":43,"Busted Crown":17,"Bronze Scales":24,"Durian":26,"Replay:Bottled Steam":45},{"Lee\u0027s Waffle":11,"Regal Pillow":15,"Tiny House":16,"Quantum Egg":5,"CeramicFish":6,"stsjorbsmod:GrimoireRelic":0,"Blue Doll":21,"Omamori":5,"Blood Vial":4,"Lizard Tail":18,"Dream Catcher":21,"Busted Crown":7,"Bronze Scales":11,"Durian":11,"Replay:Bottled Steam":21},{"Lee\u0027s Waffle":49,"Regal Pillow":67,"Tiny House":74,"Quantum Egg":19,"CeramicFish":25,"stsjorbsmod:GrimoireRelic":0,"Blue Doll":100,"Omamori":19,"Blood Vial":13,"Lizard Tail":85,"Dream Catcher":100,"Busted Crown":36,"Bronze Scales":49,"Durian":49,"Replay:Bottled Steam":100}]},"card_choices":[{"not_picked":["stsjorbsmod:SchoolsOfMagic","stsjorbsmod:FindFamiliar"],"picked":"stsjorbsmod:Message","floor":1},{"not_picked":["stsjorbsmod:Hibernate","stsjorbsmod:Index"],"picked":"stsjorbsmod:SmithingStrike","floor":3},{"not_picked":["stsjorbsmod:LoseGrip","stsjorbsmod:ArcaneWeapon"],"picked":"stsjorbsmod:Mania","floor":5},{"not_picked":["stsjorbsmod:Patron","stsjorbsmod:MagicMirror"],"picked":"stsjorbsmod:HedgeWizard","floor":6},{"not_picked":["stsjorbsmod:MagicMirror","stsjorbsmod:DoubleCheck"],"picked":"stsjorbsmod:FranticSearch","floor":8},{"not_picked":["stsjorbsmod:BurningFlask","stsjorbsmod:MistyStep"],"picked":"stsjorbsmod:ParryingBlow","floor":10},{"not_picked":["stsjorbsmod:CorrodingBarrier","stsjorbsmod:ThirstingSword"],"picked":"stsjorbsmod:ArcaneForm","floor":16},{"not_picked":[],"picked":"stsjorbsmod:Materialize","floor":18},{"not_picked":["stsjorbsmod:ChatteringStrike"],"picked":"SKIP","floor":19},{"not_picked":["stsjorbsmod:MagicMissiles"],"picked":"SKIP","floor":21},{"not_picked":["stsjorbsmod:ScorchingRay"],"picked":"SKIP","floor":24},{"not_picked":["stsjorbsmod:Hurt"],"picked":"SKIP","floor":28},{"not_picked":[],"picked":"stsjorbsmod:Materialize","floor":29},{"not_picked":[],"picked":"stsjorbsmod:DoubleCheck","floor":30},{"not_picked":["stsjorbsmod:Fear"],"picked":"SKIP","floor":31},{"not_picked":["stsjorbsmod:ChatteringStrike"],"picked":"SKIP","floor":35},{"not_picked":["stsjorbsmod:MagicMirror"],"picked":"SKIP","floor":38},{"not_picked":["stsjorbsmod:Prepare+1"],"picked":"SKIP","floor":39},{"not_picked":["stsjorbsmod:BurningFlask"],"picked":"SKIP","floor":41},{"not_picked":["stsjorbsmod:ParryingBlow"],"picked":"SKIP","floor":47},{"not_picked":["stsjorbsmod:FracturedMind"],"picked":"SKIP","floor":48},{"not_picked":[],"picked":"stsjorbsmod:SchoolsOfMagic","floor":49}],"player_experience":905451,"relics_obtained":[{"floor":6,"key":"Blood Vial"},{"floor":8,"key":"Quantum Egg"},{"floor":9,"key":"Omamori"},{"floor":24,"key":"Bronze Scales"},{"floor":26,"key":"Durian"},{"floor":31,"key":"Regal Pillow"},{"floor":36,"key":"Lizard Tail"},{"floor":41,"key":"Blue Doll"},{"floor":43,"key":"Dream Catcher"}],"event_choices":[{"damage_healed":0,"gold_gain":0,"player_choice":"Card ","damage_taken":12,"max_hp_gain":0,"max_hp_loss":0,"event_name":"betterThird:BetterScrap","floor":2,"gold_loss":0,"cards_obtained":["Terror"]},{"damage_healed":0,"gold_gain":0,"player_choice":"Box","damage_taken":0,"relics_obtained":["CeramicFish"],"max_hp_gain":0,"max_hp_loss":0,"event_name":"Big Fish","floor":12,"gold_loss":0,"cards_obtained":["Regret"]},{"damage_healed":0,"gold_gain":0,"player_choice":"Entered Light","damage_taken":19,"max_hp_gain":0,"max_hp_loss":0,"event_name":"Shining Light","floor":13,"gold_loss":0,"cards_upgraded":["stsjorbsmod:Strike_Wanderer","stsjorbsmod:Mania"]},{"damage_healed":0,"gold_gain":0,"player_choice":"Fight","damage_taken":0,"max_hp_gain":0,"max_hp_loss":0,"event_name":"MindBloom","floor":36,"gold_loss":0},{"damage_healed":0,"gold_gain":0,"player_choice":"Max HP","damage_taken":0,"max_hp_gain":0,"max_hp_loss":4,"event_name":"Winding Halls","floor":42,"gold_loss":0},{"damage_healed":0,"gold_gain":0,"player_choice":"Gave Potion","damage_taken":0,"relics_obtained":["Replay:Bottled Steam"],"max_hp_gain":0,"max_hp_loss":0,"event_name":"WeMeetAgain","floor":45,"gold_loss":0}],"is_beta":false,"boss_relics":[{"not_picked":["Philosopher\u0027s Stone","Empty Cage"],"picked":"Busted Crown"},{"not_picked":["Replay:Ancient Bell","Replay:Drink Me"],"picked":"Tiny House"}],"items_purged_floors":[14,37],"is_endless":false,"potions_floor_spawned":[1,5,18,28,29,31,33,35,39,47,48],"killed_by":"Awakened One","ascension_level":20}}