{"host":"3y2rtlgteqp2nuo3","time":1611235915,"event":{"mods":["2.2 Compatiblity","AchievementEnabler","BaseMod","Colored Map","DeckTracker","Highlight Path","Keyboard Shortcuts","Minty Spire (QoL Compilation)","Permanent Neow","Quick Restart","StSLib","SuperFastMode","everything is the same but u backflip on backflip"],"gold_per_floor":[110,125,143,113,133,151,151,172,172,172,183,197,197,47,47,126,126,136,149,169,94,19,19,33,44,69,69,69,69,69,87,87,87,87],"floor_reached":33,"language":"KOR","playtime":819,"items_purged":["Crippling Poison"],"score":422,"play_id":"c1c89b34-3ba1-4f91-8082-3bce4990f4fb","local_time":"20210121223155","is_ascension_mode":true,"campfire_choices":[{"data":"Deadly Poison","floor":7.0,"key":"SMITH"},{"data":"Bouncing Flask","floor":13.0,"key":"SMITH"},{"data":"Envenom","floor":15.0,"key":"SMITH"},{"floor":23.0,"key":"REST"},{"floor":27,"key":"REST"},{"data":"Calculated Gamble","floor":30,"key":"SMITH"},{"floor":32,"key":"REST"}],"circlet_count":0,"master_deck":["AscendersBane","Survivor","Neutralize","Envenom+1","Flying Knee","Deadly Poison+1","Leg Sweep","Bouncing Flask+1","Crippling Poison","Poisoned Stab","Night Terror","Sucker Punch","Unload","Leg Sweep","Caltrops","Adrenaline","Backstab","All Out Attack","Venomology","Deadly Poison","Calculated Gamble+1","PiercingWail"],"relics":["Ring of the Snake","Odd Mushroom","Eternal Feather","OrangePellets","Pandora\u0027s Box","Bag of Marbles"],"acts_visited":["Exordium","TheCity"],"potions_floor_usage":[25,25,33],"damage_taken":[{"damage":1.0,"enemies":"2 Louse","floor":1.0,"turns":3.0},{"damage":7.0,"enemies":"Cultist","floor":2.0,"turns":5.0},{"damage":2.0,"enemies":"Jaw Worm","floor":3.0,"turns":5.0},{"damage":0.0,"enemies":"Blue Slaver","floor":5.0,"turns":5.0},{"damage":2.0,"enemies":"Large Slime","floor":6.0,"turns":8.0},{"damage":17.0,"enemies":"The Mushroom Lair","floor":8.0,"turns":4.0},{"damage":4.0,"enemies":"Exordium Thugs","floor":11.0,"turns":5.0},{"damage":1.0,"enemies":"3 Louse","floor":12.0,"turns":4.0},{"damage":25.0,"enemies":"Hexaghost","floor":16.0,"turns":8.0},{"damage":8.0,"enemies":"Spheric Guardian","floor":18.0,"turns":4.0},{"damage":2.0,"enemies":"Shell Parasite","floor":19.0,"turns":4.0},{"damage":33.0,"enemies":"Shelled Parasite and Fungi","floor":20.0,"turns":5.0},{"damage":22,"enemies":"Snake Plant","floor":24,"turns":4},{"damage":9,"enemies":"3 Cultists","floor":25,"turns":5},{"damage":30,"enemies":"Shelled Parasite and Fungi","floor":31,"turns":5},{"damage":68,"enemies":"Automaton","floor":33,"turns":8}],"seed_played":"-6970870888422331976","potions_obtained":[{"floor":4.0,"key":"Weak Potion"},{"floor":4.0,"key":"Strength Potion"},{"floor":5.0,"key":"EntropicBrew"},{"floor":8.0,"key":"LiquidMemories"},{"floor":11.0,"key":"ColorlessPotion"},{"floor":18.0,"key":"Weak Potion"},{"floor":24,"key":"EssenceOfSteel"},{"floor":25,"key":"GamblersBrew"}],"is_trial":false,"path_per_floor":["M","M","M","?","M","M","R","?","T","?","M","M","R","$","R","B",null,"M","M","M","?","$","R","M","M","T","R","?","$","R","M","R","B"],"character_chosen":"THE_SILENT","items_purchased":["OrangePellets"],"campfire_rested":3,"item_purchase_floors":[14],"current_hp_per_floor":[58,51,49,49,49,47,47,30,30,30,26,25,37,37,49,24,56,48,46,13,13,13,41,19,10,10,41,66,66,66,36,66,0,0],"gold":87,"neow_bonus":"ONE_RANDOM_RARE_CARD","is_daily":false,"chose_seed":false,"campfire_upgraded":4,"win_rate":0.0,"timestamp":1611235915,"path_taken":["M","M","M","?","?","M","R","?","T","?","M","M","R","$","R","BOSS","M","M","M","?","$","R","M","M","T","R","?","$","R","M","R","BOSS"],"items_purchased_type":["Relic"],"build_version":"2020-12-22","purchased_purges":1,"victory":false,"max_hp_per_floor":[66,66,66,66,66,66,66,66,66,66,66,66,66,66,66,66,66,66,66,66,66,66,66,66,66,66,66,66,66,66,66,66,66,66],"card_choices":[{"not_picked":["Slice","Backflip"],"picked":"Flying Knee","floor":1.0},{"not_picked":["Prepared","Calculated Gamble"],"picked":"Deadly Poison","floor":2.0},{"not_picked":["Quick Slash","Bane"],"picked":"Leg Sweep","floor":3.0},{"not_picked":["Slice","Bane"],"picked":"Bouncing Flask","floor":5.0},{"not_picked":["Prepared","Well Laid Plans"],"picked":"Crippling Poison","floor":6.0},{"not_picked":["Bane","Venomology"],"picked":"Poisoned Stab","floor":8.0},{"not_picked":["Poisoned Stab","Dagger Spray","Slice"],"picked":"SKIP","floor":11.0},{"not_picked":["Dash","Backflip","Dodge and Roll"],"picked":"SKIP","floor":12.0},{"not_picked":["Phantasmal Killer","Glass Knife"],"picked":"Night Terror","floor":16.0},{"not_picked":["Quick Slash","Dagger Spray","Masterful Stab"],"picked":"SKIP","floor":18.0},{"not_picked":["Quick Slash","Dagger Spray","Masterful Stab"],"picked":"SKIP","floor":18.0},{"not_picked":["Masterful Stab+1","Dagger Spray","Dash"],"picked":"SKIP","floor":19.0},{"not_picked":["Infinite Blades","Outmaneuver","Sucker Punch"],"picked":"SKIP","floor":20.0},{"not_picked":["Deflect","Terror"],"picked":"Deadly Poison","floor":24},{"not_picked":["Caltrops","Dodge and Roll"],"picked":"Calculated Gamble","floor":25},{"not_picked":["Crippling Poison","Predator"],"picked":"PiercingWail","floor":31}],"player_experience":705867,"relics_obtained":[{"floor":8.0,"key":"Odd Mushroom"},{"floor":9.0,"key":"Eternal Feather"},{"floor":26,"key":"Bag of Marbles"}],"event_choices":[{"damage_healed":0.0,"max_hp_gain":0.0,"max_hp_loss":0.0,"gold_gain":0.0,"event_name":"The Woman in Blue","player_choice":"Bought 2 Potions","floor":4.0,"gold_loss":0.0,"damage_taken":0.0},{"damage_healed":0.0,"max_hp_gain":0.0,"max_hp_loss":0.0,"gold_gain":0.0,"event_name":"Mushrooms","player_choice":"Fought Mushrooms","floor":8.0,"gold_loss":0.0,"damage_taken":0.0},{"damage_healed":0.0,"max_hp_gain":0.0,"max_hp_loss":0.0,"gold_gain":0.0,"event_name":"Shining Light","player_choice":"Ignored","floor":10.0,"gold_loss":0.0,"damage_taken":0.0},{"cards_removed":["Infinite Blades"],"damage_healed":0.0,"max_hp_gain":0.0,"max_hp_loss":0.0,"gold_gain":0.0,"event_name":"Beggar","player_choice":"Gave Gold","floor":21.0,"gold_loss":75.0,"damage_taken":0.0},{"damage_healed":25,"gold_gain":0,"player_choice":"Full Heal","damage_taken":0,"max_hp_gain":0,"max_hp_loss":0,"event_name":"Wheel of Change","floor":28,"gold_loss":0}],"is_beta":false,"boss_relics":[{"not_picked":["Velvet Choker","Calling Bell"],"picked":"Pandora\u0027s Box"}],"items_purged_floors":[22],"is_endless":false,"potions_floor_spawned":[5,6,8,11,18,24,25,31],"killed_by":"Automaton","ascension_level":15}}