{"host":"w05x4i13f2m9joq1","time":1611191090,"event":{"mods":["Act Like it!","Bard","BaseMod","Better Altar","Better Match","Better Note","Better Sensory Stone","Better Skull","Better Third Choice","BetterRewards","Colored Map","Colored Powertips","Duelist Mod","GifTheSpireLib","Googly Eyes","Ironclad Rager","Lobotomy","LobotomyExtend","Marisa????????","Minty Spire (QoL Compilation)","Replay The Spire","Spire Birthday Party","StSLib","The Bug Knight","The Construct","The Hierophant","The IronCluck","The Mystic","TheBandit","everything is the same but u backflip on backflip","slay the spire mod where everything is the same but ironclad has a cowboy hat"],"gold_per_floor":[144,156,156,174,184,184,209,239,239,239,30,30,0,0,0,98,98,111,111,129,141,141,141,161,161,161,161,52,82,94,94,94,189,189,200,249,249,0,24,24,59,73,73,4,20,20,20,31,31,31,31],"floor_reached":52,"language":"ENG","playtime":2335,"items_purged":["theDuelist:ToonWorld+1"],"score":770,"play_id":"f933a5c9-5462-4780-9e5b-028ce68b3c3a","local_time":"20210120200450","is_ascension_mode":true,"campfire_choices":[{"data":"theDuelist:ToonWorld","floor":6,"key":"SMITH"},{"floor":12,"key":"REST"},{"floor":15,"key":"REST"},{"floor":23,"key":"REST"},{"floor":25,"key":"REST"},{"data":"theDuelist:ToonKingdom","floor":27,"key":"SMITH"},{"data":"theDuelist:TrapHole","floor":32,"key":"SMITH"},{"data":"theDuelist:TrapHole","floor":40,"key":"SMITH"},{"data":"theDuelist:UltraPolymerization","floor":47,"key":"SMITH"},{"floor":49,"key":"REST"}],"circlet_count":0,"master_deck":["theDuelist:CastleWalls","theDuelist:CastleWalls","theDuelist:MangaRyuRan","theDuelist:Sparks","theDuelist:Sparks","theDuelist:Sparks","theDuelist:ToonAncientGear","theDuelist:ToonMermaid","theDuelist:ToonSummonedSkull","theDuelist:ToonMermaid","theDuelist:ToonDarkMagicianGirl","theDuelist:ToonGeminiElf","theDuelist:ToonAncientGear","theDuelist:ToonAncientGear","theDuelist:TrapHole+1","theDuelist:TrapHole+1","theDuelist:RedEyesToon","theDuelist:UltraPolymerization+1","theDuelist:ToonKingdom+1","theDuelist:ToonMagic","theDuelist:LightningDarts+1","theDuelist:ToonDarkMagicianGirl","theDuelist:BigFire+1","theDuelist:ForbiddenLance","theDuelist:UltraPolymerization","theDuelist:BlueEyesToon+1","theDuelist:ToonCannonSoldier","theDuelist:ToonMask","theDuelist:RedEyesToon","theDuelist:ToonAncientGear"],"relics":["theDuelist:MillenniumPuzzle","theDuelist:CardPoolRelic","theDuelist:CardPoolBasicRelic","theDuelist:BoosterPackPoolRelic","theDuelist:CardPoolAddRelic","theDuelist:CardPoolMinusRelic","theDuelist:CardPoolSaveRelic","theDuelist:CardPoolOptionsRelic","Blood Vial","LetterFromLob","Odd Mushroom","ReplayTheSpireMod:Lightbulb","theDuelist:DuelistLetterOpener","theDuelist:ElectricToken","Lantern","Vampiric Spirits","construct:WeddingRing","Paper Crane","Oddly Smooth Stone","Replay:Bottled Steam","Painkiller Herb","CatCart","Red Mask","ReplayTheSpireMod:Spearhead","ReplayFunnel","theDuelist:GiftAnubis"],"acts_visited":["Exordium","TheCity","TheBeyond"],"potions_floor_usage":[8,8,24,29,33,36,50,50,50],"damage_taken":[{"damage":1,"enemies":"Cultist","floor":1,"turns":3},{"damage":0,"enemies":"Small Slimes","floor":2,"turns":3},{"damage":20,"enemies":"2 Louse","floor":4,"turns":3},{"damage":9,"enemies":"Blue Slaver","floor":5,"turns":3},{"damage":26,"enemies":"The Mushroom Lair","floor":7,"turns":3},{"damage":20,"enemies":"Gremlin Nob","floor":8,"turns":4},{"damage":6,"enemies":"Looter","floor":13,"turns":4},{"damage":22,"enemies":"Fading Forest","floor":16,"turns":11},{"damage":19,"enemies":"Shell Parasite","floor":18,"turns":4},{"damage":15,"enemies":"Chosen","floor":20,"turns":6},{"damage":4,"enemies":"Centurion and Healer","floor":21,"turns":4},{"damage":42,"enemies":"3 Cultists","floor":24,"turns":6},{"damage":24,"enemies":"Book of Stabbing","floor":29,"turns":5},{"damage":17,"enemies":"Cultist and Chosen","floor":30,"turns":5},{"damage":25,"enemies":"Champ","floor":33,"turns":4},{"damage":1,"enemies":"Orb Walker","floor":35,"turns":2},{"damage":15,"enemies":"Orin","floor":36,"turns":8},{"damage":30,"enemies":"Giant Head","floor":41,"turns":7},{"damage":17,"enemies":"3 Darklings","floor":42,"turns":3},{"damage":6,"enemies":"Sphere and 2 Shapes","floor":45,"turns":3},{"damage":20,"enemies":"Jaw Worm Horde","floor":48,"turns":3},{"damage":63,"enemies":"Replay:Hell Engine","floor":50,"turns":10}],"seed_played":"-1345993723492568424","potions_obtained":[{"floor":2,"key":"theDuelist:TokenPotionB"},{"floor":5,"key":"Flashbang"},{"floor":7,"key":"Adrenaline Potion"},{"floor":16,"key":"Explosive Potion"},{"floor":20,"key":"theDuelist:MillenniumElixir"},{"floor":21,"key":"SneckoOil"},{"floor":30,"key":"theDuelist:TributeBottle"},{"floor":33,"key":"theDuelist:SummonFuryPotion"},{"floor":42,"key":"Fire Potion"},{"floor":45,"key":"Fire Potion"},{"floor":48,"key":"theDuelist:LavaBottle"}],"is_trial":false,"path_per_floor":["M","M","?","M","M","R","?","E","T","?","$","R","M","T","R","B",null,"M","T","M","M","?","R","M","R","T","R","$","E","M","?","R","B",null,"?","?","?","?","T","T","E","?","T","T","?","T","T","?","T","B",null,null],"character_chosen":"THE_DUELIST","items_purchased":["Lantern","theDuelist:TrapHole","theDuelist:ToonDarkMagicianGirl","theDuelist:ToonMask"],"campfire_rested":5,"item_purchase_floors":[11,11,28,44],"current_hp_per_floor":[79,80,80,60,53,53,29,11,11,5,5,29,25,25,49,37,80,61,61,48,46,46,70,36,60,60,60,60,38,27,43,43,20,96,96,81,85,85,85,85,59,56,56,56,52,52,52,34,62,11,11],"gold":31,"neow_bonus":"RANDOM_COMMON_RELIC","is_daily":false,"chose_seed":false,"campfire_upgraded":5,"win_rate":0.0,"timestamp":1611191090,"path_taken":["M","?","?","M","M","R","?","E","T","?","?","R","M","?","R","BOSS","M","?","?","M","?","R","M","R","T","R","$","E","M","?","R","BOSS","?","?","?","?","?","T","E","?","T","T","?","T","T","?","T","BOSS"],"items_purchased_type":["Card","Card","Card","Card"],"build_version":"2020-12-22","purchased_purges":1,"victory":true,"max_hp_per_floor":[80,80,80,80,80,80,80,80,80,80,80,80,80,80,80,80,80,80,80,80,80,80,80,80,80,80,80,80,80,80,96,96,96,96,96,96,96,96,96,96,96,96,96,96,96,96,96,96,96,96,96],"card_choices":[{"not_picked":["theDuelist:LightningVortex","theDuelist:WormWarlord","theDuelist:DarkHole","theDuelist:FeatherPho","theDuelist:GauntletWarrior"],"picked":"SKIP","floor":1},{"not_picked":["theDuelist:ToonBarrelDragon","theDuelist:FlyingSaucer","theDuelist:RedEyesToon","theDuelist:ToonCannonSoldier"],"picked":"theDuelist:ToonMermaid","floor":2},{"not_picked":["theDuelist:ToonMermaid","theDuelist:ToonBarrelDragon","theDuelist:FlyingSaucer","theDuelist:ToonAncientGear"],"picked":"theDuelist:ToonDarkMagicianGirl","floor":4},{"not_picked":["theDuelist:ToonDarkMagician","theDuelist:ToonMagic","theDuelist:ToonWorld","theDuelist:SwordsConcealing"],"picked":"theDuelist:ToonGeminiElf","floor":5},{"not_picked":["theDuelist:SpellShatteringArrow","theDuelist:ToonBarrelDragon","theDuelist:CheerfulCoffin","theDuelist:ToonMermaid"],"picked":"theDuelist:ToonAncientGear","floor":7},{"not_picked":["theDuelist:ToonMermaid","theDuelist:ToonBarrelDragon","theDuelist:SpellShatteringArrow","theDuelist:RedEyesToon"],"picked":"theDuelist:ToonAncientGear","floor":8},{"not_picked":["theDuelist:BlueEyesToon","theDuelist:MangaRyuRan","theDuelist:ToonBarrelDragon","theDuelist:YellowBelliedOni"],"picked":"theDuelist:RedEyesToon","floor":13},{"not_picked":["theDuelist:Blockman","theDuelist:Mathematician","theDuelist:ObeliskTormentor","theDuelist:SmashingGround"],"picked":"theDuelist:UltraPolymerization","floor":16},{"not_picked":["theDuelist:ToonMask+1","theDuelist:ToonGoblin+1","theDuelist:ToonGeminiElf","theDuelist:FeatherShot+1"],"picked":"theDuelist:ToonKingdom","floor":18},{"not_picked":["theDuelist:BlueEyesToon","theDuelist:GiantTrunade","theDuelist:ToonCannonSoldier+1","theDuelist:HeartUnderdog"],"picked":"theDuelist:ToonMagic","floor":20},{"not_picked":["theDuelist:FeatherShot","theDuelist:SwordsConcealing","theDuelist:HeartUnderdog"],"picked":"SKIP","floor":21},{"not_picked":["theDuelist:DarkCreator","theDuelist:EarthGiant","theDuelist:Fissure","theDuelist:FlameTiger"],"picked":"theDuelist:LightningDarts+1","floor":24},{"not_picked":["theDuelist:FuryFire","theDuelist:PowerGiant","theDuelist:Sangan","theDuelist:WormKing","theDuelist:HammerShot"],"picked":"SKIP","floor":29},{"not_picked":["theDuelist:FuryFire","theDuelist:RainbowOverdragon","theDuelist:Sangan","theDuelist:BattleOx"],"picked":"theDuelist:BigFire+1","floor":30},{"not_picked":["theDuelist:FeatherShot","theDuelist:Raigeki+1","theDuelist:SlotMachine+1","theDuelist:TheCreator"],"picked":"theDuelist:ForbiddenLance","floor":33},{"not_picked":["theDuelist:SwordsConcealing+1","theDuelist:PotGenerosity+1","theDuelist:RainbowJar","theDuelist:WingedKuribohLv10+1"],"picked":"theDuelist:UltraPolymerization","floor":35},{"not_picked":["theDuelist:ToonDarkMagician","theDuelist:TributeDoomed","theDuelist:ComicHand+1","theDuelist:ToonRollback+1"],"picked":"theDuelist:BlueEyesToon+1","floor":36},{"not_picked":["theDuelist:BlockGolem+1","theDuelist:DestroyerGolem","theDuelist:GiantSoldierSteel+1","theDuelist:MillenniumGolem","theDuelist:MudGolem"],"picked":"SKIP","floor":41},{"not_picked":["theDuelist:TrapHole","theDuelist:ToonBriefcase+1","theDuelist:ToonWorld"],"picked":"theDuelist:ToonCannonSoldier","floor":42},{"not_picked":["theDuelist:ToonBarrelDragon","theDuelist:CheerfulCoffin","theDuelist:ToonAncientGear+1","theDuelist:ToonMagic"],"picked":"theDuelist:RedEyesToon","floor":45},{"not_picked":["theDuelist:SpellShatteringArrow+1","theDuelist:FlyingSaucer+1","theDuelist:CheerfulCoffin+1","theDuelist:RedEyesToon+1"],"picked":"theDuelist:ToonAncientGear","floor":48}],"player_experience":105489,"relics_obtained":[{"floor":1,"key":"LetterFromLob"},{"floor":7,"key":"Odd Mushroom"},{"floor":8,"key":"ReplayTheSpireMod:Lightbulb"},{"floor":9,"key":"theDuelist:DuelistLetterOpener"},{"floor":14,"key":"Vampiric Spirits"},{"floor":19,"key":"Paper Crane"},{"floor":26,"key":"Oddly Smooth Stone"},{"floor":29,"key":"Replay:Bottled Steam"},{"floor":36,"key":"CatCart"},{"floor":39,"key":"ReplayTheSpireMod:Spearhead"},{"floor":41,"key":"ReplayFunnel"},{"floor":43,"key":"theDuelist:GiftAnubis"}],"event_choices":[{"damage_healed":0,"gold_gain":0,"player_choice":"Leave","duelist":true,"damage_taken":0,"max_hp_gain":0,"max_hp_loss":0,"event_name":"Egyptian Village","floor":3,"gold_loss":0},{"damage_healed":0,"gold_gain":0,"player_choice":"Fought Mushrooms","damage_taken":0,"max_hp_gain":0,"max_hp_loss":0,"event_name":"Mushrooms","floor":7,"gold_loss":0},{"damage_healed":0,"gold_gain":0,"player_choice":"Dig - random Duelist relic","duelist":true,"damage_taken":0,"max_hp_gain":0,"max_hp_loss":0,"event_name":"Aknamkanon\u0027s Tomb","floor":10,"gold_loss":0},{"total_magic_score":56,"gold_gain":0,"duelist":true,"damage_taken":0,"relics_obtained":[],"points":18,"max_hp_gain":16,"max_hp_loss":0,"spent_points":{"magic":4,"greed":0,"war":0,"power":4,"hunger":4},"event_name":"Nameless Tomb","hunger_reward":4,"floor":31,"gold_loss":0,"cards_obtained":[]},{"damage_healed":0,"gold_gain":0,"player_choice":"Fight","damage_taken":0,"max_hp_gain":0,"max_hp_loss":0,"event_name":"OrinTheCat","floor":36,"gold_loss":0},{"damage_healed":0,"gold_gain":0,"player_choice":"Paid","damage_taken":0,"relics_obtained":["Red Mask"],"max_hp_gain":0,"max_hp_loss":0,"event_name":"Tomb of Lord Red Mask","floor":38,"gold_loss":249}],"is_beta":false,"boss_relics":[{"not_picked":["Cursed Key","Snecko Eye"],"picked":"construct:WeddingRing"},{"not_picked":["ReplayTheSpireMod:DimensionalGlitch","Runic Pyramid"],"picked":"Painkiller Herb"}],"items_purged_floors":[28],"is_endless":false,"potions_floor_spawned":[2,5,7,16,20,21,30,33,42,45,48],"ascension_level":4}}