{"host":"sav7uxregyirlf69","time":1611210941,"event":{"mods":["AchievementEnabler","BaseMod","Colored Map","DeckTracker","Keyboard Shortcuts","Minty Spire (QoL Compilation)","READ ME - Guardian Mod","StSLib","SuperFastMode"],"gold_per_floor":[113,113,124,143,55,55,89,89,115,190,190,203,203,203],"floor_reached":13,"language":"KOR","playtime":219,"items_purged":[],"score":166,"play_id":"d27ac5fb-4f00-42cd-b442-31ee98910bad","local_time":"20210121153541","is_ascension_mode":true,"campfire_choices":[{"data":"Bash","floor":6,"key":"SMITH"}],"circlet_count":0,"master_deck":["AscendersBane","Strike_R+1","Strike_R","Strike_R","Defend_R","Defend_R","Defend_R","Defend_R+1","Bash+1","Exhume","Heavy Blade","Dropkick","Shrug It Off","Inflame","Dropkick","Burning Pact","Thunderclap"],"relics":["Burning Blood","Toy Ornithopter","Nunchaku"],"acts_visited":["Exordium"],"potions_floor_usage":[7,12,13],"damage_taken":[{"damage":9,"enemies":"Jaw Worm","floor":1,"turns":5},{"damage":8,"enemies":"Small Slimes","floor":3,"turns":5},{"damage":7,"enemies":"2 Louse","floor":4,"turns":4},{"damage":8,"enemies":"Gremlin Nob","floor":7,"turns":3},{"damage":0,"enemies":"Exordium Thugs","floor":12,"turns":5},{"damage":30,"enemies":"Lagavulin","floor":13,"turns":7}],"seed_played":"2419551943214812677","potions_obtained":[{"floor":1,"key":"Swift Potion"},{"floor":4,"key":"Block Potion"},{"floor":11,"key":"ElixirPotion"}],"is_trial":false,"path_per_floor":["M","?","M","M","$","R","E","?","T","?","?","M","E"],"character_chosen":"IRONCLAD","items_purchased":["Dropkick"],"campfire_rested":0,"item_purchase_floors":[5],"current_hp_per_floor":[47,24,22,21,21,21,19,19,19,8,8,19,0,0],"gold":203,"neow_bonus":"TRANSFORM_TWO_CARDS","is_daily":false,"chose_seed":false,"campfire_upgraded":1,"win_rate":0.0,"timestamp":1611210941,"path_taken":["M","?","M","M","$","R","E","?","T","?","?","?","E"],"items_purchased_type":["Card"],"build_version":"2020-12-22","purchased_purges":0,"victory":false,"max_hp_per_floor":[75,75,75,75,75,75,75,75,75,75,75,75,75,75],"card_choices":[{"not_picked":["True Grit","Ghostly Armor"],"picked":"Dropkick","floor":1},{"not_picked":["Cleave","Clash"],"picked":"Shrug It Off","floor":3},{"not_picked":["Armaments","Perfected Strike"],"picked":"Inflame","floor":4},{"not_picked":["Metallicize","Clash"],"picked":"Burning Pact","floor":7},{"not_picked":["Entrench","Warcry"],"picked":"Thunderclap","floor":12}],"player_experience":1341961,"relics_obtained":[{"floor":7,"key":"Toy Ornithopter"},{"floor":9,"key":"Nunchaku"}],"event_choices":[{"damage_healed":0,"gold_gain":0,"player_choice":"Entered Light","damage_taken":23,"max_hp_gain":0,"max_hp_loss":0,"event_name":"Shining Light","floor":2,"gold_loss":0,"cards_upgraded":["Strike_R","Defend_R"]},{"damage_healed":0,"gold_gain":0,"player_choice":"Ignored","damage_taken":0,"max_hp_gain":0,"max_hp_loss":0,"event_name":"Liars Game","floor":8,"gold_loss":0},{"damage_healed":0,"gold_gain":75,"player_choice":"Gather Gold","damage_taken":11,"max_hp_gain":0,"max_hp_loss":0,"event_name":"World of Goop","floor":10,"gold_loss":0},{"damage_healed":0,"gold_gain":0,"player_choice":"Got Potions","damage_taken":0,"max_hp_gain":0,"max_hp_loss":0,"event_name":"Lab","floor":11,"gold_loss":0}],"is_beta":false,"boss_relics":[],"items_purged_floors":[],"is_endless":false,"potions_floor_spawned":[1,4],"killed_by":"Lagavulin","ascension_level":20}}