{"host":"ue7jlgf7uv134an9","time":1611199226,"event":{"mods":["BaseMod","Better Third Choice","Colored Map","Defuse TimeMaze Blight","Minty Spire (QoL Compilation)","Quick Restart","Rare Cards Sparkle","Relic Stats","StSLib","UnlockEverythingMod"],"gold_per_floor":[115,61,76,87,87,119,119,194,194,210,210,224,244,244,244,344,344,344,44,44,44,44,44,44,44,44,44,44,44,44,44,44,44,44,44,44,44,44,44,44,44,44,44,44,44,44,44,44,44,44],"floor_reached":51,"language":"ENG","playtime":1685,"items_purged":["Strike_G"],"score":772,"play_id":"e83b6e3d-356d-4464-810f-07da38391ca4","local_time":"20210120222026","is_ascension_mode":false,"campfire_choices":[{"data":"Blade Dance","floor":7,"key":"SMITH"},{"floor":11,"key":"REST"},{"data":"Neutralize","floor":15,"key":"SMITH"},{"data":"Accuracy","floor":24,"key":"SMITH"},{"data":"Deep Breath","floor":27,"key":"SMITH"},{"floor":30,"key":"RECALL"},{"data":"Blade Dance","floor":32,"key":"SMITH"},{"data":"Burst","floor":41,"key":"SMITH"},{"data":"Leg Sweep","floor":44,"key":"SMITH"},{"data":"Dash","floor":47,"key":"SMITH"},{"data":"Doppelganger","floor":49,"key":"SMITH"}],"circlet_count":0,"master_deck":["Strike_G+1","Strike_G+1","Strike_G+1","Defend_G+1","Defend_G+1","Defend_G+1","Defend_G+1","Defend_G+1","Survivor","Neutralize+1","Slice","Blade Dance+1","Slice","Backstab","Deflect","Cloak And Dagger+1","Die Die Die","Blur+1","Accuracy+1","PiercingWail","Deep Breath+1","Dagger Spray","Dagger Spray+1","Blade Dance+1","Leg Sweep+1","Burst+1","Cloak And Dagger+1","Dodge and Roll+1","Backstab+1","Cloak And Dagger+1","Dash+1","Doppelganger+1","Backflip"],"relics":["Ring of the Snake","NeowsBlessing","Kunai","Art of War","Pantograph","Ectoplasm","Eternal Feather","WristBlade","StoneCalendar","Strawberry","Vajra"],"acts_visited":["Exordium","TheCity","TheBeyond"],"potions_floor_usage":[6,16,50],"damage_taken":[{"damage":0,"enemies":"Cultist","floor":1,"turns":1},{"damage":0,"enemies":"Small Slimes","floor":3,"turns":1},{"damage":0,"enemies":"2 Louse","floor":4,"turns":1},{"damage":5,"enemies":"Lagavulin","floor":6,"turns":6},{"damage":1,"enemies":"Large Slime","floor":10,"turns":5},{"damage":0,"enemies":"3 Louse","floor":12,"turns":3},{"damage":0,"enemies":"Red Slaver","floor":13,"turns":4},{"damage":9,"enemies":"Slime Boss","floor":16,"turns":5},{"damage":0,"enemies":"Spheric Guardian","floor":18,"turns":3},{"damage":0,"enemies":"Shell Parasite","floor":20,"turns":5},{"damage":0,"enemies":"Cultist and Chosen","floor":21,"turns":5},{"damage":1,"enemies":"Shelled Parasite and Fungi","floor":22,"turns":5},{"damage":0,"enemies":"Gremlin Leader","floor":23,"turns":7},{"damage":0,"enemies":"Centurion and Healer","floor":29,"turns":5},{"damage":0,"enemies":"Champ","floor":33,"turns":15},{"damage":0,"enemies":"3 Darklings","floor":35,"turns":3},{"damage":1,"enemies":"Orb Walker","floor":37,"turns":2},{"damage":0,"enemies":"2 Orb Walkers","floor":38,"turns":3},{"damage":8,"enemies":"Giant Head","floor":40,"turns":7},{"damage":2,"enemies":"4 Shapes","floor":42,"turns":5},{"damage":0,"enemies":"Maw","floor":45,"turns":7},{"damage":0,"enemies":"Jaw Worm Horde","floor":48,"turns":4},{"damage":32,"enemies":"Time Eater","floor":50,"turns":11}],"seed_played":"7729784783858871849","potions_obtained":[{"floor":3,"key":"Block Potion"},{"floor":4,"key":"BlessingOfTheForge"},{"floor":12,"key":"SkillPotion"},{"floor":13,"key":"AttackPotion"},{"floor":23,"key":"DuplicationPotion"},{"floor":45,"key":"PowerPotion"}],"is_trial":false,"path_per_floor":["M","$","M","M","?","E","R","?","T","M","R","M","M","?","R","B",null,"M","$","M","M","M","E","R","?","T","R","?","M","R","?","R","B",null,"M","?","M","?","?","E","R","M","T","R","M","?","R","M","R","B",null],"character_chosen":"THE_SILENT","items_purchased":["Blade Dance","Accuracy","PiercingWail","Deep Breath","Dagger Spray"],"campfire_rested":1,"item_purchase_floors":[2,19,19,19,19],"current_hp_per_floor":[70,70,70,70,52,47,47,36,36,35,56,56,56,56,56,61,70,70,70,70,70,69,69,70,57,57,72,72,72,75,75,75,75,75,75,75,74,74,75,74,82,80,80,82,82,82,82,82,82,50],"gold":44,"neow_bonus":"THREE_ENEMY_KILL","is_daily":false,"chose_seed":false,"campfire_upgraded":9,"win_rate":0.0,"timestamp":1611199226,"path_taken":["M","$","?","M","?","E","R","?","T","M","R","M","M","?","R","BOSS","M","$","M","M","?","E","R","?","T","R","?","M","R","?","R","BOSS","M","?","?","?","?","E","R","?","T","R","M","?","R","M","R","BOSS"],"items_purchased_type":["Card","Card","Card","Card","Card"],"build_version":"2020-12-22","purchased_purges":1,"victory":true,"max_hp_per_floor":[70,70,70,70,70,70,70,70,70,70,70,70,70,70,70,70,70,70,70,70,70,70,70,70,75,75,75,75,75,75,75,75,75,75,75,75,75,75,75,82,82,82,82,82,82,82,82,82,82,82],"relic_stats":{"counters":[23,113],"Pantograph":14,"Eternal Feather":29,"StoneCalendar":[80],"Ectoplasm":487,"Art of War":[6],"Kunai":[106],"obtain_stats":[{"NeowsBlessing":0,"WristBlade":34,"Pantograph":9,"Strawberry":40,"Vajra":43,"Eternal Feather":23,"StoneCalendar":38,"Ectoplasm":17,"Art of War":6,"Kunai":5,"Ring of the Snake":0},{"NeowsBlessing":0,"WristBlade":15,"Pantograph":4,"Strawberry":19,"Vajra":20,"Eternal Feather":13,"StoneCalendar":18,"Ectoplasm":8,"Art of War":4,"Kunai":3,"Ring of the Snake":0},{"NeowsBlessing":0,"WristBlade":71,"Pantograph":9,"Strawberry":86,"Vajra":91,"Eternal Feather":51,"StoneCalendar":79,"Ectoplasm":26,"Art of War":9,"Kunai":3,"Ring of the Snake":0}],"Ring of the Snake":[46]},"card_choices":[{"not_picked":["Backflip","Riddle With Holes"],"picked":"Slice","floor":1},{"not_picked":["Deadly Poison","Heel Hook"],"picked":"Slice","floor":3},{"not_picked":["Tactician","Reflex","Deadly Poison"],"picked":"SKIP","floor":4},{"not_picked":["Outmaneuver","Envenom"],"picked":"Backstab","floor":6},{"not_picked":["Deadly Poison","Well Laid Plans","Choke"],"picked":"SKIP","floor":10},{"not_picked":["Slice","Prepared"],"picked":"Deflect","floor":12},{"not_picked":["Flying Knee","Blade Dance"],"picked":"Cloak And Dagger","floor":13},{"not_picked":["Glass Knife","Doppelganger"],"picked":"Die Die Die","floor":16},{"not_picked":["Deflect","Backflip"],"picked":"Blur+1","floor":18},{"not_picked":["Infinite Blades+1","Terror"],"picked":"Dagger Spray+1","floor":20},{"not_picked":["Deflect","Dagger Throw"],"picked":"Blade Dance","floor":21},{"not_picked":["Caltrops","Noxious Fumes","Skewer+1"],"picked":"SKIP","floor":22},{"not_picked":["Bouncing Flask","Concentrate","Poisoned Stab+1"],"picked":"SKIP","floor":23},{"not_picked":["Slice","Expertise"],"picked":"Leg Sweep","floor":29},{"not_picked":["Grand Finale","Venomology"],"picked":"Burst","floor":33},{"not_picked":["Poisoned Stab","Dodge and Roll"],"picked":"Cloak And Dagger+1","floor":35},{"not_picked":["Dodge and Roll","Riddle With Holes","Tactician+1"],"picked":"SKIP","floor":37},{"not_picked":["Tactician","Sucker Punch"],"picked":"Dodge and Roll+1","floor":38},{"not_picked":["Reflex+1","Sucker Punch+1"],"picked":"Backstab+1","floor":40},{"not_picked":["Dodge and Roll+1","Burst"],"picked":"Cloak And Dagger+1","floor":42},{"not_picked":["Skewer","Cloak And Dagger+1"],"picked":"Dash","floor":45},{"not_picked":["Sucker Punch+1","Dagger Throw+1"],"picked":"Backflip","floor":48}],"player_experience":62700,"relics_obtained":[{"floor":6,"key":"Art of War"},{"floor":9,"key":"Pantograph"},{"floor":23,"key":"Eternal Feather"},{"floor":38,"key":"StoneCalendar"},{"floor":40,"key":"Strawberry"},{"floor":43,"key":"Vajra"}],"event_choices":[{"damage_healed":0,"gold_gain":0,"player_choice":"Relic ","damage_taken":18,"max_hp_gain":0,"max_hp_loss":0,"event_name":"betterThird:BetterScrap","floor":5,"gold_loss":0,"cards_obtained":["WindmillStrike"]},{"damage_healed":0,"gold_gain":75,"player_choice":"Gold","damage_taken":11,"max_hp_gain":0,"max_hp_loss":0,"event_name":"betterThird:BetterGoop","floor":8,"gold_loss":0},{"damage_healed":0,"gold_gain":0,"player_choice":"Forge","damage_taken":0,"max_hp_gain":0,"max_hp_loss":0,"event_name":"Accursed Blacksmith","floor":14,"gold_loss":0,"cards_upgraded":["Cloak And Dagger"]},{"damage_healed":0,"gold_gain":0,"player_choice":"Shed Blood","damage_taken":18,"max_hp_gain":5,"max_hp_loss":0,"event_name":"Forgotten Altar","floor":25,"gold_loss":0},{"damage_healed":0,"gold_gain":0,"player_choice":"Ignored","damage_taken":0,"max_hp_gain":0,"max_hp_loss":0,"event_name":"Vampires","floor":28,"gold_loss":0},{"damage_healed":0,"gold_gain":0,"player_choice":"Simplicity","damage_taken":0,"max_hp_gain":0,"max_hp_loss":9,"event_name":"betterThird:BetterWriting","floor":31,"gold_loss":0},{"damage_healed":0,"gold_gain":100,"player_choice":"Pray","damage_taken":0,"max_hp_gain":0,"max_hp_loss":0,"event_name":"Golden Shrine","floor":36,"gold_loss":0},{"damage_healed":0,"gold_gain":0,"player_choice":"Fight","damage_taken":0,"max_hp_gain":0,"max_hp_loss":0,"event_name":"Mysterious Sphere","floor":38,"gold_loss":0},{"damage_healed":1,"gold_gain":0,"player_choice":"Full Heal","damage_taken":0,"max_hp_gain":0,"max_hp_loss":0,"event_name":"Wheel of Change","floor":39,"gold_loss":0},{"damage_healed":0,"gold_gain":0,"cards_transformed":["Strike_G"],"player_choice":"Transformed","damage_taken":0,"max_hp_gain":0,"max_hp_loss":0,"event_name":"Transmorgrifier","floor":46,"gold_loss":0,"cards_obtained":["Doppelganger"]}],"is_beta":false,"boss_relics":[{"not_picked":["Coffee Dripper","Pandora\u0027s Box"],"picked":"Ectoplasm"},{"not_picked":["Fusion Hammer","Astrolabe"],"picked":"WristBlade"}],"items_purged_floors":[19],"is_endless":false,"potions_floor_spawned":[3,4,12,13,23,29,38,42,45,48],"ascension_level":0}}