{"host":"x205naxbihvu3p76","time":1611210303,"event":{"mods":["AchievementEnabler","BaseMod","Minty Spire (QoL Compilation)","StSLib","SuperFastMode"],"gold_per_floor":[119,178,193,118,118,147,147,165,191,191,34,34,55,81,81,159,209,227,243,243,260,23,23,34,12,12,12,12,47,61,71,71,71,71],"floor_reached":33,"language":"KOR","playtime":652,"items_purged":["Strike_B","Strike_B","Strike_B"],"score":646,"play_id":"05e2fd5f-8cdc-44de-95ef-68f7609242f4","local_time":"20210121152503","is_ascension_mode":true,"campfire_choices":[{"data":"Go for the Eyes","floor":7,"key":"SMITH"},{"data":"Sunder","floor":12,"key":"SMITH"},{"data":"Creative AI","floor":15,"key":"SMITH"},{"floor":23,"key":"REST"},{"floor":27,"key":"REST"},{"floor":32,"key":"REST"}],"circlet_count":0,"master_deck":["AscendersBane","Strike_B+1","Defend_B+1","Defend_B+1","Defend_B+1","Defend_B+1","Zap","Dualcast+1","Sunder+1","Ball Lightning","Go for the Eyes+1","Beam Cell","Creative AI+1","Echo Form","Leap","Conserve Battery","Seek","Ball Lightning","Chaos+1","Capacitor"],"relics":["Cracked Core","NeowsBlessing","Bag of Marbles","Lantern","Odd Mushroom","The Courier","Tiny House","Happy Flower","Pear","Peace Pipe"],"acts_visited":["Exordium","TheCity"],"potions_floor_usage":[16,29,29,33,33],"damage_taken":[{"damage":0,"enemies":"Small Slimes","floor":1,"turns":1},{"damage":0,"enemies":"2 Louse","floor":3,"turns":1},{"damage":0,"enemies":"Lagavulin","floor":6,"turns":1},{"damage":0,"enemies":"Cultist","floor":8,"turns":3},{"damage":1,"enemies":"The Mushroom Lair","floor":13,"turns":3},{"damage":0,"enemies":"Gremlin Nob","floor":14,"turns":2},{"damage":26,"enemies":"Hexaghost","floor":16,"turns":12},{"damage":14,"enemies":"2 Thieves","floor":18,"turns":4},{"damage":14,"enemies":"Chosen","floor":19,"turns":6},{"damage":39,"enemies":"Shelled Parasite and Fungi","floor":21,"turns":6},{"damage":22,"enemies":"Chosen and Byrds","floor":24,"turns":5},{"damage":19,"enemies":"Slavers","floor":29,"turns":6},{"damage":20,"enemies":"Snake Plant","floor":30,"turns":3},{"damage":19,"enemies":"Centurion and Healer","floor":31,"turns":7},{"damage":27,"enemies":"Collector","floor":33,"turns":3}],"seed_played":"-5790605809128550392","potions_obtained":[{"floor":8,"key":"Regen Potion"},{"floor":14,"key":"EssenceOfSteel"},{"floor":16,"key":"Dexterity Potion"},{"floor":30,"key":"DuplicationPotion"},{"floor":31,"key":"PowerPotion"}],"is_trial":false,"path_per_floor":["M","?","M","$","?","E","R","M","T","?","$","R","?","E","R","B",null,"M","M","?","M","$","R","M","$","T","R","?","E","M","M","R","B"],"character_chosen":"DEFECT","items_purchased":["Beam Cell","Happy Flower","Ball Lightning"],"campfire_rested":3,"item_purchase_floors":[11,22,25],"current_hp_per_floor":[64,64,64,64,64,64,64,64,64,43,43,43,42,42,42,16,62,48,34,49,10,10,32,10,10,20,45,45,41,21,2,27,0,0],"gold":71,"neow_bonus":"THREE_ENEMY_KILL","is_daily":false,"chose_seed":false,"campfire_upgraded":3,"win_rate":0.0,"timestamp":1611210303,"path_taken":["M","?","M","$","?","E","R","M","T","?","$","R","?","E","R","BOSS","M","M","?","M","$","R","M","$","T","R","?","E","M","M","R","BOSS"],"items_purchased_type":["Card","Relic","Card"],"build_version":"2020-12-22","purchased_purges":3,"victory":false,"max_hp_per_floor":[71,71,71,71,71,71,71,71,71,71,71,71,71,71,71,71,76,76,76,76,76,76,76,76,76,86,86,86,86,86,86,86,86,86],"card_choices":[{"not_picked":["Hologram","Cold Snap"],"picked":"Sunder","floor":1},{"not_picked":["Sweeping Beam","Hologram"],"picked":"Ball Lightning","floor":3},{"not_picked":["Hologram","Compile Driver"],"picked":"Go for the Eyes","floor":6},{"not_picked":["Coolheaded","Stack","Rebound"],"picked":"SKIP","floor":8},{"not_picked":["Beam Cell","Ball Lightning"],"picked":"Creative AI","floor":14},{"not_picked":["Hyperbeam","All For One"],"picked":"Echo Form","floor":16},{"not_picked":["Scrape","Streamline"],"picked":"Leap","floor":17},{"not_picked":["Genetic Algorithm","Leap"],"picked":"Conserve Battery","floor":18},{"not_picked":["Steam+1","Conserve Battery","Cold Snap"],"picked":"SKIP","floor":19},{"not_picked":["Gash","Beam Cell","Steam"],"picked":"SKIP","floor":21},{"not_picked":["Beam Cell","Rebound"],"picked":"Seek","floor":24},{"not_picked":["Cold Snap","Leap"],"picked":"Chaos+1","floor":29},{"not_picked":["Steam+1","Go for the Eyes+1","Gash+1"],"picked":"SKIP","floor":30},{"not_picked":["Steam Power","Hello World"],"picked":"Capacitor","floor":31}],"player_experience":989792,"relics_obtained":[{"floor":6,"key":"Bag of Marbles"},{"floor":9,"key":"Lantern"},{"floor":13,"key":"Odd Mushroom"},{"floor":14,"key":"The Courier"},{"floor":26,"key":"Pear"},{"floor":29,"key":"Peace Pipe"}],"event_choices":[{"damage_healed":0,"gold_gain":59,"player_choice":"Gained Gold","damage_taken":0,"max_hp_gain":0,"max_hp_loss":0,"event_name":"Golden Wing","floor":2,"gold_loss":0},{"damage_healed":0,"gold_gain":0,"player_choice":"Ignored","damage_taken":0,"max_hp_gain":0,"max_hp_loss":0,"event_name":"Liars Game","floor":5,"gold_loss":0},{"damage_healed":0,"gold_gain":0,"player_choice":"Entered Light","damage_taken":21,"max_hp_gain":0,"max_hp_loss":0,"event_name":"Shining Light","floor":10,"gold_loss":0,"cards_upgraded":["Defend_B","Strike_B"]},{"damage_healed":0,"gold_gain":0,"player_choice":"Fought Mushrooms","damage_taken":0,"max_hp_gain":0,"max_hp_loss":0,"event_name":"Mushrooms","floor":13,"gold_loss":0},{"damage_healed":15,"gold_gain":0,"player_choice":"Heal","damage_taken":0,"max_hp_gain":0,"max_hp_loss":0,"event_name":"The Library","floor":20,"gold_loss":0},{"damage_healed":0,"gold_gain":0,"player_choice":"Simplicity","damage_taken":0,"max_hp_gain":0,"max_hp_loss":0,"event_name":"Back to Basics","floor":28,"gold_loss":0,"cards_upgraded":["Defend_B","Defend_B","Defend_B"]}],"is_beta":false,"boss_relics":[{"not_picked":["Empty Cage","Inserter"],"picked":"Tiny House"}],"items_purged_floors":[4,11,22],"is_endless":false,"potions_floor_spawned":[8,14,16,18,24,30,31],"killed_by":"Collector","ascension_level":20}}