{"host":"8g198xe1n7br41jb","time":1611248048,"event":{"mods":["BaseMod","Downfall","Minty Spire (QoL Compilation)","StSLib","SuperFastMode"],"gold_per_floor":[0,13,163,174,174,207,207,207,226,240,256,291,310,310,323,419,419,319,336,4,4,4,35,113,98,114,130,142,27,27,27,46,141,141,41,56,76,93,53,79,104,121,94,94,110,127,127,127,143,143,143,143],"floor_reached":50,"language":"ENG","playtime":4130,"items_purged":["downfall:Icky","Regret","Bite"],"score":664,"play_id":"d7164d24-7c8d-4585-a85d-2338983e5c88","local_time":"20210121175408","is_ascension_mode":true,"campfire_choices":[{"data":"Apotheosis","floor":1.0,"key":"SMITH"},{"floor":8.0,"key":"RECALL"},{"data":"hexamod:RadiantFlame","floor":18.0,"key":"SMITH"},{"floor":30.0,"key":"REST"},{"data":"hexamod:VolcanoVisage","floor":35,"key":"SMITH"},{"floor":44,"key":"REST"}],"circlet_count":0,"master_deck":["hexamod:Defend","hexamod:Defend","hexamod:Defend","hexamod:Defend","hexamod:Sear","hexamod:Float","Apotheosis+1","hexamod:FastForward","Apotheosis+1","hexamod:Hexaguard","hexamod:SoulSteal","hexamod:Firestarter","hexamod:RadiantFlame+1","hexamod:SuperheatedStrike","hexamod:FlameSwitch","hexamod:PhantomCloak","hexamod:PhantomFireball","expansioncontent:AwakenDeath","hexamod:EmpoweredFlame","hexamod:HeatMetal","hexamod:FastForward+1","hexamod:FirstSeal","hexamod:SearingWound","hexamod:BurningTouch+1","hexamod:GhostOfSpireFuture+1","Bite","Bite","Bite","Bite","hexamod:VolcanoVisage+1","downfall:Bewildered","hexamod:FastForward"],"relics":["hexamod:SpiritBrand","FossilizedHelix","Happy Flower","Cursed Key","downfall:HeartBlessingRed","downfall:RedIOU","Bottled Tornado","Velvet Choker","downfall:HeartBlessingBlue","Pear","hexamod:SoulConsumer","Lantern"],"acts_visited":["Exordium","TheCity","TheBeyond"],"potions_floor_usage":[45,50,50,50],"damage_taken":[{"damage":0.0,"enemies":"Jaw Worm","floor":2.0,"turns":4.0},{"damage":0.0,"enemies":"Cultist","floor":4.0,"turns":3.0},{"damage":24.0,"enemies":"3 Sentries","floor":6.0,"turns":8.0},{"damage":0.0,"enemies":"Small Slimes","floor":9.0,"turns":4.0},{"damage":0.0,"enemies":"Red Slaver","floor":10.0,"turns":3.0},{"damage":2.0,"enemies":"Large Slime","floor":11.0,"turns":7.0},{"damage":0.0,"enemies":"Lagavulin","floor":12.0,"turns":5.0},{"damage":8.0,"enemies":"Exordium Wildlife","floor":13.0,"turns":3.0},{"damage":0.0,"enemies":"3 Louse","floor":15.0,"turns":3.0},{"damage":21.0,"enemies":"DF_ARCHETYPE_STREAMLINE","floor":16.0,"turns":9.0},{"damage":0.0,"enemies":"3 Byrds","floor":19.0,"turns":3.0},{"damage":0.0,"enemies":"downfall:FleeingMerchant","floor":20.0,"turns":4.0},{"damage":40.0,"enemies":"Gremlin Leader","floor":23.0,"turns":8.0},{"damage":6.0,"enemies":"downfall:FleeingMerchant","floor":25.0,"turns":4.0},{"damage":25.0,"enemies":"Shelled Parasite and Fungi","floor":26.0,"turns":5.0},{"damage":15.0,"enemies":"Snecko","floor":27.0,"turns":5.0},{"damage":0.0,"enemies":"3 Cultists","floor":28.0,"turns":5.0},{"damage":8.0,"enemies":"downfall:FleeingMerchant","floor":29.0,"turns":4.0},{"damage":36.0,"enemies":"Shelled Parasite and Fungi","floor":32.0,"turns":4.0},{"damage":19.0,"enemies":"WA_ARCHETYPE_CALM","floor":33.0,"turns":8.0},{"damage":6,"enemies":"3 Shapes","floor":36,"turns":4},{"damage":34,"enemies":"Orb Walker","floor":37,"turns":5},{"damage":18,"enemies":"Spire Growth","floor":38,"turns":4},{"damage":10,"enemies":"downfall:FleeingMerchant","floor":39,"turns":3},{"damage":55,"enemies":"Reptomancer","floor":40,"turns":6},{"damage":21,"enemies":"Sphere and 2 Shapes","floor":42,"turns":5},{"damage":21,"enemies":"Maw","floor":45,"turns":8},{"damage":22,"enemies":"Transient","floor":46,"turns":5},{"damage":58,"enemies":"3 Darklings","floor":49,"turns":6},{"damage":96,"enemies":"IC_BLOCK_ARCHETYPE","floor":50,"turns":4}],"seed_played":"423874967190373707","potions_obtained":[{"floor":2.0,"key":"BlessingOfTheForge"},{"floor":10.0,"key":"DuplicationPotion"},{"floor":13.0,"key":"SkillPotion"},{"floor":15.0,"key":"Dexterity Potion"},{"floor":16.0,"key":"SteroidPotion"},{"floor":19.0,"key":"ColorlessPotion"},{"floor":26.0,"key":"SkillPotion"},{"floor":27.0,"key":"ColorlessPotion"},{"floor":33.0,"key":"LiquidMemories"},{"floor":36,"key":"Swift Potion"},{"floor":38,"key":"DuplicationPotion"},{"floor":40,"key":"SkillPotion"},{"floor":46,"key":"hexamod:SoulburnPotion"}],"is_trial":false,"path_per_floor":["R","M","?","M","?","E","T","R","M","M","M","E","M","?","M","B",null,"R","M","$","?","?","E","T","$","M","M","M","$","R","?","M","B",null,"R","M","M","M","$","E","T","M","$","R","M","M","?","?","M","B"],"character_chosen":"THE_SPIRIT","items_purchased":["hexamod:PhantomCloak","hexamod:PhantomFireball","expansioncontent:AwakenDeath","Pear","hexamod:FastForward"],"campfire_rested":2,"item_purchase_floors":[20,20,20,39,43],"current_hp_per_floor":[70,70,70,70,70,46,46,46,46,46,44,44,36,36,36,15,70,70,70,70,70,70,30,30,24,20,12,19,18,39,39,16,31,49,59,59,38,24,26,39,39,36,36,56,61,53,53,53,17,0,0,0],"gold":143,"neow_bonus":"RANDOM_COLORLESS_2","is_daily":false,"chose_seed":false,"campfire_upgraded":3,"win_rate":0.0,"timestamp":1611248048,"path_taken":["R","M","?","M","?","E","T","R","M","M","?","E","M","?","M","BOSS","R","M","$","?","?","E","T","?","M","M","M","$","R","?","M","BOSS","R","M","M","M","$","E","T","M","$","R","M","M","?","?","M","BOSS"],"items_purchased_type":["Card","Card","Card","Relic","Card"],"build_version":"2020-12-22","purchased_purges":3,"victory":false,"max_hp_per_floor":[70,70,70,70,70,70,70,70,70,70,70,70,70,70,70,70,70,70,70,70,70,70,70,70,70,70,70,70,70,70,49,49,49,49,59,59,59,59,69,69,69,69,69,69,69,69,69,69,69,69,69,69],"card_choices":[{"not_picked":["Sadistic Nature","Chrysalis"],"picked":"Apotheosis","floor":0.0},{"not_picked":["hexamod:GhostLash","hexamod:Firestarter","hexamod:InspiringFlames"],"picked":"SKIP","floor":2.0},{"not_picked":["hexamod:NightmareGuise","hexamod:GhostflameBarrier"],"picked":"hexamod:FastForward","floor":4.0},{"not_picked":["hexamod:NecessarySacrifice","hexamod:RetreatToShadows"],"picked":"hexamod:Hexaguard","floor":6.0},{"not_picked":["hexamod:NightmareStrike","hexamod:HeatMetal"],"picked":"hexamod:SoulSteal","floor":9.0},{"not_picked":["hexamod:ThermalTransfer","hexamod:HeatShield"],"picked":"hexamod:Firestarter","floor":10.0},{"not_picked":["hexamod:ApocalypseNow","hexamod:SwordOfDarkness"],"picked":"hexamod:RadiantFlame","floor":11.0},{"not_picked":["hexamod:SecondSeal","hexamod:SpectersWail"],"picked":"hexamod:SuperheatedStrike","floor":12.0},{"not_picked":["hexamod:HauntingEcho","hexamod:GhostOfSpirePast","hexamod:GhostLash"],"picked":"SKIP","floor":13.0},{"not_picked":["hexamod:UnleashSpirits","hexamod:AdvancingGuard","hexamod:NightmareStrike"],"picked":"SKIP","floor":15.0},{"not_picked":["hexamod:GiftsFromTheDead","hexamod:GhostflameInferno"],"picked":"hexamod:FlameSwitch","floor":16.0},{"not_picked":["hexamod:NightmareGuise","hexamod:SpectralSpark","hexamod:SpectersWail"],"picked":"SKIP","floor":19.0},{"not_picked":["hexamod:HauntingEcho","hexamod:Hexaguard","hexamod:RecurringNightmare+1"],"picked":"SKIP","floor":20.0},{"not_picked":["hexamod:BurningTouch","hexamod:NightmareGuise+1"],"picked":"hexamod:HeatMetal","floor":23.0},{"not_picked":["hexamod:ThermalTransfer","hexamod:BurningTouch"],"picked":"hexamod:FastForward+1","floor":25.0},{"not_picked":["hexamod:Firestarter","hexamod:Incineration+1"],"picked":"hexamod:FirstSeal","floor":26.0},{"not_picked":["hexamod:ShieldOfDarkness","hexamod:BacktrackSmack+1"],"picked":"hexamod:SearingWound","floor":27.0},{"not_picked":["hexamod:SwordOfDarkness","hexamod:GhostShield"],"picked":"hexamod:BurningTouch+1","floor":28.0},{"not_picked":["hexamod:AdvancingGuard","hexamod:Firestarter"],"picked":"hexamod:GhostOfSpireFuture+1","floor":29.0},{"not_picked":["hexamod:SuperheatedStrike","hexamod:Rewind","hexamod:NightmareStrike"],"picked":"SKIP","floor":32.0},{"not_picked":["hexamod:ParanormalForm","hexamod:UnleashSpirits"],"picked":"hexamod:VolcanoVisage","floor":33.0},{"not_picked":["hexamod:FirstSeal","hexamod:Firestarter+1","hexamod:Hexaguard"],"picked":"SKIP","floor":36},{"not_picked":["hexamod:BurningTouch","hexamod:NightmareStrike","hexamod:PhantomCloak"],"picked":"SKIP","floor":37},{"not_picked":["hexamod:FastForward","hexamod:BacktrackSmack","hexamod:SuperheatedStrike+1"],"picked":"SKIP","floor":38},{"not_picked":["hexamod:TurnItUp","hexamod:SwordOfDarkness+1","hexamod:EmpoweredFlame+1"],"picked":"SKIP","floor":39},{"not_picked":["hexamod:BurningTouch","hexamod:HeatMetal","hexamod:SpectralSpark"],"picked":"SKIP","floor":40},{"not_picked":["hexamod:Firestarter+1","hexamod:GhostShield+1","hexamod:GhostOfSpireFuture"],"picked":"SKIP","floor":42},{"not_picked":["hexamod:ShieldOfDarkness+1","hexamod:FastForward+1","hexamod:ThirdSeal"],"picked":"SKIP","floor":45},{"not_picked":["hexamod:Firestarter","hexamod:PhantomCloak","hexamod:RainOfEmbers"],"picked":"SKIP","floor":46},{"not_picked":["hexamod:SpectersWail","hexamod:SpectralSpark","hexamod:FirstSeal"],"picked":"SKIP","floor":49}],"player_experience":1225091,"relics_obtained":[{"floor":6.0,"key":"FossilizedHelix"},{"floor":7.0,"key":"Happy Flower"},{"floor":12.0,"key":"Ancient Tea Set"},{"floor":23.0,"key":"Bottled Tornado"},{"floor":40,"key":"hexamod:SoulConsumer"},{"floor":41,"key":"Lantern"}],"event_choices":[{"damage_healed":0.0,"max_hp_gain":0.0,"max_hp_loss":0.0,"gold_gain":0.0,"event_name":"The Library","player_choice":"Read","floor":22.0,"gold_loss":0.0,"damage_taken":0.0,"cards_obtained":["hexamod:EmpoweredFlame"]},{"damage_healed":0.0,"max_hp_gain":0.0,"max_hp_loss":21.0,"gold_gain":0.0,"event_name":"Vampires","player_choice":"Became a vampire","floor":31.0,"gold_loss":0.0,"damage_taken":0.0,"cards_obtained":["Bite","Bite","Bite","Bite","Bite"]}],"is_beta":false,"boss_relics":[{"not_picked":["Philosopher\u0027s Stone","Runic Dome"],"picked":"Cursed Key"},{"not_picked":["Tiny House","expansioncontent:StudyCardRelic"],"picked":"Velvet Choker"}],"items_purged_floors":[20,29,39],"is_endless":false,"potions_floor_spawned":[2,10,13,15,16,19,26,27,33,36,38,40,46],"killed_by":"IC_BLOCK_ARCHETYPE","ascension_level":2}}