{"host":"wghdsg8ym2wc7ov9","time":1611208203,"event":{"mods":["AchievementEnabler","Astrologer","BaseMod","Beaked The Cultist","Better Altar","Better Note","ChefMod","Colored Map","Downfall","Evolution","Fox Events","Hermit","Highlight Path","Jorbs\u0027s Wanderer Trilogy","KinomotoSakuraMod(????)","Minty Spire (QoL Compilation)","Random Character Button","Relic Stats","SIMod","Shop Mod","StSLib","The Blackbeard","The Bladedancer","The Construct","The Cursed","The Death Knight","The Gatherer","The Hierophant","The Marked","The Mystic","The Necromancer","The Runesmith","The Senshi","The Servant 0.9.4"],"gold_per_floor":[112,112,187,201,219,249,268,268,268,287,287,305,316,29,29,129,129,140,151,421,438,15,41,41,41,41],"floor_reached":25,"language":"ENG","playtime":3598,"items_purged":[],"score":225,"play_id":"9bb75090-45ae-418b-b9e3-794ef249eaec","local_time":"20210120215003","is_ascension_mode":false,"campfire_choices":[{"floor":11,"key":"REST"},{"floor":15,"key":"REST"},{"floor":24,"key":"REST"}],"circlet_count":0,"master_deck":["chefmod:Chop","chefmod:Strike","chefmod:Strike","chefmod:Strike","chefmod:QuickThaw+1","chefmod:Defend","chefmod:Defend","chefmod:Defend","chefmod:Defend","chefmod:TodaysSpecial","chefmod:IceCreamCone+1","chefmod:Fillet","chefmod:OrderUp","chefmod:Granita","chefmod:BaoBuns","chefmod:CapreseSalad","chefmod:Puree","chefmod:Gelato","chefmod:DinoKale","chefmod:HotSoup","chefmod:AllYouCanEat","chefmod:SushiPlatter","chefmod:Leftovers","chefmod:Gelato","Enlightenment","chefmod:DinoKale+1","chefmod:OldCookbook","Enlightenment","Sadistic Nature","chefmod:BleedOut"],"relics":["chefmod:TrustyPot","EVO:Axolotl","Bag of Marbles","Pyrelight","Boot","chefmod:CookieJar","Busted Crown","Singing Bowl"],"acts_visited":["Exordium","TheCity"],"potions_floor_usage":[16,16,16,19,23],"damage_taken":[{"damage":0,"enemies":"Jaw Worm","floor":1,"turns":3},{"damage":1,"enemies":"2 Louse","floor":4,"turns":3},{"damage":0,"enemies":"Small Slimes","floor":5,"turns":2},{"damage":34,"enemies":"3 Sentries","floor":6,"turns":9},{"damage":8,"enemies":"Exordium Wildlife","floor":7,"turns":4},{"damage":9,"enemies":"2 Fungi Beasts","floor":10,"turns":4},{"damage":0,"enemies":"Exordium Thugs","floor":12,"turns":4},{"damage":0,"enemies":"Looter","floor":13,"turns":2},{"damage":14,"enemies":"The Guardian","floor":16,"turns":11},{"damage":4,"enemies":"Shell Parasite","floor":18,"turns":3},{"damage":10,"enemies":"2 Thieves","floor":19,"turns":5},{"damage":9,"enemies":"Centurion and Healer","floor":21,"turns":9},{"damage":17,"enemies":"Slavers","floor":23,"turns":9},{"damage":44,"enemies":"Chosen and Byrds","floor":25,"turns":6}],"seed_played":"9032470375536053989","potions_obtained":[{"floor":6,"key":"champ:CounterPotion"},{"floor":12,"key":"SpeedPotion"},{"floor":13,"key":"Swift Potion"},{"floor":16,"key":"SkillPotion"},{"floor":19,"key":"Dexterity Potion"},{"floor":23,"key":"FearPotion"}],"is_trial":false,"path_per_floor":["M","?","?","M","M","E","M","?","T","M","R","M","M","$","R","B",null,"M","M","?","M","$","E","R","M"],"character_chosen":"THE_CHEF","items_purchased":["chefmod:CookieJar","chefmod:DinoKale","chefmod:HotSoup","chefmod:AllYouCanEat","chefmod:OldCookbook","Enlightenment","Sadistic Nature","chefmod:BleedOut"],"campfire_rested":3,"item_purchase_floors":[14,14,14,14,22,22,22,22],"current_hp_per_floor":[83,66,55,54,54,20,12,12,12,3,27,27,27,27,51,37,83,79,69,36,27,27,12,37,0,0],"gold":41,"neow_bonus":"TEN_PERCENT_HP_BONUS","is_daily":false,"chose_seed":false,"campfire_upgraded":0,"win_rate":0.0,"timestamp":1611208203,"path_taken":["M","?","?","M","M","E","M","?","T","?","R","M","M","$","R","BOSS","M","M","?","M","$","E","R","M"],"items_purchased_type":["Relic","Card","Card","Card","Card","Card","Card","Card"],"build_version":"2020-12-22","purchased_purges":0,"victory":false,"max_hp_per_floor":[83,83,83,83,83,83,83,83,83,83,83,83,83,83,83,83,83,83,83,83,83,83,85,85,85,85],"relic_stats":{"Busted Crown":10,"Singing Bowl":2,"counters":[14,74],"Boot":[41],"obtain_stats":[{"chefmod:TrustyPot":0,"chefmod:CookieJar":14,"Busted Crown":17,"Singing Bowl":23,"Pyrelight":8,"Bag of Marbles":6,"EVO:Axolotl":0,"Boot":9},{"chefmod:TrustyPot":0,"chefmod:CookieJar":8,"Busted Crown":9,"Singing Bowl":13,"Pyrelight":5,"Bag of Marbles":4,"EVO:Axolotl":0,"Boot":5},{"chefmod:TrustyPot":0,"chefmod:CookieJar":31,"Busted Crown":42,"Singing Bowl":68,"Pyrelight":21,"Bag of Marbles":17,"EVO:Axolotl":0,"Boot":21}]},"card_choices":[{"not_picked":["chefmod:ZaruSoba","chefmod:Defrost"],"picked":"chefmod:IceCreamCone","floor":1},{"not_picked":["chefmod:ZaruSoba","chefmod:FryPan"],"picked":"chefmod:Fillet","floor":4},{"not_picked":["chefmod:ColdSteel","chefmod:FryPan"],"picked":"chefmod:OrderUp","floor":5},{"not_picked":["chefmod:Fillet","chefmod:GroceryDelivery"],"picked":"chefmod:Granita","floor":6},{"not_picked":["chefmod:FreshProduce","chefmod:IcePick"],"picked":"chefmod:BaoBuns","floor":7},{"not_picked":["chefmod:Granita","chefmod:SaveForLater"],"picked":"chefmod:CapreseSalad","floor":10},{"not_picked":["chefmod:IcePick","chefmod:FryPan"],"picked":"chefmod:Puree","floor":12},{"not_picked":["chefmod:Bruschetta","chefmod:SliceAndDice"],"picked":"chefmod:Gelato","floor":13},{"not_picked":["chefmod:CandyBowl","chefmod:DeepFreeze"],"picked":"chefmod:SushiPlatter","floor":16},{"not_picked":[],"picked":"chefmod:Leftovers","floor":18},{"not_picked":[],"picked":"chefmod:Gelato","floor":19},{"not_picked":[],"picked":"chefmod:DinoKale+1","floor":21},{"not_picked":["chefmod:Fillet"],"picked":"Singing Bowl","floor":23}],"player_experience":730301,"relics_obtained":[{"floor":6,"key":"Bag of Marbles"},{"floor":9,"key":"Boot"},{"floor":23,"key":"Singing Bowl"}],"event_choices":[{"damage_healed":0,"gold_gain":0,"player_choice":"Entered Light","damage_taken":17,"max_hp_gain":0,"max_hp_loss":0,"event_name":"Shining Light","floor":2,"gold_loss":0,"cards_upgraded":["chefmod:IceCreamCone","chefmod:QuickThaw"]},{"damage_healed":0,"gold_gain":75,"player_choice":"Gather Gold","damage_taken":11,"max_hp_gain":0,"max_hp_loss":0,"event_name":"World of Goop","floor":3,"gold_loss":0},{"damage_healed":0,"gold_gain":270,"player_choice":"GOLD GOLD CARD GOLD ","damage_taken":33,"max_hp_gain":0,"max_hp_loss":0,"event_name":"Knowing Skull","floor":20,"potions_obtained":[],"gold_loss":0,"cards_obtained":["Enlightenment"]}],"is_beta":false,"boss_relics":[{"not_picked":["Ectoplasm","Empty Cage"],"picked":"Busted Crown"}],"items_purged_floors":[],"is_endless":false,"potions_floor_spawned":[6,12,13,16,19,23],"killed_by":"Chosen and Byrds","ascension_level":0}}