{"host":"l84l8xigz5v5foa2","time":1611221358,"event":{"mods":["2.2 Compatiblity","AchievementEnabler","BaseMod","Better Note","Better Vampires","Card Filter","Colored Map","DeckTracker","Gremlin Skip","Hermit","Highlight Path","Keyboard Shortcuts","Minty Spire (QoL Compilation)","Permanent Neow","Quick Restart","Relic Filter","Relic Stats","Shop Mod","StSLib","SuperFastMode","Transform Curses","Unknown Chances"],"gold_per_floor":[117,42,117,136,148,180,180,197,197,197,207,235,235,264,264,368,368,393,53,87,120,35,35,104,134,134,194,219,247,279,279,279,458,458,489,489,86,151,151,151],"floor_reached":39,"language":"KOR","playtime":3656,"items_purged":["hermit:Strike_Hermit","hermit:Defend_Hermit"],"score":488,"play_id":"614efd3d-1520-4b8e-b1b6-1e634dd1ab6c","local_time":"20210121182918","is_ascension_mode":true,"campfire_choices":[{"data":"hermit:Dive","floor":7.0,"key":"SMITH"},{"data":"hermit:Determination","floor":13.0,"key":"SMITH"},{"data":"hermit:Cheat","floor":15.0,"key":"SMITH"},{"data":"hermit:Covet","floor":23.0,"key":"SMITH"},{"data":"hermit:ShadowCloak","floor":32.0,"key":"SMITH"}],"circlet_count":0,"master_deck":["hermit:Strike_Hermit","hermit:Strike_Hermit","hermit:Defend_Hermit","hermit:Defend_Hermit","hermit:Defend_Hermit","hermit:Snapshot","hermit:Covet+1","hermit:Malice","hermit:Enervate","hermit:ShadowCloak+1","hermit:Gestalt","hermit:Dive+1","hermit:Cheat+1","Pain","hermit:FinalCanter+1","hermit:Determination+1","hermit:Magnum+1","hermit:DeadOrAlive+1","hermit:ShadowCloak+1","Finesse+1","hermit:Manifest+1","hermit:Glare+1","hermit:Gambit+1","hermit:Dive+1","hermit:LuckOfTheDraw+1","hermit:TakeCover+1","hermit:Maintenance+1","hermit:Dissolve+1","hermit:Brawl+1","Madness+1","Madness+1","hermit:FromBeyond+1"],"relics":["hermit:ClaspedLocket","hermit:Horseshoe","Molten Egg 2","WarpedTongs","Mercury Hourglass","Ornamental Fan","Toxic Egg 2","Pantograph","Question Card","Singing Bowl","Bottled Tornado","Coffee Dripper","Calipers","Torii"],"acts_visited":["Exordium","TheCity","TheBeyond"],"potions_floor_usage":[39],"damage_taken":[{"damage":0.0,"enemies":"Small Slimes","floor":1.0,"turns":3.0},{"damage":0.0,"enemies":"2 Louse","floor":4.0,"turns":2.0},{"damage":0.0,"enemies":"Cultist","floor":5.0,"turns":3.0},{"damage":2.0,"enemies":"Lagavulin","floor":6.0,"turns":6.0},{"damage":0.0,"enemies":"Looter","floor":8.0,"turns":4.0},{"damage":0.0,"enemies":"Large Slime","floor":11.0,"turns":6.0},{"damage":2.0,"enemies":"Gremlin Nob","floor":12.0,"turns":4.0},{"damage":2.0,"enemies":"3 Sentries","floor":14.0,"turns":6.0},{"damage":1.0,"enemies":"Slime Boss","floor":16.0,"turns":9.0},{"damage":5.0,"enemies":"2 Thieves","floor":18.0,"turns":5.0},{"damage":1.0,"enemies":"3 Byrds","floor":20.0,"turns":6.0},{"damage":26.0,"enemies":"Sentry and Sphere","floor":21.0,"turns":8.0},{"damage":15.0,"enemies":"Slavers","floor":24.0,"turns":8.0},{"damage":1.0,"enemies":"Centurion and Healer","floor":25.0,"turns":8.0},{"damage":18.0,"enemies":"Gremlin Leader","floor":27.0,"turns":10.0},{"damage":2.0,"enemies":"Shelled Parasite and Fungi","floor":28.0,"turns":17.0},{"damage":2.0,"enemies":"Cultist and Chosen","floor":29.0,"turns":7.0},{"damage":2.0,"enemies":"Centurion and Healer","floor":30.0,"turns":12.0},{"damage":19.0,"enemies":"Collector","floor":33.0,"turns":16.0},{"damage":1.0,"enemies":"3 Shapes","floor":35.0,"turns":7.0},{"damage":0.0,"enemies":"Mind Bloom Boss Battle","floor":38.0,"turns":9.0},{"damage":23,"enemies":"2 Orb Walkers","floor":39,"turns":4}],"seed_played":"-919545577589698705","potions_obtained":[{"floor":1.0,"key":"SteroidPotion"},{"floor":16.0,"key":"Swift Potion"},{"floor":18.0,"key":"Ancient Potion"},{"floor":20.0,"key":"FearPotion"},{"floor":27.0,"key":"hermit:BlackBile"},{"floor":33.0,"key":"Swift Potion"},{"floor":38.0,"key":"Dexterity Potion"}],"is_trial":false,"path_per_floor":["M","$","?","M","M","E","R","M","T","?","M","E","R","E","R","B",null,"M","$","M","M","?","R","E","M","T","E","M","M","M","?","R","B",null,"M","?","$","?","?"],"character_chosen":"HERMIT","items_purchased":["Toxic Egg 2","Finesse+1","Calipers"],"campfire_rested":0,"item_purchase_floors":[19,19,37],"current_hp_per_floor":[75,75,64,64,64,62,62,62,62,62,62,60,60,58,58,57,75,71,71,75,53,53,53,43,52,52,42,75,75,77,63,63,73,82,82,72,72,82,59,59],"gold":151,"neow_bonus":"TRANSFORM_CARD","is_daily":false,"chose_seed":false,"campfire_upgraded":5,"win_rate":0.0,"timestamp":1611221358,"path_taken":["M","$","?","M","M","E","R","M","T","?","?","E","R","E","R","BOSS","M","$","M","M","?","R","E","M","T","E","M","M","M","?","R","BOSS","M","?","$","?","?"],"items_purchased_type":["Relic","Card","Relic"],"build_version":"2020-12-22","purchased_purges":2,"victory":false,"max_hp_per_floor":[75,75,75,75,75,75,75,75,75,75,75,75,75,75,75,75,75,75,75,75,75,75,75,75,75,75,75,75,75,77,82,82,82,82,82,82,82,82,82,82],"relic_stats":{"Singing Bowl":2,"Torii":0,"counters":[22,160],"Ornamental Fan":[24],"Pantograph":29,"Question Card":16,"obtain_stats":[{"hermit:ClaspedLocket":17,"Calipers":37,"Singing Bowl":26,"Torii":38,"Bottled Tornado":27,"Question Card":24,"WarpedTongs":10,"Mercury Hourglass":12,"Ornamental Fan":14,"Pantograph":22,"Molten Egg 2":9,"Coffee Dripper":34,"Toxic Egg 2":19,"hermit:Horseshoe":6,"hermit:Momento":0},{"hermit:ClaspedLocket":9,"Calipers":20,"Singing Bowl":14,"Torii":21,"Bottled Tornado":15,"Question Card":13,"WarpedTongs":5,"Mercury Hourglass":7,"Ornamental Fan":8,"Pantograph":12,"Molten Egg 2":5,"Coffee Dripper":19,"Toxic Egg 2":10,"hermit:Horseshoe":4,"hermit:Momento":0},{"hermit:ClaspedLocket":43,"Calipers":147,"Singing Bowl":78,"Torii":156,"Bottled Tornado":88,"Question Card":70,"WarpedTongs":18,"Mercury Hourglass":28,"Ornamental Fan":34,"Pantograph":62,"Molten Egg 2":18,"Coffee Dripper":140,"Toxic Egg 2":48,"hermit:Horseshoe":14,"hermit:Momento":0}],"WarpedTongs":[99],"Mercury Hourglass":[555]},"card_choices":[{"not_picked":["hermit:CalledShot","hermit:TrackingShot"],"picked":"hermit:Enervate","floor":1.0},{"not_picked":["hermit:TrackingShot","hermit:Ricochet"],"picked":"hermit:ShadowCloak","floor":4.0},{"not_picked":["hermit:ItchyTrigger","hermit:Glare"],"picked":"hermit:Gestalt","floor":5.0},{"not_picked":["hermit:BodyArmor","hermit:Coalescence"],"picked":"hermit:Dive","floor":6.0},{"not_picked":["hermit:Quickdraw","hermit:FullyLoaded"],"picked":"hermit:Cheat","floor":8.0},{"not_picked":["hermit:Feint","hermit:Headshot+1"],"picked":"hermit:FinalCanter+1","floor":11.0},{"not_picked":["hermit:Misfire+1","hermit:GhostlyPresence"],"picked":"hermit:Determination","floor":12.0},{"not_picked":["hermit:ItchyTrigger+1","hermit:FlashPowder"],"picked":"hermit:Magnum+1","floor":14.0},{"not_picked":["hermit:Magnum+1","hermit:RoundhouseKick+1"],"picked":"hermit:DeadOrAlive+1","floor":16.0},{"not_picked":["hermit:Malice+1","hermit:Midnight"],"picked":"hermit:ShadowCloak+1","floor":18.0},{"not_picked":["hermit:GoldenBullet+1","hermit:Maintenance+1"],"picked":"hermit:Manifest+1","floor":20.0},{"not_picked":["hermit:BodyArmor+1","hermit:Horror+1"],"picked":"hermit:Glare+1","floor":21.0},{"not_picked":["hermit:SprayPray+1","hermit:Showdown+1"],"picked":"hermit:Gambit+1","floor":24.0},{"not_picked":["hermit:Feint+1","hermit:Scavenge+1","hermit:BodyArmor+1"],"picked":"hermit:Dive+1","floor":25.0},{"not_picked":["hermit:ItchyTrigger+1","hermit:Gambit+1","hermit:Enervate+1"],"picked":"hermit:LuckOfTheDraw+1","floor":27.0},{"not_picked":["hermit:Misfire+1","hermit:HighCaliber+1","hermit:PistolWhip+1"],"picked":"hermit:TakeCover+1","floor":28.0},{"not_picked":["hermit:PistolWhip+1","hermit:Gestalt+1","hermit:Scavenge+1"],"picked":"hermit:Maintenance+1","floor":29.0},{"not_picked":["hermit:BigShot","hermit:Snipe+1","hermit:Coalescence+1","hermit:GoldenBullet+1"],"picked":"Singing Bowl","floor":30.0},{"not_picked":["hermit:FinalCanter+1","hermit:Reprieve+1","hermit:BlackWind+1"],"picked":"hermit:Dissolve+1","floor":33.0},{"not_picked":["hermit:GhostlyPresence+1","hermit:ItchyTrigger+1","hermit:Coalescence+1"],"picked":"hermit:Brawl+1","floor":35.0},{"not_picked":["hermit:CalledShot+1","hermit:WideOpen+1","hermit:LowProfile+1"],"picked":"hermit:FromBeyond+1","floor":38.0}],"player_experience":1422792,"relics_obtained":[{"floor":6.0,"key":"hermit:Horseshoe"},{"floor":9.0,"key":"Molten Egg 2"},{"floor":12.0,"key":"Mercury Hourglass"},{"floor":14.0,"key":"Ornamental Fan"},{"floor":24.0,"key":"Question Card"},{"floor":26.0,"key":"Singing Bowl"},{"floor":27.0,"key":"Bottled Tornado"},{"floor":38.0,"key":"Torii"}],"event_choices":[{"damage_healed":0.0,"max_hp_gain":0.0,"max_hp_loss":0.0,"gold_gain":75.0,"event_name":"World of Goop","player_choice":"Gather Gold","floor":3.0,"gold_loss":0.0,"damage_taken":11.0},{"damage_healed":0.0,"max_hp_gain":0.0,"max_hp_loss":0.0,"gold_gain":0.0,"event_name":"Accursed Blacksmith","player_choice":"Rummage","floor":10.0,"gold_loss":0.0,"damage_taken":0.0,"relics_obtained":["WarpedTongs"],"cards_obtained":["Pain"]},{"damage_healed":0.0,"max_hp_gain":0.0,"max_hp_loss":0.0,"gold_gain":0.0,"event_name":"Addict","player_choice":"Obtained Relic","floor":22.0,"gold_loss":85.0,"damage_taken":0.0,"relics_obtained":["Pantograph"]},{"damage_healed":0.0,"max_hp_gain":5.0,"max_hp_loss":0.0,"gold_gain":0.0,"event_name":"Forgotten Altar","player_choice":"Shed Blood","floor":31.0,"gold_loss":0.0,"damage_taken":19.0},{"damage_healed":0.0,"max_hp_gain":0.0,"max_hp_loss":0.0,"gold_gain":0.0,"event_name":"Winding Halls","player_choice":"Embrace Madness","floor":36.0,"gold_loss":0.0,"damage_taken":10.0,"cards_obtained":["Madness","Madness"]},{"damage_healed":0.0,"max_hp_gain":0.0,"max_hp_loss":0.0,"gold_gain":0.0,"event_name":"MindBloom","player_choice":"Fight","floor":38.0,"gold_loss":0.0,"damage_taken":0.0},{"damage_healed":0,"gold_gain":0,"player_choice":"Fight","damage_taken":0,"max_hp_gain":0,"max_hp_loss":0,"event_name":"Mysterious Sphere","floor":39,"gold_loss":0}],"is_beta":false,"boss_relics":[{"not_picked":["Busted Crown","Empty Cage"],"picked":"hermit:ClaspedLocket"},{"not_picked":["Sozu","Velvet Choker"],"picked":"Coffee Dripper"}],"items_purged_floors":[2,37],"is_endless":false,"potions_floor_spawned":[1,16,18,20,27,28,33,38],"killed_by":"2 Orb Walkers","ascension_level":1}}