{"host":"fxrgx7wt2cpkbhka","time":1611208762,"event":{"mods":["AchievementEnabler","BaseMod","Colored Powertips","Minty Spire (QoL Compilation)","Permanent Neow","Quick Restart","Slay-I","StSLib","Waifu the Spire"],"gold_per_floor":[128,148,148,148,176,176,276,297,297,324,44,44,76,76,76,187,187,214,156,176,275,275,275,275],"floor_reached":23,"language":"ENG","playtime":1742,"items_purged":[],"score":284,"play_id":"4871cd4f-5577-4f8d-9082-9437ea06b9d2","local_time":"20210120215922","is_ascension_mode":true,"campfire_choices":[{"data":"Blade Dance","floor":6,"key":"SMITH"},{"floor":12,"key":"REST"},{"data":"Caltrops","floor":15,"key":"SMITH"}],"circlet_count":0,"master_deck":["AscendersBane","Strike_G","Strike_G","Strike_G","Strike_G","Strike_G","Defend_G","Defend_G","Defend_G+1","Defend_G","Defend_G+1","Survivor","Neutralize+1","Leg Sweep+1","Blade Dance+1","Blade Dance+1","Terror","Poisoned Stab","Caltrops+1","Dash","Corpse Explosion","Leg Sweep+1","Caltrops"],"relics":["Ring of the Snake","CeramicFish","War Paint","Bronze Scales","Bottled Tornado","Black Star"],"acts_visited":["Exordium","TheCity"],"potions_floor_usage":[13,16],"damage_taken":[{"damage":4,"enemies":"Jaw Worm","floor":1,"turns":4},{"damage":0,"enemies":"2 Louse","floor":2,"turns":4},{"damage":0,"enemies":"Cultist","floor":5,"turns":4},{"damage":6,"enemies":"Red Slaver","floor":8,"turns":3},{"damage":0,"enemies":"Looter","floor":10,"turns":2},{"damage":2,"enemies":"3 Sentries","floor":13,"turns":6},{"damage":50,"enemies":"Slime Boss","floor":16,"turns":15},{"damage":12,"enemies":"Spheric Guardian","floor":18,"turns":5},{"damage":0,"enemies":"Shell Parasite","floor":20,"turns":6},{"damage":51,"enemies":"Gremlin Leader","floor":23,"turns":5}],"seed_played":"-7993361074408793713","potions_obtained":[{"floor":1,"key":"Strength Potion"},{"floor":8,"key":"Block Potion"},{"floor":10,"key":"Fire Potion"},{"floor":18,"key":"SkillPotion"}],"is_trial":false,"path_per_floor":["M","M","?","?","M","R","?","M","T","M","$","R","E","$","R","B",null,"M","$","M","?","?","E"],"character_chosen":"THE_SILENT","items_purchased":["Bronze Scales","Caltrops","Dash","Caltrops"],"campfire_rested":1,"item_purchase_floors":[11,11,11,19],"current_hp_per_floor":[59,59,45,45,45,45,45,39,39,39,39,60,58,58,58,8,55,43,43,43,43,43,0,0],"gold":275,"neow_bonus":"RANDOM_COMMON_RELIC","is_daily":false,"chose_seed":false,"campfire_upgraded":2,"win_rate":0.0,"timestamp":1611208762,"path_taken":["M","M","?","?","?","R","?","M","T","M","$","R","E","$","R","BOSS","M","?","?","?","?","E"],"items_purchased_type":["Relic","Card","Card","Card"],"build_version":"2020-12-22","purchased_purges":0,"victory":false,"max_hp_per_floor":[70,70,70,70,70,70,70,70,70,70,70,70,70,70,70,70,70,70,70,70,70,70,70,70],"card_choices":[{"not_picked":["Calculated Gamble","Deadly Poison"],"picked":"Leg Sweep","floor":1},{"not_picked":["Predator","Dagger Spray"],"picked":"Blade Dance","floor":2},{"not_picked":["Eviscerate","Expertise"],"picked":"Blade Dance","floor":5},{"not_picked":["Slice","Calculated Gamble"],"picked":"Terror","floor":8},{"not_picked":["Choke","Flying Knee"],"picked":"Poisoned Stab","floor":10},{"not_picked":["Bane","Doppelganger","All Out Attack"],"picked":"SKIP","floor":13},{"not_picked":["Venomology","Storm of Steel"],"picked":"Corpse Explosion","floor":16},{"not_picked":["Well Laid Plans+1","Expertise"],"picked":"Leg Sweep+1","floor":18},{"not_picked":["Crippling Poison+1","Blade Dance","Underhanded Strike"],"picked":"SKIP","floor":20}],"player_experience":722268,"relics_obtained":[{"floor":9,"key":"War Paint"},{"floor":13,"key":"Bottled Tornado"}],"event_choices":[{"damage_healed":0,"gold_gain":0,"player_choice":"Entered Light","damage_taken":14,"max_hp_gain":0,"max_hp_loss":0,"event_name":"Shining Light","floor":3,"gold_loss":0,"cards_upgraded":["Leg Sweep","Blade Dance"]},{"damage_healed":0,"gold_gain":0,"player_choice":"Grow","damage_taken":0,"max_hp_gain":0,"max_hp_loss":0,"event_name":"Living Wall","floor":4,"gold_loss":0,"cards_upgraded":["Neutralize"]},{"damage_healed":0,"gold_gain":100,"player_choice":"Pray","damage_taken":0,"max_hp_gain":0,"max_hp_loss":0,"event_name":"Golden Shrine","floor":7,"gold_loss":0},{"damage_healed":0,"gold_gain":99,"player_choice":"Stole From Cult","damage_taken":0,"max_hp_gain":0,"max_hp_loss":0,"event_name":"Nest","floor":21,"gold_loss":0},{"damage_healed":0,"gold_gain":0,"player_choice":"Ignored","damage_taken":0,"max_hp_gain":0,"max_hp_loss":0,"event_name":"Vampires","floor":22,"gold_loss":0}],"is_beta":false,"boss_relics":[{"not_picked":["Empty Cage","Tiny House"],"picked":"Black Star"}],"items_purged_floors":[],"is_endless":false,"potions_floor_spawned":[1,8,10,16,18],"killed_by":"Gremlin Leader","ascension_level":10}}