{"host":"he07elbwfbprxmdo","time":1611232064,"event":{"mods":["BaseMod","Better Skull","Better Third Choice","Better Vampires","Block Reminder","Clockwork Mod","Colored Map","Downfall","Energized Spire","Fox Events","Halation","Hermit","Highlight Path","Marisa????????","Minty Spire (QoL Compilation)","Relic Stats","StSLib","The Animator","The Servant 0.9.4","Unceasing Turn Reminder"],"gold_per_floor":[115,390,410,421,421,421,454,454,536,563,563,598,81,98,98,202,202,219,219,244,244,254,286,286,311,311,311,341,34,47,80,80,190,190,207,230,230,255,255,262,262],"floor_reached":40,"language":"ENG","playtime":5957,"items_purged":[],"score":504,"play_id":"0f562f8c-915a-4d2f-83ec-a995ea16ccf8","local_time":"20210121142744","is_ascension_mode":true,"campfire_choices":[{"data":"hermit:Vantage","floor":6.0,"key":"SMITH"},{"data":"hermit:Vantage","floor":8.0,"key":"SMITH"},{"floor":15.0,"key":"RECALL"},{"floor":24.0,"key":"REST"},{"data":"hermit:Determination","floor":27.0,"key":"SMITH"},{"floor":32.0,"key":"REST"}],"circlet_count":0,"master_deck":["hermit:Strike_Hermit","hermit:Strike_Hermit","hermit:Strike_Hermit","hermit:Strike_Hermit","hermit:Defend_Hermit","hermit:Defend_Hermit","hermit:Defend_Hermit","hermit:Defend_Hermit","hermit:Snapshot","hermit:Covet","hermit:Vantage+1","Regret","hermit:Vantage+1","hermit:Scavenge+1","hermit:HighCaliber","hermit:Determination+1","Regret","hermit:BigShot","hermit:Snipe","hermit:GhostlyPresence+1","hermit:Dive+1","Decay","hermit:Quickdraw","hermit:Dive+1","hermit:EyeOfTheStorm","hermit:Glare","hermit:HeroicBravado","hermit:Dive+1"],"relics":["hermit:Momento","Lantern","halation:LettersToHer","Mercury Hourglass","Juzu Bracelet","Centennial Puzzle","Question Card","Medical Kit","SlaversCollar","halation:AfternoonTea","Meat on the Bone","Torii","Toxic Egg 2","SacredBark","halation:YellowSoulGem"],"acts_visited":["Exordium","TheCity","TheBeyond"],"potions_floor_usage":[36,36,36],"damage_taken":[{"damage":1.0,"enemies":"Cultist","floor":1.0,"turns":3.0},{"damage":0.0,"enemies":"2 Louse","floor":3.0,"turns":2.0},{"damage":0.0,"enemies":"Jaw Worm","floor":4.0,"turns":3.0},{"damage":17.0,"enemies":"3 Sentries","floor":7.0,"turns":13.0},{"damage":0.0,"enemies":"Gremlin Gang","floor":10.0,"turns":4.0},{"damage":10.0,"enemies":"Lagavulin","floor":12.0,"turns":7.0},{"damage":0.0,"enemies":"2 Fungi Beasts","floor":14.0,"turns":3.0},{"damage":24.0,"enemies":"Hexaghost","floor":16.0,"turns":14.0},{"damage":2.0,"enemies":"2 Thieves","floor":18.0,"turns":4.0},{"damage":0.0,"enemies":"3 Byrds","floor":20.0,"turns":5.0},{"damage":20.0,"enemies":"Snecko","floor":22.0,"turns":9.0},{"damage":17.0,"enemies":"Book of Stabbing","floor":23.0,"turns":8.0},{"damage":15.0,"enemies":"Sentry and Sphere","floor":25.0,"turns":12.0},{"damage":20.0,"enemies":"Slavers","floor":28.0,"turns":6.0},{"damage":9.0,"enemies":"Shelled Parasite and Fungi","floor":30.0,"turns":11.0},{"damage":9.0,"enemies":"Gremlin Leader","floor":31.0,"turns":11.0},{"damage":5.0,"enemies":"Automaton","floor":33.0,"turns":16.0},{"damage":0,"enemies":"3 Shapes","floor":35,"turns":7},{"damage":38,"enemies":"3 Darklings","floor":36,"turns":10},{"damage":21,"enemies":"4 Shapes","floor":38,"turns":9},{"damage":59,"enemies":"Giant Head","floor":40,"turns":11}],"seed_played":"4365657477748216083","potions_obtained":[{"floor":1.0,"key":"Dexterity Potion"},{"floor":7.0,"key":"BlessingOfTheForge"},{"floor":10.0,"key":"hermit:BlackBile"},{"floor":20.0,"key":"Explosive Potion"},{"floor":25.0,"key":"Energy Potion"},{"floor":28.0,"key":"FearPotion"},{"floor":35,"key":"SteroidPotion"}],"is_trial":false,"path_per_floor":["M","?","M","M","?","R","E","R","T","M","?","E","$","M","R","B",null,"M","?","M","?","M","E","R","M","T","R","E","$","M","E","R","B",null,"M","M","?","M","?","E"],"character_chosen":"HERMIT","items_purchased":["hermit:BigShot","hermit:Snipe","Question Card","Medical Kit","Torii"],"campfire_rested":2,"item_purchase_floors":[13,13,13,13,29],"current_hp_per_floor":[74,74,74,74,74,74,57,57,57,57,57,47,47,47,47,23,75,73,73,73,73,53,36,58,58,58,58,38,38,41,44,66,70,75,75,49,49,40,40,0,0],"gold":262,"neow_bonus":"RANDOM_COMMON_RELIC","is_daily":false,"chose_seed":false,"campfire_upgraded":3,"win_rate":0.0,"timestamp":1611232064,"path_taken":["M","?","?","M","?","R","E","R","T","M","?","E","?","M","R","BOSS","M","?","M","?","M","E","R","M","T","R","E","?","M","E","R","BOSS","M","M","?","M","?","E"],"items_purchased_type":["Card","Card","Relic","Relic","Relic"],"build_version":"2020-12-22","purchased_purges":0,"victory":false,"max_hp_per_floor":[75,75,75,75,75,75,75,75,75,75,75,75,75,75,75,75,75,75,75,75,75,75,75,75,75,75,75,75,75,75,75,75,75,75,75,75,75,75,75,75,75],"relic_stats":{"Centennial Puzzle":[36],"Torii":16,"counters":[21,166],"Juzu Bracelet":1,"Question Card":14,"Medical Kit":[26],"obtain_stats":[{"halation:YellowSoulGem":37,"Lantern":0,"Torii":29,"SacredBark":34,"Juzu Bracelet":11,"Question Card":13,"Medical Kit":13,"Mercury Hourglass":9,"SlaversCollar":17,"Centennial Puzzle":12,"halation:AfternoonTea":23,"Toxic Egg 2":31,"halation:LettersToHer":7,"hermit:Momento":0,"Meat on the Bone":28},{"halation:YellowSoulGem":19,"Lantern":0,"Torii":14,"SacredBark":17,"Juzu Bracelet":5,"Question Card":6,"Medical Kit":6,"Mercury Hourglass":4,"SlaversCollar":8,"Centennial Puzzle":6,"halation:AfternoonTea":12,"Toxic Egg 2":16,"halation:LettersToHer":4,"hermit:Momento":0,"Meat on the Bone":14},{"halation:YellowSoulGem":146,"Lantern":0,"Torii":91,"SacredBark":129,"Juzu Bracelet":24,"Question Card":31,"Medical Kit":31,"Mercury Hourglass":21,"SlaversCollar":48,"Centennial Puzzle":31,"halation:AfternoonTea":73,"Toxic Egg 2":113,"halation:LettersToHer":21,"hermit:Momento":0,"Meat on the Bone":91}],"Mercury Hourglass":[583],"Meat on the Bone":48},"card_choices":[{"not_picked":["hermit:Enervate","hermit:Desperado"],"picked":"hermit:Vantage","floor":1.0},{"not_picked":["hermit:Feint","hermit:CalledShot"],"picked":"hermit:Vantage","floor":3.0},{"not_picked":["hermit:Headshot","hermit:ShadowCloak"],"picked":"hermit:Scavenge","floor":4.0},{"not_picked":["hermit:Grudge","hermit:FlashPowder"],"picked":"hermit:HighCaliber","floor":7.0},{"not_picked":["hermit:Horror","hermit:Enervate"],"picked":"hermit:Determination","floor":10.0},{"not_picked":["hermit:FullyLoaded","hermit:Desperado","hermit:LowProfile"],"picked":"SKIP","floor":12.0},{"not_picked":["hermit:ShadowCloak","hermit:CalledShot","hermit:HighCaliber","hermit:EternalForm"],"picked":"SKIP","floor":14.0},{"not_picked":["hermit:Horror+1","hermit:Headshot+1","hermit:Maintenance"],"picked":"hermit:GhostlyPresence+1","floor":18.0},{"not_picked":["hermit:ItchyTrigger","hermit:Gestalt+1","hermit:Glare"],"picked":"hermit:Dive+1","floor":20.0},{"not_picked":["hermit:Coalescence","hermit:WideOpen","hermit:LowProfile"],"picked":"hermit:Quickdraw","floor":22.0},{"not_picked":["hermit:GoldenBullet+1","hermit:Feint","hermit:Glare+1"],"picked":"hermit:Dive+1","floor":23.0},{"not_picked":["hermit:Shortfuse","hermit:Ricochet","hermit:ItchyTrigger"],"picked":"hermit:EyeOfTheStorm","floor":25.0},{"not_picked":["hermit:Spite","hermit:DeadOrAlive","hermit:Desperado"],"picked":"hermit:Glare","floor":28.0},{"not_picked":["hermit:Feint","hermit:LoneWolf","hermit:HoleUp"],"picked":"hermit:HeroicBravado","floor":30.0},{"not_picked":["hermit:PistolWhip+1","hermit:Quickdraw","hermit:Desperado","hermit:Manifest+1"],"picked":"SKIP","floor":31.0},{"not_picked":["hermit:HoleUp+1","hermit:Glare+1","hermit:Feint+1"],"picked":"hermit:Dive+1","floor":35},{"not_picked":["hermit:Desperado+1","hermit:FlashPowder+1","hermit:Roulette+1","hermit:Glare+1"],"picked":"SKIP","floor":36},{"not_picked":["hermit:Reprieve+1","hermit:LowProfile+1","hermit:BodyArmor+1","hermit:Manifest+1"],"picked":"SKIP","floor":38}],"player_experience":156200,"relics_obtained":[{"floor":7.0,"key":"halation:LettersToHer"},{"floor":9.0,"key":"halation:LettersToHer"},{"floor":9.0,"key":"Mercury Hourglass"},{"floor":12.0,"key":"Centennial Puzzle"},{"floor":23.0,"key":"halation:AfternoonTea"},{"floor":26.0,"key":"halation:LettersToHer"},{"floor":28.0,"key":"Meat on the Bone"},{"floor":31.0,"key":"Toxic Egg 2"}],"event_choices":[{"damage_healed":0.0,"max_hp_gain":0.0,"max_hp_loss":0.0,"gold_gain":275.0,"event_name":"Golden Shrine","player_choice":"Desecrate","floor":2.0,"gold_loss":0.0,"damage_taken":0.0,"cards_obtained":["Regret"]},{"damage_healed":0.0,"max_hp_gain":0.0,"max_hp_loss":0.0,"gold_gain":0.0,"event_name":"Living Wall","player_choice":"Grow","floor":5.0,"gold_loss":0.0,"damage_taken":0.0,"cards_upgraded":["hermit:Scavenge"]},{"damage_healed":0.0,"max_hp_gain":0.0,"max_hp_loss":0.0,"gold_gain":0.0,"event_name":"Big Fish","player_choice":"Box","floor":11.0,"gold_loss":0.0,"damage_taken":0.0,"relics_obtained":["Juzu Bracelet"],"cards_obtained":["Regret"]},{"damage_healed":0.0,"max_hp_gain":0.0,"max_hp_loss":0.0,"gold_gain":0.0,"event_name":"Wheel of Change","player_choice":"Cursed","floor":21.0,"gold_loss":0.0,"damage_taken":0.0,"cards_obtained":["Decay"]}],"is_beta":false,"boss_relics":[{"not_picked":["halation:SmartPhone","Ectoplasm"],"picked":"SlaversCollar"},{"not_picked":["Philosopher\u0027s Stone","energizedSpire:HugeHouse"],"picked":"SacredBark"}],"items_purged_floors":[],"is_endless":false,"potions_floor_spawned":[1,7,10,20,22,25,28,35],"killed_by":"Giant Head","ascension_level":1}}