{"host":"s5d39dhq0ddhxhke","time":1611245477,"event":{"mods":["AchievementEnabler","BaseMod","Colored Map","Minty Spire (QoL Compilation)","SuperFastMode"],"gold_per_floor":[99,99,99,99,99,99,99,99,99,99,69,69,69,69,69,69,69,69,69,69,69,69,69,69,69,69,69,69,69,69,69,69,69,69,69,69,69,69,69,69,69,69,69,69,69,69,69,69,69,69],"floor_reached":51,"language":"ENG","playtime":2227,"items_purged":[],"score":1286,"play_id":"a1fac103-91ad-495a-982e-cbc47ff3252e","local_time":"20210121181117","is_ascension_mode":true,"campfire_choices":[{"floor":7,"key":"REST"},{"floor":12,"key":"REST"},{"data":"Inflame","floor":15,"key":"SMITH"},{"data":"Demon Form","floor":23,"key":"SMITH"},{"data":"Spot Weakness","floor":25,"key":"SMITH"},{"data":"Bash","floor":27,"key":"SMITH"},{"data":"Defend_R","floor":29,"key":"SMITH"},{"data":"Impervious","floor":32,"key":"SMITH"},{"data":"Defend_R","floor":44,"key":"SMITH"},{"floor":49,"key":"REST"}],"circlet_count":0,"master_deck":["AscendersBane","Defend_R+1","Defend_R+1","Bash+1","Spot Weakness+1","Inflame+1","Uppercut+1","Bludgeon+1","Dropkick+1","Pummel+1","Demon Form+1","Bite+1","Bite+1","Bite+1","Bite+1","Bite+1","Flame Barrier+1","Impervious+1","Reaper+1"],"relics":["Ectoplasm","Molten Egg 2","Thread and Needle","Omamori","Snecko Eye","Frozen Egg 2","Champion Belt","Question Card","Happy Flower","Nunchaku","Busted Crown","StoneCalendar","Oddly Smooth Stone","Bronze Scales"],"acts_visited":["Exordium","TheCity","TheBeyond"],"potions_floor_usage":[6,16,50],"damage_taken":[{"damage":0,"enemies":"Small Slimes","floor":1,"turns":3},{"damage":13,"enemies":"Jaw Worm","floor":2,"turns":4},{"damage":1,"enemies":"2 Louse","floor":3,"turns":3},{"damage":33,"enemies":"Exordium Thugs","floor":4,"turns":6},{"damage":11,"enemies":"Lots of Slimes","floor":5,"turns":4},{"damage":8,"enemies":"3 Sentries","floor":6,"turns":9},{"damage":5,"enemies":"2 Fungi Beasts","floor":8,"turns":3},{"damage":8,"enemies":"Gremlin Nob","floor":10,"turns":3},{"damage":0,"enemies":"Looter","floor":11,"turns":3},{"damage":1,"enemies":"Gremlin Gang","floor":14,"turns":3},{"damage":22,"enemies":"Hexaghost","floor":16,"turns":6},{"damage":3,"enemies":"Chosen","floor":18,"turns":2},{"damage":31,"enemies":"Book of Stabbing","floor":24,"turns":4},{"damage":7,"enemies":"Spheric Guardian","floor":30,"turns":3},{"damage":23,"enemies":"Slavers","floor":31,"turns":4},{"damage":0,"enemies":"Champ","floor":33,"turns":5},{"damage":5,"enemies":"Orb Walker","floor":35,"turns":3},{"damage":43,"enemies":"3 Shapes","floor":37,"turns":3},{"damage":0,"enemies":"3 Darklings","floor":38,"turns":3},{"damage":15,"enemies":"Jaw Worm Horde","floor":39,"turns":3},{"damage":5,"enemies":"Giant Head","floor":40,"turns":4},{"damage":0,"enemies":"Spire Growth","floor":46,"turns":3},{"damage":27,"enemies":"Nemesis","floor":47,"turns":5},{"damage":7,"enemies":"Sphere and 2 Shapes","floor":48,"turns":4},{"damage":33,"enemies":"Time Eater","floor":50,"turns":6}],"seed_played":"-8102509055959111219","potions_obtained":[{"floor":1,"key":"PowerPotion"},{"floor":3,"key":"ElixirPotion"},{"floor":4,"key":"HeartOfIron"},{"floor":11,"key":"SkillPotion"},{"floor":16,"key":"DuplicationPotion"},{"floor":35,"key":"Dexterity Potion"},{"floor":48,"key":"BloodPotion"}],"is_trial":false,"path_per_floor":["M","M","M","M","M","E","R","M","T","E","M","R","$","M","R","B",null,"M","?","?","?","$","R","E","R","T","R","?","R","M","E","R","B",null,"M","?","M","M","M","E","?","?","T","R","$","M","E","M","R","B",null],"character_chosen":"IRONCLAD","items_purchased":[],"campfire_rested":3,"item_purchase_floors":[],"current_hp_per_floor":[72,59,58,25,14,6,30,25,25,17,17,41,41,40,40,18,65,62,62,62,56,56,56,40,40,40,40,40,40,42,37,37,52,55,56,56,40,55,49,56,56,56,56,56,56,56,37,49,56,56],"gold":69,"neow_bonus":"BOSS_RELIC","is_daily":false,"chose_seed":false,"campfire_upgraded":7,"win_rate":0.0,"timestamp":1611245477,"path_taken":["M","M","M","M","M","E","R","M","T","E","M","R","$","M","R","BOSS","M","?","?","?","$","R","E","R","T","R","?","R","M","E","R","BOSS","M","?","M","M","?","E","?","?","T","R","$","M","E","?","R","BOSS"],"items_purchased_type":[],"build_version":"2020-12-22","purchased_purges":0,"victory":true,"max_hp_per_floor":[80,80,80,80,80,80,80,80,80,80,80,80,80,80,80,80,80,80,80,80,56,56,56,56,56,56,56,56,56,56,56,56,56,56,56,56,56,56,56,56,56,56,56,56,56,56,56,56,56,56],"card_choices":[{"not_picked":["Bloodletting","Iron Wave","Armaments"],"picked":"SKIP","floor":1},{"not_picked":["Twin Strike","Headbutt"],"picked":"Spot Weakness","floor":2},{"not_picked":["Spot Weakness","Blood for Blood"],"picked":"Inflame","floor":3},{"not_picked":["Pommel Strike","Clash","Perfected Strike"],"picked":"SKIP","floor":4},{"not_picked":["Iron Wave","Burning Pact","Second Wind"],"picked":"SKIP","floor":5},{"not_picked":["Pummel+1","Shrug It Off"],"picked":"Uppercut+1","floor":6},{"not_picked":["Rampage+1","Wild Strike+1"],"picked":"Bludgeon+1","floor":8},{"not_picked":["Perfected Strike+1","Pommel Strike+1"],"picked":"Dropkick+1","floor":10},{"not_picked":["Havoc","Thunderclap+1"],"picked":"Pummel+1","floor":11},{"not_picked":["Cleave+1","Evolve","Headbutt+1"],"picked":"SKIP","floor":14},{"not_picked":["Impervious","Bludgeon+1"],"picked":"Demon Form","floor":16},{"not_picked":["Anger+1","Battle Trance","Clash+1"],"picked":"SKIP","floor":18},{"not_picked":["Searing Blow+1","Fire Breathing+1"],"picked":"Flame Barrier+1","floor":24},{"not_picked":["Shrug It Off","Power Through","Seeing Red","Havoc"],"picked":"SKIP","floor":30},{"not_picked":["Whirlwind+1","Perfected Strike+1","Hemokinesis+1"],"picked":"Impervious","floor":31},{"not_picked":["Offering","Fiend Fire+1","Juggernaut+1"],"picked":"Reaper+1","floor":33},{"not_picked":["Havoc","Pommel Strike+1"],"picked":"SKIP","floor":35},{"not_picked":["Flex+1","Entrench"],"picked":"SKIP","floor":37},{"not_picked":["Fire Breathing+1","True Grit+1"],"picked":"SKIP","floor":38},{"not_picked":["True Grit+1","Burning Pact"],"picked":"SKIP","floor":39},{"not_picked":["Feed+1","Seeing Red+1"],"picked":"SKIP","floor":40},{"not_picked":["True Grit","Perfected Strike+1"],"picked":"SKIP","floor":46},{"not_picked":["Perfected Strike+1","Body Slam+1"],"picked":"SKIP","floor":47},{"not_picked":["Whirlwind+1","Cleave+1"],"picked":"SKIP","floor":48}],"player_experience":451089,"relics_obtained":[{"floor":6,"key":"Molten Egg 2"},{"floor":9,"key":"Thread and Needle"},{"floor":10,"key":"Omamori"},{"floor":24,"key":"Champion Belt"},{"floor":26,"key":"Question Card"},{"floor":31,"key":"Nunchaku"},{"floor":40,"key":"StoneCalendar"},{"floor":43,"key":"Oddly Smooth Stone"},{"floor":47,"key":"Bronze Scales"}],"event_choices":[{"damage_healed":0,"gold_gain":0,"player_choice":"Stole Relic","damage_taken":0,"relics_obtained":["Frozen Egg 2"],"max_hp_gain":0,"max_hp_loss":0,"event_name":"Addict","floor":19,"gold_loss":0,"cards_obtained":["Shame"]},{"damage_healed":0,"gold_gain":0,"player_choice":"Ignored","damage_taken":0,"max_hp_gain":0,"max_hp_loss":0,"event_name":"Ghosts","floor":20,"gold_loss":0},{"damage_healed":0,"gold_gain":0,"player_choice":"Became a vampire","damage_taken":0,"max_hp_gain":0,"max_hp_loss":24,"event_name":"Vampires","floor":21,"gold_loss":0,"cards_obtained":["Bite","Bite","Bite","Bite","Bite"]},{"damage_healed":0,"gold_gain":0,"player_choice":"Opened","damage_taken":0,"relics_obtained":["Happy Flower"],"max_hp_gain":0,"max_hp_loss":0,"event_name":"The Mausoleum","floor":28,"gold_loss":0},{"cards_removed":["Defend_R"],"damage_healed":0,"gold_gain":0,"player_choice":"Offered Basic","damage_taken":0,"max_hp_gain":0,"max_hp_loss":0,"event_name":"Bonfire Elementals","floor":36,"gold_loss":0},{"damage_healed":0,"gold_gain":0,"player_choice":"Memory 1","damage_taken":0,"max_hp_gain":0,"max_hp_loss":0,"event_name":"SensoryStone","floor":41,"gold_loss":0},{"cards_removed":["Defend_R"],"damage_healed":0,"gold_gain":0,"player_choice":"Purged","damage_taken":0,"max_hp_gain":0,"max_hp_loss":0,"event_name":"Purifier","floor":42,"gold_loss":0}],"is_beta":false,"boss_relics":[{"not_picked":["Empty Cage","Pandora\u0027s Box"],"picked":"Snecko Eye"},{"not_picked":["Mark of Pain","SacredBark"],"picked":"Busted Crown"}],"items_purged_floors":[],"is_endless":false,"potions_floor_spawned":[1,3,4,11,16,24,30,35,39,40,48],"ascension_level":12}}