{"host":"l84l8xigz5v5foa2","time":1611237087,"event":{"mods":["2.2 Compatiblity","AchievementEnabler","BaseMod","Better Note","Better Vampires","Card Filter","Colored Map","DeckTracker","Gremlin Skip","Hermit","Highlight Path","Keyboard Shortcuts","Minty Spire (QoL Compilation)","Permanent Neow","Quick Restart","Relic Filter","Relic Stats","Shop Mod","StSLib","SuperFastMode","Transform Curses","Unknown Chances"],"gold_per_floor":[151,168,168,168,1,1,35,35,35,65,132,171,171,248,248,375,375,375,375],"floor_reached":18,"language":"KOR","playtime":719,"items_purged":[],"score":174,"play_id":"ff9ef326-9745-4f6b-aefa-414a48f359ff","local_time":"20210121225127","is_ascension_mode":true,"campfire_choices":[{"data":"hermit:Covet","floor":6.0,"key":"SMITH"},{"floor":8.0,"key":"REST"},{"data":"hermit:GhostlyPresence","floor":13.0,"key":"SMITH"},{"data":"hermit:CalledShot","floor":15.0,"key":"SMITH"}],"circlet_count":0,"master_deck":["hermit:Strike_Hermit","hermit:Strike_Hermit","hermit:Strike_Hermit","hermit:Strike_Hermit","hermit:Defend_Hermit","hermit:Defend_Hermit","hermit:Defend_Hermit","hermit:Defend_Hermit","hermit:Snapshot","hermit:Covet+1","Shame","HandOfGreed+1","hermit:GhostlyPresence+1","hermit:LowProfile","hermit:Deadeye","hermit:Spite","hermit:GhostlyPresence","hermit:CalledShot+1","hermit:Reprieve"],"relics":["hermit:Momento","Juzu Bracelet","Membership Card","Centennial Puzzle","Shuriken","Gremlin Horn","Odd Mushroom","SacredBark"],"acts_visited":["Exordium","TheCity"],"potions_floor_usage":[18],"damage_taken":[{"damage":1.0,"enemies":"2 Louse","floor":1.0,"turns":4.0},{"damage":10.0,"enemies":"Cultist","floor":2.0,"turns":4.0},{"damage":24.0,"enemies":"Lagavulin","floor":7.0,"turns":10.0},{"damage":0.0,"enemies":"Small Slimes","floor":11.0,"turns":5.0},{"damage":3.0,"enemies":"Looter","floor":12.0,"turns":4.0},{"damage":0.0,"enemies":"The Mushroom Lair","floor":14.0,"turns":5.0},{"damage":12.0,"enemies":"Hexaghost","floor":16.0,"turns":11.0},{"damage":4,"enemies":"Shell Parasite","floor":18,"turns":6}],"seed_played":"-8176532467100208746","potions_obtained":[{"floor":1.0,"key":"hermit:Tonic"},{"floor":14.0,"key":"PowerPotion"},{"floor":16.0,"key":"hermit:BlackBile"}],"is_trial":false,"path_per_floor":["M","M","?","?","$","R","E","R","T","?","M","M","R","?","R","B",null,"M"],"character_chosen":"HERMIT","items_purchased":["Membership Card","hermit:LowProfile"],"campfire_rested":1,"item_purchase_floors":[5,5],"current_hp_per_floor":[74,64,31,31,31,31,7,29,29,29,29,26,26,26,26,14,75,71,71],"gold":375,"neow_bonus":"RANDOM_COLORLESS_2","is_daily":false,"chose_seed":false,"campfire_upgraded":3,"win_rate":0.0,"timestamp":1611237087,"path_taken":["M","M","?","?","$","R","E","R","T","?","M","M","R","?","R","BOSS","M"],"items_purchased_type":["Relic","Card"],"build_version":"2020-12-22","purchased_purges":0,"victory":false,"max_hp_per_floor":[75,75,75,75,75,75,75,75,75,75,75,75,75,75,75,75,75,75,75],"relic_stats":{"Centennial Puzzle":[9],"Gremlin Horn":[3,3],"counters":[8,49],"Shuriken":[4],"Juzu Bracelet":1,"obtain_stats":[{"Centennial Puzzle":7,"Gremlin Horn":10,"Shuriken":9,"SacredBark":17,"Juzu Bracelet":3,"Membership Card":5,"Odd Mushroom":14,"hermit:Momento":0},{"Centennial Puzzle":3,"Gremlin Horn":3,"Shuriken":3,"SacredBark":7,"Juzu Bracelet":2,"Membership Card":2,"Odd Mushroom":6,"hermit:Momento":0},{"Centennial Puzzle":18,"Gremlin Horn":18,"Shuriken":18,"SacredBark":43,"Juzu Bracelet":8,"Membership Card":8,"Odd Mushroom":32,"hermit:Momento":0}]},"card_choices":[{"not_picked":["Secret Weapon","Master of Strategy"],"picked":"HandOfGreed","floor":0.0},{"not_picked":["hermit:Quickdraw","hermit:HoleUp","hermit:ItchyTrigger"],"picked":"SKIP","floor":1.0},{"not_picked":["hermit:HighCaliber","hermit:FinalCanter"],"picked":"hermit:GhostlyPresence","floor":2.0},{"not_picked":["hermit:Coalescence","hermit:Manifest"],"picked":"hermit:Deadeye","floor":7.0},{"not_picked":["hermit:Glare","hermit:Feint"],"picked":"hermit:Spite","floor":11.0},{"not_picked":["hermit:Gestalt","hermit:BodyArmor"],"picked":"hermit:GhostlyPresence","floor":12.0},{"not_picked":["hermit:Coalescence","hermit:Headshot"],"picked":"hermit:CalledShot","floor":14.0},{"not_picked":["hermit:FatalDesire","hermit:Magnum"],"picked":"hermit:Reprieve","floor":16.0}],"player_experience":1435266,"relics_obtained":[{"floor":7.0,"key":"Centennial Puzzle"},{"floor":9.0,"key":"Shuriken"},{"floor":14.0,"key":"Odd Mushroom"}],"event_choices":[{"damage_healed":0.0,"max_hp_gain":0.0,"max_hp_loss":0.0,"gold_gain":0.0,"event_name":"Scrap Ooze","player_choice":"Success","floor":3.0,"gold_loss":0.0,"damage_taken":33.0,"relics_obtained":["Juzu Bracelet"]},{"damage_healed":0.0,"max_hp_gain":0.0,"max_hp_loss":0.0,"gold_gain":0.0,"event_name":"Upgrade Shrine","player_choice":"Upgraded","floor":4.0,"gold_loss":0.0,"damage_taken":0.0,"cards_upgraded":["HandOfGreed"]},{"damage_healed":0.0,"max_hp_gain":0.0,"max_hp_loss":0.0,"gold_gain":30.0,"event_name":"Dead Adventurer","player_choice":"Searched \u00273\u0027 times","floor":10.0,"gold_loss":0.0,"damage_taken":0.0,"relics_obtained":["Gremlin Horn"]},{"damage_healed":0.0,"max_hp_gain":0.0,"max_hp_loss":0.0,"gold_gain":0.0,"event_name":"Mushrooms","player_choice":"Fought Mushrooms","floor":14.0,"gold_loss":0.0,"damage_taken":0.0}],"is_beta":false,"boss_relics":[{"not_picked":["Runic Pyramid","hermit:ClaspedLocket"],"picked":"SacredBark"}],"items_purged_floors":[],"is_endless":false,"potions_floor_spawned":[1,14,16],"killed_by":"Shell Parasite","ascension_level":2}}