{"host":"4ih4fq53sefgqhvb","time":1611197549,"event":{"mods":["AchievementEnabler","Aspiration","Bard","BaseMod","BetterRewards","Colored Map","Colored Powertips","Conspire","Downfall","Googly Eyes","Hermit","Highlight Path","Hubris","Infinite Spire","Jedi Mod","Jorbs\u0027s Wanderer Trilogy","Marisa????????","Mimic Mod","Minty Spire (QoL Compilation)","Quick Restart","Relic Stats","Shop Mod","StSLib","The Animator","The Cursed","The Disciple","The Jungle","The Runesmith","The Servant 0.9.4"],"gold_per_floor":[111,122,122,135,151,182,182,215,290,290,304,304,333,408,408,510,510,530,530,540,98,98,98,115,126,171,205,219,219,235,235,235],"floor_reached":31,"language":"ENG","playtime":2779,"items_purged":["downfall:Icky"],"score":307,"play_id":"05b03204-a68d-45e6-8397-cabb10c011a6","local_time":"20210120185229","is_ascension_mode":false,"campfire_choices":[{"floor":7,"key":"REST"},{"floor":15,"key":"REST"},{"floor":23,"key":"RECALL"}],"circlet_count":0,"master_deck":["Strike_MRS","Strike_MRS","Strike_MRS","Defend_MRS","Defend_MRS","Defend_MRS","Defend_MRS","MasterSpark","UpSweep","IllusionStar","PowerUp","LuminesStrike","StarBarrage","GalacticHalo","SuperPerseids","EnergyFlow","MagicAbsorber","ChargeUpSpray","CasketOfStar","PowerUp","Acceleration","DC","MachineGunSpark","MilkyWay","Singularity","infinitespire:Punishment","EnergyFlow","ShootingEcho","MeteoricShower+1","MysteriousBeam","AsteroidBelt"],"relics":["BewitchedHakkero","Thread and Needle","Toy Ornithopter","Nilry\u0027s Codex","jedi:fakemustache","Strawberry","Mummified Hand","Centennial Puzzle"],"acts_visited":["Exordium","TheCity"],"potions_floor_usage":[16,20,27,28,30,31],"damage_taken":[{"damage":7,"enemies":"2 Louse","floor":1,"turns":3},{"damage":6,"enemies":"Cultist","floor":2,"turns":3},{"damage":0,"enemies":"conspire:RoseBush","floor":4,"turns":3},{"damage":20,"enemies":"2 Fungi Beasts","floor":5,"turns":4},{"damage":11,"enemies":"3 Sentries","floor":6,"turns":8},{"damage":26,"enemies":"Gremlin Nob","floor":8,"turns":5},{"damage":12,"enemies":"conspire:2 RoseBushes","floor":11,"turns":4},{"damage":0,"enemies":"3 Sentries","floor":13,"turns":10},{"damage":37,"enemies":"The Guardian","floor":16,"turns":10},{"damage":24,"enemies":"conspire:FuzzyDice","floor":18,"turns":7},{"damage":5,"enemies":"Shell Parasite","floor":20,"turns":4},{"damage":23,"enemies":"Snake Plant","floor":24,"turns":3},{"damage":10,"enemies":"Sentry and Sphere","floor":25,"turns":4},{"damage":14,"enemies":"3 Cultists","floor":27,"turns":7},{"damage":2,"enemies":"3 Cultists","floor":28,"turns":3},{"damage":11,"enemies":"Snecko","floor":30,"turns":3},{"damage":11,"enemies":"conspire:HollyBat","floor":31,"turns":10}],"seed_played":"8451054581695941016","potions_obtained":[{"floor":2,"key":"bronze:BurnAndBuffPotion"},{"floor":5,"key":"CultistPotion"},{"floor":6,"key":"FearPotion"},{"floor":11,"key":"PowerPotion"},{"floor":13,"key":"DuplicationPotion"},{"floor":18,"key":"Dexterity Potion"},{"floor":25,"key":"Explosive Potion"},{"floor":30,"key":"jedi:mysterypotion"}],"is_trial":false,"path_per_floor":["M","M","?","M","M","E","R","E","T","?","M","?","E","?","R","B",null,"M","?","M","$","?","R","M","M","T","MIM","M","?","M","M"],"character_chosen":"MARISA","items_purchased":["DC","MachineGunSpark","MilkyWay","jedi:fakemustache","Singularity"],"campfire_rested":2,"item_purchase_floors":[21,21,21,21,21],"current_hp_per_floor":[82,76,76,76,56,45,71,45,45,45,33,33,33,22,48,16,89,65,49,49,64,42,42,19,9,16,7,10,10,4,0,0],"gold":235,"neow_bonus":"TWENTY_PERCENT_HP_BONUS","is_daily":false,"chose_seed":false,"campfire_upgraded":0,"win_rate":0.0,"timestamp":1611197549,"path_taken":["M","M","?","M","?","E","R","E","T","?","?","?","E","?","R","BOSS","M","?","M","$","?","R","M","M","T","?","?","?","M","M"],"items_purchased_type":["Card","Card","Card","Relic","Card"],"build_version":"2020-12-22","purchased_purges":1,"victory":false,"max_hp_per_floor":[89,89,89,89,89,89,89,89,89,89,89,89,89,89,89,89,89,89,89,89,89,89,89,89,89,96,96,96,96,96,96,96],"relic_stats":{"Centennial Puzzle":[6],"counters":[17,91],"Mummified Hand":[7],"obtain_stats":[{"AmplifyWand":6,"jedi:fakemustache":21,"Centennial Puzzle":29,"Nilry\u0027s Codex":19,"Shuriken":25,"Mummified Hand":27,"Strawberry":26,"Thread and Needle":6,"MiniHakkero":0,"BewitchedHakkero":17,"Toy Ornithopter":13},{"AmplifyWand":5,"jedi:fakemustache":11,"Centennial Puzzle":15,"Nilry\u0027s Codex":10,"Shuriken":13,"Mummified Hand":14,"Strawberry":13,"Thread and Needle":5,"MiniHakkero":0,"BewitchedHakkero":9,"Toy Ornithopter":8},{"AmplifyWand":14,"jedi:fakemustache":61,"Centennial Puzzle":78,"Nilry\u0027s Codex":57,"Shuriken":66,"Mummified Hand":75,"Strawberry":68,"Thread and Needle":21,"MiniHakkero":0,"BewitchedHakkero":50,"Toy Ornithopter":40}],"Toy Ornithopter":25},"card_choices":[{"not_picked":["LuminesStrike","NonDirectionalLaser"],"picked":"IllusionStar","floor":1},{"not_picked":["MeteoricShower","UnstableBomb"],"picked":"PowerUp","floor":2},{"not_picked":["SporeBomb","GalacticHalo"],"picked":"StarBarrage","floor":4},{"not_picked":["OneTimeOff","StarBarrage"],"picked":"GalacticHalo","floor":5},{"not_picked":["LuminesStrike","Acceleration"],"picked":"SuperPerseids","floor":6},{"not_picked":["OneTimeOff","SatelliteIllusion"],"picked":"EnergyFlow","floor":8},{"not_picked":["AlicesGift","Acceleration"],"picked":"MagicAbsorber","floor":11},{"not_picked":["Robbery","GravityBeat"],"picked":"ChargeUpSpray","floor":13},{"not_picked":["UltimateShortwave","StarDustReverie"],"picked":"CasketOfStar","floor":16},{"not_picked":["LuminesStrike","NonDirectionalLaser"],"picked":"PowerUp","floor":18},{"not_picked":["GalacticHalo+1","GravityBeat"],"picked":"Acceleration","floor":20},{"not_picked":["infinitespire:NeuralNetwork","infinitespire:SevenWalls"],"picked":"infinitespire:Punishment","floor":22},{"not_picked":["IllusionStar","MysteriousBeam"],"picked":"EnergyFlow","floor":24},{"not_picked":["AlicesGift","NonDirectionalLaser"],"picked":"ShootingEcho","floor":25},{"not_picked":["StarlightTyphoon","MagicChant+1"],"picked":"MeteoricShower+1","floor":27},{"not_picked":["DragonMeteor+1","LuminesStrike"],"picked":"MysteriousBeam","floor":28},{"not_picked":["LuminesStrike","PulseMagic"],"picked":"AsteroidBelt","floor":30}],"player_experience":937891,"relics_obtained":[{"floor":6,"key":"Thread and Needle"},{"floor":13,"key":"Toy Ornithopter"},{"floor":19,"key":"Nilry\u0027s Codex"},{"floor":26,"key":"Strawberry"},{"floor":27,"key":"Mummified Hand"},{"floor":29,"key":"Centennial Puzzle"}],"event_choices":[{"damage_healed":0,"gold_gain":0,"cards_transformed":["Strike_MRS"],"player_choice":"Transformed","damage_taken":0,"max_hp_gain":0,"max_hp_loss":0,"event_name":"Transmorgrifier","floor":3,"gold_loss":0,"cards_obtained":["LuminesStrike"]},{"damage_healed":0,"gold_gain":0,"player_choice":"Ignored","damage_taken":0,"max_hp_gain":0,"max_hp_loss":0,"event_name":"NoteForYourself","floor":10,"gold_loss":0},{"damage_healed":0,"gold_gain":0,"player_choice":"Disagree","damage_taken":0,"max_hp_gain":0,"max_hp_loss":0,"event_name":"conspire:LoneGhost","floor":12,"gold_loss":0},{"damage_healed":0,"gold_gain":75,"player_choice":"Gather Gold","damage_taken":11,"max_hp_gain":0,"max_hp_loss":0,"event_name":"World of Goop","floor":14,"gold_loss":0},{"damage_healed":0,"gold_gain":0,"player_choice":"Obtained Book","damage_taken":16,"max_hp_gain":0,"max_hp_loss":0,"event_name":"Cursed Tome","floor":19,"gold_loss":0}],"is_beta":false,"boss_relics":[{"not_picked":["Runic Dome","aspiration:RitualDagger"],"picked":"BewitchedHakkero"}],"items_purged_floors":[21],"is_endless":false,"potions_floor_spawned":[2,5,6,11,13,18,25,30],"killed_by":"conspire:HollyBat","ascension_level":0}}