{"host":"x3xr1fzypq6qqz5s","time":1611251126,"event":{"mods":["BaseMod","Better Vampires","Colored Powertips","DeckTracker","Highlight Path","Minty Spire (QoL Compilation)","Quick Restart","Rare Cards Sparkle","Relic Stats"],"gold_per_floor":[115,125,145,145,145,145,156,156,156,172,207,51,51,126,126,227,227,239,252,232,26,43,43,73,73,73,90,101,101,101],"floor_reached":29,"language":"ZHS","playtime":2526,"items_purged":["Defend_B"],"score":245,"play_id":"34aac752-8fbe-4a83-b62c-1eab55c853ac","local_time":"20210122014526","is_ascension_mode":false,"campfire_choices":[{"data":"Turbo","floor":6,"key":"SMITH"},{"data":"Loop","floor":8,"key":"SMITH"},{"floor":15,"key":"REST"},{"data":"Apotheosis","floor":23,"key":"SMITH"},{"floor":25,"key":"REST"}],"circlet_count":0,"master_deck":["Strike_B","Strike_B","Strike_B","Defend_B","Defend_B+1","Defend_B","Zap","Dualcast","BootSequence","Stack+1","Turbo+1","Loop+1","Chaos","White Noise","Static Discharge","Amplify","Tempest","Apotheosis+1","Steam","Hologram+1","Defragment+1"],"relics":["Cracked Core","Bottled Lightning","MealTicket","Bird Faced Urn","Thread and Needle"],"acts_visited":["Exordium","TheCity"],"potions_floor_usage":[7,11,16,24,24,27],"damage_taken":[{"damage":0,"enemies":"Small Slimes","floor":1,"turns":4},{"damage":0,"enemies":"Cultist","floor":2,"turns":4},{"damage":4,"enemies":"Jaw Worm","floor":3,"turns":4},{"damage":21,"enemies":"Exordium Thugs","floor":7,"turns":6},{"damage":2,"enemies":"2 Fungi Beasts","floor":10,"turns":4},{"damage":21,"enemies":"Gremlin Nob","floor":11,"turns":4},{"damage":20,"enemies":"Hexaghost","floor":16,"turns":9},{"damage":14,"enemies":"Shell Parasite","floor":18,"turns":6},{"damage":21,"enemies":"Spheric Guardian","floor":19,"turns":7},{"damage":14,"enemies":"Snake Plant","floor":22,"turns":3},{"damage":40,"enemies":"Slavers","floor":24,"turns":4},{"damage":17,"enemies":"Centurion and Healer","floor":27,"turns":5},{"damage":24,"enemies":"Chosen and Byrds","floor":28,"turns":5},{"damage":29,"enemies":"Cultist and Chosen","floor":29,"turns":4}],"seed_played":"-3257977389169564107","potions_obtained":[{"floor":1,"key":"PowerPotion"},{"floor":2,"key":"Weak Potion"},{"floor":10,"key":"PowerPotion"},{"floor":11,"key":"DistilledChaos"},{"floor":19,"key":"Explosive Potion"},{"floor":20,"key":"Explosive Potion"},{"floor":28,"key":"Weak Potion"}],"is_trial":false,"path_per_floor":["M","M","M","?","?","R","M","R","T","M","E","$","?","?","R","B",null,"M","M","?","$","M","R","E","R","T","M","M","M"],"character_chosen":"DEFECT","items_purchased":["Static Discharge","Apotheosis","Steam"],"campfire_rested":2,"item_purchase_floors":[12,21,21],"current_hp_per_floor":[75,75,71,76,76,76,55,55,55,53,32,47,31,20,44,24,80,66,45,45,60,46,46,6,30,30,21,3,0,0],"gold":101,"neow_bonus":"REMOVE_CARD","is_daily":false,"chose_seed":false,"campfire_upgraded":3,"win_rate":0.0,"timestamp":1611251126,"path_taken":["M","M","M","?","?","R","M","R","T","?","E","$","?","?","R","BOSS","M","M","?","?","M","R","E","R","T","M","M","M"],"items_purchased_type":["Card","Card","Card"],"build_version":"2020-12-22","purchased_purges":1,"victory":false,"max_hp_per_floor":[75,75,75,80,80,80,80,80,80,80,80,80,80,80,80,80,80,80,80,80,80,80,80,80,80,80,80,80,80,80],"relic_stats":{"counters":[14,69],"Bird Faced Urn":[20],"MealTicket":30,"obtain_stats":[{"Bird Faced Urn":24,"MealTicket":11,"Thread and Needle":26,"Bottled Lightning":9,"Cracked Core":0},{"Bird Faced Urn":11,"MealTicket":6,"Thread and Needle":11,"Bottled Lightning":4,"Cracked Core":0},{"Bird Faced Urn":55,"MealTicket":26,"Thread and Needle":55,"Bottled Lightning":18,"Cracked Core":0}]},"card_choices":[{"not_picked":["Melter","Leap"],"picked":"BootSequence","floor":1},{"not_picked":["Lockon","Go for the Eyes"],"picked":"Stack","floor":2},{"not_picked":["Compile Driver","Sweeping Beam"],"picked":"Turbo","floor":3},{"not_picked":["Chill","Doom and Gloom"],"picked":"Loop","floor":7},{"not_picked":["Streamline","Cold Snap"],"picked":"Chaos","floor":10},{"not_picked":["Meteor Strike","Rebound"],"picked":"White Noise","floor":11},{"not_picked":["Biased Cognition","Reboot"],"picked":"Amplify","floor":16},{"not_picked":["Beam Cell","Gash+1"],"picked":"Tempest","floor":18},{"not_picked":["Turbo","Streamline","Sweeping Beam+1"],"picked":"SKIP","floor":19},{"not_picked":["Tempest+1","Chill"],"picked":"Hologram+1","floor":22},{"not_picked":["Blizzard","Sweeping Beam","Steam"],"picked":"SKIP","floor":24},{"not_picked":["Compile Driver+1","Cold Snap+1","Gash"],"picked":"SKIP","floor":27},{"not_picked":["Rainbow","Redo+1"],"picked":"Defragment+1","floor":28}],"player_experience":599245,"relics_obtained":[{"floor":9,"key":"Bottled Lightning"},{"floor":11,"key":"MealTicket"},{"floor":24,"key":"Bird Faced Urn"},{"floor":26,"key":"Thread and Needle"}],"event_choices":[{"damage_healed":0,"gold_gain":0,"player_choice":"Donut","damage_taken":0,"max_hp_gain":5,"max_hp_loss":0,"event_name":"Big Fish","floor":4,"gold_loss":0},{"damage_healed":0,"gold_gain":0,"player_choice":"Ignored","damage_taken":0,"max_hp_gain":0,"max_hp_loss":0,"event_name":"NoteForYourself","floor":5,"gold_loss":0},{"damage_healed":0,"gold_gain":0,"player_choice":"Entered Light","damage_taken":16,"max_hp_gain":0,"max_hp_loss":0,"event_name":"Shining Light","floor":13,"gold_loss":0,"cards_upgraded":["Stack","Defend_B"]},{"damage_healed":0,"gold_gain":75,"player_choice":"Gather Gold","damage_taken":11,"max_hp_gain":0,"max_hp_loss":0,"event_name":"World of Goop","floor":14,"gold_loss":0},{"damage_healed":0,"gold_gain":0,"player_choice":"Bought 1 Potion","damage_taken":0,"max_hp_gain":0,"max_hp_loss":0,"event_name":"The Woman in Blue","floor":20,"gold_loss":0}],"is_beta":false,"boss_relics":[{"not_picked":["Snecko Eye","Runic Dome","Busted Crown"]}],"items_purged_floors":[12],"is_endless":false,"potions_floor_spawned":[1,2,10,11,19,22,28],"killed_by":"Cultist and Chosen","ascension_level":0}}