{"host":"b9np5www1eghkl6k","time":1611242081,"event":{"mods":["Act Like it!","BaseMod","Luminous","Minty Spire (QoL Compilation)","Replay The Spire","StSLib","WarShipGirlsR/’ΩΩ¢…Ÿ≈ÆR mod","vexMod"],"gold_per_floor":[115,1,1,19,35,45,120,120,195,225,110,136,150,150,150,253,253,253,253],"floor_reached":18,"language":"ZHS","playtime":1137,"items_purged":["rmod:defend"],"score":170,"play_id":"f3ff06d4-2084-4650-8948-3565a9d354a1","local_time":"20210121231441","is_ascension_mode":false,"campfire_choices":[{"data":"rmod:maingunfire","floor":8,"key":"SMITH"},{"data":"rmod:salvage","floor":15,"key":"SMITH"}],"circlet_count":0,"master_deck":["rmod:strick","rmod:strick","rmod:strick","rmod:defend","rmod:defend","rmod:defend","rmod:basicallowance","rmod:maingunfire+1","rmod:intelligenceanalysis+1","rmod:saltedfish+1","rmod:firesupport","rmod:victimresponsibility","rmod:mineteam","rmod:expedition+1","rmod:salvage+1","rmod:fletcherpendant","rmod:fletcherpendant","rmod:ring","rmod:ridicule"],"relics":["rmod:firstchargereward","NeowsBlessing","Frozen Egg 2","Dream Catcher","Quantum Egg","Sozu"],"acts_visited":["Exordium","TheCity"],"potions_floor_usage":[16,16,16],"damage_taken":[{"damage":0,"enemies":"Cultist","floor":1,"turns":1},{"damage":0,"enemies":"2 Louse","floor":4,"turns":1},{"damage":0,"enemies":"Jaw Worm","floor":5,"turns":1},{"damage":3,"enemies":"Looter","floor":6,"turns":3},{"damage":8,"enemies":"Gremlin Nob","floor":10,"turns":4},{"damage":9,"enemies":"Replay:BlueRogue","floor":12,"turns":3},{"damage":3,"enemies":"3 Louse","floor":13,"turns":3},{"damage":23,"enemies":"Hexaghost","floor":16,"turns":6},{"damage":0,"enemies":"3 Byrds","floor":18,"turns":2}],"seed_played":"-4394374809722969385","potions_obtained":[{"floor":4,"key":"ColorlessPotion"},{"floor":5,"key":"Death Potion"},{"floor":13,"key":"Fire Potion"},{"floor":16,"key":"GamblersBrew"}],"is_trial":false,"path_per_floor":["M","$","?","M","M","M","?","R","T","E","$","E","M","?","R","B",null,"M"],"character_chosen":"PRAEFECT","items_purchased":["rmod:saltedfish+1","rmod:salvage"],"campfire_rested":0,"item_purchase_floors":[2,11],"current_hp_per_floor":[75,75,75,75,75,72,65,65,65,57,57,48,45,38,38,15,75,75,75],"gold":253,"neow_bonus":"THREE_ENEMY_KILL","is_daily":false,"chose_seed":false,"campfire_upgraded":2,"win_rate":0.0,"timestamp":1611242081,"path_taken":["M","$","?","?","M","M","?","R","T","E","$","E","?","?","R","BOSS","M"],"items_purchased_type":["Card","Card"],"build_version":"2020-12-22","purchased_purges":1,"victory":false,"max_hp_per_floor":[75,75,75,75,75,75,75,75,75,75,75,75,75,75,75,75,75,75,75],"card_choices":[{"not_picked":["rmod:fuelsupply","rmod:victimresponsibility"],"picked":"rmod:intelligenceanalysis","floor":1},{"not_picked":["rmod:garrisonisland","rmod:aviationdawn"],"picked":"rmod:firesupport","floor":4},{"not_picked":["rmod:intelligenceanalysis","rmod:selfconfidence"],"picked":"rmod:victimresponsibility","floor":5},{"not_picked":["rmod:supportescort","rmod:aviationdawn"],"picked":"rmod:mineteam","floor":6},{"not_picked":["rmod:bulid","rmod:luckystar"],"picked":"rmod:expedition+1","floor":10},{"not_picked":["rmod:firesupport","rmod:aluminumsupply","rmod:diamondstrike"],"picked":"SKIP","floor":12},{"not_picked":["rmod:tearstotiara","rmod:unsinkable"],"picked":"rmod:ring","floor":13},{"not_picked":["rmod:windflower","rmod:stealaluminum+1"],"picked":"rmod:ridicule","floor":16}],"player_experience":0,"relics_obtained":[{"floor":9,"key":"Frozen Egg 2"},{"floor":10,"key":"Dream Catcher"},{"floor":12,"key":"Quantum Egg"}],"event_choices":[{"damage_healed":0,"gold_gain":0,"player_choice":"Upgraded","damage_taken":0,"max_hp_gain":0,"max_hp_loss":0,"event_name":"Upgrade Shrine","floor":3,"gold_loss":0,"cards_upgraded":["rmod:intelligenceanalysis"]},{"damage_healed":0,"gold_gain":75,"player_choice":"Touch","damage_taken":7,"max_hp_gain":0,"max_hp_loss":0,"event_name":"FaceTrader","floor":7,"gold_loss":0},{"cards_removed":["rmod:strick"],"damage_healed":0,"gold_gain":0,"player_choice":"Card Removal","damage_taken":7,"max_hp_gain":0,"max_hp_loss":0,"event_name":"Golden Wing","floor":14,"gold_loss":0}],"is_beta":false,"boss_relics":[{"not_picked":["Abe\u0027s Treasure","Tiny House"],"picked":"Sozu"}],"items_purged_floors":[11],"is_endless":false,"potions_floor_spawned":[4,5,13,16],"killed_by":"3 Byrds","ascension_level":0}}