{"host":"eeeqmyc7a1933jos","time":1611243047,"event":{"mods":["2.2 Compatiblity","Act Like it!","BaseMod","CapriCore","Colored Powertips","Conspire","Downfall","Elementarium","Friendly Minions","Gensokyo","GifTheSpireLib","Gremlin Mod","Hallownest","Hermit","Hubris","Infinite Spire","Jorbs\u0027s Wanderer Trilogy","Koishi","Marisa????????","Mimic Mod","Minty Spire (QoL Compilation)","Pale of the Ancients","Random Character Button","Random Character Mod","Rare Cards Sparkle","Reimu??????","Relic Sorter","Relic Stats","SIMod","StSLib","The Administrix","The Bug Knight","The Disciple","The Dragon Tamer","The Exalted","The Hierophant","The Immortal","The Marked","The Mystic","The Runesmith","The Senshi","The Servant 0.9.4","The Vixen","TheBandit","TheFirefly","Wandering Minibosses"],"gold_per_floor":[110,110,110,123,203,203,43,43,43,43,72,72,383,410,410,506,506,520,211,222,222,232,243,243,277,309,336,111,130,130,149,149,248,248,266,279,295,312,312,343,355,355,379,405,405,438,438,438,438,438],"floor_reached":51,"language":"ENG","playtime":4908,"items_purged":["Bromod:Defend_Bro","Bromod:Defend_Bro"],"score":957,"play_id":"f85891fc-825b-415b-b109-4360aa1c54fb","local_time":"20210121163047","is_ascension_mode":true,"campfire_choices":[{"data":"infinitespire:SevenWalls","floor":6.0,"key":"SMITH"},{"data":"Bromod:HeatedCharge","floor":8.0,"key":"SMITH"},{"data":"Bromod:BulletJump","floor":12.0,"key":"SMITH"},{"data":"Bromod:Vitality","floor":15.0,"key":"SMITH"},{"data":"Gensokyo:ManorOfTheDishes","floor":24,"key":"SMITH"},{"data":"Bromod:ExaltedBlade","floor":30,"key":"SMITH"},{"data":"Bromod:Stretch","floor":32,"key":"SMITH"},{"data":"Bromod:RadialBlind","floor":42,"key":"SMITH"},{"floor":49,"key":"REST"}],"circlet_count":0,"master_deck":["Bromod:SlashDash","Bromod:SlashDash","Bromod:SlashDash","Bromod:BulletJump+1","infinitespire:SevenWalls+1","Bromod:ContagiousSpread","Bromod:HeatedCharge","Bromod:BulletJump","Bromod:Vitality+1","Bromod:ExaltedBlade+1","Bromod:Vitality","Gensokyo:ManorOfTheDishes+1","Bromod:BulletJump","Bromod:Stretch+1","Finesse","Bromod:RadialBlind+1","wanderingMiniBosses:FinaleOfPromise","Bromod:ReflexCoil+1","Bromod:PointStrike+1","Bromod:Redirection+1","Bromod:SlashDash+1"],"relics":["Bromod:Ordis","hubris:Icosahedron","Gensokyo:Companionship","Bromod:AscarisDevice","hubris:TenFootPole","hubris:CrystalStatue","theSenshi:FeatherClipsRelic","hubris:MysteriousPyramids","Empty Cage","Juzu Bracelet","hubris:TinFlute","Sundial","wanderingMiniBosses:Blackblade","Bromod:ArcaneEnergize","hubris:MedicalManual","hubris:SlimyHat","Bromod:ArcaneGuardian","Toy Ornithopter","hubris:FunFungus","Letter Opener"],"acts_visited":["Exordium","Gensokyo:Gensokyo","Gensokyo:Gensokyoer"],"potions_floor_usage":[25,27,33,41,50,50],"damage_taken":[{"damage":3.0,"enemies":"Gensokyo:Gryphon","floor":1.0,"turns":3.0},{"damage":0.0,"enemies":"Gensokyo:Python","floor":4.0,"turns":3.0},{"damage":21.0,"enemies":"Gensokyo:Aya","floor":11.0,"turns":6.0},{"damage":0.0,"enemies":"Gensokyo:2_Kodama","floor":13.0,"turns":7.0},{"damage":0.0,"enemies":"Gensokyo:Mamizou","floor":14.0,"turns":6.0},{"damage":7.0,"enemies":"Gensokyo:Kokoro","floor":16.0,"turns":9.0},{"damage":6.0,"enemies":"Gensokyo:CosmicMonolith","floor":18.0,"turns":5.0},{"damage":15,"enemies":"Gensokyo:AngelMirror","floor":20,"turns":8},{"damage":2,"enemies":"Gensokyo:Wraith","floor":22,"turns":7},{"damage":2,"enemies":"Gensokyo:Mirror_and_Dog","floor":23,"turns":5},{"damage":0,"enemies":"Gensokyo:Koishi","floor":25,"turns":8},{"damage":0,"enemies":"Gensokyo:Slime_Group","floor":26,"turns":11},{"damage":13,"enemies":"Gensokyo:Reisen","floor":27,"turns":16},{"damage":0,"enemies":"Gensokyo:Slime_Group","floor":29,"turns":8},{"damage":0,"enemies":"Gensokyo:Wraith","floor":31,"turns":9},{"damage":14,"enemies":"Gensokyo:Eiki","floor":33,"turns":13},{"damage":5,"enemies":"Gensokyo:3_Bats","floor":35,"turns":6},{"damage":0,"enemies":"Gensokyo:3_Boulders","floor":36,"turns":5},{"damage":0,"enemies":"Gensokyo:SeedOfUnknown","floor":37,"turns":6},{"damage":0,"enemies":"Gensokyo:AtlasGolem","floor":38,"turns":6},{"damage":2,"enemies":"Gensokyo:Marisa","floor":40,"turns":8},{"damage":0,"enemies":"Gensokyo:3_Boulders","floor":41,"turns":4},{"damage":57,"enemies":"Gensokyo:Kasen","floor":44,"turns":8},{"damage":0,"enemies":"Gensokyo:Doremy","floor":46,"turns":8},{"damage":24,"enemies":"Gensokyo:Shinki","floor":50,"turns":15}],"seed_played":"-5545114492058070677","potions_obtained":[{"floor":11.0,"key":"LiquidMemories"},{"floor":14.0,"key":"PowerPotion"},{"floor":16.0,"key":"DistilledChaos"},{"floor":22,"key":"Swift Potion"},{"floor":25,"key":"Ancient Potion"},{"floor":27,"key":"Regen Potion"},{"floor":38,"key":"SteroidPotion"},{"floor":41,"key":"sneckomod:MuddlingPotion"}],"is_trial":false,"path_per_floor":["M","?","?","M","?","R","COS","R","T","?","E","R","M","E","R","B",null,"M","COS","M","?","M","M","R","E","MIM","E","$","M","R","M","R","B",null,"M","M","M","M","?","E","M","R","T","E","T","E","$","?","R","B",null],"character_chosen":"THE_EXALTED","items_purchased":["Finesse","Bromod:RadialBlind","Letter Opener"],"campfire_rested":1,"item_purchase_floors":[28,28,47],"current_hp_per_floor":[79,79,58,58,58,58,58,58,58,58,37,37,37,43,43,42,82,82,82,73,73,77,82,82,82,82,75,75,81,81,82,82,82,82,82,82,82,82,82,82,82,82,82,31,31,37,18,18,42,46],"gold":438,"neow_bonus":"TEN_PERCENT_HP_BONUS","is_daily":false,"chose_seed":false,"campfire_upgraded":8,"win_rate":0.0,"timestamp":1611243047,"path_taken":["M","?","?","?","?","R","COS","R","T","?","E","R","M","E","R","BOSS","M","COS","M","?","M","M","R","E","MIM","E","$","M","R","M","R","BOSS","M","M","M","M","?","E","M","R","T","E","?","E","?","?","R","BOSS"],"items_purchased_type":["Card","Card","Relic"],"build_version":"2020-12-22","purchased_purges":2,"victory":true,"max_hp_per_floor":[82,82,82,82,82,82,82,82,82,82,82,82,82,82,82,82,82,82,82,82,82,82,82,82,82,82,82,82,82,82,82,82,82,82,82,82,82,82,82,82,82,82,82,82,82,82,82,82,82,82],"relic_stats":{"counters":[25,190],"Sundial":[18],"Juzu Bracelet":0,"Letter Opener":[28],"obtain_stats":[{"Bromod:AscarisDevice":0,"hubris:CrystalStatue":11,"StoneCalendar":16,"hubris:MedicalManual":40,"theSenshi:FeatherClipsRelic":14,"Juzu Bracelet":25,"hubris:SlimyHat":43,"Letter Opener":47,"Bromod:Ordis":0,"hubris:MysteriousPyramids":14,"Empty Cage":17,"Frozen Eye":25,"hubris:Icosahedron":48,"Gensokyo:Companionship":23,"wanderingMiniBosses:Blackblade":31,"Sundial":27,"Bromod:ArcaneEnergize":34,"hubris:FunFungus":46,"hubris:TenFootPole":9,"hubris:TinFlute":26,"Bromod:ArcaneGuardian":44,"Toy Ornithopter":45},{"Bromod:AscarisDevice":0,"hubris:CrystalStatue":3,"StoneCalendar":6,"hubris:MedicalManual":21,"theSenshi:FeatherClipsRelic":5,"Juzu Bracelet":11,"hubris:SlimyHat":22,"Letter Opener":24,"Bromod:Ordis":0,"hubris:MysteriousPyramids":5,"Empty Cage":6,"Frozen Eye":10,"hubris:Icosahedron":24,"Gensokyo:Companionship":10,"wanderingMiniBosses:Blackblade":15,"Sundial":13,"Bromod:ArcaneEnergize":16,"hubris:FunFungus":24,"hubris:TenFootPole":2,"hubris:TinFlute":12,"Bromod:ArcaneGuardian":23,"Toy Ornithopter":23},{"Bromod:AscarisDevice":0,"hubris:CrystalStatue":12,"StoneCalendar":26,"hubris:MedicalManual":155,"theSenshi:FeatherClipsRelic":22,"Juzu Bracelet":67,"hubris:SlimyHat":159,"Letter Opener":175,"Bromod:Ordis":0,"hubris:MysteriousPyramids":25,"Empty Cage":34,"Frozen Eye":59,"hubris:Icosahedron":175,"Gensokyo:Companionship":55,"wanderingMiniBosses:Blackblade":111,"Sundial":94,"Bromod:ArcaneEnergize":124,"hubris:FunFungus":175,"hubris:TenFootPole":6,"hubris:TinFlute":78,"Bromod:ArcaneGuardian":167,"Toy Ornithopter":167}],"Toy Ornithopter":10},"card_choices":[{"not_picked":["Bromod:Reflection","Bromod:SteelFiber"],"picked":"Bromod:BulletJump","floor":1.0},{"not_picked":["infinitespire:DeathsTouch","infinitespire:FinalStrike"],"picked":"infinitespire:SevenWalls","floor":3.0},{"not_picked":["Bromod:Redirection","Bromod:SlipMagazine"],"picked":"Bromod:HeatedCharge","floor":4.0},{"not_picked":["Bromod:ContagiousSpread","Bromod:BodyCount"],"picked":"Bromod:HeatedCharge","floor":11.0},{"not_picked":["Bromod:BloodRush","Bromod:ShatteringImpact"],"picked":"Bromod:BulletJump","floor":13.0},{"not_picked":["Bromod:FastHands","Bromod:SlashDash"],"picked":"Bromod:Vitality","floor":14.0},{"not_picked":["Bromod:Frostbite","Bromod:VitalSense"],"picked":"Bromod:ExaltedBlade","floor":16.0},{"not_picked":["Bromod:PointStrike","Bromod:ShatteringImpact"],"picked":"Bromod:Vitality","floor":18.0},{"not_picked":["Bromod:PointStrike+1","Bromod:NoReturn"],"picked":"Bromod:BulletJump","floor":20},{"not_picked":["Bromod:Serration","Bromod:Redirection","Bromod:PressurePoint"],"picked":"SKIP","floor":22},{"not_picked":["Bromod:Rejuvenation","Bromod:Reflection","Bromod:Foundry"],"picked":"SKIP","floor":23},{"not_picked":["Bromod:KillingBlow+1","Bromod:SlipMagazine","Bromod:SlashDash"],"picked":"SKIP","floor":25},{"not_picked":["Bromod:Foundry+1","Bromod:FormaBlueprint"],"picked":"Bromod:Stretch","floor":27},{"not_picked":["Bromod:BodyCount","Bromod:NoReturn","Bromod:SteelCharge"],"picked":"SKIP","floor":29},{"not_picked":[],"picked":"wanderingMiniBosses:FinaleOfPromise","floor":31},{"not_picked":["Bromod:HornetStrike+1","Bromod:OrganShatter+1"],"picked":"Bromod:ReflexCoil+1","floor":31},{"not_picked":["Bromod:Foundry","Bromod:PointBlank","Bromod:SteelFiber+1"],"picked":"SKIP","floor":35},{"not_picked":["Bromod:SteelFiber+1","Bromod:Reflection","Bromod:OrganShatter+1"],"picked":"SKIP","floor":36},{"not_picked":["Bromod:RendingStrike","Bromod:Reflection"],"picked":"Bromod:PointStrike+1","floor":37},{"not_picked":["Bromod:PressurePoint","Bromod:FormaBlueprint","Bromod:QuickDraw+1"],"picked":"SKIP","floor":38},{"not_picked":["Bromod:SteelCharge+1","Bromod:SeismicWave+1"],"picked":"Bromod:Redirection+1","floor":40},{"not_picked":["Bromod:PointStrike","Bromod:PointBlank","Bromod:OrganShatter"],"picked":"SKIP","floor":41},{"not_picked":["Bromod:FinishingTouch","Bromod:ShatteringImpact","Bromod:PressurePoint+1"],"picked":"SKIP","floor":44},{"not_picked":["Bromod:SteelFiber","Bromod:Reflection"],"picked":"Bromod:SlashDash+1","floor":46}],"player_experience":1720504,"relics_obtained":[{"floor":9.0,"key":"hubris:TenFootPole"},{"floor":11.0,"key":"hubris:CrystalStatue"},{"floor":14.0,"key":"hubris:MysteriousPyramids"},{"floor":25,"key":"Juzu Bracelet"},{"floor":26,"key":"hubris:TinFlute"},{"floor":27,"key":"Sundial"},{"floor":31,"key":"wanderingMiniBosses:Blackblade"},{"floor":40,"key":"hubris:MedicalManual"},{"floor":43,"key":"hubris:SlimyHat"},{"floor":44,"key":"Bromod:ArcaneGuardian"},{"floor":45,"key":"Toy Ornithopter"},{"floor":46,"key":"hubris:FunFungus"}],"event_choices":[{"damage_healed":0,"gold_gain":0,"player_choice":"Leave","damage_taken":0,"max_hp_gain":0,"max_hp_loss":0,"event_name":"conspire:Investor","floor":39,"gold_loss":0}],"is_beta":false,"boss_relics":[{"not_picked":["hubris:ScarierMask","hubris:VirtuousBlindfold"],"picked":"Empty Cage"},{"not_picked":["hubris:CrackedHourglass","SacredBark"],"picked":"Bromod:ArcaneEnergize"}],"items_purged_floors":[28,47],"is_endless":false,"potions_floor_spawned":[11,14,16,22,25,27,31,38,40,41],"ascension_level":3}}