{"host":"oeotdbd679q6m6vu","time":1611231563,"event":{"mods":["Act Like it!","BaseMod","Colored Map","Decade(Õı–°√˜)","Downfall","Friendly Minions","Gensokyo","GifTheSpireLib","Highlight Path","Lobotomy","Marisa£®ÏF”Í°°ƒß¿Ì…≥£©","Minty Spire (QoL Compilation)","Rare Cards Sparkle","Reimu£®≤©¿ˆ¡È√Œ£©","StSLib","The Animator","The Bug Knight","Youmu£®ªÍ∆«—˝√Œ£©"],"gold_per_floor":[99,99,99,99,99,128,128,303,330,357,269,293,318,359,385,501,513,525,547,667,702,714,714,714],"floor_reached":22,"language":"ZHS","playtime":1111,"items_purged":[],"score":227,"play_id":"bac9a771-8549-4648-9f50-32c5b720b58f","local_time":"20210121071923","is_ascension_mode":false,"campfire_choices":[{"data":"hexamod:Float","floor":1,"key":"SMITH"},{"floor":11,"key":"REST"},{"data":"hexamod:GhostOfSpirePresent","floor":18,"key":"SMITH"}],"circlet_count":0,"master_deck":["hexamod:Strike","hexamod:Strike+1","hexamod:Strike","hexamod:Strike","hexamod:Defend","hexamod:Defend","hexamod:Defend","hexamod:Defend","hexamod:Sear+1","hexamod:Float+1","hexamod:SpectersWail+1","Regret","downfall:Malfunctioning","hexamod:SpectersWail","hexamod:ThirdSeal","Doubt","hexamod:NightmareGuise","hexamod:SpectersWail+1","hexamod:EtherealExpedition","hexamod:FlamesFromBeyond","hexamod:FifthSeal","hexamod:RecurringNightmare","hexamod:StepThrough","hexamod:FourthSeal","hexamod:NightmareGuise","hexamod:SixthSeal","hexamod:GhostOfSpirePresent+1","CurseOfTheBell","hexamod:SecondSeal","hexamod:Again+1","hexamod:FlamesFromBeyond","hexamod:RecurringNightmare","hexamod:NightmareStrike","hexamod:FirstSeal"],"relics":["hexamod:SpiritBrand","downfall:HeartsMalice","TungstenRod","Pen Nib","Pantograph","MawBank","downfall:HeartBlessingGreen","Ancient Tea Set","Calling Bell","HollowMod:PaleOreRelic","Unceasing Top","Ornamental Fan","downfall:CloakOfManyFaces","CultistMask","FaceOfCleric","NlothsMask","GremlinMask","SsserpentHead"],"acts_visited":["Exordium","TheCity"],"potions_floor_usage":[14,16,16,17,21,22,22,22,22],"damage_taken":[{"damage":0,"enemies":"Small Slimes","floor":2,"turns":1},{"damage":0,"enemies":"Jaw Worm","floor":5,"turns":1},{"damage":0,"enemies":"Lagavulin","floor":6,"turns":1},{"damage":50,"enemies":"Gremlin Nob","floor":9,"turns":5},{"damage":1,"enemies":"Cultist","floor":10,"turns":3},{"damage":0,"enemies":"3 Louse","floor":12,"turns":1},{"damage":9,"enemies":"Red Slaver","floor":13,"turns":3},{"damage":7,"enemies":"3 Sentries","floor":14,"turns":4},{"damage":11,"enemies":"Exordium Wildlife","floor":15,"turns":4},{"damage":10,"enemies":"IC_STATUS_ARCHETYPE","floor":16,"turns":5},{"damage":9,"enemies":"Chosen","floor":19,"turns":4},{"damage":51,"enemies":"downfall:FaceTrader","floor":20,"turns":12},{"damage":2,"enemies":"3 Byrds","floor":21,"turns":3},{"damage":22,"enemies":"Snecko","floor":22,"turns":5}],"seed_played":"9079339108559560275","potions_obtained":[{"floor":9,"key":"Weak Potion"},{"floor":10,"key":"Slimebound:ThreeZeroPotion"},{"floor":13,"key":"AttackPotion"},{"floor":15,"key":"Fire Potion"},{"floor":16,"key":"Fruit Juice"},{"floor":20,"key":"LiquidBronze"},{"floor":21,"key":"EntropicBrew"}],"is_trial":false,"path_per_floor":["R","M","?","?","M","E","T","?","E","M","R","M","M","E","M","B",null,"R","M","?","M","M"],"character_chosen":"THE_SPIRIT","items_purchased":[],"campfire_rested":1,"item_purchase_floors":[],"current_hp_per_floor":[70,70,70,70,70,70,70,70,20,19,40,40,31,24,13,28,75,75,66,15,14,0,0,0],"gold":714,"neow_bonus":"THREE_ENEMY_KILL","is_daily":false,"chose_seed":false,"campfire_upgraded":2,"win_rate":0.0,"timestamp":1611231563,"path_taken":["R","M","?","?","M","E","T","?","E","M","R","M","M","E","M","BOSS","R","M","?","M","M"],"items_purchased_type":[],"build_version":"2020-12-22","purchased_purges":0,"victory":false,"max_hp_per_floor":[70,70,70,70,70,70,70,70,70,70,70,70,70,70,70,70,75,75,75,75,76,76,76,76],"card_choices":[{"not_picked":["hexamod:GhostLash","hexamod:ThermalTransfer"],"picked":"hexamod:SpectersWail","floor":2},{"not_picked":["hexamod:FastForward","hexamod:FlameSwitch"],"picked":"hexamod:SpectersWail","floor":5},{"not_picked":["hexamod:NightmareStrike","hexamod:VolcanoVisage"],"picked":"hexamod:ThirdSeal","floor":6},{"not_picked":["hexamod:FastForward","hexamod:GhostOfSpireFuture"],"picked":"hexamod:NightmareGuise","floor":9},{"not_picked":["hexamod:Firestarter","hexamod:FlamesFromBeyond"],"picked":"hexamod:SpectersWail","floor":9},{"not_picked":["hexamod:RadiantFlame","hexamod:InspiringFlames"],"picked":"hexamod:EtherealExpedition","floor":10},{"not_picked":["hexamod:InspiringFlames","hexamod:HauntingEcho"],"picked":"hexamod:FlamesFromBeyond","floor":10},{"not_picked":["hexamod:InspiringFlames","hexamod:PhantomFireball","hexamod:SwordOfDarkness"],"picked":"SKIP","floor":12},{"not_picked":["hexamod:HauntingEcho","hexamod:InspiringFlames"],"picked":"hexamod:FifthSeal","floor":13},{"not_picked":["hexamod:Incineration","hexamod:ExtraCrispy","hexamod:SpectralSpark"],"picked":"SKIP","floor":13},{"not_picked":["hexamod:SoulSteal","hexamod:HeatShield"],"picked":"hexamod:RecurringNightmare","floor":14},{"not_picked":["hexamod:PhantomFireball","hexamod:ShieldOfDarkness","hexamod:Rewind"],"picked":"SKIP","floor":14},{"not_picked":["hexamod:GhostOfSpireFuture","hexamod:Firestarter"],"picked":"hexamod:StepThrough","floor":15},{"not_picked":["hexamod:ThirdSeal","hexamod:FirstSeal"],"picked":"hexamod:FourthSeal","floor":15},{"not_picked":["hexamod:EmpoweredFlame","hexamod:PhantomCloak"],"picked":"hexamod:NightmareGuise","floor":15},{"not_picked":["hexamod:TimeWarp","hexamod:HexaLevel"],"picked":"hexamod:SixthSeal","floor":16},{"not_picked":["hexamod:FifthSeal","hexamod:FlameSwitch"],"picked":"hexamod:GhostOfSpirePresent","floor":16},{"not_picked":["hexamod:FourthSeal","hexamod:ThirdSeal"],"picked":"hexamod:SecondSeal","floor":19},{"not_picked":["hexamod:GhostOfSpirePast","hexamod:BurningTouch"],"picked":"hexamod:Again+1","floor":19},{"not_picked":["hexamod:FastForward","hexamod:InspiringFlames"],"picked":"hexamod:FlamesFromBeyond","floor":20},{"not_picked":["hexamod:ThermalTransfer+1","hexamod:FastForward"],"picked":"hexamod:RecurringNightmare","floor":20},{"not_picked":["hexamod:InspiringFlames+1","hexamod:BacktrackSmack+1"],"picked":"hexamod:NightmareStrike","floor":21},{"not_picked":["hexamod:FourthSeal","hexamod:SixthSeal"],"picked":"hexamod:FirstSeal","floor":21}],"player_experience":366305,"relics_obtained":[{"floor":6,"key":"Pen Nib"},{"floor":7,"key":"Pantograph"},{"floor":9,"key":"MawBank"},{"floor":14,"key":"Ancient Tea Set"},{"floor":17,"key":"HollowMod:PaleOreRelic"},{"floor":17,"key":"Unceasing Top"},{"floor":17,"key":"Ornamental Fan"},{"floor":20,"key":"downfall:CloakOfManyFaces"}],"event_choices":[{"damage_healed":0,"gold_gain":0,"player_choice":"Box","damage_taken":0,"relics_obtained":["TungstenRod"],"max_hp_gain":0,"max_hp_loss":0,"event_name":"Big Fish","floor":3,"gold_loss":0,"cards_obtained":["Regret"]}],"is_beta":false,"boss_relics":[{"not_picked":["hexamod:IceCube","Empty Cage"],"picked":"Calling Bell"}],"items_purged_floors":[],"is_endless":false,"potions_floor_spawned":[9,10,13,15],"killed_by":"Snecko","ascension_level":0}}