{"host":"y76clbnovzmw9ubx","time":1611188301,"event":{"mods":["AchievementEnabler","BaseMod","Minty Spire (QoL Compilation)","Permanent Neow","Relic Stats"],"gold_per_floor":[18,35,35,35,59,99,99,24,24,44,44,84,102,135,135,228,228,243,207,122,7,32,32,68,87,87,87,87],"floor_reached":27,"language":"ENG","playtime":1393,"items_purged":["Strike_G","Strike_G"],"score":556,"play_id":"9bbfa8af-2715-483d-a45c-c070c2d89d56","local_time":"20210120191821","is_ascension_mode":true,"campfire_choices":[{"data":"Dagger Spray","floor":11.0,"key":"SMITH"},{"floor":15,"key":"REST"},{"floor":23,"key":"REST"}],"circlet_count":0,"master_deck":["AscendersBane","Strike_G","Strike_G","Strike_G","Defend_G","Defend_G","Defend_G","Defend_G","Defend_G","Survivor","Neutralize","Unload","Noxious Fumes+1","Sucker Punch","Deflect","Poisoned Stab","Dagger Spray+1","Deadly Poison","Leg Sweep","Crippling Poison","Wraith Form v2","Dodge and Roll","Corpse Explosion","Escape Plan","Well Laid Plans","Prepared+1"],"relics":["Ring of the Snake","Golden Idol","Akabeko","The Courier","Tiny Chest","Sozu","Bag of Preparation","Pocketwatch","Bottled Lightning"],"acts_visited":["Exordium","TheCity"],"potions_floor_usage":[14],"damage_taken":[{"damage":2.0,"enemies":"Jaw Worm","floor":1.0,"turns":4.0},{"damage":0.0,"enemies":"2 Louse","floor":2.0,"turns":3.0},{"damage":0.0,"enemies":"Cultist","floor":5.0,"turns":3.0},{"damage":18.0,"enemies":"Lagavulin","floor":6.0,"turns":7.0},{"damage":4.0,"enemies":"Looter","floor":10.0,"turns":3.0},{"damage":8.0,"enemies":"Gremlin Nob","floor":12.0,"turns":3.0},{"damage":3.0,"enemies":"Exordium Thugs","floor":13.0,"turns":4.0},{"damage":10,"enemies":"Lagavulin","floor":14,"turns":5},{"damage":23,"enemies":"Hexaghost","floor":16,"turns":8},{"damage":1,"enemies":"Chosen","floor":18,"turns":4},{"damage":16,"enemies":"2 Thieves","floor":19,"turns":5},{"damage":10,"enemies":"3 Cultists","floor":22,"turns":3},{"damage":29,"enemies":"Gremlin Leader","floor":24,"turns":7},{"damage":5,"enemies":"Chosen and Byrds","floor":25,"turns":5},{"damage":15,"enemies":"Book of Stabbing","floor":27,"turns":6}],"seed_played":"2623964750486067350","potions_obtained":[{"floor":2.0,"key":"BlessingOfTheForge"},{"floor":6.0,"key":"CunningPotion"},{"floor":12.0,"key":"EssenceOfSteel"}],"is_trial":false,"path_per_floor":["M","M","?","?","M","E","?","$","T","M","R","E","M","E","R","B",null,"M","M","?","$","M","R","E","M","T","E"],"character_chosen":"THE_SILENT","items_purchased":["Escape Plan"],"campfire_rested":2,"item_purchase_floors":[21],"current_hp_per_floor":[57,57,34,34,34,16,38,38,38,34,34,26,23,13,32,9,52,51,35,35,35,25,44,15,10,10,0,0],"gold":87,"neow_bonus":"THREE_RARE_CARDS","is_daily":false,"chose_seed":false,"campfire_upgraded":1,"win_rate":0.0,"timestamp":1611188301,"path_taken":["M","M","?","?","M","E","?","$","T","?","R","E","?","E","R","BOSS","M","M","?","?","M","R","E","M","T","E"],"items_purchased_type":["Card"],"build_version":"2020-12-22","purchased_purges":2,"victory":false,"max_hp_per_floor":[66,66,66,66,66,66,66,66,66,66,66,66,66,66,66,66,66,66,66,66,66,66,66,66,66,66,66,66],"relic_stats":{"Sozu":1,"counters":[15,70],"Golden Idol":79,"Tiny Chest":0,"Bag of Preparation":[8],"obtain_stats":[{"Sozu":17,"Golden Idol":3,"Tiny Chest":14,"The Courier":12,"Bag of Preparation":20,"Bottled Lightning":26,"Akabeko":6,"Ring of the Snake":0,"Pocketwatch":24},{"Sozu":9,"Golden Idol":2,"Tiny Chest":8,"The Courier":6,"Bag of Preparation":11,"Bottled Lightning":14,"Akabeko":4,"Ring of the Snake":0,"Pocketwatch":13},{"Sozu":40,"Golden Idol":7,"Tiny Chest":32,"The Courier":23,"Bag of Preparation":49,"Bottled Lightning":64,"Akabeko":17,"Ring of the Snake":0,"Pocketwatch":59}],"Ring of the Snake":[30],"Pocketwatch":[9]},"card_choices":[{"not_picked":["Burst","Malaise"],"picked":"Unload","floor":0.0},{"not_picked":["Acrobatics","Prepared"],"picked":"Noxious Fumes","floor":1.0},{"not_picked":["Backflip","Slice"],"picked":"Sucker Punch","floor":2.0},{"not_picked":["Endless Agony","Crippling Poison"],"picked":"Deflect","floor":5.0},{"not_picked":["Blade Dance","Predator"],"picked":"Poisoned Stab","floor":6.0},{"not_picked":["Cloak And Dagger","Poisoned Stab"],"picked":"Dagger Spray","floor":10.0},{"not_picked":["Envenom","Slice"],"picked":"Deadly Poison","floor":12.0},{"not_picked":["Prepared","Dash"],"picked":"Leg Sweep","floor":13.0},{"not_picked":["Bouncing Flask","Quick Slash"],"picked":"Crippling Poison","floor":14},{"not_picked":["Storm of Steel","Venomology"],"picked":"Wraith Form v2","floor":16},{"not_picked":["Outmaneuver+1","Underhanded Strike"],"picked":"Dodge and Roll","floor":18},{"not_picked":["Expertise","Acrobatics"],"picked":"Corpse Explosion","floor":19},{"not_picked":["Blade Dance","Sucker Punch","Eviscerate"],"picked":"SKIP","floor":22},{"not_picked":["Blur","Deadly Poison+1"],"picked":"Well Laid Plans","floor":24},{"not_picked":["Storm of Steel","Blade Dance"],"picked":"Prepared+1","floor":25}],"player_experience":3090669,"relics_obtained":[{"floor":6.0,"key":"Akabeko"},{"floor":12.0,"key":"The Courier"},{"floor":14,"key":"Tiny Chest"},{"floor":24,"key":"Pocketwatch"},{"floor":26,"key":"Bottled Lightning"}],"event_choices":[{"damage_healed":0.0,"max_hp_gain":0.0,"max_hp_loss":0.0,"gold_gain":0.0,"event_name":"Golden Idol","player_choice":"Take Damage","floor":3.0,"gold_loss":0.0,"damage_taken":23.0,"relics_obtained":["Golden Idol"]},{"damage_healed":0.0,"max_hp_gain":0.0,"max_hp_loss":0.0,"gold_gain":0.0,"event_name":"Living Wall","player_choice":"Grow","floor":4.0,"gold_loss":0.0,"damage_taken":0.0,"cards_upgraded":["Noxious Fumes"]},{"damage_healed":22.0,"max_hp_gain":0.0,"max_hp_loss":0.0,"gold_gain":0.0,"event_name":"Big Fish","player_choice":"Banana","floor":7.0,"gold_loss":0.0,"damage_taken":0.0},{"damage_healed":0,"gold_gain":0,"player_choice":"Obtained Relic","damage_taken":0,"relics_obtained":["Bag of Preparation"],"max_hp_gain":0,"max_hp_loss":0,"event_name":"Addict","floor":20,"gold_loss":85}],"is_beta":false,"boss_relics":[{"not_picked":["Runic Dome","WristBlade"],"picked":"Sozu"}],"items_purged_floors":[8,21],"is_endless":false,"potions_floor_spawned":[2,6,12,19],"killed_by":"Book of Stabbing","ascension_level":20}}