{"host":"lh9qfzqeqctr28d2","time":1611225594,"event":{"mods":["BaseMod","Luminous","Minty Spire (QoL Compilation)","Quick Restart","Relic Stats","Remilia£®¿Ÿ√◊¿Ú—«£©","Replay The Spire","StSLib","Yakumo Yukari mod"],"gold_per_floor":[115,133,133,161,161,161,194,207,207,236,251,268,285,30,30,134,134,152,186,204,1,1,1,1,1,1,1,51,51,64,98,98,13,13,118,118,138,138,105,125,142,142,173,173,198,208,208,240,257,274,274,274],"floor_reached":53,"language":"ZHS","playtime":3443,"items_purged":["Doubt"],"score":920,"play_id":"055c85f7-17d9-40e0-ba51-5f80dcb995cc","local_time":"20210121183954","is_ascension_mode":false,"campfire_choices":[{"data":"Dagger Throw","floor":6.0,"key":"SMITH"},{"data":"ReplayTheSpireMod:Scrap Shanks","floor":15.0,"key":"SMITH"},{"floor":23.0,"key":"REST"},{"floor":25.0,"key":"REST"},{"data":"Accuracy","floor":29.0,"key":"SMITH"},{"data":"Cloak And Dagger","floor":34.0,"key":"SMITH"},{"data":"Calculated Gamble","floor":42,"key":"SMITH"},{"data":"Blade Dance","floor":44,"key":"SMITH"},{"data":"A Thousand Cuts","floor":51,"key":"SMITH"}],"circlet_count":0,"master_deck":["Strike_G","Strike_G","Strike_G","Defend_G","Defend_G","Defend_G","Defend_G","Survivor","Neutralize","Dagger Throw+1","Corpse Explosion","Dagger Spray","Prepared","Slice","ReplayTheSpireMod:Scrap Shanks+1","Prepared","Cloak And Dagger+1","Accuracy+1","Master of Strategy","A Thousand Cuts+1","Distraction+1","Blade Dance+1","Prepared","Acrobatics+1","Calculated Gamble+1","Delirium"],"relics":["Ring of the Snake","NeowsBlessing","ReplayTheSpireMod:CursedCoin","Bottled Lightning","Mercury Hourglass","AntiCross","Snecko Scales","Pocketwatch","Anchor","Basket Of Snakes","Vajra","Mango","GreatHeart","Toy Ornithopter","Replay:Drink Me","Toxic Egg 2","ReplayFunnel","ReplayTheSpireMod:Ring of Collecting","Garlic"],"acts_visited":["Exordium","TheCity","TheBeyond"],"potions_floor_usage":[43,52,52],"damage_taken":[{"damage":0.0,"enemies":"Jaw Worm","floor":1.0,"turns":1.0},{"damage":0.0,"enemies":"2 Louse","floor":2.0,"turns":1.0},{"damage":0.0,"enemies":"3 Sentries","floor":7.0,"turns":1.0},{"damage":0.0,"enemies":"Cultist","floor":8.0,"turns":3.0},{"damage":10.0,"enemies":"Gremlin Nob","floor":10.0,"turns":3.0},{"damage":0.0,"enemies":"Exordium Thugs","floor":11.0,"turns":2.0},{"damage":0.0,"enemies":"Large Slime","floor":12.0,"turns":3.0},{"damage":3.0,"enemies":"Looter","floor":13.0,"turns":2.0},{"damage":0.0,"enemies":"Slime Boss","floor":16.0,"turns":4.0},{"damage":0.0,"enemies":"Shell Parasite","floor":18.0,"turns":2.0},{"damage":0.0,"enemies":"Chosen","floor":20.0,"turns":2.0},{"damage":0.0,"enemies":"Snecko","floor":30.0,"turns":1.0},{"damage":2.0,"enemies":"Book of Stabbing","floor":31.0,"turns":2.0},{"damage":10.0,"enemies":"Pondfish","floor":35.0,"turns":3.0},{"damage":0.0,"enemies":"Orb Walker","floor":37.0,"turns":2.0},{"damage":0.0,"enemies":"3 Darklings","floor":40.0,"turns":2.0},{"damage":0,"enemies":"Writhing Mass","floor":41,"turns":2},{"damage":0,"enemies":"Reptomancer","floor":43,"turns":2},{"damage":0,"enemies":"Jaw Worm Horde","floor":46,"turns":2},{"damage":0,"enemies":"R_Hoarder","floor":48,"turns":2},{"damage":0,"enemies":"Maw","floor":49,"turns":2},{"damage":0,"enemies":"3 Darklings","floor":50,"turns":2},{"damage":0,"enemies":"Replay:Hell Engine","floor":52,"turns":3}],"seed_played":"-4101931478005101529","potions_obtained":[{"floor":1.0,"key":"Cursed Concoction"},{"floor":2.0,"key":"Poison Potion"},{"floor":10.0,"key":"Energy Potion"},{"floor":11.0,"key":"Block Potion"},{"floor":16.0,"key":"ColorlessPotion"},{"floor":18.0,"key":"Strength Potion"},{"floor":48,"key":"SteroidPotion"}],"is_trial":false,"path_per_floor":["M","M","?","$","?","R","E","M","T","E","M","M","M","$","R","B",null,"M","?","M","$","?","R","?","R","PTL","PTL","T","R","M","E","?","?","R","B",null,"M","?","$","M","M","R","E","R","T","M","?","E","M","M","R","B",null],"character_chosen":"THE_SILENT","items_purchased":["ReplayTheSpireMod:CursedCoin","Dagger Spray","Accuracy","Master of Strategy","Anchor","Blade Dance","Acrobatics+1"],"campfire_rested":2,"item_purchase_floors":[4,4,14,14,21,21,39],"current_hp_per_floor":[70,70,70,70,70,70,70,70,70,60,60,60,57,57,57,57,70,70,42,42,42,29,51,51,73,73,73,73,73,73,85,85,85,85,75,67,67,77,77,77,77,77,77,77,77,77,77,77,77,77,77,77],"gold":274,"neow_bonus":"THREE_ENEMY_KILL","is_daily":false,"chose_seed":false,"campfire_upgraded":7,"win_rate":0.0,"timestamp":1611225594,"path_taken":["M","M","?","?","?","R","E","?","T","E","?","M","M","?","R","BOSS","M","?","M","$","?","R","?","R","PTL","PTL","T","R","?","E","?","?","R","BOSS","M","?","?","M","M","R","E","R","T","M","?","E","M","M","R","BOSS"],"items_purchased_type":["Relic","Card","Card","Card","Relic","Card","Card"],"build_version":"2020-12-22","purchased_purges":1,"victory":true,"max_hp_per_floor":[70,70,70,70,70,70,70,70,70,70,70,70,70,70,70,70,70,70,70,70,70,75,75,75,75,75,75,75,75,75,89,89,89,89,89,67,67,77,77,77,77,77,77,77,77,77,77,77,77,77,77,77],"relic_stats":{"counters":[23,49],"obtain_stats":[{"ReplayFunnel":45,"NeowsBlessing":0,"ReplayTheSpireMod:CursedCoin":4,"Basket Of Snakes":24,"Vajra":28,"Mango":31,"Mercury Hourglass":9,"Anchor":21,"Snecko Scales":17,"ReplayTheSpireMod:Ring of Collecting":47,"AntiCross":10,"GreatHeart":32,"Garlic":48,"Bottled Lightning":7,"Toxic Egg 2":43,"Replay:Drink Me":36,"Toy Ornithopter":33,"Ring of the Snake":0,"Pocketwatch":19},{"ReplayFunnel":18,"NeowsBlessing":0,"ReplayTheSpireMod:CursedCoin":2,"Basket Of Snakes":11,"Vajra":11,"Mango":13,"Mercury Hourglass":4,"Anchor":11,"Snecko Scales":9,"ReplayTheSpireMod:Ring of Collecting":19,"AntiCross":5,"GreatHeart":13,"Garlic":20,"Bottled Lightning":3,"Toxic Egg 2":18,"Replay:Drink Me":14,"Toy Ornithopter":13,"Ring of the Snake":0,"Pocketwatch":10},{"ReplayFunnel":38,"NeowsBlessing":0,"ReplayTheSpireMod:CursedCoin":2,"Basket Of Snakes":24,"Vajra":24,"Mango":27,"Mercury Hourglass":6,"Anchor":24,"Snecko Scales":20,"ReplayTheSpireMod:Ring of Collecting":40,"AntiCross":9,"GreatHeart":27,"Garlic":42,"Bottled Lightning":3,"Toxic Egg 2":38,"Replay:Drink Me":30,"Toy Ornithopter":27,"Ring of the Snake":0,"Pocketwatch":22}],"Toy Ornithopter":0,"Ring of the Snake":[28],"Mercury Hourglass":[147],"Pocketwatch":[0]},"card_choices":[{"not_picked":["Backflip","ReplayTheSpireMod:Shiv Toss"],"picked":"Dagger Throw","floor":1.0},{"not_picked":["Dodge and Roll","Dagger Throw","ReplayTheSpireMod:Exploit Weakness"],"picked":"SKIP","floor":2.0},{"not_picked":["PiercingWail","Atom Bomb"],"picked":"Prepared","floor":7.0},{"not_picked":["Catalyst","Bouncing Flask"],"picked":"Slice","floor":8.0},{"not_picked":["Expertise","Dagger Throw","Caltrops"],"picked":"SKIP","floor":10.0},{"not_picked":["Sucker Punch","Deadly Poison"],"picked":"ReplayTheSpireMod:Scrap Shanks","floor":11.0},{"not_picked":["Dagger Throw","PiercingWail"],"picked":"Prepared","floor":12.0},{"not_picked":["Sucker Punch","Dagger Spray"],"picked":"Cloak And Dagger","floor":13.0},{"not_picked":["Glass Knife","Poison Darts"],"picked":"A Thousand Cuts","floor":16.0},{"not_picked":["Predator","Prepared","Dagger Throw"],"picked":"SKIP","floor":18.0},{"not_picked":["Hidden Blade","Dagger Throw"],"picked":"Distraction+1","floor":19.0},{"not_picked":["Bouncing Flask","Backflip","Slice"],"picked":"SKIP","floor":20.0},{"not_picked":["Deadly Poison+1","Bane+1","Backflip+1"],"picked":"SKIP","floor":30.0},{"not_picked":["Outmaneuver","Sucker Punch+1","Sneak Up"],"picked":"SKIP","floor":31.0},{"not_picked":["Night Terror","Tools of the Trade"],"picked":"Envenom","floor":35.0},{"not_picked":["All Out Attack","Poisoned Stab"],"picked":"Prepared","floor":37.0},{"not_picked":["Dodge and Roll","Outmaneuver"],"picked":"Calculated Gamble","floor":40.0},{"not_picked":["Riddle With Holes+1","ReplayTheSpireMod:Scrap Shanks","Draining Mist+1"],"picked":"SKIP","floor":41},{"not_picked":["Underhanded Strike","Setup+1","Dagger Spray+1"],"picked":"SKIP","floor":43},{"not_picked":["Deadly Poison+1","Deflect+1","Flying Knee+1"],"picked":"SKIP","floor":46},{"not_picked":["Wraith Form v2","Glass Knife","Escape Plan+1"],"picked":"SKIP","floor":48},{"not_picked":["Footwork","Catalyst+1","Choke"],"picked":"SKIP","floor":49},{"not_picked":["Skewer","Acrobatics+1","Underhanded Strike+1"],"picked":"SKIP","floor":50}],"player_experience":445433,"relics_obtained":[{"floor":7.0,"key":"Bottled Lightning"},{"floor":9.0,"key":"Mercury Hourglass"},{"floor":10.0,"key":"AntiCross"},{"floor":19.0,"key":"Pocketwatch"},{"floor":28.0,"key":"Vajra"},{"floor":31.0,"key":"Mango"},{"floor":43,"key":"Toxic Egg 2"},{"floor":45,"key":"ReplayFunnel"},{"floor":47,"key":"ReplayTheSpireMod:Ring of Collecting"},{"floor":48,"key":"Garlic"}],"event_choices":[{"damage_healed":0.0,"max_hp_gain":0.0,"max_hp_loss":0.0,"gold_gain":0.0,"cards_transformed":["Strike_G"],"event_name":"Living Wall","player_choice":"Change","floor":3.0,"gold_loss":0.0,"damage_taken":0.0,"cards_obtained":["Corpse Explosion"]},{"damage_healed":0.0,"max_hp_gain":0.0,"max_hp_loss":0.0,"gold_gain":0.0,"event_name":"Liars Game","player_choice":"Ignored","floor":5.0,"gold_loss":0.0,"damage_taken":0.0},{"damage_healed":0.0,"max_hp_gain":5.0,"max_hp_loss":0.0,"gold_gain":0.0,"event_name":"Forgotten Altar","player_choice":"Shed Blood","floor":22.0,"gold_loss":0.0,"damage_taken":18.0},{"damage_healed":0.0,"max_hp_gain":0.0,"max_hp_loss":0.0,"gold_gain":0.0,"event_name":"Addict","player_choice":"Obtained Relic","floor":33.0,"gold_loss":85.0,"damage_taken":0.0,"relics_obtained":["Toy Ornithopter"]},{"cards_removed":["Envenom"],"damage_healed":0.0,"max_hp_gain":10.0,"max_hp_loss":0.0,"gold_gain":0.0,"event_name":"Bonfire Elementals","player_choice":"Offered Rare","floor":38.0,"gold_loss":0.0,"damage_taken":0.0}],"is_beta":false,"boss_relics":[{"not_picked":["Replay:Wanted Poster","Runic Pyramid"],"picked":"Snecko Scales"},{"not_picked":["Replay:Ancient Bell","Replay:Grab Bag"],"picked":"Replay:Drink Me"}],"items_purged_floors":[4],"is_endless":false,"potions_floor_spawned":[1,2,10,11,16,18,30,31,37,40,41,48],"ascension_level":0}}