{"host":"tubmkv2g6v9d0kjw","time":1611233058,"event":{"mods":["2.2 Compatiblity","BaseMod","Conspire","Downfall","Hubris","Minty Spire (QoL Compilation)","StSLib"],"gold_per_floor":[99,116,116,136,136,156,156,191,191,52,80,96,96,96,116,116,116,116],"floor_reached":16,"language":"ENG","playtime":680,"items_purged":["Decay"],"score":110,"play_id":"5bf404e2-1d4b-4775-9c92-5628e72b59cf","local_time":"20210121064418","is_ascension_mode":false,"campfire_choices":[{"data":"champ:TripleStrike","floor":1,"key":"SMITH"},{"data":"champ:PerfectedStrike","floor":13,"key":"SMITH"}],"circlet_count":0,"master_deck":["champ:Strike","champ:Strike","champ:Defend","champ:Defend","champ:Defend","champ:Execute","champ:Taunt","champ:TripleStrike+1","champ:ShieldWall","champ:TripleStrike+1","champ:BerserkersShout","champ:GladiatorForm","champ:PreciseThrust","champ:BladeFlurry","champ:BringItOn","champ:PerfectedStrike+1","champ:RisingSlash","champ:Duel"],"relics":["champ:ChampionCrown","Gremlin Horn","conspire:GlowingRock","hubris:Icosahedron","champ:DefensiveTrainingManual"],"acts_visited":["Exordium"],"potions_floor_usage":[11,12],"damage_taken":[{"damage":10,"enemies":"Small Slimes","floor":2,"turns":2},{"damage":10,"enemies":"Cultist","floor":4,"turns":3},{"damage":16,"enemies":"Jaw Worm","floor":6,"turns":3},{"damage":77,"enemies":"Lagavulin","floor":8,"turns":5},{"damage":40,"enemies":"downfall:FleeingMerchant","floor":10,"turns":4},{"damage":38,"enemies":"Gremlin Nob","floor":11,"turns":4},{"damage":15,"enemies":"Lots of Slimes","floor":12,"turns":3},{"damage":22,"enemies":"3 Louse","floor":15,"turns":4},{"damage":33,"enemies":"SI_SHIV_ARCHETYPE","floor":16,"turns":4}],"seed_played":"8330908412796784154","potions_obtained":[{"floor":2,"key":"SteroidPotion"},{"floor":6,"key":"FairyPotion"},{"floor":8,"key":"Fire Potion"},{"floor":11,"key":"Block Potion"}],"is_trial":false,"path_per_floor":["R","M","?","M","?","M","T","E","?","$","E","M","R","?","M","B"],"character_chosen":"THE_CHAMP","items_purchased":["champ:BringItOn"],"campfire_rested":0,"item_purchase_floors":[10],"current_hp_per_floor":[63,63,63,63,63,57,57,63,63,53,30,30,30,40,28,0,0,0],"gold":116,"neow_bonus":"THREE_RARE_CARDS","is_daily":false,"chose_seed":false,"campfire_upgraded":2,"win_rate":0.0,"timestamp":1611233058,"path_taken":["R","M","?","?","?","?","T","E","?","$","E","M","R","?","M","BOSS"],"items_purchased_type":["Card"],"build_version":"2020-12-22","purchased_purges":1,"victory":false,"max_hp_per_floor":[90,90,90,90,90,90,90,90,90,90,90,90,90,100,100,100,100,100],"card_choices":[{"not_picked":["champ:Improvising","champ:IgnorePain"],"picked":"champ:TripleStrike","floor":0},{"not_picked":["champ:BerserkersShout","champ:HeartStrike"],"picked":"champ:ShieldWall","floor":2},{"not_picked":["champ:ShieldSlam","champ:Parry"],"picked":"champ:BerserkersShout","floor":4},{"not_picked":["champ:CrownThrow","champ:AdrenalArmor"],"picked":"champ:GladiatorForm","floor":6},{"not_picked":["champ:FlashCut","champ:ShieldWall"],"picked":"champ:PreciseThrust","floor":8},{"not_picked":["champ:AdrenalArmor","champ:DefensiveShout"],"picked":"champ:BladeFlurry","floor":10},{"not_picked":["champ:Shatter","champ:Devastate"],"picked":"champ:PerfectedStrike","floor":11},{"not_picked":["champ:FanOfKnives","champ:PreemptiveStrike"],"picked":"champ:RisingSlash","floor":12},{"not_picked":["champ:DeathBlow","champ:SetATrap"],"picked":"champ:Duel","floor":15}],"player_experience":527415,"relics_obtained":[{"floor":7,"key":"Gremlin Horn"},{"floor":8,"key":"conspire:GlowingRock"},{"floor":11,"key":"champ:DefensiveTrainingManual"}],"event_choices":[],"is_beta":false,"boss_relics":[],"items_purged_floors":[10],"is_endless":false,"potions_floor_spawned":[2,6,8,11],"killed_by":"SI_SHIV_ARCHETYPE","ascension_level":0}}