{"host":"vumwfieg2b2mnrfl","time":1611191542,"event":{"mods":["AchievementEnabler","BaseMod","Minty Spire (QoL Compilation)","Rare Cards Sparkle","Relic Stats"],"gold_per_floor":[112,122,122,122,146,146,165,165,189,189,189],"floor_reached":10,"language":"ENG","playtime":238,"items_purged":[],"score":113,"play_id":"d4b71473-c21d-4c7c-9aaa-e3663042688d","local_time":"20210120191222","is_ascension_mode":true,"campfire_choices":[{"floor":6,"key":"REST"},{"floor":8,"key":"REST"}],"circlet_count":0,"master_deck":["AscendersBane","Strike_G","Strike_G","Strike_G","Strike_G","Defend_G","Defend_G","Defend_G","Defend_G","Survivor","Neutralize","Crippling Poison","Noxious Fumes","Injury","Decay","Backflip","Malaise"],"relics":["Empty Cage","Golden Idol","Juzu Bracelet"],"acts_visited":["Exordium"],"potions_floor_usage":[10],"damage_taken":[{"damage":6,"enemies":"Small Slimes","floor":1,"turns":4},{"damage":4,"enemies":"Jaw Worm","floor":2,"turns":5},{"damage":11,"enemies":"Cultist","floor":5,"turns":5},{"damage":19,"enemies":"3 Louse","floor":7,"turns":4},{"damage":57,"enemies":"Gremlin Nob","floor":10,"turns":6}],"seed_played":"1237636903275813110","potions_obtained":[{"floor":1,"key":"Energy Potion"},{"floor":2,"key":"Poison Potion"}],"is_trial":false,"path_per_floor":["M","M","?","?","M","R","M","R","T","E"],"character_chosen":"THE_SILENT","items_purchased":[],"campfire_rested":2,"item_purchase_floors":[],"current_hp_per_floor":[53,49,49,49,38,57,38,57,57,0,0],"gold":189,"neow_bonus":"BOSS_RELIC","is_daily":false,"chose_seed":false,"campfire_upgraded":0,"win_rate":0.0,"timestamp":1611191542,"path_taken":["M","M","?","?","M","R","?","R","T","E"],"items_purchased_type":[],"build_version":"2020-12-22","purchased_purges":0,"victory":false,"max_hp_per_floor":[66,66,66,66,66,66,66,66,66,66,66],"relic_stats":{"counters":[5,24],"Golden Idol":9,"Juzu Bracelet":0,"obtain_stats":[{"Golden Idol":3,"Juzu Bracelet":9,"Empty Cage":0,"Ring of the Snake":0},{"Golden Idol":2,"Juzu Bracelet":4,"Empty Cage":0,"Ring of the Snake":0},{"Golden Idol":9,"Juzu Bracelet":18,"Empty Cage":0,"Ring of the Snake":0}]},"card_choices":[{"not_picked":["Dodge and Roll","Blur"],"picked":"Crippling Poison","floor":1},{"not_picked":["Expertise","Sucker Punch"],"picked":"Noxious Fumes","floor":2},{"not_picked":["Calculated Gamble","Dagger Throw"],"picked":"Backflip","floor":5},{"not_picked":["All Out Attack","Sucker Punch"],"picked":"Malaise","floor":7}],"player_experience":447144,"relics_obtained":[{"floor":9,"key":"Juzu Bracelet"}],"event_choices":[{"damage_healed":0,"gold_gain":0,"player_choice":"Take Wound","damage_taken":0,"relics_obtained":["Golden Idol"],"max_hp_gain":0,"max_hp_loss":0,"event_name":"Golden Idol","floor":3,"gold_loss":0,"cards_obtained":["Injury"]},{"damage_healed":0,"gold_gain":0,"player_choice":"Cursed","damage_taken":0,"max_hp_gain":0,"max_hp_loss":0,"event_name":"Wheel of Change","floor":4,"gold_loss":0,"cards_obtained":["Decay"]}],"is_beta":false,"boss_relics":[],"items_purged_floors":[],"is_endless":false,"potions_floor_spawned":[1,2],"killed_by":"Gremlin Nob","ascension_level":19}}