{"host":"szp1d6dso4pv7ddl","time":1611210395,"event":{"mods":["AchievementEnabler","Alarm Clock","BaseMod","Bestiary","Block Reminder","Colored Map","Colored Powertips","Curses Come First","Dark Map","Displayed Cursed Tome","Highlight Path","Minty Spire (QoL Compilation)","Permanent Neow","Quick Restart","Relic Sorter","Relic Stats","StSLib","Synergy Search"],"gold_per_floor":[113,113,123,134,99,99,123,123,149,149,68,86,105,121,121,121,121],"floor_reached":16,"language":"ENG","playtime":552,"items_purged":[],"score":170,"play_id":"ddda631e-ab9e-4491-8906-1f8a70a64799","local_time":"20210120222635","is_ascension_mode":true,"campfire_choices":[{"data":"Envenom","floor":6,"key":"SMITH"},{"data":"Cloak And Dagger","floor":8,"key":"SMITH"},{"data":"Neutralize","floor":10,"key":"SMITH"},{"data":"Cloak And Dagger","floor":15,"key":"SMITH"}],"circlet_count":0,"master_deck":["AscendersBane","Strike_G","Strike_G","Strike_G","Strike_G","Strike_G","Defend_G+1","Defend_G","Defend_G+1","Defend_G","Survivor","Neutralize+1","Envenom+1","Cloak And Dagger+1","Adrenaline","Poisoned Stab","Backflip","Crippling Poison","Cloak And Dagger+1","Footwork"],"relics":["Ring of the Snake","Anchor","War Paint"],"acts_visited":["Exordium"],"potions_floor_usage":[],"damage_taken":[{"damage":12.0,"enemies":"Jaw Worm","floor":1.0,"turns":4.0},{"damage":3,"enemies":"Cultist","floor":3,"turns":4},{"damage":8,"enemies":"2 Louse","floor":4,"turns":4},{"damage":0,"enemies":"Exordium Thugs","floor":12,"turns":4},{"damage":4,"enemies":"Large Slime","floor":13,"turns":4},{"damage":0,"enemies":"Looter","floor":14,"turns":3},{"damage":57,"enemies":"Slime Boss","floor":16,"turns":8}],"seed_played":"-4130482493855764917","potions_obtained":[{"floor":12,"key":"Ancient Potion"}],"is_trial":false,"path_per_floor":["M","?","M","M","?","R","T","R","T","R","$","M","M","M","R","B"],"character_chosen":"THE_SILENT","items_purchased":["Crippling Poison"],"campfire_rested":0,"item_purchase_floors":[11],"current_hp_per_floor":[47,47,44,36,52,52,52,52,52,52,52,52,48,48,48,0,0],"gold":121,"neow_bonus":"ONE_RANDOM_RARE_CARD","is_daily":false,"chose_seed":false,"campfire_upgraded":4,"win_rate":0.0,"timestamp":1611210395,"path_taken":["M","?","M","?","?","R","?","R","T","R","?","?","M","M","R","BOSS"],"items_purchased_type":["Card"],"build_version":"2020-12-22","purchased_purges":0,"victory":false,"max_hp_per_floor":[66,66,66,66,66,66,66,66,66,66,66,66,66,66,66,66,66],"relic_stats":{"counters":[7,31],"War Paint":["Defend_G","Defend_G"],"obtain_stats":[{"Anchor":7,"War Paint":9,"Ring of the Snake":0},{"Anchor":3,"War Paint":3,"Ring of the Snake":0},{"Anchor":12,"War Paint":12,"Ring of the Snake":0}],"Ring of the Snake":[14]},"card_choices":[{"not_picked":["Deflect","Concentrate"],"picked":"Cloak And Dagger","floor":1.0},{"not_picked":["Acrobatics","Cloak And Dagger"],"picked":"Poisoned Stab","floor":3},{"not_picked":["Deadly Poison","Deflect"],"picked":"Backflip","floor":4},{"not_picked":["Tactician","Flying Knee"],"picked":"Cloak And Dagger","floor":12},{"not_picked":["PiercingWail","Flying Knee","Prepared"],"picked":"SKIP","floor":13},{"not_picked":["Tactician","Calculated Gamble"],"picked":"Footwork","floor":14}],"player_experience":1253805,"relics_obtained":[{"floor":7,"key":"Anchor"},{"floor":9,"key":"War Paint"}],"event_choices":[{"damage_healed":0.0,"max_hp_gain":0.0,"max_hp_loss":0.0,"gold_gain":0.0,"cards_transformed":["Defend_G"],"event_name":"Transmorgrifier","player_choice":"Transformed","floor":2.0,"gold_loss":0.0,"damage_taken":0.0,"cards_obtained":["Adrenaline"]},{"damage_healed":16,"gold_gain":0,"player_choice":"Healed","damage_taken":0,"max_hp_gain":0,"max_hp_loss":0,"event_name":"The Cleric","floor":5,"gold_loss":35}],"is_beta":false,"boss_relics":[],"items_purged_floors":[],"is_endless":false,"potions_floor_spawned":[12],"killed_by":"Slime Boss","ascension_level":17}}