{"host":"atu1skz5iq69e5lr","time":1611247756,"event":{"mods":["AchievementEnabler","Aspiration","BaseMod","Better Third Choice","Colored Map","Conspire","Evolution","Friendly Minions","Halation","Highlight Path","Hubris","Infinite Spire","Keyboard Shortcuts","Lobotomy","Minty Spire (QoL Compilation)","Replay The Spire","Shop Mod","StSLib"],"gold_per_floor":[111,111,124,142,67,67,87,87,114,145,145,177,77,111,111,226,226,245,245,264,266,266,290,290],"floor_reached":23,"language":"ENG","playtime":1188,"items_purged":["Barrage","Cold Snap","Sweeping Beam+1"],"score":197,"play_id":"e2371a25-7723-428a-be32-9ec6030bd711","local_time":"20210121174916","is_ascension_mode":false,"campfire_choices":[{"data":"Zap","floor":6,"key":"SMITH"},{"data":"Loop","floor":11,"key":"SMITH"},{"data":"conspire:SharedLibrary","floor":15,"key":"SMITH"}],"circlet_count":0,"master_deck":["Ball Lightning+1","Defend_B","Defend_B","Defend_B","Defend_B","Zap+1","Dualcast+1","OldLady","Alriune","Loop+1","RedShoes","conspire:SharedLibrary+1","Self Repair","Echo Form","Woodsman","infinitespire:Starlight","infinitespire:Execution"],"relics":["Cracked Core","EVO:Axolotl","CogitoBucket","Dream Catcher","Pantograph","halation:IllGainedPizza","Whetstone","Inserter","SkinProphecy","infinitespire:Midas Blood","hubris:ScarierMask"],"acts_visited":["Exordium","TheCity"],"potions_floor_usage":[16,23,23],"damage_taken":[{"damage":0,"enemies":"2 Louse","floor":1,"turns":2},{"damage":0,"enemies":"Cultist","floor":3,"turns":2},{"damage":1,"enemies":"Jaw Worm","floor":4,"turns":3},{"damage":0,"enemies":"2 Fungi Beasts","floor":7,"turns":2},{"damage":18,"enemies":"conspire:MimicChest","floor":10,"turns":4},{"damage":10,"enemies":"3 Sentries","floor":12,"turns":4},{"damage":21,"enemies":"Lagavulin","floor":14,"turns":5},{"damage":35,"enemies":"The Guardian","floor":16,"turns":8},{"damage":26,"enemies":"Chosen","floor":18,"turns":3},{"damage":26,"enemies":"2 Thieves","floor":20,"turns":4},{"damage":70,"enemies":"Gremlin Leader","floor":23,"turns":5}],"seed_played":"-6844707873829059667","potions_obtained":[{"floor":3,"key":"Energy Potion"},{"floor":4,"key":"Dexterity Potion"},{"floor":7,"key":"SkillPotion"}],"is_trial":false,"path_per_floor":["M","?","M","M","$","R","M","?","T","?","R","E","$","E","R","B",null,"M","AVR","M","?","?","E"],"character_chosen":"DEFECT","items_purchased":[],"campfire_rested":0,"item_purchase_floors":[],"current_hp_per_floor":[75,75,75,74,74,74,74,74,74,56,56,46,46,25,25,22,75,66,66,52,38,38,0,0],"gold":290,"neow_bonus":"","is_daily":false,"chose_seed":false,"campfire_upgraded":3,"win_rate":0.0,"timestamp":1611247756,"path_taken":["M","?","M","M","$","R","?","?","T","?","R","E","$","E","R","BOSS","M","AVR","M","?","?","E"],"items_purchased_type":[],"build_version":"2020-12-22","purchased_purges":3,"victory":false,"max_hp_per_floor":[75,75,75,75,75,75,75,75,75,75,75,75,75,75,75,75,75,75,75,77,82,82,84,84],"card_choices":[{"not_picked":["PunishingBird","MeatLantern"],"picked":"OldLady","floor":1},{"not_picked":["Stack","Streamline","Beam Cell"],"picked":"SKIP","floor":1},{"not_picked":["Stack","Streamline","Beam Cell"],"picked":"SKIP","floor":1},{"not_picked":["Conserve Battery","Undo","Sweeping Beam"],"picked":"SKIP","floor":3},{"not_picked":["CrumblingArmor","FairyFestival"],"picked":"Alriune","floor":3},{"not_picked":["Conserve Battery","Undo","Sweeping Beam"],"picked":"SKIP","floor":3},{"not_picked":["Conserve Battery","Undo","Sweeping Beam"],"picked":"SKIP","floor":3},{"not_picked":["Steam","Coolheaded","ReplayTheSpireMod:Reroute Power"],"picked":"SKIP","floor":4},{"not_picked":["Streamline","Beam Cell"],"picked":"Loop","floor":7},{"not_picked":["ShyLook","UniverseFragment"],"picked":"RedShoes","floor":10},{"not_picked":["Barrage","Genetic Algorithm"],"picked":"conspire:SharedLibrary","floor":12},{"not_picked":["Turbo","Compile Driver"],"picked":"Self Repair","floor":14},{"not_picked":["Meteor Strike","Fission"],"picked":"Echo Form","floor":16},{"not_picked":["Scorched","Wellcheers"],"picked":"Woodsman","floor":16},{"not_picked":["Doom and Gloom+1","Reprogram","Hello World"],"picked":"SKIP","floor":18},{"not_picked":["Panic Button","ReplayTheSpireMod:Dual Polarity","Lockon+1"],"picked":"SKIP","floor":20}],"player_experience":24131,"relics_obtained":[{"floor":9,"key":"Dream Catcher"},{"floor":10,"key":"Pantograph"},{"floor":12,"key":"halation:IllGainedPizza"},{"floor":14,"key":"Whetstone"}],"event_choices":[{"damage_healed":0,"gold_gain":0,"player_choice":"Ignored","damage_taken":0,"max_hp_gain":0,"max_hp_loss":0,"event_name":"NoteForYourself","floor":2,"gold_loss":0},{"damage_healed":0,"gold_gain":0,"player_choice":"Shed Blood","damage_taken":19,"max_hp_gain":5,"max_hp_loss":0,"event_name":"Forgotten Altar","floor":21,"gold_loss":0},{"damage_healed":0,"gold_gain":0,"player_choice":"Ignored","damage_taken":0,"max_hp_gain":0,"max_hp_loss":0,"event_name":"Vampires","floor":22,"gold_loss":0}],"is_beta":false,"boss_relics":[{"not_picked":["ReplayTheSpireMod:DimensionalGlitch","aspiration:SecretTechniqueScroll"],"picked":"Inserter"}],"items_purged_floors":[5,13,19],"is_endless":false,"potions_floor_spawned":[3,4,7,12],"killed_by":"Gremlin Leader","ascension_level":0}}