{"host":"344lv32hnei0mdhu","time":1611269795,"event":{"mods":["Act Like it!","BaseMod","Better Match","Better Sensory Stone","Better Skull","Better Third Choice","Better Vampires","Colored Powertips","Highlight Path","Minty Spire (QoL Compilation)","Quick Restart","Random Character Button","Rare Cards Sparkle","StSLib"],"gold_per_floor":[118,131,131,160,169,213,234,109,109,72,72,93,58,80,80,189,189,216,166,186,206,227,227,271,271,342,342,342],"floor_reached":27,"language":"ENG","playtime":788,"items_purged":["Strike_G"],"score":353,"play_id":"2ea95381-b1fd-40ca-afb3-5b1a1e241372","local_time":"20210121165635","is_ascension_mode":true,"campfire_choices":[{"floor":11,"key":"REST"},{"floor":15,"key":"REST"},{"floor":23,"key":"REST"},{"floor":25,"key":"REST"}],"circlet_count":0,"master_deck":["AscendersBane","Strike_G","Strike_G","Strike_G","Strike_G","Defend_G","Defend_G","Defend_G","Defend_G","Defend_G","Survivor","Neutralize","Predator","Accuracy","Dramatic Entrance","Accuracy","All Out Attack","Backstab","Footwork","Blade Dance","After Image","Deflect","Malaise","PiercingWail","Footwork","Footwork+1","Leg Sweep","Wraith Form v2"],"relics":["Ring of the Snake","NeowsBlessing","CeramicFish","StrikeDummy","Smiling Mask","WristBlade","Centennial Puzzle","Bottled Lightning"],"acts_visited":["Exordium","TheCity"],"potions_floor_usage":[7,16,22,27,27],"damage_taken":[{"damage":0,"enemies":"Jaw Worm","floor":1,"turns":1},{"damage":0,"enemies":"2 Louse","floor":2,"turns":1},{"damage":0,"enemies":"Small Slimes","floor":4,"turns":1},{"damage":32,"enemies":"Gremlin Nob","floor":6,"turns":5},{"damage":15,"enemies":"Exordium Wildlife","floor":7,"turns":4},{"damage":11,"enemies":"Looter","floor":12,"turns":3},{"damage":0,"enemies":"Gremlin Gang","floor":14,"turns":2},{"damage":21,"enemies":"The Guardian","floor":16,"turns":12},{"damage":23,"enemies":"Shell Parasite","floor":18,"turns":5},{"damage":7,"enemies":"3 Byrds","floor":20,"turns":5},{"damage":14,"enemies":"Cultist and Chosen","floor":21,"turns":10},{"damage":0,"enemies":"Sentry and Sphere","floor":22,"turns":2},{"damage":37,"enemies":"Slavers","floor":24,"turns":6},{"damage":26,"enemies":"Gremlin Leader","floor":27,"turns":4}],"seed_played":"-204603342787388549","potions_obtained":[{"floor":4,"key":"DuplicationPotion"},{"floor":6,"key":"Regen Potion"},{"floor":14,"key":"Energy Potion"},{"floor":16,"key":"FearPotion"},{"floor":21,"key":"Fire Potion"},{"floor":24,"key":"FearPotion"}],"is_trial":false,"path_per_floor":["M","M","?","M","?","E","M","$","T","$","R","M","?","M","R","B",null,"M","$","M","M","M","R","E","R","T","E"],"character_chosen":"THE_SILENT","items_purchased":["Backstab","Footwork","Blade Dance"],"campfire_rested":4,"item_purchase_floors":[8,8,10],"current_hp_per_floor":[63,63,56,56,56,24,21,21,21,21,42,31,48,48,69,48,65,42,42,35,21,21,42,5,26,26,0,0],"gold":342,"neow_bonus":"THREE_ENEMY_KILL","is_daily":false,"chose_seed":false,"campfire_upgraded":0,"win_rate":0.0,"timestamp":1611269795,"path_taken":["M","M","?","M","?","E","M","$","T","$","R","M","?","M","R","BOSS","M","$","M","M","M","R","E","R","T","E"],"items_purchased_type":["Card","Card","Card"],"build_version":"2020-12-22","purchased_purges":1,"victory":false,"max_hp_per_floor":[70,70,70,70,70,70,70,70,70,70,70,70,70,70,70,70,70,70,70,70,70,70,70,70,70,70,70,70],"card_choices":[{"not_picked":["Dagger Throw","Setup"],"picked":"Predator","floor":1},{"not_picked":["Acrobatics","Bouncing Flask","Outmaneuver"],"picked":"SKIP","floor":2},{"not_picked":["PiercingWail","Sucker Punch"],"picked":"Accuracy","floor":4},{"not_picked":["Jack Of All Trades","Sadistic Nature"],"picked":"Dramatic Entrance","floor":5},{"not_picked":["Bullet Time","Prepared"],"picked":"Accuracy","floor":6},{"not_picked":["Dagger Throw","Flying Knee"],"picked":"All Out Attack","floor":7},{"not_picked":["Tactician","Dagger Spray"],"picked":"After Image","floor":12},{"not_picked":["Dagger Throw","Prepared"],"picked":"Deflect","floor":14},{"not_picked":["Die Die Die","Grand Finale"],"picked":"Malaise","floor":16},{"not_picked":["Prepared","Cloak And Dagger"],"picked":"PiercingWail","floor":18},{"not_picked":["Sucker Punch","Eviscerate+1"],"picked":"Footwork","floor":20},{"not_picked":["Deadly Poison","Sucker Punch"],"picked":"Footwork+1","floor":21},{"not_picked":["Bouncing Flask","Deadly Poison"],"picked":"Leg Sweep","floor":22},{"not_picked":["Blur","Dagger Throw"],"picked":"Wraith Form v2","floor":24}],"player_experience":370654,"relics_obtained":[{"floor":6,"key":"StrikeDummy"},{"floor":9,"key":"Smiling Mask"},{"floor":24,"key":"Centennial Puzzle"},{"floor":26,"key":"Bottled Lightning"}],"event_choices":[{"damage_healed":0,"gold_gain":0,"player_choice":"Relic ","damage_taken":7,"max_hp_gain":0,"max_hp_loss":0,"event_name":"betterThird:BetterScrap","floor":3,"gold_loss":0,"cards_obtained":["Sever Soul"]},{"damage_healed":0,"gold_gain":1,"player_choice":"1","damage_taken":0,"max_hp_gain":0,"max_hp_loss":0,"event_name":"betterStone:BetterStone","floor":5,"gold_loss":0},{"damage_healed":17,"gold_gain":0,"player_choice":"Healed","damage_taken":0,"max_hp_gain":0,"max_hp_loss":0,"event_name":"The Cleric","floor":13,"gold_loss":35}],"is_beta":false,"boss_relics":[{"not_picked":["Tiny House","Ectoplasm"],"picked":"WristBlade"}],"items_purged_floors":[19],"is_endless":false,"potions_floor_spawned":[4,6,14,16,21,24],"killed_by":"Gremlin Leader","ascension_level":10}}