{"host":"skr63qsdfgeey3it","time":1611188632,"event":{"mods":["BaseMod","Colored Map","Hubris","Minty Spire (QoL Compilation)","Replay The Spire","Spicy Shops","StSLib"],"gold_per_floor":[20,38,38,51,326,326,336,336,417,22,42,71,119,148,148,148,148],"floor_reached":16,"language":"ENG","playtime":662,"items_purged":["Regret"],"score":216,"play_id":"bc09570c-fcfc-4536-a7b8-b0aa2d164b99","local_time":"20210120182352","is_ascension_mode":true,"campfire_choices":[{"data":"Night Terror","floor":6,"key":"SMITH"},{"floor":8,"key":"REST"},{"floor":15,"key":"REST"}],"circlet_count":0,"master_deck":["AscendersBane","Strike_G","Strike_G","Strike_G","Strike_G","Strike_G","Defend_G","Defend_G","Defend_G","Defend_G","Defend_G","Survivor","Neutralize","A Thousand Cuts+1","Blade Dance","Flying Knee","Neutralize","Flying Knee","Night Terror+1","Dash","Bullet Time","ReplayTheSpireMod:Shiv Toss","Acrobatics"],"relics":["Ring of the Snake","HornCleat","Regal Pillow","PreservedInsect","Gremlin Food","Replay:PocketPolymizer"],"acts_visited":["Exordium"],"potions_floor_usage":[7,12,14],"damage_taken":[{"damage":1,"enemies":"Cultist","floor":1,"turns":5},{"damage":1,"enemies":"2 Louse","floor":2,"turns":3},{"damage":4,"enemies":"Small Slimes","floor":4,"turns":3},{"damage":54,"enemies":"Gremlin Gang","floor":7,"turns":5},{"damage":0,"enemies":"Exordium Wildlife","floor":11,"turns":3},{"damage":22,"enemies":"Gremlin Nob","floor":12,"turns":5},{"damage":0,"enemies":"3 Sentries","floor":14,"turns":4},{"damage":49,"enemies":"Fading Forest","floor":16,"turns":7}],"seed_played":"-5396111236778361765","potions_obtained":[{"floor":4,"key":"Reflective Coating"},{"floor":7,"key":"LifebloodPotion"},{"floor":12,"key":"Explosive Potion"}],"is_trial":false,"path_per_floor":["M","M","?","M","?","R","M","R","T","$","M","E","T","E","R","B"],"character_chosen":"THE_SILENT","items_purchased":["Bullet Time","Regal Pillow"],"campfire_rested":2,"item_purchase_floors":[10,10],"current_hp_per_floor":[62,61,61,57,57,57,3,24,24,24,24,2,2,2,38,0,0],"gold":148,"neow_bonus":"THREE_RARE_CARDS","is_daily":false,"chose_seed":false,"campfire_upgraded":1,"win_rate":0.0,"timestamp":1611188632,"path_taken":["M","?","?","?","?","R","?","R","T","$","M","E","?","E","R","BOSS"],"items_purchased_type":["Card","Relic"],"build_version":"2020-12-22","purchased_purges":1,"victory":false,"max_hp_per_floor":[70,70,70,70,70,70,70,70,70,70,70,70,70,70,70,70,70],"card_choices":[{"not_picked":["Replay:Bag of Tricks","Glass Knife"],"picked":"A Thousand Cuts","floor":0},{"not_picked":["Deflect","Escape Plan"],"picked":"Blade Dance","floor":1},{"not_picked":["Bane","Poisoned Stab"],"picked":"Flying Knee","floor":2},{"not_picked":["Deadly Poison","Flying Knee"],"picked":"Night Terror","floor":4},{"not_picked":["Quick Slash","Sucker Punch"],"picked":"Dash","floor":7},{"not_picked":["Catalyst","Dash"],"picked":"ReplayTheSpireMod:Shiv Toss","floor":11},{"not_picked":["Bane","ReplayTheSpireMod:Exploit Weakness","ReplayTheSpireMod:The Works"],"picked":"SKIP","floor":12},{"not_picked":["Bane","Hidden Blade"],"picked":"Acrobatics","floor":14}],"player_experience":783371,"relics_obtained":[{"floor":9,"key":"HornCleat"},{"floor":12,"key":"PreservedInsect"},{"floor":13,"key":"Gremlin Food"},{"floor":14,"key":"Replay:PocketPolymizer"}],"event_choices":[{"damage_healed":0,"gold_gain":0,"player_choice":"2 cards matched","damage_taken":0,"max_hp_gain":0,"max_hp_loss":0,"event_name":"Match and Keep!","floor":3,"gold_loss":0,"cards_obtained":["Neutralize","Flying Knee"]},{"damage_healed":0,"gold_gain":275,"player_choice":"Desecrate","damage_taken":0,"max_hp_gain":0,"max_hp_loss":0,"event_name":"Golden Shrine","floor":5,"gold_loss":0,"cards_obtained":["Regret"]}],"is_beta":false,"boss_relics":[],"items_purged_floors":[10],"is_endless":false,"potions_floor_spawned":[4,7,12],"killed_by":"Fading Forest","ascension_level":12}}