{"host":"sc0o2qwpf9j16a4i","time":1611234576,"event":{"mods":["AchievementEnabler","BaseMod","BetterRewards","Block Reminder","Colored Map","Colored Powertips","Custom Start","Highlight Path","Minty Spire (QoL Compilation)","Relic Stats"],"gold_per_floor":[118,118,128,142,67,98,98,124,200,200,200,216,227,242,242,319,319,329,343,3,36,36,36,62,62,62,62,23,56,72,82,82,154,154,168,218,231,247,247,266,266,298,322,322,91,126,139,174,174,174,174,174,174,13,39,39,39],"floor_reached":56,"language":"ENG","playtime":4068,"items_purged":["Strike_R","Decay","Strike_R"],"score":2520,"play_id":"296cf410-a51d-4daf-a64c-8b1909b11822","local_time":"20210121150936","is_ascension_mode":true,"campfire_choices":[{"floor":10,"key":"REST"},{"floor":15,"key":"REST"},{"data":"Warcry","floor":23,"key":"SMITH"},{"data":"Combust","floor":25,"key":"SMITH"},{"data":"Shockwave","floor":27,"key":"SMITH"},{"data":"Shockwave","floor":32,"key":"SMITH"},{"floor":44,"key":"RECALL"},{"data":"True Grit","floor":49,"key":"SMITH"},{"data":"Limit Break","floor":53,"key":"SMITH"}],"circlet_count":0,"master_deck":["AscendersBane","Defend_R","Defend_R","Defend_R","Bash","Apotheosis+1","Clothesline","Combust+1","Shockwave+1","Thunderclap","Dark Embrace+1","Rupture+1","Reaper","Corruption+1","Clothesline+1","Juggernaut+1","Fire Breathing+1","Warcry+1","Feel No Pain+1","Exhume","Shrug It Off","Shockwave+1","Exhume","Shrug It Off","Spot Weakness+1","True Grit+1","Sentinel+1","Body Slam","Bloodletting","Limit Break+1","Flame Barrier","Disarm"],"relics":["Burning Blood","Red Skull","Charon\u0027s Ashes","PreservedInsect","Frozen Egg 2","Paper Frog","Astrolabe","Red Mask","Eternal Feather","Mango","Potion Belt","Runic Pyramid","Calipers","Oddly Smooth Stone","Kunai","Ancient Tea Set","Ornamental Fan"],"acts_visited":["Exordium","TheCity","TheBeyond","TheEnding"],"potions_floor_usage":[6,8,14,21,31,33,33,33,37,46,56,56,56,56],"damage_taken":[{"damage":5,"enemies":"2 Louse","floor":1,"turns":4},{"damage":3,"enemies":"Cultist","floor":3,"turns":4},{"damage":4,"enemies":"Small Slimes","floor":4,"turns":4},{"damage":26,"enemies":"3 Sentries","floor":6,"turns":8},{"damage":19,"enemies":"Lagavulin","floor":8,"turns":6},{"damage":8,"enemies":"Blue Slaver","floor":12,"turns":4},{"damage":4,"enemies":"Looter","floor":13,"turns":4},{"damage":6,"enemies":"Gremlin Gang","floor":14,"turns":2},{"damage":43,"enemies":"Slime Boss","floor":16,"turns":8},{"damage":19,"enemies":"3 Byrds","floor":18,"turns":3},{"damage":44,"enemies":"Shell Parasite","floor":19,"turns":7},{"damage":19,"enemies":"Masked Bandits","floor":21,"turns":4},{"damage":57,"enemies":"Gremlin Leader","floor":24,"turns":6},{"damage":48,"enemies":"Book of Stabbing","floor":29,"turns":6},{"damage":4,"enemies":"Chosen and Byrds","floor":30,"turns":4},{"damage":15,"enemies":"Centurion and Healer","floor":31,"turns":4},{"damage":32,"enemies":"Champ","floor":33,"turns":13},{"damage":8,"enemies":"3 Shapes","floor":35,"turns":3},{"damage":37,"enemies":"3 Darklings","floor":37,"turns":4},{"damage":4,"enemies":"Maw","floor":38,"turns":7},{"damage":11,"enemies":"Spire Growth","floor":40,"turns":5},{"damage":24,"enemies":"Giant Head","floor":42,"turns":7},{"damage":18,"enemies":"Reptomancer","floor":46,"turns":4},{"damage":7,"enemies":"Jaw Worm Horde","floor":47,"turns":3},{"damage":4,"enemies":"Nemesis","floor":48,"turns":5},{"damage":81,"enemies":"Awakened One","floor":50,"turns":10},{"damage":65,"enemies":"Time Eater","floor":51,"turns":11},{"damage":69,"enemies":"Shield and Spear","floor":55,"turns":4},{"damage":46,"enemies":"The Heart","floor":56,"turns":3}],"seed_played":"-4040731500242278742","potions_obtained":[{"floor":1,"key":"SpeedPotion"},{"floor":3,"key":"PowerPotion"},{"floor":8,"key":"Weak Potion"},{"floor":12,"key":"AttackPotion"},{"floor":14,"key":"Dexterity Potion"},{"floor":29,"key":"DistilledChaos"},{"floor":31,"key":"EntropicBrew"},{"floor":33,"key":"Dexterity Potion"},{"floor":38,"key":"BlessingOfTheForge"},{"floor":46,"key":"Explosive Potion"},{"floor":47,"key":"DuplicationPotion"}],"is_trial":false,"path_per_floor":["M","?","M","M","?","E","?","E","T","R","?","M","M","M","R","B",null,"M","M","$","?","?","R","E","R","T","R","$","E","M","M","R","B",null,"M","?","M","M","?","M","T","E","T","R","$","E","M","E","R","B","B",null,"R","$","E","B"],"character_chosen":"IRONCLAD","items_purchased":["Apotheosis","Red Skull","Feel No Pain+1","Exhume","DuplicationPotion","Shockwave","Bloodletting","PowerPotion","Disarm"],"campfire_rested":2,"item_purchase_floors":[0,0,20,20,20,28,45,45,54],"current_hp_per_floor":[48,48,51,53,53,33,33,20,20,42,42,40,42,42,64,27,63,50,40,40,74,74,74,73,75,89,89,89,55,57,72,87,89,89,89,89,74,89,89,89,89,89,89,89,89,77,78,89,89,89,89,89,89,89,89,43,43],"gold":39,"neow_bonus":"","is_daily":false,"chose_seed":false,"campfire_upgraded":6,"win_rate":0.0,"timestamp":1611234576,"path_taken":["M","?","M","?","?","E","?","E","T","R","?","M","?","M","R","BOSS","M","M","$","?","?","R","E","R","T","R","$","E","M","M","R","BOSS","M","?","M","?","?","?","?","E","T","R","$","E","M","E","R","BOSS","BOSS","R","$","E","BOSS"],"items_purchased_type":["Card","Relic","Card","Card","Potion","Card","Card","Potion","Card"],"build_version":"2020-12-22","purchased_purges":3,"victory":false,"max_hp_per_floor":[75,75,75,75,75,75,75,75,75,75,75,75,75,75,75,75,75,75,75,75,75,75,75,75,75,89,89,89,89,89,89,89,89,89,89,89,89,89,89,89,89,89,89,89,89,89,89,89,89,89,89,89,89,89,89,89,89],"relic_stats":{"counters":[154,782],"Ornamental Fan":[0],"Astrolabe":["Clothesline","Juggernaut","Fire Breathing"],"Eternal Feather":17,"Charon\u0027s Ashes":[948],"PreservedInsect":409,"Kunai":[3],"obtain_stats":[{"Calipers":26,"Gremlin Horn":24,"CeramicFish":14,"Ginger":6,"Bottled Tornado":30,"Boot":41,"Sling":0,"Sozu":34,"Lizard Tail":11,"HornCleat":7,"Sundial":47,"MealTicket":26,"Philosopher\u0027s Stone":17,"Fusion Hammer":17,"Necronomicon":21,"Kunai":46,"Pear":21,"Happy Flower":9,"Astrolabe":17,"Oddly Smooth Stone":31,"Eternal Feather":0,"Pen Nib":14,"Charon\u0027s Ashes":41,"War Paint":20,"Question Card":45,"OrangePellets":30,"SlaversCollar":34,"Brimstone":0,"Molten Egg 2":0,"Black Star":17,"Meat on the Bone":23,"Darkstone Periapt":11,"Lantern":26,"Regal Pillow":44,"Singing Bowl":0,"Magic Flower":7,"Mango":31,"Bag of Preparation":22,"Juzu Bracelet":24,"Ancient Tea Set":11,"Burning Blood":0,"SsserpentHead":3,"Matryoshka":24,"Tiny Chest":7,"Red Mask":28,"Chemical X":22,"Red Skull":9,"Runic Pyramid":34,"Paper Frog":11,"Potion Belt":31,"Golden Idol":10,"Self Forming Clay":0,"The Courier":28,"PreservedInsect":7,"Omamori":31,"Orichalcum":20,"Frozen Egg 2":28,"Odd Mushroom":13,"Medical Kit":0,"Anchor":0,"Busted Crown":0,"Ornamental Fan":9,"Bag of Marbles":7,"Art of War":44,"Membership Card":4,"Toy Ornithopter":3},{"Calipers":69,"Gremlin Horn":14,"CeramicFish":25,"Ginger":37,"Bottled Tornado":71,"Boot":54,"Sling":81,"Sozu":49,"Lizard Tail":6,"HornCleat":22,"Sundial":79,"MealTicket":15,"Philosopher\u0027s Stone":26,"Fusion Hammer":121,"Necronomicon":45,"Kunai":148,"Pear":123,"Happy Flower":22,"Astrolabe":89,"Oddly Smooth Stone":34,"Eternal Feather":98,"Pen Nib":9,"Charon\u0027s Ashes":77,"War Paint":28,"Question Card":55,"OrangePellets":33,"SlaversCollar":95,"Brimstone":35,"Molten Egg 2":56,"Black Star":10,"Meat on the Bone":30,"Darkstone Periapt":38,"Lantern":45,"Regal Pillow":54,"Singing Bowl":17,"Magic Flower":86,"Mango":48,"Bag of Preparation":13,"Juzu Bracelet":14,"Ancient Tea Set":105,"Burning Blood":0,"SsserpentHead":83,"Matryoshka":69,"Tiny Chest":61,"Red Mask":47,"Chemical X":45,"Red Skull":4,"Runic Pyramid":72,"Paper Frog":130,"Potion Belt":16,"Golden Idol":22,"Self Forming Clay":81,"The Courier":69,"PreservedInsect":102,"Omamori":16,"Orichalcum":12,"Frozen Egg 2":69,"Odd Mushroom":107,"Medical Kit":17,"Anchor":35,"Busted Crown":0,"Ornamental Fan":86,"Bag of Marbles":4,"Art of War":78,"Membership Card":36,"Toy Ornithopter":58},{"Calipers":271,"Gremlin Horn":57,"CeramicFish":101,"Ginger":169,"Bottled Tornado":280,"Boot":223,"Sling":338,"Sozu":204,"Lizard Tail":20,"HornCleat":91,"Sundial":328,"MealTicket":62,"Philosopher\u0027s Stone":111,"Fusion Hammer":601,"Necronomicon":190,"Kunai":746,"Pear":611,"Happy Flower":91,"Astrolabe":396,"Oddly Smooth Stone":150,"Eternal Feather":476,"Pen Nib":29,"Charon\u0027s Ashes":316,"War Paint":119,"Question Card":227,"OrangePellets":143,"SlaversCollar":454,"Brimstone":162,"Molten Egg 2":229,"Black Star":39,"Meat on the Bone":128,"Darkstone Periapt":172,"Lantern":190,"Regal Pillow":223,"Singing Bowl":71,"Magic Flower":363,"Mango":198,"Bag of Preparation":51,"Juzu Bracelet":57,"Ancient Tea Set":502,"Burning Blood":0,"SsserpentHead":348,"Matryoshka":271,"Tiny Chest":244,"Red Mask":194,"Chemical X":190,"Red Skull":13,"Runic Pyramid":290,"Paper Frog":651,"Potion Belt":66,"Golden Idol":91,"Self Forming Clay":338,"The Courier":271,"PreservedInsect":491,"Omamori":66,"Orichalcum":48,"Frozen Egg 2":271,"Odd Mushroom":509,"Medical Kit":71,"Anchor":162,"Busted Crown":0,"Ornamental Fan":363,"Bag of Marbles":13,"Art of War":322,"Membership Card":165,"Toy Ornithopter":234}],"Burning Blood":751},"card_choices":[{"not_picked":["Wild Strike","Sword Boomerang"],"picked":"Clothesline","floor":1},{"not_picked":["Cleave","Iron Wave","Twin Strike"],"picked":"SKIP","floor":3},{"not_picked":["Flame Barrier","Havoc"],"picked":"Combust","floor":4},{"not_picked":["Clash","Double Tap"],"picked":"Shockwave","floor":6},{"not_picked":["Clothesline","Perfected Strike"],"picked":"Thunderclap","floor":8},{"not_picked":["Blood for Blood","Perfected Strike"],"picked":"Dark Embrace+1","floor":12},{"not_picked":["Sword Boomerang","Flex"],"picked":"Rupture+1","floor":13},{"not_picked":["Cleave","Twin Strike"],"picked":"Reaper","floor":14},{"not_picked":["Limit Break","Berserk+1"],"picked":"Corruption+1","floor":16},{"not_picked":["Wild Strike","Iron Wave+1","Perfected Strike"],"picked":"SKIP","floor":18},{"not_picked":["Clothesline","Flex"],"picked":"Warcry","floor":19},{"not_picked":["Brutality+1","Rampage"],"picked":"Shrug It Off","floor":24},{"not_picked":["Thunderclap","Bloodletting"],"picked":"Exhume","floor":29},{"not_picked":["Sword Boomerang","Hemokinesis+1"],"picked":"Shrug It Off","floor":30},{"not_picked":["Metallicize+1","Searing Blow","Headbutt"],"picked":"SKIP","floor":31},{"not_picked":["Sword Boomerang","Heavy Blade","Battle Trance"],"picked":"SKIP","floor":35},{"not_picked":["Flex","Twin Strike+1"],"picked":"Spot Weakness+1","floor":37},{"not_picked":["Cleave","Perfected Strike"],"picked":"True Grit","floor":38},{"not_picked":["Twin Strike+1","Flex"],"picked":"Sentinel+1","floor":40},{"not_picked":["Shockwave+1","Iron Wave+1"],"picked":"Body Slam","floor":42},{"not_picked":["Rage","Dropkick"],"picked":"Limit Break","floor":46},{"not_picked":["Armaments+1","Iron Wave+1","Clash"],"picked":"SKIP","floor":47},{"not_picked":["Power Through","True Grit"],"picked":"Flame Barrier","floor":48},{"not_picked":["Wild Strike","Clothesline+1","Inflame+1"],"picked":"SKIP","floor":55}],"player_experience":831378,"relics_obtained":[{"floor":6,"key":"Charon\u0027s Ashes"},{"floor":8,"key":"PreservedInsect"},{"floor":9,"key":"Frozen Egg 2"},{"floor":21,"key":"Red Mask"},{"floor":24,"key":"Eternal Feather"},{"floor":26,"key":"Mango"},{"floor":29,"key":"Potion Belt"},{"floor":42,"key":"Calipers"},{"floor":43,"key":"Oddly Smooth Stone"},{"floor":46,"key":"Kunai"},{"floor":48,"key":"Ancient Tea Set"},{"floor":55,"key":"Ornamental Fan"}],"event_choices":[{"damage_healed":0,"gold_gain":0,"player_choice":"Upgraded","damage_taken":0,"max_hp_gain":0,"max_hp_loss":0,"event_name":"Upgrade Shrine","floor":2,"gold_loss":0,"cards_upgraded":["Apotheosis"]},{"cards_removed":["Strike_R"],"damage_healed":0,"gold_gain":0,"player_choice":"Card Removal","damage_taken":0,"max_hp_gain":0,"max_hp_loss":0,"event_name":"The Cleric","floor":5,"gold_loss":75},{"damage_healed":0,"gold_gain":0,"player_choice":"Ignored","damage_taken":0,"max_hp_gain":0,"max_hp_loss":0,"event_name":"Liars Game","floor":7,"gold_loss":0},{"damage_healed":0,"gold_gain":0,"player_choice":"Gave Potion","damage_taken":0,"relics_obtained":["Paper Frog"],"max_hp_gain":0,"max_hp_loss":0,"event_name":"WeMeetAgain","floor":11,"gold_loss":0},{"damage_healed":0,"gold_gain":0,"player_choice":"Fought Bandits","damage_taken":0,"max_hp_gain":0,"max_hp_loss":0,"event_name":"Masked Bandits","floor":21,"gold_loss":0},{"damage_healed":0,"gold_gain":0,"player_choice":"Ignored","damage_taken":0,"max_hp_gain":0,"max_hp_loss":0,"event_name":"The Mausoleum","floor":22,"gold_loss":0},{"damage_healed":0,"gold_gain":50,"player_choice":"Pray","damage_taken":0,"max_hp_gain":0,"max_hp_loss":0,"event_name":"Golden Shrine","floor":36,"gold_loss":0},{"damage_healed":0,"gold_gain":0,"player_choice":"Cursed","damage_taken":0,"max_hp_gain":0,"max_hp_loss":0,"event_name":"Wheel of Change","floor":39,"gold_loss":0,"cards_obtained":["Decay"]}],"is_beta":false,"boss_relics":[{"not_picked":["Busted Crown","Runic Cube"],"picked":"Astrolabe"},{"not_picked":["Sozu","Cursed Key"],"picked":"Runic Pyramid"}],"items_purged_floors":[0,45,54],"is_endless":false,"potions_floor_spawned":[1,3,8,12,14,29,31,33,38,46,47,55],"killed_by":"The Heart","ascension_level":20}}