{"host":"rjbqai8ni6dsiu37","time":1611224562,"event":{"mods":["100% Spire Juice","BaseMod","CapriCore","Lobotomy","Minty Spire (QoL Compilation)","StSLib","The Poker Player","WarShipGirlsR/??á´Ò³R mod"],"gold_per_floor":[209,58,6,6,23,23,35,35,35,0,10,45,59,59,59,59,59],"floor_reached":16,"language":"KOR","playtime":366,"items_purged":[],"score":150,"play_id":"a698faf6-0bfc-4922-9951-a21e961ce27b","local_time":"20210121192242","is_ascension_mode":true,"campfire_choices":[{"floor":6,"key":"DIG"},{"floor":8,"key":"DIG"},{"floor":15,"key":"DIG"}],"circlet_count":0,"master_deck":["AscendersBane","rmod:strick","rmod:strick","rmod:strick","rmod:strick","rmod:defend","rmod:defend","rmod:defend","rmod:defend","rmod:basicallowance","rmod:maingunfire","rmod:intelligenceanalysis"],"relics":["rmod:firstchargereward","Bag of Preparation","Shovel","Singing Bowl","Lantern","Girya","Smiling Mask","Blue Candle"],"acts_visited":["Exordium"],"potions_floor_usage":[12,16],"damage_taken":[{"damage":5,"enemies":"Jaw Worm","floor":1,"turns":4},{"damage":0,"enemies":"Cultist","floor":5,"turns":3},{"damage":7,"enemies":"Small Slimes","floor":7,"turns":2},{"damage":8,"enemies":"Blue Slaver","floor":11,"turns":3},{"damage":28,"enemies":"Gremlin Nob","floor":12,"turns":5},{"damage":11,"enemies":"Red Slaver","floor":13,"turns":3},{"damage":22,"enemies":"Hexaghost","floor":16,"turns":9}],"seed_played":"315950324663541950","potions_obtained":[{"floor":5,"key":"SpeedPotion"},{"floor":12,"key":"LiquidMemories"},{"floor":13,"key":"SteroidPotion"}],"is_trial":false,"path_per_floor":["M","$","?","$","M","R","M","R","T","?","M","E","M","?","R","B"],"character_chosen":"PRAEFECT","items_purchased":["Bag of Preparation"],"campfire_rested":0,"item_purchase_floors":[2],"current_hp_per_floor":[63,63,63,63,63,63,58,58,58,77,71,45,36,36,36,14,14],"gold":59,"neow_bonus":"HUNDRED_GOLD","is_daily":false,"chose_seed":false,"campfire_upgraded":0,"win_rate":0.0,"timestamp":1611224562,"path_taken":["M","$","?","?","M","R","?","R","T","?","M","E","M","?","R","BOSS"],"items_purchased_type":["Relic"],"build_version":"2020-12-22","purchased_purges":0,"victory":false,"max_hp_per_floor":[75,75,75,75,75,75,77,77,77,77,79,81,83,83,83,83,83],"card_choices":[{"not_picked":["rmod:ammunitionsupply","rmod:fuelsupply"],"picked":"rmod:intelligenceanalysis","floor":1},{"not_picked":["rmod:wolves","rmod:overbreakdown","rmod:rockthrower"],"picked":"SKIP","floor":5},{"not_picked":["rmod:highspeedshooting","rmod:overbreakdown","rmod:stealaluminum"],"picked":"Singing Bowl","floor":7},{"not_picked":["rmod:steelsupply","rmod:guardianhero","rmod:victimresponsibility"],"picked":"Singing Bowl","floor":11},{"not_picked":["rmod:ammunitionsupply","rmod:luckystar","rmod:highspeedshooting"],"picked":"Singing Bowl","floor":12},{"not_picked":["rmod:tearstotiara","rmod:diaomin","rmod:ammunitionsupply"],"picked":"Singing Bowl","floor":13}],"player_experience":197522,"relics_obtained":[{"floor":6,"key":"Singing Bowl"},{"floor":8,"key":"Lantern"},{"floor":9,"key":"Girya"},{"floor":12,"key":"Smiling Mask"},{"floor":15,"key":"Blue Candle"}],"event_choices":[{"damage_healed":0,"gold_gain":0,"player_choice":"Paid Gold","damage_taken":0,"relics_obtained":["Shovel"],"max_hp_gain":0,"max_hp_loss":0,"event_name":"WeMeetAgain","floor":3,"gold_loss":52},{"damage_healed":19,"gold_gain":0,"player_choice":"Healed","damage_taken":0,"max_hp_gain":0,"max_hp_loss":0,"event_name":"The Cleric","floor":10,"gold_loss":35},{"damage_healed":0,"gold_gain":0,"player_choice":"Bought 0 Potions","damage_taken":0,"max_hp_gain":0,"max_hp_loss":0,"event_name":"The Woman in Blue","floor":14,"gold_loss":0}],"is_beta":false,"boss_relics":[],"items_purged_floors":[],"is_endless":false,"potions_floor_spawned":[5,12,13],"killed_by":"Hexaghost","ascension_level":10}}