{"host":"jmumkimrafwvkspb","time":1611252263,"event":{"mods":["AchievementEnabler","BaseMod","Colored Map","Minty Spire (QoL Compilation)"],"gold_per_floor":[116,191,116,116,126,126,141,171,171,195,226,226,237,564,564,564,564],"floor_reached":16,"language":"ENG","playtime":542,"items_purged":[],"score":236,"play_id":"04babae0-1f17-46db-a796-a111881679ba","local_time":"20210121190423","is_ascension_mode":true,"campfire_choices":[{"data":"Shockwave","floor":6.0,"key":"SMITH"},{"data":"Inflame","floor":12,"key":"SMITH"},{"data":"Brutality","floor":15,"key":"SMITH"}],"circlet_count":0,"master_deck":["AscendersBane","Strike_R","Strike_R","Strike_R","Strike_R","Strike_R","Defend_R+1","Defend_R+1","Defend_R","Bash","Feel No Pain","Shockwave+1","Warcry","Reaper","Sword Boomerang","Inflame+1","Flex","Brutality+1"],"relics":["Burning Blood","PreservedInsect","Happy Flower","Shuriken","Odd Mushroom","War Paint","Old Coin"],"acts_visited":[],"potions_floor_usage":[10,10,11],"damage_taken":[{"damage":3.0,"enemies":"2 Louse","floor":1.0,"turns":4.0},{"damage":16.0,"enemies":"Jaw Worm","floor":5.0,"turns":7.0},{"damage":1.0,"enemies":"Small Slimes","floor":7.0,"turns":5.0},{"damage":23.0,"enemies":"Gremlin Nob","floor":8.0,"turns":4.0},{"damage":18,"enemies":"The Mushroom Lair","floor":10,"turns":6},{"damage":18,"enemies":"Lagavulin","floor":11,"turns":8},{"damage":10,"enemies":"Blue Slaver","floor":13,"turns":4},{"damage":24,"enemies":"3 Sentries","floor":14,"turns":4},{"damage":66,"enemies":"The Guardian","floor":16,"turns":10}],"seed_played":"1052639182540090100","potions_obtained":[{"floor":1.0,"key":"Dexterity Potion"},{"floor":5.0,"key":"SpeedPotion"},{"floor":10,"key":"EssenceOfSteel"}],"is_trial":false,"path_per_floor":["M","?","?","T","M","R","M","E","T","?","E","R","M","E","R","B"],"character_chosen":"IRONCLAD","items_purchased":[],"campfire_rested":0,"item_purchase_floors":[],"current_hp_per_floor":[78,67,67,67,57,57,62,45,45,47,41,41,40,52,52,0,0],"gold":564,"neow_bonus":"TEN_PERCENT_HP_BONUS","is_daily":false,"chose_seed":false,"campfire_upgraded":3,"win_rate":0.0,"timestamp":1611252263,"path_taken":["M","?","?","?","M","R","M","E","T","?","E","R","M","E","R","BOSS"],"items_purchased_type":[],"build_version":"2020-12-22","purchased_purges":0,"victory":false,"max_hp_per_floor":[82,82,82,82,82,82,82,82,82,82,82,82,82,82,82,82,82],"card_choices":[{"not_picked":["Thunderclap","Hemokinesis"],"picked":"Feel No Pain","floor":1.0},{"not_picked":["Infernal Blade","Sentinel"],"picked":"Shockwave","floor":5.0},{"not_picked":["Wild Strike","Armaments"],"picked":"Warcry","floor":7.0},{"not_picked":["Wild Strike","Twin Strike"],"picked":"Reaper","floor":8.0},{"not_picked":["Iron Wave","Wild Strike"],"picked":"Sword Boomerang","floor":10},{"not_picked":["Cleave","Sword Boomerang"],"picked":"Inflame","floor":11},{"not_picked":["Sword Boomerang","Seeing Red"],"picked":"Flex","floor":13},{"not_picked":["Warcry","Clothesline"],"picked":"Brutality","floor":14}],"player_experience":1565769,"relics_obtained":[{"floor":4.0,"key":"PreservedInsect"},{"floor":8.0,"key":"Happy Flower"},{"floor":9.0,"key":"Shuriken"},{"floor":10,"key":"Odd Mushroom"},{"floor":11,"key":"War Paint"},{"floor":14,"key":"Old Coin"}],"event_choices":[{"damage_healed":0.0,"max_hp_gain":0.0,"max_hp_loss":0.0,"gold_gain":75.0,"event_name":"World of Goop","player_choice":"Gather Gold","floor":2.0,"gold_loss":0.0,"damage_taken":11.0},{"cards_removed":["Defend_R"],"damage_healed":0.0,"max_hp_gain":0.0,"max_hp_loss":0.0,"gold_gain":0.0,"event_name":"The Cleric","player_choice":"Card Removal","floor":3.0,"gold_loss":75.0,"damage_taken":0.0},{"damage_healed":0,"gold_gain":0,"player_choice":"Fought Mushrooms","damage_taken":0,"max_hp_gain":0,"max_hp_loss":0,"event_name":"Mushrooms","floor":10,"gold_loss":0}],"is_beta":false,"boss_relics":[],"items_purged_floors":[],"is_endless":false,"potions_floor_spawned":[1,5,10],"killed_by":"The Guardian","ascension_level":20}}