{"host":"a0d98l75j0h1o085","time":1611204094,"event":{"mods":["AlwaysNeverKeys","BaseMod","Downfall","Highlight Path","Minty Spire (QoL Compilation)","StSLib"],"gold_per_floor":[119,129,129,141,156,156,156,172,172,189,189,189,189,229,229,354,354,379,379,379,256,241,241,257,290,290,290,317,317,335,348,348,449,449,459,459,459,469,486,515,242,242,242,242,242,267,283,312,312,312],"floor_reached":51,"language":"ENG","playtime":5406,"items_purged":["Strike_P","Defend_P"],"score":1089,"play_id":"b544287e-61ba-4ee3-8384-14cef3c7955e","local_time":"20210121044134","is_ascension_mode":true,"campfire_choices":[{"data":"ForeignInfluence","floor":6,"key":"SMITH"},{"data":"Eruption","floor":11,"key":"SMITH"},{"data":"Devotion","floor":15,"key":"SMITH"},{"data":"LikeWater","floor":23,"key":"SMITH"},{"data":"Alpha","floor":29,"key":"SMITH"},{"floor":32,"key":"REST"},{"data":"Apotheosis","floor":44,"key":"SMITH"},{"data":"TalkToTheHand","floor":49,"key":"SMITH"}],"circlet_count":0,"master_deck":["Strike_P","Strike_P","Defend_P","Defend_P","Defend_P","Eruption+1","Vigilance","ForeignInfluence+1","WindmillStrike","LikeWater+1","LikeWater+1","Devotion+1","Alpha+1","BattleHymn","ForeignInfluence+1","MasterReality","TalkToTheHand+1","TalkToTheHand+1","DevaForm","Protect","Deep Breath","Apotheosis+1","Alpha"],"relics":["Velvet Choker","Kunai","Smiling Mask","Bloody Idol","FossilizedHelix","Philosopher\u0027s Stone","Gremlin Horn","Shuriken","MealTicket","SlaversCollar","Boot","Ancient Tea Set","Blue Candle","Akabeko","Mummified Hand"],"acts_visited":["Exordium","TheCity","TheBeyond"],"potions_floor_usage":[14,25,28,28,28,38,39,39,46,47,50],"damage_taken":[{"damage":1,"enemies":"2 Louse","floor":1,"turns":2},{"damage":0,"enemies":"Small Slimes","floor":2,"turns":2},{"damage":0,"enemies":"Cultist","floor":4,"turns":2},{"damage":13,"enemies":"Lots of Slimes","floor":5,"turns":5},{"damage":3,"enemies":"Blue Slaver","floor":8,"turns":4},{"damage":0,"enemies":"3 Louse","floor":10,"turns":2},{"damage":0,"enemies":"Lagavulin","floor":14,"turns":6},{"damage":0,"enemies":"Hexaghost","floor":16,"turns":12},{"damage":0,"enemies":"Shell Parasite","floor":18,"turns":6},{"damage":12,"enemies":"2 Thieves","floor":22,"turns":5},{"damage":18,"enemies":"Snake Plant","floor":24,"turns":2},{"damage":26,"enemies":"Slavers","floor":25,"turns":4},{"damage":5,"enemies":"Gremlin Leader","floor":28,"turns":5},{"damage":0,"enemies":"Sentry and Sphere","floor":30,"turns":3},{"damage":33,"enemies":"Chosen and Byrds","floor":31,"turns":5},{"damage":0,"enemies":"Champ","floor":33,"turns":7},{"damage":0,"enemies":"3 Shapes","floor":35,"turns":4},{"damage":0,"enemies":"Orb Walker","floor":38,"turns":6},{"damage":0,"enemies":"3 Darklings","floor":39,"turns":5},{"damage":0,"enemies":"Giant Head","floor":40,"turns":8},{"damage":13,"enemies":"Nemesis","floor":46,"turns":7},{"damage":4,"enemies":"Spire Growth","floor":47,"turns":5},{"damage":0,"enemies":"Giant Head","floor":48,"turns":8},{"damage":108,"enemies":"Time Eater","floor":50,"turns":10}],"seed_played":"-5345326179748060881","potions_obtained":[{"floor":2,"key":"Strength Potion"},{"floor":4,"key":"ColorlessPotion"},{"floor":8,"key":"BottledMiracle"},{"floor":10,"key":"EssenceOfSteel"},{"floor":14,"key":"champ:CounterPotion"},{"floor":25,"key":"ColorlessPotion"},{"floor":31,"key":"Guardian:BlockOnCardUsePotion"},{"floor":33,"key":"SpeedPotion"},{"floor":35,"key":"sneckomod:MuddlingPotion"},{"floor":38,"key":"LiquidBronze"},{"floor":45,"key":"Regen Potion"},{"floor":45,"key":"StancePotion"},{"floor":46,"key":"SpeedPotion"},{"floor":47,"key":"FearPotion"},{"floor":48,"key":"FairyPotion"}],"is_trial":false,"path_per_floor":["M","M","?","M","M","R","?","M","T","M","R","?","?","E","R","B",null,"M","?","?","$","M","R","M","E","T","?","E","R","M","M","R","B",null,"M","?","?","M","M","E","$","?","T","R","?","E","M","E","R","B",null],"character_chosen":"WATCHER","items_purchased":["BattleHymn","Ancient Tea Set","DistilledChaos"],"campfire_rested":1,"item_purchase_floors":[21,41,41],"current_hp_per_floor":[71,71,71,71,58,58,58,55,55,55,55,43,25,25,25,25,72,72,72,72,72,70,70,57,36,36,36,36,36,41,13,34,39,72,72,67,67,72,72,72,72,68,68,68,68,60,61,66,66,15],"gold":312,"neow_bonus":"BOSS_RELIC","is_daily":false,"chose_seed":false,"campfire_upgraded":7,"win_rate":0.0,"timestamp":1611204094,"path_taken":["M","M","?","M","M","R","?","?","T","?","R","?","?","E","R","BOSS","M","?","?","$","M","R","?","E","T","?","E","R","?","M","R","BOSS","M","?","?","M","M","E","$","?","T","R","?","E","?","E","R","BOSS"],"items_purchased_type":["Card","Relic","Potion"],"build_version":"2020-12-22","purchased_purges":2,"victory":true,"max_hp_per_floor":[72,72,72,72,72,72,72,72,72,72,72,72,72,72,72,72,72,72,72,72,72,72,72,72,72,72,72,72,72,72,72,72,72,72,72,72,72,72,72,72,72,68,68,68,68,68,68,68,68,68],"card_choices":[{"not_picked":["EmptyFist","FearNoEvil"],"picked":"ForeignInfluence","floor":1},{"not_picked":["SandsOfTime","ThirdEye"],"picked":"WindmillStrike","floor":2},{"not_picked":["Indignation","Crescendo","FlyingSleeves"],"picked":"SKIP","floor":4},{"not_picked":["WreathOfFlame","EmptyMind","Vengeance"],"picked":"SKIP","floor":5},{"not_picked":["FlyingSleeves","FollowUp"],"picked":"LikeWater","floor":8},{"not_picked":["DeceiveReality","SignatureMove","JustLucky"],"picked":"SKIP","floor":10},{"not_picked":["Sanctity","Crescendo"],"picked":"Devotion","floor":14},{"not_picked":["MasterReality","DevaForm"],"picked":"Alpha","floor":16},{"not_picked":["Consecrate","FollowUp","Crescendo"],"picked":"SKIP","floor":18},{"not_picked":["Consecrate","ClearTheMind"],"picked":"ForeignInfluence+1","floor":22},{"not_picked":["PathToVictory+1","EmptyMind","Consecrate"],"picked":"SKIP","floor":24},{"not_picked":["Collect","Halt+1","Prostrate+1"],"picked":"SKIP","floor":25},{"not_picked":["CrushJoints","Swivel"],"picked":"MasterReality","floor":28},{"not_picked":["FlyingSleeves+1","JustLucky"],"picked":"TalkToTheHand+1","floor":30},{"not_picked":["FollowUp","CutThroughFate"],"picked":"TalkToTheHand","floor":31},{"not_picked":["LessonLearned","SpiritShield"],"picked":"DevaForm","floor":33},{"not_picked":["Adaptation+1","Wallop"],"picked":"Protect","floor":35},{"not_picked":["Jack Of All Trades","Panacea"],"picked":"Deep Breath","floor":36},{"not_picked":["Magnetism","Secret Technique"],"picked":"Apotheosis","floor":36},{"not_picked":["Consecrate+1","Wireheading+1","SashWhip+1"],"picked":"SKIP","floor":38},{"not_picked":["Adaptation","ThirdEye+1","Tantrum+1"],"picked":"SKIP","floor":39},{"not_picked":["Wallop","MentalFortress+1","Crescendo"],"picked":"SKIP","floor":40},{"not_picked":["Weave+1","Prostrate","InnerPeace"],"picked":"SKIP","floor":46},{"not_picked":["FlurryOfBlows+1","ThirdEye+1","Swivel"],"picked":"SKIP","floor":47},{"not_picked":["Study+1","ThirdEye+1"],"picked":"Alpha","floor":48}],"player_experience":770200,"relics_obtained":[{"floor":9,"key":"Kunai"},{"floor":14,"key":"FossilizedHelix"},{"floor":25,"key":"Gremlin Horn"},{"floor":26,"key":"Shuriken"},{"floor":28,"key":"MealTicket"},{"floor":40,"key":"Boot"},{"floor":43,"key":"Blue Candle"},{"floor":46,"key":"Akabeko"},{"floor":48,"key":"Mummified Hand"}],"event_choices":[{"damage_healed":0,"gold_gain":0,"cards_transformed":["Strike_P"],"player_choice":"Change","damage_taken":0,"max_hp_gain":0,"max_hp_loss":0,"event_name":"Living Wall","floor":3,"gold_loss":0,"cards_obtained":["LikeWater"]},{"damage_healed":0,"gold_gain":0,"player_choice":"Bought 0 Potions","damage_taken":0,"max_hp_gain":0,"max_hp_loss":0,"event_name":"The Woman in Blue","floor":7,"gold_loss":0},{"damage_healed":0,"gold_gain":0,"player_choice":"Success","damage_taken":12,"relics_obtained":["Smiling Mask"],"max_hp_gain":0,"max_hp_loss":0,"event_name":"Scrap Ooze","floor":12,"gold_loss":0},{"damage_healed":0,"gold_gain":0,"player_choice":"Take Damage","damage_taken":18,"relics_obtained":["Golden Idol"],"max_hp_gain":0,"max_hp_loss":0,"event_name":"Golden Idol","floor":13,"gold_loss":0},{"damage_healed":0,"gold_gain":0,"player_choice":"Gave Idol","damage_taken":0,"relics_obtained":["Bloody Idol"],"max_hp_gain":0,"max_hp_loss":0,"event_name":"Forgotten Altar","floor":19,"relics_lost":["Golden Idol"],"gold_loss":0},{"damage_healed":0,"gold_gain":0,"player_choice":"Upgraded","damage_taken":0,"max_hp_gain":0,"max_hp_loss":0,"event_name":"Upgrade Shrine","floor":20,"gold_loss":0,"cards_upgraded":["LikeWater"]},{"damage_healed":0,"gold_gain":0,"player_choice":"Ignored","damage_taken":0,"max_hp_gain":0,"max_hp_loss":0,"event_name":"N\u0027loth","floor":27,"gold_loss":0},{"damage_healed":0,"gold_gain":0,"player_choice":"Memory 2","damage_taken":5,"max_hp_gain":0,"max_hp_loss":0,"event_name":"SensoryStone","floor":36,"gold_loss":0},{"damage_healed":0,"gold_gain":0,"player_choice":"Ignored","damage_taken":0,"max_hp_gain":0,"max_hp_loss":0,"event_name":"Tomb of Lord Red Mask","floor":37,"gold_loss":0},{"damage_healed":0,"gold_gain":0,"player_choice":"Max HP","damage_taken":0,"max_hp_gain":0,"max_hp_loss":4,"event_name":"Winding Halls","floor":42,"gold_loss":0},{"damage_healed":0,"gold_gain":0,"player_choice":"Got Potions","damage_taken":0,"max_hp_gain":0,"max_hp_loss":0,"event_name":"Lab","floor":45,"gold_loss":0}],"is_beta":false,"boss_relics":[{"not_picked":["bronze:MakeshiftBattery","Pandora\u0027s Box"],"picked":"Philosopher\u0027s Stone"},{"not_picked":["Black Star","SacredBark"],"picked":"SlaversCollar"}],"items_purged_floors":[21,41],"is_endless":false,"potions_floor_spawned":[2,4,8,10,14,18,25,31,33,35,38,46,47,48],"ascension_level":3}}