{"host":"z4nt7tdd4gjrinn7","time":1611251132,"event":{"mods":["100% Spire Juice","BaseMod","Minty Spire (QoL Compilation)","StS++","StSLib","The Hierophant"],"gold_per_floor":[116,116,40,40,40,32,32,29,111,129,94,112,112,134,134,125,125,148,148,148,63,133,133,80,80,80],"floor_reached":25,"language":"ENG","playtime":1843,"items_purged":[],"score":199,"play_id":"e9570288-7a36-4eed-8500-6076891332b9","local_time":"20210121124532","is_ascension_mode":false,"campfire_choices":[{"floor":13,"key":"REST"},{"floor":15,"key":"REST"},{"floor":23,"key":"REST"}],"circlet_count":0,"master_deck":["hierophant:Strike_Hierophant","hierophant:Strike_Hierophant","hierophant:Strike_Hierophant","hierophant:Strike_Hierophant","hierophant:Punish","hierophant:Defend_Hierophant","hierophant:Defend_Hierophant","hierophant:Defend_Hierophant","hierophant:Defend_Hierophant","hierophant:ChurchCoffers+1","hierophant:SolarFlare","hierophant:Determination","hierophant:Sermon","hierophant:OrnateBuckler","hierophant:PristineSoul","hierophant:FieryStrike+1","hierophant:FieryStrike+1","hierophant:BulkyChest","hierophant:RepressedViolence+1","Writhe","hierophant:FaithHealing","hierophant:DisplayOfPower+1"],"relics":["hierophant:PropheticMaskRelic","Gremlin Horn","Molten Egg 2","StSpp:Balance","Kunai","White Beast Statue"],"acts_visited":["Exordium","TheCity"],"potions_floor_usage":[12,16,22],"damage_taken":[{"damage":8,"enemies":"Jaw Worm","floor":1,"turns":4},{"damage":0,"enemies":"2 Louse","floor":6,"turns":1},{"damage":12,"enemies":"Small Slimes","floor":8,"turns":4},{"damage":14,"enemies":"3 Louse","floor":10,"turns":4},{"damage":41,"enemies":"Lagavulin","floor":12,"turns":11},{"damage":21,"enemies":"Large Slime","floor":14,"turns":7},{"damage":50,"enemies":"Hexaghost","floor":16,"turns":9},{"damage":41,"enemies":"3 Byrds","floor":18,"turns":6},{"damage":42,"enemies":"Chosen","floor":22,"turns":7},{"damage":0,"enemies":"3 Cultists","floor":25,"turns":1}],"seed_played":"-61240315532807731","potions_obtained":[{"floor":1,"key":"SmokeBomb"},{"floor":10,"key":"LiquidMemories"},{"floor":12,"key":"Fire Potion"},{"floor":18,"key":"PowerPotion"},{"floor":22,"key":"SneckoOil"}],"is_trial":false,"path_per_floor":["M","?","$","?","?","M","$","M","T","M","?","E","R","M","R","B",null,"M","?","?","?","M","R","$","M"],"character_chosen":"HIEROPHANT","items_purchased":["hierophant:Determination","hierophant:DisplayOfPower+1"],"campfire_rested":3,"item_purchase_floors":[3,24],"current_hp_per_floor":[74,74,74,79,79,83,83,71,71,57,78,37,63,45,71,21,87,46,75,75,75,33,59,59,59,59],"gold":80,"neow_bonus":"TEN_PERCENT_HP_BONUS","is_daily":false,"chose_seed":false,"campfire_upgraded":0,"win_rate":0.0,"timestamp":1611251132,"path_taken":["M","?","$","?","?","M","$","M","T","?","?","E","R","M","R","BOSS","M","?","?","?","M","R","?","M"],"items_purchased_type":["Card","Card"],"build_version":"2020-12-22","purchased_purges":0,"victory":false,"max_hp_per_floor":[82,82,82,87,87,87,87,87,87,87,87,87,87,87,87,87,87,87,87,87,87,87,87,87,87,87],"card_choices":[{"not_picked":["hierophant:EyeForCoin","hierophant:Purify"],"picked":"hierophant:SolarFlare","floor":1},{"not_picked":["hierophant:Alms","hierophant:Remorse"],"picked":"hierophant:Sermon","floor":6},{"not_picked":["hierophant:SecretStash","hierophant:AuricBeam"],"picked":"hierophant:OrnateBuckler","floor":8},{"not_picked":["hierophant:Empathy","hierophant:HammerAndAnvil"],"picked":"hierophant:PristineSoul","floor":10},{"not_picked":["hierophant:Shelter","hierophant:SolarFlare+1"],"picked":"hierophant:FieryStrike+1","floor":12},{"not_picked":["hierophant:AuricBeam+1","hierophant:AuricShield"],"picked":"hierophant:FieryStrike+1","floor":14},{"not_picked":["hierophant:Kindle","hierophant:DeathKnell"],"picked":"hierophant:BulkyChest","floor":16},{"not_picked":["hierophant:OrnateBuckler","hierophant:Doubloon"],"picked":"hierophant:RepressedViolence+1","floor":18},{"not_picked":["hierophant:PassingBell+1","hierophant:RustyCrate"],"picked":"hierophant:FaithHealing","floor":22}],"player_experience":141665,"relics_obtained":[{"floor":9,"key":"Gremlin Horn"},{"floor":12,"key":"Molten Egg 2"}],"event_choices":[{"damage_healed":0,"gold_gain":0,"player_choice":"Grow","damage_taken":0,"max_hp_gain":0,"max_hp_loss":0,"event_name":"Living Wall","floor":2,"gold_loss":0,"cards_upgraded":["hierophant:ChurchCoffers"]},{"damage_healed":0,"gold_gain":0,"player_choice":"Donut","damage_taken":0,"max_hp_gain":5,"max_hp_loss":0,"event_name":"Big Fish","floor":4,"gold_loss":0},{"damage_healed":0,"gold_gain":0,"player_choice":"Ignored","damage_taken":0,"max_hp_gain":0,"max_hp_loss":0,"event_name":"Shining Light","floor":5,"gold_loss":0},{"damage_healed":21,"gold_gain":0,"player_choice":"Healed","damage_taken":0,"max_hp_gain":0,"max_hp_loss":0,"event_name":"The Cleric","floor":11,"gold_loss":35},{"damage_healed":29,"gold_gain":0,"player_choice":"Heal","damage_taken":0,"max_hp_gain":0,"max_hp_loss":0,"event_name":"The Library","floor":19,"gold_loss":0},{"damage_healed":0,"gold_gain":0,"player_choice":"Opened","damage_taken":0,"relics_obtained":["Kunai"],"max_hp_gain":0,"max_hp_loss":0,"event_name":"The Mausoleum","floor":20,"gold_loss":0,"cards_obtained":["Writhe"]},{"damage_healed":0,"gold_gain":0,"player_choice":"Obtained Relic","damage_taken":0,"relics_obtained":["White Beast Statue"],"max_hp_gain":0,"max_hp_loss":0,"event_name":"Addict","floor":21,"gold_loss":85}],"is_beta":false,"boss_relics":[{"not_picked":["SacredBark","StSpp:PileOfSugar"],"picked":"StSpp:Balance"}],"items_purged_floors":[],"is_endless":false,"potions_floor_spawned":[1,10,12,18,22],"killed_by":"3 Cultists","ascension_level":0}}