{"host":"i0avyit1s6jb1siw","time":1611266957,"event":{"mods":["BaseMod","DeckTracker","Dota2Spire","Highlight Path","Minty Spire (QoL Compilation)","Quick Restart","StSLib","SuperFastMode"],"gold_per_floor":[117,129,48,59,74,74,86,98,124,139,172,61,75,95,95,168,168,183,194,210,235,276,276,331,331,384,394,451,300,327,339,339,447,447,457,475,521,521,99,158,174,174,199,199,199,243,273,273,273,303,333,333,333,41,100,100,100],"floor_reached":56,"language":"ENG","playtime":2067,"items_purged":["Strike_P","Strike_P","ReachHeaven"],"score":1935,"play_id":"a80bcb0b-356e-4496-9e53-30c304749e7a","local_time":"20210121230917","is_ascension_mode":true,"campfire_choices":[{"data":"Eruption","floor":6.0,"key":"SMITH"},{"floor":15.0,"key":"REST"},{"data":"WheelKick","floor":23.0,"key":"SMITH"},{"data":"Wallop","floor":32.0,"key":"SMITH"},{"floor":42.0,"key":"RECALL"},{"floor":45.0,"key":"REST"},{"data":"Ragnarok","floor":49.0,"key":"SMITH"},{"data":"Swivel","floor":53,"key":"SMITH"}],"circlet_count":0,"master_deck":["AscendersBane","Defend_P+1","Defend_P","Defend_P+1","Eruption+1","Vigilance","Meditate+1","Meditate+1","Omniscience+1","EmptyFist","Tantrum","Halt+1","Indignation","WheelKick+1","Protect","FearNoEvil","Swivel+1","SandsOfTime+1","Wallop+1","Worship","LessonLearned","Ragnarok+1","Protect+1","Purity","Worship+1"],"relics":["Astrolabe","TeardropLocket","Orichalcum","Omamori","Snecko Eye","Dota2Spire:HandOfMidas","Dota2Spire:ArcaneBoots","Dota2Spire:ShadowBlade","Potion Belt","Dead Branch","Lantern","Philosopher\u0027s Stone","Medical Kit","Anchor","Bronze Scales","Eternal Feather","Dota2Spire:BladeMail"],"acts_visited":["Exordium","TheCity","TheBeyond","TheEnding"],"potions_floor_usage":[54,56],"damage_taken":[{"damage":8.0,"enemies":"Cultist","floor":1.0,"turns":4.0},{"damage":4.0,"enemies":"Small Slimes","floor":2.0,"turns":3.0},{"damage":4.0,"enemies":"Jaw Worm","floor":4.0,"turns":2.0},{"damage":10.0,"enemies":"Large Slime","floor":5.0,"turns":4.0},{"damage":0.0,"enemies":"Looter","floor":7.0,"turns":2.0},{"damage":1.0,"enemies":"Blue Slaver","floor":8.0,"turns":2.0},{"damage":13.0,"enemies":"Large Slime","floor":10.0,"turns":2.0},{"damage":5.0,"enemies":"3 Sentries","floor":11.0,"turns":3.0},{"damage":20.0,"enemies":"3 Louse","floor":13.0,"turns":3.0},{"damage":0.0,"enemies":"Exordium Thugs","floor":14.0,"turns":3.0},{"damage":12.0,"enemies":"The Guardian","floor":16.0,"turns":11.0},{"damage":0.0,"enemies":"Spheric Guardian","floor":18.0,"turns":1.0},{"damage":0.0,"enemies":"Chosen","floor":19.0,"turns":3.0},{"damage":16.0,"enemies":"Shelled Parasite and Fungi","floor":20.0,"turns":4.0},{"damage":0.0,"enemies":"Centurion and Healer","floor":22.0,"turns":4.0},{"damage":4.0,"enemies":"Book of Stabbing","floor":24.0,"turns":3.0},{"damage":0.0,"enemies":"Snecko","floor":27.0,"turns":3.0},{"damage":4.0,"enemies":"Gremlin Leader","floor":28.0,"turns":3.0},{"damage":0.0,"enemies":"Snake Plant","floor":31.0,"turns":2.0},{"damage":7.0,"enemies":"Collector","floor":33.0,"turns":8.0},{"damage":6.0,"enemies":"3 Darklings","floor":35.0,"turns":2.0},{"damage":0.0,"enemies":"Orb Walker","floor":36.0,"turns":1.0},{"damage":0.0,"enemies":"4 Shapes","floor":37.0,"turns":3.0},{"damage":11.0,"enemies":"Nemesis","floor":40.0,"turns":7.0},{"damage":7.0,"enemies":"3 Darklings","floor":41.0,"turns":3.0},{"damage":0.0,"enemies":"Writhing Mass","floor":46.0,"turns":4.0},{"damage":0.0,"enemies":"Reptomancer","floor":47.0,"turns":3.0},{"damage":14,"enemies":"Time Eater","floor":50,"turns":4},{"damage":40,"enemies":"Donu and Deca","floor":51,"turns":5},{"damage":19,"enemies":"Shield and Spear","floor":55,"turns":5},{"damage":92,"enemies":"The Heart","floor":56,"turns":5}],"seed_played":"-6538396765408957365","potions_obtained":[{"floor":4.0,"key":"Dota2Spire:HealingSalve"},{"floor":5.0,"key":"Dota2Spire:HealingSalve"},{"floor":8.0,"key":"Swift Potion"},{"floor":10.0,"key":"BottledMiracle"},{"floor":11.0,"key":"Regen Potion"},{"floor":18.0,"key":"PowerPotion"},{"floor":19.0,"key":"SteroidPotion"},{"floor":24.0,"key":"StancePotion"},{"floor":27.0,"key":"SkillPotion"},{"floor":33.0,"key":"GamblersBrew"},{"floor":37.0,"key":"Fruit Juice"},{"floor":46.0,"key":"SmokeBomb"}],"is_trial":false,"path_per_floor":["M","M","?","M","M","R","M","M","T","M","E","$","M","M","R","B",null,"M","M","M","T","M","R","E","?","T","M","E","$","T","M","R","B",null,"M","M","M","?","$","E","M","R","T","?","R","M","E","?","R","B","B",null,"R","$","E","B"],"character_chosen":"WATCHER","items_purchased":["Fruit Juice","LessonLearned","Medical Kit","Anchor","FairyPotion","Swift Potion"],"campfire_rested":2,"item_purchase_floors":[12,29,39,39,54,54],"current_hp_per_floor":[53,49,49,45,35,35,35,34,34,21,16,16,1,1,22,25,61,61,61,45,45,45,45,41,41,41,41,37,37,37,37,37,30,62,56,56,56,46,46,35,28,28,28,28,49,49,49,49,64,50,10,54,69,74,55,0,0],"gold":100,"neow_bonus":"BOSS_RELIC","is_daily":false,"chose_seed":false,"campfire_upgraded":5,"win_rate":0.0,"timestamp":1611266957,"path_taken":["M","M","?","M","M","R","M","?","T","M","E","$","M","M","R","BOSS","M","M","?","?","M","R","E","?","T","M","E","$","?","M","R","BOSS","M","M","M","?","$","E","M","R","T","?","R","M","E","?","R","BOSS","BOSS","R","$","E","BOSS"],"items_purchased_type":["Potion","Card","Relic","Relic","Potion","Potion"],"build_version":"2020-12-22","purchased_purges":3,"victory":false,"max_hp_per_floor":[68,68,68,68,68,68,68,68,68,68,68,68,73,73,73,73,73,73,73,73,73,73,73,73,73,73,73,73,73,73,73,73,73,73,73,73,73,73,73,73,73,73,73,73,73,73,73,69,69,69,69,69,69,74,74,74,74],"card_choices":[{"not_picked":["EmptyBody","Weave"],"picked":"EmptyFist","floor":1.0},{"not_picked":["FlurryOfBlows","EmptyBody"],"picked":"Tantrum","floor":2.0},{"not_picked":["Consecrate","Perseverance"],"picked":"Halt","floor":4.0},{"not_picked":["Conclude","Protect"],"picked":"ReachHeaven","floor":5.0},{"not_picked":["Halt","Conclude"],"picked":"Indignation","floor":7.0},{"not_picked":["Evaluate","WindmillStrike"],"picked":"WheelKick","floor":8.0},{"not_picked":["CutThroughFate","JustLucky","FlyingSleeves"],"picked":"SKIP","floor":10.0},{"not_picked":["Conclude","PathToVictory"],"picked":"Protect","floor":11.0},{"not_picked":["ForeignInfluence","Halt"],"picked":"FearNoEvil","floor":13.0},{"not_picked":["Indignation","ClearTheMind","EmptyMind"],"picked":"SKIP","floor":14.0},{"not_picked":["ThirdEye","Consecrate","FlurryOfBlows+1"],"picked":"SKIP","floor":18.0},{"not_picked":["SashWhip","EmptyBody","Evaluate"],"picked":"SKIP","floor":19.0},{"not_picked":["Scrawl","FlurryOfBlows"],"picked":"Swivel","floor":20.0},{"not_picked":["Crescendo","CutThroughFate"],"picked":"SandsOfTime","floor":22.0},{"not_picked":["EmptyBody+1","ThirdEye"],"picked":"Wallop","floor":24.0},{"not_picked":["Protect","Consecrate"],"picked":"Worship","floor":27.0},{"not_picked":["WaveOfTheHand","JustLucky+1","Consecrate"],"picked":"SKIP","floor":28.0},{"not_picked":["Consecrate","SandsOfTime","Weave"],"picked":"SKIP","floor":31.0},{"not_picked":["Scrawl","Brilliance"],"picked":"Ragnarok","floor":33.0},{"not_picked":["SashWhip","Wireheading"],"picked":"Protect+1","floor":35.0},{"not_picked":["Protect","ClearTheMind","WreathOfFlame"],"picked":"SKIP","floor":36.0},{"not_picked":["Swivel","Tantrum","Vengeance"],"picked":"SKIP","floor":37.0},{"not_picked":["Forethought","Metamorphosis"],"picked":"Purity","floor":38.0},{"not_picked":["Consecrate","LikeWater+1","ConjureBlade"],"picked":"SKIP","floor":40.0},{"not_picked":["FlyingSleeves","Weave","EmptyFist"],"picked":"SKIP","floor":41.0},{"not_picked":["Conclude","WheelKick"],"picked":"Worship","floor":46.0},{"not_picked":["JustLucky","CrushJoints+1","Indignation"],"picked":"SKIP","floor":47.0},{"not_picked":["DeceiveReality+1","FlyingSleeves","Wireheading"],"picked":"SKIP","floor":55}],"player_experience":2316655,"relics_obtained":[{"floor":9.0,"key":"Orichalcum"},{"floor":11.0,"key":"Omamori"},{"floor":21.0,"key":"Dota2Spire:HandOfMidas"},{"floor":24.0,"key":"Dota2Spire:ArcaneBoots"},{"floor":26.0,"key":"Potion Belt"},{"floor":28.0,"key":"Dead Branch"},{"floor":30.0,"key":"Lantern"},{"floor":40.0,"key":"Bronze Scales"},{"floor":47.0,"key":"Eternal Feather"},{"floor":55,"key":"Dota2Spire:BladeMail"}],"event_choices":[{"damage_healed":0.0,"max_hp_gain":0.0,"max_hp_loss":0.0,"gold_gain":0.0,"event_name":"WeMeetAgain","player_choice":"Paid Gold","floor":3.0,"gold_loss":81.0,"damage_taken":0.0,"relics_obtained":["TeardropLocket"]},{"damage_healed":0.0,"max_hp_gain":0.0,"max_hp_loss":0.0,"gold_gain":0.0,"event_name":"The Mausoleum","player_choice":"Opened","floor":25.0,"gold_loss":0.0,"damage_taken":0.0,"relics_obtained":["Dota2Spire:ShadowBlade"],"cards_obtained":["Writhe"]},{"damage_healed":0.0,"max_hp_gain":0.0,"max_hp_loss":0.0,"gold_gain":0.0,"event_name":"SensoryStone","player_choice":"Memory 3","floor":38.0,"gold_loss":0.0,"damage_taken":10.0},{"damage_healed":0.0,"max_hp_gain":0.0,"max_hp_loss":0.0,"gold_gain":0.0,"event_name":"Tomb of Lord Red Mask","player_choice":"Ignored","floor":44.0,"gold_loss":0.0,"damage_taken":0.0},{"damage_healed":0.0,"max_hp_gain":0.0,"max_hp_loss":4.0,"gold_gain":0.0,"event_name":"Winding Halls","player_choice":"Max HP","floor":48.0,"gold_loss":0.0,"damage_taken":0.0}],"is_beta":false,"boss_relics":[{"not_picked":["Velvet Choker","Empty Cage"],"picked":"Snecko Eye"},{"not_picked":["Calling Bell","SlaversCollar"],"picked":"Philosopher\u0027s Stone"}],"items_purged_floors":[29,39,54],"is_endless":false,"potions_floor_spawned":[4,5,8,10,11,18,19,24,27,33,37,46],"killed_by":"The Heart","ascension_level":20}}