{"host":"armnliea5o2aqs4b","time":1611204410,"event":{"mods":["BaseMod","Hermit","Hubris","Infinite Spire","Minty Spire (QoL Compilation)","Quick Restart","StSLib","The Construct","The Disciple","The Forsaken"],"gold_per_floor":[109,109,34,109,158,196,208,230,323,335,16,36,36,48,48,144,144,144,144],"floor_reached":18,"language":"ENG","playtime":465,"items_purged":["Regret"],"score":192,"play_id":"b05864b0-9646-4ea3-91ff-94b36351958d","local_time":"20210121154650","is_ascension_mode":true,"campfire_choices":[{"data":"Entrench","floor":7,"key":"SMITH"},{"data":"Seeing Red","floor":10,"key":"SMITH"},{"data":"True Grit","floor":15,"key":"SMITH"}],"circlet_count":0,"master_deck":["Strike_R","Strike_R","Strike_R","Strike_R","Strike_R","Defend_R","Defend_R","Defend_R","Defend_R","Bash","Entrench+1","Seeing Red+1","Iron Wave","Shrug It Off","True Grit+1","Shrug It Off","Impervious"],"relics":["Burning Blood","NeowsBlessing","hubris:Metronome","MawBank","theForsaken:Lifeblossom","Paper Frog","Membership Card","Singing Bowl","hubris:TerracottaHorce"],"acts_visited":["Exordium","TheCity"],"potions_floor_usage":[16,16],"damage_taken":[{"damage":0,"enemies":"Jaw Worm","floor":1,"turns":1},{"damage":0,"enemies":"Gremlin Nob","floor":6,"turns":1},{"damage":0,"enemies":"2 Louse","floor":8,"turns":1},{"damage":1,"enemies":"Cultist","floor":12,"turns":4},{"damage":9,"enemies":"2 Fungi Beasts","floor":14,"turns":3},{"damage":38,"enemies":"The Guardian","floor":16,"turns":21},{"damage":0,"enemies":"Shell Parasite","floor":18,"turns":2}],"seed_played":"-5354786335168299582","potions_obtained":[{"floor":1,"key":"SteroidPotion"},{"floor":6,"key":"Dexterity Potion"},{"floor":8,"key":"Swift Potion"}],"is_trial":false,"path_per_floor":["M","?","$","?","T","E","R","M","T","R","$","M","$","M","R","B",null,"M"],"character_chosen":"IRONCLAD","items_purchased":["Shrug It Off","Membership Card","True Grit","Singing Bowl"],"campfire_rested":0,"item_purchase_floors":[11,11,11,11],"current_hp_per_floor":[80,80,80,69,69,75,75,80,80,80,80,82,82,81,81,50,74,77,77],"gold":144,"neow_bonus":"THREE_ENEMY_KILL","is_daily":false,"chose_seed":false,"campfire_upgraded":3,"win_rate":0.0,"timestamp":1611204410,"path_taken":["M","?","$","?","?","E","R","M","T","R","?","M","?","?","R","BOSS","M"],"items_purchased_type":["Card","Relic","Card","Relic"],"build_version":"2020-12-22","purchased_purges":1,"victory":false,"max_hp_per_floor":[80,80,80,80,80,80,80,80,80,80,80,82,82,82,82,82,82,82,82],"card_choices":[{"not_picked":["Havoc","Sentinel"],"picked":"Entrench","floor":1},{"not_picked":["Feel No Pain","Hemokinesis"],"picked":"Seeing Red","floor":6},{"not_picked":["Whirlwind","Blood for Blood"],"picked":"Iron Wave","floor":8},{"not_picked":["Clash","Intimidate","Uppercut"],"picked":"Singing Bowl","floor":12},{"not_picked":["Flex","Cleave"],"picked":"Shrug It Off","floor":14},{"not_picked":["Corruption","hubris:StunningStrike"],"picked":"Impervious","floor":16}],"player_experience":179394,"relics_obtained":[{"floor":5,"key":"MawBank"},{"floor":6,"key":"theForsaken:Lifeblossom"},{"floor":9,"key":"Paper Frog"}],"event_choices":[{"damage_healed":0,"gold_gain":0,"player_choice":"Box","damage_taken":0,"relics_obtained":["hubris:Metronome"],"max_hp_gain":0,"max_hp_loss":0,"event_name":"Big Fish","floor":2,"gold_loss":0,"cards_obtained":["Regret"]},{"damage_healed":0,"gold_gain":75,"player_choice":"Gather Gold","damage_taken":11,"max_hp_gain":0,"max_hp_loss":0,"event_name":"World of Goop","floor":4,"gold_loss":0}],"is_beta":false,"boss_relics":[{"not_picked":["Coffee Dripper","hubris:VirtuousBlindfold"],"picked":"hubris:TerracottaHorce"}],"items_purged_floors":[3],"is_endless":false,"potions_floor_spawned":[1,6,8,14],"killed_by":"Shell Parasite","ascension_level":1}}