{"host":"rz8ryyppw1rffr47","time":1611253880,"event":{"mods":["BaseMod","BetterRewards","Googly Eyes","Minty Spire (QoL Compilation)","Quick Restart","Replay The Spire","StSLib","everything is the same but u backflip on backflip","slay the spire mod where everything is the same but ironclad has a cowboy hat"],"gold_per_floor":[109,129,141,9,26,60,60,81,107,135,153,168,168,168,168,273,273,289,308,308,308],"floor_reached":20,"language":"ENG","playtime":716,"items_purged":["Looming Evil"],"score":286,"play_id":"6a2f7753-c476-48f7-b522-6144e3146ce5","local_time":"20210121183120","is_ascension_mode":false,"campfire_choices":[{"data":"Life Link","floor":7,"key":"SMITH"},{"floor":13,"key":"REST"},{"data":"Dual Wield","floor":15,"key":"SMITH"}],"circlet_count":0,"master_deck":["Strike_R","Strike_R","Strike_R","Strike_R","Strike_R","Defend_R","Defend_R","Defend_R","Defend_R","Bash","Spot Weakness","Life Link+1","Cleave","Spot Weakness","Fire Breathing+1","Dual Wield+1","Clash","Replay:Undeath\u0027s Touch","Limit Break","Sword Boomerang","Seeing Red"],"relics":["Burning Blood","Vajra","Odd Mushroom","Dream Catcher","Regal Pillow","Replay:Bottled Snecko","Runic Cube"],"acts_visited":["Exordium","TheCity"],"potions_floor_usage":[6,10,16,16,20,20],"damage_taken":[{"damage":10,"enemies":"Small Slimes","floor":1,"turns":4},{"damage":8,"enemies":"Jaw Worm","floor":2,"turns":3},{"damage":7,"enemies":"2 Louse","floor":3,"turns":3},{"damage":16,"enemies":"Red Slaver","floor":5,"turns":3},{"damage":17,"enemies":"3 Sentries","floor":6,"turns":4},{"damage":26,"enemies":"The Mushroom Lair","floor":8,"turns":3},{"damage":11,"enemies":"Gremlin Nob","floor":10,"turns":3},{"damage":0,"enemies":"Exordium Wildlife","floor":11,"turns":2},{"damage":1,"enemies":"2 Fungi Beasts","floor":12,"turns":3},{"damage":41,"enemies":"The Guardian","floor":16,"turns":8},{"damage":35,"enemies":"2 Thieves","floor":18,"turns":4},{"damage":9,"enemies":"Shell Parasite","floor":19,"turns":3},{"damage":54,"enemies":"Centurion and Healer","floor":20,"turns":8}],"seed_played":"-2000653586626524311","potions_obtained":[{"floor":2,"key":"AttackPotion"},{"floor":5,"key":"Flashbang"},{"floor":8,"key":"Fire Potion"},{"floor":12,"key":"Death Potion"},{"floor":18,"key":"SkillPotion"},{"floor":19,"key":"BlessingOfTheForge"}],"is_trial":false,"path_per_floor":["M","M","M","$","M","E","R","?","T","E","M","M","R","?","R","B",null,"M","M","M"],"character_chosen":"IRONCLAD","items_purchased":["Spot Weakness","Spot Weakness","Fire Breathing+1"],"campfire_rested":1,"item_purchase_floors":[0,4,4],"current_hp_per_floor":[76,74,73,73,63,52,52,32,32,27,33,38,77,65,65,30,80,51,48,0,0],"gold":308,"neow_bonus":"","is_daily":false,"chose_seed":false,"campfire_upgraded":2,"win_rate":0.0,"timestamp":1611253880,"path_taken":["M","M","M","$","M","E","R","?","T","E","M","M","R","?","R","BOSS","M","M","M"],"items_purchased_type":["Card","Card","Card"],"build_version":"2020-12-22","purchased_purges":1,"victory":false,"max_hp_per_floor":[80,80,80,80,80,80,80,80,80,80,80,80,80,80,80,80,80,80,80,80,80],"card_choices":[{"not_picked":["Iron Wave","Fire Breathing","ReplayTheSpireMod:Corrosion Curse"],"picked":"SKIP","floor":1},{"not_picked":["Perfected Strike","True Grit"],"picked":"Life Link","floor":2},{"not_picked":["ReplayTheSpireMod:Strike From Hell","Havoc"],"picked":"Cleave","floor":3},{"not_picked":["Iron Wave","Fiend Fire","Hemokinesis"],"picked":"SKIP","floor":5},{"not_picked":["Corruption","Iron Wave"],"picked":"Dual Wield","floor":6},{"not_picked":["Wild Strike","Barricade"],"picked":"Clash","floor":10},{"not_picked":["Clothesline","Headbutt","ReplayReversal"],"picked":"SKIP","floor":11},{"not_picked":["Defy Death","Cleave","Armaments"],"picked":"SKIP","floor":12},{"not_picked":["True Grit","Battle Trance"],"picked":"Replay:Undeath\u0027s Touch","floor":13},{"not_picked":["Immolate","Impervious"],"picked":"Limit Break","floor":16},{"not_picked":["Armaments","Headbutt"],"picked":"Sword Boomerang","floor":18},{"not_picked":["ReplayTheSpireMod:Strike From Hell+1","Perfected Strike"],"picked":"Seeing Red","floor":19}],"player_experience":353963,"relics_obtained":[{"floor":6,"key":"Vajra"},{"floor":8,"key":"Odd Mushroom"},{"floor":9,"key":"Dream Catcher"},{"floor":10,"key":"Regal Pillow"}],"event_choices":[{"damage_healed":0,"gold_gain":0,"player_choice":"Fought Mushrooms","damage_taken":0,"max_hp_gain":0,"max_hp_loss":0,"event_name":"Mushrooms","floor":8,"gold_loss":0},{"damage_healed":0,"gold_gain":0,"player_choice":"Success","damage_taken":12,"relics_obtained":["Replay:Bottled Snecko"],"max_hp_gain":0,"max_hp_loss":0,"event_name":"Scrap Ooze","floor":14,"gold_loss":0}],"is_beta":false,"boss_relics":[{"not_picked":["ChewingGum","Black Star"],"picked":"Runic Cube"}],"items_purged_floors":[0],"is_endless":false,"potions_floor_spawned":[2,5,8,12,18,19],"killed_by":"Centurion and Healer","ascension_level":0}}