{"host":"4gr5irrdjh39ysed","time":1611249051,"event":{"mods":["AchievementEnabler","BaseMod","Colored Map","Downfall","Hermit","Minty Spire (QoL Compilation)","Random Character Button","StSLib","The Construct","The Cursed","The Disciple","The Hierophant","The Mystic","The Necromancer","The Runesmith"],"gold_per_floor":[118,132,57,57,67,67,67,97,97,108,8,18,28,40,40,116,116,133,133,109,109,109,124,138,138,138,167,183,213,230,257,257,330,330,344,360,370,97,112,140,90,90,168,182,216,141,141,176,185,185,185,194,37,75,75],"floor_reached":56,"language":"ENG","playtime":2662,"items_purged":["Defend_R","Defend_R","Wild Strike+1","Clothesline+1"],"score":2223,"play_id":"9e7c07af-2aba-4d75-8e8b-9a0758ce7ebb","local_time":"20210121101051","is_ascension_mode":true,"campfire_choices":[{"floor":6,"key":"RECALL"},{"data":"Discovery","floor":15,"key":"SMITH"},{"data":"J.A.X.","floor":25,"key":"SMITH"},{"data":"Inflame","floor":32,"key":"SMITH"},{"data":"Limit Break","floor":47,"key":"SMITH"},{"floor":49,"key":"REST"},{"floor":52,"key":"REST"}],"circlet_count":0,"master_deck":["AscendersBane","Discovery+1","Pommel Strike","Dropkick","Spot Weakness+1","Wild Strike+1","Sword Boomerang+1","Reckless Charge+1","Pommel Strike+1","Bludgeon+1","Spot Weakness","Flex","J.A.X.+1","Sword Boomerang+1","Inflame+1","Uppercut+1","Juggernaut","Combust","Wild Strike+1","Exhume","Pummel+1","Reckless Charge+1","Rampage+1","Combust+1","Iron Wave+1","Headbutt+1","Flex","Anger+1","Whirlwind+1","Seeing Red","Limit Break+1","Sentinel","Entrench","Offering","Thunderclap+1","Spot Weakness","Whirlwind+1","Impatience","Flex+1"],"relics":["Burning Blood","Molten Egg 2","Ornamental Fan","Black Star","Mercury Hourglass","Kunai","War Paint","Vajra","Smiling Mask","Gremlin Horn","Pantograph","Pandora\u0027s Box","Bag of Marbles","Bag of Preparation","Bottled Lightning","InkBottle","Nunchaku","Letter Opener","CeramicFish","Dream Catcher","Orichalcum","Oddly Smooth Stone"],"acts_visited":["Exordium","TheCity","TheBeyond","TheEnding"],"potions_floor_usage":[13,16,30,33,36,40,50,50],"damage_taken":[{"damage":19,"enemies":"Jaw Worm","floor":1,"turns":4},{"damage":1,"enemies":"Cultist","floor":2,"turns":3},{"damage":14,"enemies":"2 Louse","floor":5,"turns":3},{"damage":20,"enemies":"Lagavulin","floor":8,"turns":4},{"damage":7,"enemies":"Looter","floor":10,"turns":2},{"damage":15,"enemies":"Gremlin Gang","floor":12,"turns":4},{"damage":0,"enemies":"2 Fungi Beasts","floor":13,"turns":2},{"damage":15,"enemies":"Exordium Wildlife","floor":14,"turns":3},{"damage":27,"enemies":"Slime Boss","floor":16,"turns":7},{"damage":35,"enemies":"3 Byrds","floor":18,"turns":5},{"damage":36,"enemies":"Shell Parasite","floor":23,"turns":3},{"damage":29,"enemies":"Centurion and Healer","floor":24,"turns":3},{"damage":83,"enemies":"Slavers","floor":27,"turns":5},{"damage":38,"enemies":"Snake Plant","floor":28,"turns":4},{"damage":25,"enemies":"Gremlin Leader","floor":29,"turns":4},{"damage":42,"enemies":"Cultist and Chosen","floor":30,"turns":4},{"damage":53,"enemies":"Book of Stabbing","floor":31,"turns":4},{"damage":111,"enemies":"Automaton","floor":33,"turns":8},{"damage":81,"enemies":"3 Shapes","floor":35,"turns":3},{"damage":84,"enemies":"3 Darklings","floor":36,"turns":4},{"damage":101,"enemies":"Maw","floor":37,"turns":7},{"damage":42,"enemies":"Jaw Worm Horde","floor":39,"turns":3},{"damage":98,"enemies":"Nemesis","floor":40,"turns":5},{"damage":45,"enemies":"Writhing Mass","floor":44,"turns":4},{"damage":86,"enemies":"Giant Head","floor":45,"turns":7},{"damage":3,"enemies":"Reptomancer","floor":48,"turns":2},{"damage":54,"enemies":"Awakened One","floor":50,"turns":4},{"damage":141,"enemies":"Shield and Spear","floor":54,"turns":5},{"damage":232,"enemies":"The Heart","floor":55,"turns":8}],"seed_played":"9080643371922775546","potions_obtained":[{"floor":2,"key":"Block Potion"},{"floor":5,"key":"ElixirPotion"},{"floor":24,"key":"GamblersBrew"},{"floor":28,"key":"SteroidPotion"},{"floor":31,"key":"GamblersBrew"},{"floor":33,"key":"EssenceOfSteel"},{"floor":37,"key":"sneckomod:MuddlingPotion"},{"floor":39,"key":"LiquidMemories"},{"floor":40,"key":"DistilledChaos"}],"is_trial":false,"path_per_floor":["M","M","$","?","M","R","?","E","T","M","$","M","M","M","R","B",null,"M","T","$","?","?","M","M","R","T","E","M","E","M","E","R","B",null,"M","M","M","$","M","E","$","?","T","M","E","?","R","E","R","B",null,"R","$","E","B",null],"character_chosen":"IRONCLAD","items_purchased":["Flex","Bag of Marbles","Flex","Whirlwind+1","Impatience"],"campfire_rested":2,"item_purchase_floors":[20,38,38,53,53],"current_hp_per_floor":[2055,2060,2060,2065,2057,2057,2057,2043,2043,2042,2042,2033,2039,2030,2030,2009,2062,2033,2033,2033,2033,2080,2050,2027,2027,2027,1950,1918,1899,1863,1816,1816,1736,1994,1919,1841,1746,1746,1710,1618,1618,1618,1618,1579,1499,1499,1499,1502,2080,2032,2068,2080,2080,1945,1744],"gold":75,"neow_bonus":"RANDOM_COLORLESS","is_daily":false,"chose_seed":false,"campfire_upgraded":4,"win_rate":0.0,"timestamp":1611249051,"path_taken":["M","M","$","?","M","R","?","E","T","?","$","M","M","M","R","BOSS","M","?","$","?","?","M","M","R","T","E","M","E","?","E","R","BOSS","M","M","M","$","?","E","$","?","T","M","E","?","R","E","R","BOSS","R","$","E","BOSS"],"items_purchased_type":["Card","Relic","Card","Card","Card"],"build_version":"2020-12-22","purchased_purges":4,"victory":true,"max_hp_per_floor":[2075,2075,2075,2080,2080,2080,2080,2080,2080,2080,2080,2080,2080,2080,2080,2080,2080,2080,2080,2080,2080,2080,2080,2080,2080,2080,2080,2080,2080,2080,2080,2080,2080,2080,2080,2080,2080,2080,2080,2080,2080,2080,2080,2080,2080,2080,2080,2080,2080,2080,2080,2080,2080,2080,2080],"card_choices":[{"not_picked":["Trip","Jack Of All Trades"],"picked":"Discovery","floor":0},{"not_picked":["Second Wind","Armaments"],"picked":"Pommel Strike","floor":1},{"not_picked":["Perfected Strike","Wild Strike"],"picked":"Dropkick","floor":2},{"not_picked":["Iron Wave","Dark Embrace"],"picked":"Spot Weakness","floor":5},{"not_picked":["Warcry","Metallicize"],"picked":"Wild Strike+1","floor":8},{"not_picked":["Impervious","Dark Embrace"],"picked":"Sword Boomerang+1","floor":10},{"not_picked":["True Grit","Combust"],"picked":"Reckless Charge+1","floor":12},{"not_picked":["Heavy Blade+1","Headbutt+1"],"picked":"Hemokinesis+1","floor":13},{"not_picked":["Cleave+1","Sentinel"],"picked":"Pommel Strike+1","floor":14},{"not_picked":["Exhume","Impervious"],"picked":"Bludgeon+1","floor":16},{"not_picked":["Iron Wave+1","Sentinel+1"],"picked":"Spot Weakness","floor":18},{"not_picked":["Body Slam+1","Searing Blow+1"],"picked":"Sword Boomerang+1","floor":23},{"not_picked":["Twin Strike+1","Perfected Strike+1"],"picked":"Inflame","floor":24},{"not_picked":["Impervious","Hemokinesis+1"],"picked":"Wild Strike+1","floor":27},{"not_picked":["Headbutt+1","Blood for Blood+1"],"picked":"Uppercut+1","floor":28},{"not_picked":["Dual Wield","Headbutt+1"],"picked":"Juggernaut","floor":29},{"not_picked":["Second Wind","Metallicize"],"picked":"Combust","floor":30},{"not_picked":["Metallicize","Body Slam+1"],"picked":"Wild Strike+1","floor":31},{"not_picked":["Fiend Fire+1","Feed+1"],"picked":"Exhume","floor":33},{"not_picked":["Clothesline+1","Body Slam+1"],"picked":"Combust+1","floor":35},{"not_picked":["Clothesline+1","Cleave+1"],"picked":"Iron Wave+1","floor":36},{"not_picked":["Armaments","Wild Strike+1"],"picked":"Headbutt+1","floor":37},{"not_picked":["Wild Strike+1","Second Wind"],"picked":"Anger+1","floor":39},{"not_picked":["True Grit","Havoc"],"picked":"Whirlwind+1","floor":40},{"not_picked":["Shrug It Off","True Grit"],"picked":"Seeing Red","floor":44},{"not_picked":["Iron Wave+1","Feel No Pain"],"picked":"Limit Break","floor":45},{"not_picked":["Battle Trance","Pummel+1"],"picked":"Offering","floor":48},{"not_picked":["Twin Strike+1","Warcry"],"picked":"Thunderclap+1","floor":49},{"not_picked":["True Grit","Pommel Strike+1"],"picked":"Spot Weakness","floor":52},{"not_picked":["Headbutt+1","Wild Strike+1"],"picked":"Flex+1","floor":54}],"player_experience":245357,"relics_obtained":[{"floor":8,"key":"Molten Egg 2"},{"floor":9,"key":"Ornamental Fan"},{"floor":26,"key":"Mercury Hourglass"},{"floor":27,"key":"Kunai"},{"floor":27,"key":"War Paint"},{"floor":29,"key":"Vajra"},{"floor":29,"key":"Smiling Mask"},{"floor":31,"key":"Gremlin Horn"},{"floor":31,"key":"Pantograph"},{"floor":40,"key":"Bag of Preparation"},{"floor":40,"key":"Bottled Lightning"},{"floor":43,"key":"InkBottle"},{"floor":45,"key":"Nunchaku"},{"floor":45,"key":"Letter Opener"},{"floor":48,"key":"CeramicFish"},{"floor":48,"key":"Dream Catcher"},{"floor":54,"key":"Orichalcum"},{"floor":54,"key":"Oddly Smooth Stone"}],"event_choices":[{"damage_healed":0,"gold_gain":0,"player_choice":"Donut","damage_taken":0,"max_hp_gain":5,"max_hp_loss":0,"event_name":"Big Fish","floor":4,"gold_loss":0},{"cards_removed":["Defend_R"],"damage_healed":0,"gold_gain":0,"player_choice":"Purged","damage_taken":0,"max_hp_gain":0,"max_hp_loss":0,"event_name":"Purifier","floor":7,"gold_loss":0},{"damage_healed":0,"gold_gain":0,"player_choice":"Obtain J.A.X.","damage_taken":0,"max_hp_gain":0,"max_hp_loss":0,"event_name":"Drug Dealer","floor":21,"gold_loss":0,"cards_obtained":["J.A.X."]},{"cards_removed":["Hemokinesis"],"damage_healed":47,"gold_gain":0,"player_choice":"Offered Uncommon","damage_taken":0,"max_hp_gain":0,"max_hp_loss":0,"event_name":"Bonfire Elementals","floor":22,"gold_loss":0},{"cards_removed":["Battle Trance"],"damage_healed":0,"gold_gain":0,"player_choice":"Removed Skill","damage_taken":0,"max_hp_gain":0,"max_hp_loss":0,"event_name":"Falling","floor":42,"gold_loss":0},{"damage_healed":0,"gold_gain":0,"cards_transformed":["Bash","Wild Strike"],"player_choice":"Transformed Cards","damage_taken":0,"max_hp_gain":0,"max_hp_loss":0,"event_name":"Designer","floor":46,"gold_loss":75,"cards_obtained":["Sentinel","Entrench"]}],"is_beta":false,"boss_relics":[{"not_picked":["Snecko Eye","Busted Crown"],"picked":"Black Star"},{"not_picked":["Mark of Pain","Black Blood"],"picked":"Pandora\u0027s Box"}],"items_purged_floors":[3,11,38,41],"is_endless":false,"potions_floor_spawned":[2,5,8,12,24,28,29,31,33,37,39,40],"ascension_level":17}}