{"host":"3a1ypf1irl30q4k8","time":1611261798,"event":{"mods":["AchievementEnabler","BaseMod","Bestiary","Colored Map","Minty Spire (QoL Compilation)","Relic Stats"],"gold_per_floor":[10,30,47,47,57,85,85,85,85,85,114,132,81,96,96,194,194,194,194,194,194,194,194,194,194,194,41,41,41,41,41],"floor_reached":30,"language":"ENG","playtime":1465,"items_purged":["Strike_P"],"score":304,"play_id":"811b3349-6729-4e67-9745-f42f885baf58","local_time":"20210121204318","is_ascension_mode":true,"campfire_choices":[{"floor":7,"key":"REST"},{"floor":15,"key":"REST"},{"data":"FearNoEvil","floor":23,"key":"SMITH"},{"floor":28,"key":"REST"}],"circlet_count":0,"master_deck":["Strike_P","Strike_P","Defend_P","Defend_P","Defend_P","Eruption","Vigilance","ConjureBlade","Brilliance","FollowUp","FollowUp","Ragnarok","CutThroughFate","BowlingBash","MentalFortress","Evaluate","EmptyBody","DevaForm","ThirdEye","CutThroughFate","Halt+1","WreathOfFlame+1","FearNoEvil+1","Crescendo","WheelKick","Wallop"],"relics":["PureWater","Incense Burner","Gremlin Horn","Meat on the Bone","Ectoplasm","MawBank"],"acts_visited":["Exordium","TheCity"],"potions_floor_usage":[6,16,16,16,22,25],"damage_taken":[{"damage":0,"enemies":"Cultist","floor":1,"turns":2},{"damage":0,"enemies":"2 Louse","floor":2,"turns":1},{"damage":0,"enemies":"Small Slimes","floor":3,"turns":2},{"damage":22,"enemies":"Gremlin Gang","floor":5,"turns":3},{"damage":40,"enemies":"Lagavulin","floor":6,"turns":3},{"damage":29,"enemies":"3 Sentries","floor":11,"turns":6},{"damage":0,"enemies":"Lots of Slimes","floor":12,"turns":1},{"damage":0,"enemies":"Exordium Wildlife","floor":14,"turns":2},{"damage":16,"enemies":"The Guardian","floor":16,"turns":11},{"damage":0,"enemies":"Spheric Guardian","floor":18,"turns":4},{"damage":5,"enemies":"Chosen","floor":20,"turns":4},{"damage":47,"enemies":"Shelled Parasite and Fungi","floor":21,"turns":6},{"damage":0,"enemies":"Snake Plant","floor":22,"turns":3},{"damage":18,"enemies":"Snecko","floor":24,"turns":3},{"damage":24,"enemies":"Gremlin Leader","floor":25,"turns":5},{"damage":31,"enemies":"Shelled Parasite and Fungi","floor":29,"turns":3},{"damage":35,"enemies":"Cultist and Chosen","floor":30,"turns":4}],"seed_played":"62130610405243538","potions_obtained":[{"floor":3,"key":"PowerPotion"},{"floor":6,"key":"Strength Potion"},{"floor":12,"key":"Strength Potion"},{"floor":20,"key":"SteroidPotion"},{"floor":22,"key":"SkillPotion"},{"floor":29,"key":"GamblersBrew"}],"is_trial":false,"path_per_floor":["M","M","M","?","M","E","R","?","T","?","E","M","$","M","R","B",null,"M","?","M","M","M","R","M","E","T","$","R","M","M"],"character_chosen":"WATCHER","items_purchased":["AttackPotion","Wallop"],"campfire_rested":3,"item_purchase_floors":[13,27],"current_hp_per_floor":[72,72,72,72,50,10,31,31,31,31,2,14,14,26,47,43,72,72,72,67,32,44,44,38,26,26,26,47,28,0,0],"gold":41,"neow_bonus":"TRANSFORM_TWO_CARDS","is_daily":false,"chose_seed":false,"campfire_upgraded":1,"win_rate":0.0,"timestamp":1611261798,"path_taken":["M","M","?","?","M","E","R","?","T","?","E","M","$","M","R","BOSS","M","?","?","M","M","R","?","E","T","?","R","M","M"],"items_purchased_type":["Potion","Card"],"build_version":"2020-12-22","purchased_purges":1,"victory":false,"max_hp_per_floor":[72,72,72,72,72,72,72,72,72,72,72,72,72,72,72,72,72,72,72,72,72,72,72,72,72,72,72,72,72,72,72],"relic_stats":{"Gremlin Horn":[13,13],"counters":[17,63],"Ectoplasm":171,"MawBank":0,"obtain_stats":[{"Gremlin Horn":9,"Ectoplasm":17,"Incense Burner":6,"PureWater":0,"MawBank":25,"Meat on the Bone":11},{"Gremlin Horn":5,"Ectoplasm":9,"Incense Burner":5,"PureWater":0,"MawBank":15,"Meat on the Bone":6},{"Gremlin Horn":11,"Ectoplasm":31,"Incense Burner":11,"PureWater":0,"MawBank":56,"Meat on the Bone":17}],"Meat on the Bone":96},"card_choices":[{"not_picked":["Indignation","FearNoEvil"],"picked":"FollowUp","floor":1},{"not_picked":["EmptyBody","WindmillStrike"],"picked":"FollowUp","floor":2},{"not_picked":["Crescendo","FlurryOfBlows"],"picked":"Ragnarok","floor":3},{"not_picked":["CrushJoints","InnerPeace"],"picked":"CutThroughFate","floor":5},{"not_picked":["FlurryOfBlows","InnerPeace"],"picked":"BowlingBash","floor":6},{"not_picked":["Perseverance","Crescendo"],"picked":"MentalFortress","floor":11},{"not_picked":["Consecrate","CrushJoints"],"picked":"Evaluate","floor":12},{"not_picked":["EmptyFist","PathToVictory"],"picked":"EmptyBody","floor":14},{"not_picked":["Establishment","Scrawl"],"picked":"DevaForm","floor":16},{"not_picked":["BattleHymn","ClearTheMind"],"picked":"ThirdEye","floor":18},{"not_picked":["Indignation","Adaptation"],"picked":"Halt+1","floor":20},{"not_picked":["Meditate","CrushJoints"],"picked":"WreathOfFlame+1","floor":21},{"not_picked":["Vengeance","Evaluate"],"picked":"FearNoEvil","floor":22},{"not_picked":["SignatureMove","SashWhip"],"picked":"Crescendo","floor":24},{"not_picked":["FlyingSleeves","EmptyFist+1"],"picked":"WheelKick","floor":25},{"not_picked":["FollowUp","Sanctity","CutThroughFate"],"picked":"SKIP","floor":29}],"player_experience":1156498,"relics_obtained":[{"floor":6,"key":"Incense Burner"},{"floor":9,"key":"Gremlin Horn"},{"floor":11,"key":"Meat on the Bone"},{"floor":25,"key":"MawBank"}],"event_choices":[{"damage_healed":0,"gold_gain":0,"player_choice":"Leave","damage_taken":0,"max_hp_gain":0,"max_hp_loss":0,"event_name":"The Cleric","floor":4,"gold_loss":0},{"damage_healed":0,"gold_gain":0,"player_choice":"Ignored","damage_taken":0,"max_hp_gain":0,"max_hp_loss":0,"event_name":"Golden Idol","floor":8,"gold_loss":0},{"damage_healed":0,"gold_gain":0,"player_choice":"Fled","damage_taken":0,"max_hp_gain":0,"max_hp_loss":0,"event_name":"Scrap Ooze","floor":10,"gold_loss":0},{"damage_healed":0,"gold_gain":0,"player_choice":"Copied","damage_taken":0,"max_hp_gain":0,"max_hp_loss":0,"event_name":"Duplicator","floor":19,"gold_loss":0,"cards_obtained":["CutThroughFate"]}],"is_beta":false,"boss_relics":[{"not_picked":["SacredBark","Busted Crown"],"picked":"Ectoplasm"}],"items_purged_floors":[27],"is_endless":false,"potions_floor_spawned":[3,6,12,14,20,22,29],"killed_by":"Cultist and Chosen","ascension_level":3}}