{"host":"fxrgx7wt2cpkbhka","time":1611202870,"event":{"mods":["AchievementEnabler","BaseMod","Colored Powertips","Minty Spire (QoL Compilation)","Permanent Neow","Slay-I","StSLib","Waifu the Spire"],"gold_per_floor":[110,110,123,123,142,142,157,157,210,67,78,78,89,122,122,122,122],"floor_reached":16,"language":"ENG","playtime":509,"items_purged":[],"score":148,"play_id":"02ca1c10-6679-430b-bac0-d496088e6ad9","local_time":"20210120202110","is_ascension_mode":true,"campfire_choices":[{"data":"Footwork","floor":6,"key":"SMITH"},{"data":"Backstab","floor":8,"key":"SMITH"},{"data":"Dodge and Roll","floor":15,"key":"SMITH"}],"circlet_count":0,"master_deck":["Strike_G","Strike_G","Strike_G","Strike_G","Defend_G","Defend_G","Defend_G","Defend_G","Defend_G","Survivor","Neutralize","Deadly Poison+1","Footwork+1","Eviscerate","Deadly Poison","Backstab+1","Dodge and Roll+1","Dash"],"relics":["Ring of the Snake","NeowsBlessing","Vajra","Lantern","Blood Vial"],"acts_visited":["Exordium"],"potions_floor_usage":[14,16,16,16,16,16],"damage_taken":[{"damage":0,"enemies":"Jaw Worm","floor":1,"turns":1},{"damage":0,"enemies":"Cultist","floor":3,"turns":1},{"damage":0,"enemies":"Small Slimes","floor":5,"turns":1},{"damage":6,"enemies":"Red Slaver","floor":7,"turns":3},{"damage":2,"enemies":"2 Fungi Beasts","floor":11,"turns":3},{"damage":0,"enemies":"3 Louse","floor":13,"turns":3},{"damage":10,"enemies":"3 Sentries","floor":14,"turns":10},{"damage":53,"enemies":"Slime Boss","floor":16,"turns":12}],"seed_played":"6867754235405860170","potions_obtained":[{"floor":5,"key":"Regen Potion"},{"floor":12,"key":"Block Potion"},{"floor":12,"key":"EntropicBrew"},{"floor":14,"key":"Energy Potion"}],"is_trial":false,"path_per_floor":["M","?","M","?","M","R","M","R","T","$","M","?","M","E","R","B"],"character_chosen":"THE_SILENT","items_purchased":["Lantern"],"campfire_rested":0,"item_purchase_floors":[10],"current_hp_per_floor":[63,63,63,63,63,63,57,57,57,57,55,55,55,45,45,0,0],"gold":122,"neow_bonus":"THREE_ENEMY_KILL","is_daily":false,"chose_seed":false,"campfire_upgraded":3,"win_rate":0.0,"timestamp":1611202870,"path_taken":["M","?","M","?","M","R","?","R","T","$","M","?","?","E","R","BOSS"],"items_purchased_type":["Relic"],"build_version":"2020-12-22","purchased_purges":0,"victory":false,"max_hp_per_floor":[70,70,70,70,70,70,70,70,70,70,70,70,70,70,70,70,70],"card_choices":[{"not_picked":["Choke","Dodge and Roll"],"picked":"Deadly Poison","floor":1},{"not_picked":["Poisoned Stab","Quick Slash"],"picked":"Footwork","floor":3},{"not_picked":["Reflex","Outmaneuver"],"picked":"Deadly Poison","floor":5},{"not_picked":["Backflip","Cloak And Dagger"],"picked":"Backstab","floor":7},{"not_picked":["Skewer","Sucker Punch"],"picked":"Dodge and Roll","floor":11},{"not_picked":["Dagger Spray","Flying Knee","Backflip"],"picked":"SKIP","floor":13},{"not_picked":["Storm of Steel","Caltrops"],"picked":"Dash","floor":14}],"player_experience":719068,"relics_obtained":[{"floor":9,"key":"Vajra"},{"floor":14,"key":"Blood Vial"}],"event_choices":[{"damage_healed":0,"gold_gain":0,"player_choice":"Grow","damage_taken":0,"max_hp_gain":0,"max_hp_loss":0,"event_name":"Living Wall","floor":2,"gold_loss":0,"cards_upgraded":["Deadly Poison"]},{"damage_healed":0,"gold_gain":0,"cards_transformed":["Strike_G"],"player_choice":"Transformed","damage_taken":0,"max_hp_gain":0,"max_hp_loss":0,"event_name":"Transmorgrifier","floor":4,"gold_loss":0,"cards_obtained":["Eviscerate"]},{"damage_healed":0,"gold_gain":0,"player_choice":"Got Potions","damage_taken":0,"max_hp_gain":0,"max_hp_loss":0,"event_name":"Lab","floor":12,"gold_loss":0}],"is_beta":false,"boss_relics":[],"items_purged_floors":[],"is_endless":false,"potions_floor_spawned":[5,14],"killed_by":"Slime Boss","ascension_level":9}}