{"host":"9slw7l0ws16384qq","time":1611250040,"event":{"mods":["A Penny For Your Troubles","BaseMod","Colored Map","Evolution","Hubris","Minty Spire (QoL Compilation)","Replay The Spire","Shedinja","StS++","StSLib","The Dragon Tamer","The Marked"],"gold_per_floor":[10,10,10,20,20,55,55,86,86,105,121,121,46,62,62,161,161,174,174,273,33,33,33,49,49,49,81,81,81,81,98,98,98],"floor_reached":32,"language":"FRA","playtime":702,"items_purged":["theMarked:Defend"],"score":266,"play_id":"87b56ebe-c0cb-4c34-8ec2-8680f2e1e61c","local_time":"20210121182720","is_ascension_mode":false,"campfire_choices":[{"data":"theMarked:WastefulDefense","floor":7,"key":"SMITH"},{"data":"theMarked:SoldierOfQuellstein","floor":15,"key":"SMITH"},{"data":"theMarked:AttractMetal","floor":23,"key":"SMITH"},{"data":"ReplayTheSpireMod:Brewmster","floor":28,"key":"SMITH"}],"circlet_count":0,"master_deck":["theMarked:Parkour","theMarked:Parkour","theMarked:Parkour+1","theMarked:WastefulDefense+1","theMarked:SoldierOfQuellstein+1","theMarked:AttractMetal+1","ReplayTheSpireMod:Brewmster+1"],"relics":["theMarked:ArtifactOfAir","EVO:Axolotl","Ancient Tea Set","Replay:Accelerometer","Lantern","Bronze Scales","ReplayTheSpireMod:DimensionalGlitch","Enchiridion","Happy Flower","Replay:Multitool","hubris:Towel"],"acts_visited":["Exordium","TheCity"],"potions_floor_usage":[6,27,27,27],"damage_taken":[{"damage":0,"enemies":"Cultist","floor":1,"turns":2},{"damage":0,"enemies":"2 Louse","floor":4,"turns":2},{"damage":18,"enemies":"3 Sentries","floor":6,"turns":4},{"damage":10,"enemies":"Replay:BlueRogue","floor":8,"turns":4},{"damage":0,"enemies":"Jaw Worm","floor":10,"turns":2},{"damage":0,"enemies":"Exordium Wildlife","floor":11,"turns":3},{"damage":0,"enemies":"2 Fungi Beasts","floor":14,"turns":2},{"damage":28,"enemies":"Hexaghost","floor":16,"turns":7},{"damage":0,"enemies":"Chosen","floor":18,"turns":3},{"damage":0,"enemies":"3 Byrds","floor":24,"turns":4},{"damage":27,"enemies":"Slavers","floor":27,"turns":4},{"damage":10,"enemies":"Snake Plant","floor":31,"turns":3}],"seed_played":"-1876083033034545544","potions_obtained":[{"floor":1,"key":"BlessingOfTheForge"},{"floor":4,"key":"SpeedPotion"},{"floor":8,"key":"Adrenaline Potion"},{"floor":16,"key":"Toxic Potion"}],"is_trial":false,"path_per_floor":["M","?","?","M","$","E","R","E","T","M","M","?","$","M","R","B",null,"M","?","?","$","?","R","M","?","T","E","R","?","$","M","R_BF"],"character_chosen":"THE_DEFAULT","items_purchased":["theMarked:AttractMetal","ReplayTheSpireMod:Brewmster"],"campfire_rested":0,"item_purchase_floors":[21,21],"current_hp_per_floor":[70,70,70,70,70,52,52,42,42,42,42,42,42,42,42,14,70,70,70,70,70,45,45,45,45,45,18,18,18,18,8,8,8],"gold":98,"neow_bonus":"REMOVE_TWO","is_daily":false,"chose_seed":false,"campfire_upgraded":4,"win_rate":0.0,"timestamp":1611250040,"path_taken":["M","?","?","M","$","E","R","E","T","?","M","?","$","M","R","BOSS","M","?","?","$","?","R","M","?","T","E","R","?","$","M","R_BF"],"items_purchased_type":["Card","Card"],"build_version":"2020-12-22","purchased_purges":1,"victory":false,"max_hp_per_floor":[70,70,70,70,70,70,70,70,70,70,70,70,70,70,70,70,70,70,70,70,70,70,70,70,70,70,70,70,70,70,70,70,70],"card_choices":[{"not_picked":["theMarked:CreepingChasm","theMarked:WastefulAttack","theMarked:ReduceFriction"],"picked":"SKIP","floor":1},{"not_picked":["theMarked:WardOff","theMarked:Electrify","theMarked:ShockingTouch"],"picked":"SKIP","floor":4},{"not_picked":["theMarked:EmpowerWeapon","theMarked:MaelstromOfLightning","theMarked:HeightenedSenses"],"picked":"SKIP","floor":6},{"not_picked":["theMarked:Parry","theMarked:HeightenedSenses","theMarked:ChainLightning"],"picked":"SKIP","floor":8},{"not_picked":["theMarked:RepellingDischarge","theMarked:BanishingStrike","theMarked:ChainLightning"],"picked":"SKIP","floor":10},{"not_picked":["theMarked:EmpowerWeapon","theMarked:MysticalArsenal","theMarked:Seal"],"picked":"SKIP","floor":11},{"not_picked":["theMarked:Improvise","theMarked:WastefulAttack","theMarked:Aftermath"],"picked":"SKIP","floor":14},{"not_picked":["theMarked:WardOff","theMarked:Aftermath","theMarked:SwordAndMagic"],"picked":"SKIP","floor":18},{"not_picked":["theMarked:SwordAndMagic","theMarked:Parry","theMarked:RepellingDischarge+1"],"picked":"SKIP","floor":24},{"not_picked":["theMarked:EmpowerWeapon+1","theMarked:Generate","theMarked:RepellingDischarge"],"picked":"SKIP","floor":27},{"not_picked":["theMarked:Electrify+1","theMarked:Standoff","theMarked:HeightenedSenses"],"picked":"SKIP","floor":31}],"player_experience":1652670,"relics_obtained":[{"floor":6,"key":"Ancient Tea Set"},{"floor":8,"key":"Replay:Accelerometer"},{"floor":9,"key":"Lantern"},{"floor":22,"key":"Enchiridion"},{"floor":26,"key":"Happy Flower"},{"floor":27,"key":"Replay:Multitool"}],"event_choices":[{"damage_healed":0,"gold_gain":99,"player_choice":"Stole From Cult","damage_taken":0,"max_hp_gain":0,"max_hp_loss":0,"event_name":"Nest","floor":20,"gold_loss":0},{"damage_healed":0,"gold_gain":0,"player_choice":"Obtained Book","damage_taken":16,"max_hp_gain":0,"max_hp_loss":0,"event_name":"Cursed Tome","floor":22,"gold_loss":0},{"cards_removed":["theMarked:Parkour"],"damage_healed":0,"gold_gain":0,"player_choice":"Elegance","damage_taken":0,"max_hp_gain":0,"max_hp_loss":0,"event_name":"Back to Basics","floor":25,"gold_loss":0}],"is_beta":false,"boss_relics":[{"not_picked":["Snecko Eye","Empty Cage"],"picked":"ReplayTheSpireMod:DimensionalGlitch"}],"items_purged_floors":[13],"is_endless":false,"potions_floor_spawned":[1,4,8,14,16,18,31],"ascension_level":0}}