{"host":"jlk2k69f9c6o7b3e","time":1611248963,"event":{"mods":["BaseMod","Minty Spire (QoL Compilation)","StSLib"],"gold_per_floor":[114,127,127,127,146,177,195,195,195,229,245,260,276,304,304,304,304],"floor_reached":16,"language":"ZHS","playtime":932,"items_purged":[],"score":149,"play_id":"d7082c73-318b-47c6-ac6f-e081775d8e2b","local_time":"20210122010923","is_ascension_mode":true,"campfire_choices":[{"data":"Crippling Poison","floor":8.0,"key":"SMITH"},{"data":"After Image","floor":15.0,"key":"SMITH"}],"circlet_count":0,"master_deck":["Strike_G","Strike_G","Strike_G","Strike_G","Strike_G","Defend_G","Defend_G","Defend_G","Defend_G","Defend_G","Survivor","Neutralize","Corpse Explosion","Deadly Poison","Crippling Poison+1","Setup","Tactician","Dash","After Image+1","Burst"],"relics":["Ring of the Snake","Pear","TungstenRod","Anchor","CaptainsWheel","Oddly Smooth Stone","Smiling Mask"],"acts_visited":["Exordium"],"potions_floor_usage":[16,16],"damage_taken":[{"damage":0.0,"enemies":"Jaw Worm","floor":1.0,"turns":5.0},{"damage":0.0,"enemies":"2 Louse","floor":2.0,"turns":3.0},{"damage":0.0,"enemies":"Cultist","floor":5.0,"turns":4.0},{"damage":25.0,"enemies":"Lagavulin","floor":6.0,"turns":7.0},{"damage":0.0,"enemies":"Lots of Slimes","floor":7.0,"turns":2.0},{"damage":7.0,"enemies":"3 Sentries","floor":10.0,"turns":3.0},{"damage":0.0,"enemies":"2 Fungi Beasts","floor":11.0,"turns":2.0},{"damage":0.0,"enemies":"3 Louse","floor":12.0,"turns":2.0},{"damage":0.0,"enemies":"Large Slime","floor":13.0,"turns":4.0},{"damage":12.0,"enemies":"Lagavulin","floor":14.0,"turns":8.0},{"damage":36,"enemies":"Slime Boss","floor":16,"turns":10}],"seed_played":"-2408824989798484666","potions_obtained":[{"floor":2.0,"key":"Regen Potion"},{"floor":7.0,"key":"SteroidPotion"},{"floor":11.0,"key":"Block Potion"},{"floor":12.0,"key":"FearPotion"},{"floor":14.0,"key":"LiquidMemories"}],"is_trial":false,"path_per_floor":["M","M","?","?","M","E","M","R","T","E","M","M","M","E","R","B"],"character_chosen":"THE_SILENT","items_purchased":[],"campfire_rested":0,"item_purchase_floors":[],"current_hp_per_floor":[70,70,77,77,77,52,52,52,52,45,45,45,45,33,33,0,0],"gold":304,"neow_bonus":"ONE_RANDOM_RARE_CARD","is_daily":false,"chose_seed":false,"campfire_upgraded":2,"win_rate":0.0,"timestamp":1611248963,"path_taken":["M","M","?","?","?","E","?","R","T","E","M","M","?","E","R","BOSS"],"items_purchased_type":[],"build_version":"2020-12-22","purchased_purges":0,"victory":false,"max_hp_per_floor":[70,70,80,80,80,80,80,80,80,80,80,80,80,80,80,80,80],"card_choices":[{"not_picked":["PiercingWail","Heel Hook"],"picked":"Deadly Poison","floor":1.0},{"not_picked":["Caltrops","Dagger Throw"],"picked":"Crippling Poison","floor":2.0},{"not_picked":["Slice","Cloak And Dagger","Flechettes"],"picked":"SKIP","floor":5.0},{"not_picked":["Masterful Stab","Dodge and Roll","Underhanded Strike"],"picked":"SKIP","floor":6.0},{"not_picked":["Dagger Spray","Eviscerate","All Out Attack"],"picked":"SKIP","floor":7.0},{"not_picked":["Outmaneuver","Blade Dance"],"picked":"Setup","floor":10.0},{"not_picked":["Riddle With Holes","Dodge and Roll"],"picked":"Tactician","floor":11.0},{"not_picked":["Sucker Punch","Prepared"],"picked":"Dash","floor":12.0},{"not_picked":["Backstab","Infinite Blades"],"picked":"After Image","floor":13.0},{"not_picked":["Deflect","Underhanded Strike"],"picked":"Burst","floor":14.0}],"player_experience":271840,"relics_obtained":[{"floor":6.0,"key":"Anchor"},{"floor":9.0,"key":"CaptainsWheel"},{"floor":10.0,"key":"Oddly Smooth Stone"},{"floor":14.0,"key":"Smiling Mask"}],"event_choices":[{"damage_healed":0.0,"max_hp_gain":0.0,"max_hp_loss":0.0,"gold_gain":0.0,"event_name":"Scrap Ooze","player_choice":"Success","floor":3.0,"gold_loss":0.0,"damage_taken":3.0,"relics_obtained":["Pear"]},{"damage_healed":0.0,"max_hp_gain":0.0,"max_hp_loss":0.0,"gold_gain":0.0,"event_name":"WeMeetAgain","player_choice":"Gave Potion","floor":4.0,"gold_loss":0.0,"damage_taken":0.0,"relics_obtained":["TungstenRod"]}],"is_beta":false,"boss_relics":[],"items_purged_floors":[],"is_endless":false,"potions_floor_spawned":[2,7,11,12,14],"killed_by":"Slime Boss","ascension_level":4}}