{"host":"agbyy69nq62afhwx","time":1611251285,"event":{"mods":["BaseMod","Colored Map","DeckTracker","Highlight Path","Keyboard Shortcuts","Minty Spire (QoL Compilation)","Quick Restart","StSLib","SuperFastMode","everything is the same but u backflip on backflip"],"gold_per_floor":[365,377,392,409,429,460,479,479,502,502,512,512,531,545,545,648,648,666,666,392,403,414,197,231,231,255,281,291,306,306,324,324,424,424,437,67,67,167,186,186,201,214,214,240,258,258,258,33,33,33],"floor_reached":51,"language":"KOR","playtime":1706,"items_purged":["Strike_B","Writhe","Sunder","Strike_B"],"score":1365,"play_id":"77fb0d82-4df2-48e4-82b1-975c98ff145d","local_time":"20210122024805","is_ascension_mode":true,"campfire_choices":[{"data":"Biased Cognition","floor":10.0,"key":"SMITH"},{"floor":12.0,"key":"REST"},{"data":"Defragment","floor":15.0,"key":"SMITH"},{"floor":25.0,"key":"REST"},{"data":"Aggregate","floor":32.0,"key":"SMITH"},{"data":"Mayhem","floor":40.0,"key":"SMITH"},{"data":"Defragment","floor":46,"key":"SMITH"},{"data":"Apotheosis","floor":49,"key":"SMITH"}],"circlet_count":0,"master_deck":["AscendersBane","Strike_B","Strike_B","Defend_B","Defend_B","Defend_B","Defend_B","Zap","Dualcast","Streamline","Chaos","Auto Shields","White Noise+1","Biased Cognition+1","Conserve Battery","Ball Lightning","Defragment+1","Defragment+1","Multi-Cast","Sweeping Beam+1","Glacier","Aggregate+1","Stack","Flash of Steel","Chill","Mayhem+1","Coolheaded+1","Glacier","Ghostly","Ghostly","Ghostly","Ghostly","Ghostly","Reboot","Finesse","Flash of Steel","Apotheosis+1","Hologram+1","Capacitor+1","Blizzard+1","Finesse"],"relics":["Cracked Core","Calipers","Bag of Preparation","Runic Pyramid","Membership Card","Blood Vial","Pen Nib","Tiny Chest","Anchor","Sozu","Chemical X","PreservedInsect","Ginger","Singing Bowl","Smiling Mask","Question Card","Symbiotic Virus"],"acts_visited":["Exordium","TheCity","TheBeyond"],"potions_floor_usage":[],"damage_taken":[{"damage":1.0,"enemies":"Cultist","floor":1.0,"turns":3.0},{"damage":12.0,"enemies":"Jaw Worm","floor":2.0,"turns":3.0},{"damage":0.0,"enemies":"2 Louse","floor":3.0,"turns":2.0},{"damage":5.0,"enemies":"Gremlin Gang","floor":4.0,"turns":4.0},{"damage":15.0,"enemies":"Blue Slaver","floor":5.0,"turns":3.0},{"damage":15.0,"enemies":"Gremlin Nob","floor":6.0,"turns":4.0},{"damage":2.0,"enemies":"3 Louse","floor":7.0,"turns":2.0},{"damage":2.0,"enemies":"Red Slaver","floor":11.0,"turns":2.0},{"damage":15.0,"enemies":"Lots of Slimes","floor":13.0,"turns":3.0},{"damage":0.0,"enemies":"2 Fungi Beasts","floor":14.0,"turns":2.0},{"damage":0.0,"enemies":"Slime Boss","floor":16.0,"turns":5.0},{"damage":12.0,"enemies":"2 Thieves","floor":18.0,"turns":3.0},{"damage":9.0,"enemies":"Shell Parasite","floor":21.0,"turns":5.0},{"damage":36.0,"enemies":"3 Cultists","floor":22.0,"turns":7.0},{"damage":19.0,"enemies":"Book of Stabbing","floor":24.0,"turns":7.0},{"damage":0.0,"enemies":"Slavers","floor":27.0,"turns":2.0},{"damage":27.0,"enemies":"Shelled Parasite and Fungi","floor":28.0,"turns":4.0},{"damage":0.0,"enemies":"Snake Plant","floor":29.0,"turns":3.0},{"damage":0.0,"enemies":"Sentry and Sphere","floor":31.0,"turns":7.0},{"damage":0.0,"enemies":"Automaton","floor":33.0,"turns":14.0},{"damage":0.0,"enemies":"Orb Walker","floor":35.0,"turns":6.0},{"damage":0.0,"enemies":"3 Darklings","floor":39.0,"turns":4.0},{"damage":0,"enemies":"Jaw Worm Horde","floor":41,"turns":7},{"damage":0,"enemies":"Sphere and 2 Shapes","floor":42,"turns":4},{"damage":1,"enemies":"Giant Head","floor":44,"turns":9},{"damage":0,"enemies":"Transient","floor":45,"turns":5},{"damage":8,"enemies":"Awakened One","floor":50,"turns":16}],"seed_played":"-1820729479900921754","potions_obtained":[{"floor":1.0,"key":"LiquidBronze"},{"floor":3.0,"key":"Explosive Potion"},{"floor":14.0,"key":"AttackPotion"},{"floor":22.0,"key":"ColorlessPotion"},{"floor":33.0,"key":"AttackPotion"}],"is_trial":false,"path_per_floor":["M","M","M","M","M","E","M","?","T","R","M","R","M","M","R","B",null,"M","?","$","M","M","$","E","R","T","E","M","M","?","M","R","B",null,"M","$","?","?","M","R","M","M","T","E","M","R","T","$","R","B",null],"character_chosen":"DEFECT","items_purchased":["Membership Card","Blood Vial","Glacier","Flash of Steel","Chill","Mayhem","Chemical X","PreservedInsect","Ginger","Finesse","Symbiotic Virus"],"campfire_rested":2,"item_purchase_floors":[20,20,20,23,23,23,36,36,36,48,48],"current_hp_per_floor":[67,55,55,50,35,20,18,18,18,18,16,38,23,23,23,23,62,50,75,75,66,32,32,15,37,37,39,14,16,16,18,18,20,33,35,35,25,25,27,27,29,31,31,32,36,36,36,36,36,30],"gold":33,"neow_bonus":"TWO_FIFTY_GOLD","is_daily":false,"chose_seed":false,"campfire_upgraded":6,"win_rate":0.0,"timestamp":1611251285,"path_taken":["M","M","M","M","M","E","?","?","T","R","?","R","M","M","R","BOSS","M","?","$","?","M","$","E","R","T","E","M","M","?","M","R","BOSS","M","$","?","?","M","R","M","M","T","E","M","R","?","$","R","BOSS"],"items_purchased_type":["Relic","Relic","Card","Card","Card","Card","Relic","Relic","Relic","Card","Relic"],"build_version":"2020-12-22","purchased_purges":4,"victory":true,"max_hp_per_floor":[75,75,75,75,75,75,75,75,75,75,75,75,75,75,75,75,75,75,75,75,75,75,75,75,75,75,75,75,75,37,37,37,37,37,37,37,37,37,37,37,37,37,37,37,39,39,39,39,39,39],"card_choices":[{"not_picked":["Turbo","Double Energy"],"picked":"Streamline","floor":1.0},{"not_picked":["BootSequence","Stack"],"picked":"Chaos","floor":2.0},{"not_picked":["Go for the Eyes","Redo"],"picked":"Sunder","floor":3.0},{"not_picked":["Coolheaded","Consume"],"picked":"Auto Shields","floor":4.0},{"not_picked":["Chill","Heatsinks"],"picked":"White Noise","floor":5.0},{"not_picked":["Go for the Eyes","Chill"],"picked":"Biased Cognition","floor":6.0},{"not_picked":["Static Discharge","Go for the Eyes"],"picked":"Conserve Battery","floor":7.0},{"not_picked":["Sweeping Beam","Lockon"],"picked":"Ball Lightning","floor":11.0},{"not_picked":["Hello World","Doom and Gloom"],"picked":"Defragment","floor":13.0},{"not_picked":["Auto Shields","Beam Cell"],"picked":"Defragment","floor":14.0},{"not_picked":["All For One","Biased Cognition"],"picked":"Multi-Cast","floor":16.0},{"not_picked":["Leap","Redo+1"],"picked":"Sweeping Beam+1","floor":18.0},{"not_picked":["Self Repair","Conserve Battery"],"picked":"Aggregate","floor":21.0},{"not_picked":["Genetic Algorithm","Conserve Battery"],"picked":"Stack","floor":22.0},{"not_picked":["Fission","Capacitor"],"picked":"Coolheaded+1","floor":24.0},{"not_picked":["Compile Driver","Steam","Conserve Battery"],"picked":"SKIP","floor":27.0},{"not_picked":["Lockon","Aggregate+1"],"picked":"Glacier","floor":28.0},{"not_picked":["Streamline","Barrage","Hyperbeam"],"picked":"SKIP","floor":29.0},{"not_picked":["Undo","Steam","Glacier"],"picked":"SKIP","floor":31.0},{"not_picked":["Hyperbeam","Thunder Strike"],"picked":"Reboot","floor":33.0},{"not_picked":["Redo","Sweeping Beam","Lockon"],"picked":"SKIP","floor":35.0},{"not_picked":["Dark Shackles","The Bomb"],"picked":"Finesse","floor":37.0},{"not_picked":["Good Instincts","Panacea"],"picked":"Flash of Steel","floor":37.0},{"not_picked":["Dark Shackles","Blind"],"picked":"Apotheosis","floor":37.0},{"not_picked":["Barrage+1","Leap"],"picked":"Hologram+1","floor":39.0},{"not_picked":["Barrage+1","Cold Snap","Skim"],"picked":"SKIP","floor":41},{"not_picked":["Go for the Eyes","White Noise"],"picked":"Capacitor+1","floor":42},{"not_picked":["Multi-Cast","Beam Cell"],"picked":"Blizzard+1","floor":44},{"not_picked":["Leap","Stack","Cold Snap+1"],"picked":"Singing Bowl","floor":45}],"player_experience":420729,"relics_obtained":[{"floor":6.0,"key":"Calipers"},{"floor":9.0,"key":"Bag of Preparation"},{"floor":24.0,"key":"Pen Nib"},{"floor":26.0,"key":"Tiny Chest"},{"floor":27.0,"key":"Anchor"},{"floor":43,"key":"Singing Bowl"},{"floor":44,"key":"Smiling Mask"},{"floor":47,"key":"Question Card"}],"event_choices":[{"damage_healed":0.0,"max_hp_gain":0.0,"max_hp_loss":0.0,"gold_gain":0.0,"event_name":"Upgrade Shrine","player_choice":"Upgraded","floor":8.0,"gold_loss":0.0,"damage_taken":0.0,"cards_upgraded":["White Noise"]},{"damage_healed":25.0,"max_hp_gain":0.0,"max_hp_loss":0.0,"gold_gain":0.0,"event_name":"Wheel of Change","player_choice":"Full Heal","floor":19.0,"gold_loss":0.0,"damage_taken":0.0},{"damage_healed":0.0,"max_hp_gain":0.0,"max_hp_loss":38.0,"gold_gain":0.0,"event_name":"Ghosts","player_choice":"Became a Ghost","floor":30.0,"gold_loss":0.0,"damage_taken":0.0,"cards_obtained":["Ghostly","Ghostly","Ghostly","Ghostly","Ghostly"]},{"damage_healed":0.0,"max_hp_gain":0.0,"max_hp_loss":0.0,"gold_gain":0.0,"event_name":"SensoryStone","player_choice":"Memory 3","floor":37.0,"gold_loss":0.0,"damage_taken":10.0},{"damage_healed":0.0,"max_hp_gain":0.0,"max_hp_loss":0.0,"gold_gain":100.0,"event_name":"Golden Shrine","player_choice":"Pray","floor":38.0,"gold_loss":0.0,"damage_taken":0.0}],"is_beta":false,"boss_relics":[{"not_picked":["Nuclear Battery","Coffee Dripper"],"picked":"Runic Pyramid"},{"not_picked":["Cursed Key","Empty Cage"],"picked":"Sozu"}],"items_purged_floors":[20,23,36,48],"is_endless":false,"potions_floor_spawned":[1,3,5,14,16,22,28,31,33,41,44],"ascension_level":11}}