{"host":"7fyy23rucerupe6i","time":1611222300,"event":{"mods":["BaseMod","Downfall","Minty Spire (QoL Compilation)","StSLib"],"gold_per_floor":[99,117,132,42,61,61,85,85,101,101,120,120,20,38,49,149,149,149,159,177,177,189,189,189,189,204,215,233,243,243,255,267,370,370,370,68,68,85,85,85,85,85,105,105,125,125,149,149,161,161,161,161],"floor_reached":50,"language":"ZHS","playtime":3196,"items_purged":["bronze:Strike","bronze:Repulsor","bronze:Defend"],"score":440,"play_id":"c8fc3086-e853-4702-a25a-d0a9be097b60","local_time":"20210121174500","is_ascension_mode":false,"campfire_choices":[{"floor":1,"key":"RECALL"},{"data":"bronze:Replicate","floor":8,"key":"SMITH"},{"floor":13,"key":"REST"},{"data":"bronze:Iterate","floor":18,"key":"SMITH"},{"floor":23,"key":"REST"},{"data":"bronze:ChildClass","floor":25,"key":"SMITH"},{"floor":30,"key":"REST"},{"data":"bronze:SpaghettiCode","floor":35,"key":"SMITH"},{"data":"expansioncontent:QuickStudy","floor":40,"key":"SMITH"},{"data":"bronze:Verify","floor":44,"key":"SMITH"},{"data":"bronze:ShipIt","floor":46,"key":"SMITH"}],"circlet_count":0,"master_deck":["bronze:Strike","bronze:Defend","bronze:Defend","bronze:Goto+1","bronze:Flail","bronze:FindAndReplace","bronze:Philosophize+1","bronze:Spike+1","bronze:DazingPulse+1","bronze:Explode+1","bronze:Iterate+1","bronze:ChildClass+1","bronze:Mutator+1","bronze:Allocate+1","bronze:Turbo","bronze:BitShift","bronze:Boost","bronze:SpaghettiCode+1","bronze:Verify+1","expansioncontent:QuickStudy+1","bronze:DigitalCarnage+1","bronze:ShipIt+1","bronze:ChildClass","bronze:DarkDash","bronze:MaxOutput","bronze:OilSpill","bronze:MaxOutput+1"],"relics":["bronze:BronzeCore","War Paint","downfall:HeartBlessingRed","Philosopher\u0027s Stone","Coffee Dripper","Membership Card","Happy Flower","Strange Spoon","Shovel"],"acts_visited":["Exordium","TheCity","TheBeyond"],"potions_floor_usage":[6,9,16,20,29,47,49],"damage_taken":[{"damage":0,"enemies":"Cultist","floor":2,"turns":3},{"damage":2,"enemies":"Small Slimes","floor":3,"turns":4},{"damage":0,"enemies":"downfall:FleeingMerchant","floor":4,"turns":4},{"damage":6,"enemies":"Jaw Worm","floor":5,"turns":3},{"damage":22,"enemies":"Jaw Worm","floor":6,"turns":6},{"damage":16,"enemies":"Lots of Slimes","floor":9,"turns":2},{"damage":0,"enemies":"3 Louse","floor":11,"turns":1},{"damage":3,"enemies":"Red Slaver","floor":14,"turns":2},{"damage":2,"enemies":"Lots of Slimes","floor":15,"turns":2},{"damage":18,"enemies":"IC_STATUS_ARCHETYPE","floor":16,"turns":4},{"damage":14,"enemies":"Shell Parasite","floor":19,"turns":3},{"damage":37,"enemies":"Shelled Parasite and Fungi","floor":20,"turns":4},{"damage":12,"enemies":"Cultist and Chosen","floor":22,"turns":4},{"damage":1,"enemies":"Snecko","floor":26,"turns":3},{"damage":7,"enemies":"Sentry and Sphere","floor":27,"turns":3},{"damage":9,"enemies":"Chosen and Byrds","floor":28,"turns":2},{"damage":0,"enemies":"Cultist and Chosen","floor":29,"turns":1},{"damage":3,"enemies":"Snecko","floor":31,"turns":4},{"damage":8,"enemies":"Snake Plant","floor":32,"turns":2},{"damage":30,"enemies":"WA_ARCHETYPE_CALM","floor":33,"turns":8},{"damage":0,"enemies":"downfall:FleeingMerchant","floor":36,"turns":4},{"damage":6,"enemies":"3 Shapes","floor":38,"turns":2},{"damage":26,"enemies":"3 Darklings","floor":43,"turns":3},{"damage":8,"enemies":"4 Shapes","floor":45,"turns":3},{"damage":5,"enemies":"downfall:FleeingMerchant","floor":47,"turns":4},{"damage":3,"enemies":"Jaw Worm Horde","floor":49,"turns":2},{"damage":49,"enemies":"SI_POISON_ARCHETYPE","floor":50,"turns":4}],"seed_played":"-590679941116467641","potions_obtained":[{"floor":2,"key":"Explosive Potion"},{"floor":3,"key":"GamblersBrew"},{"floor":11,"key":"champ:CounterPotion"},{"floor":15,"key":"Energy Potion"},{"floor":16,"key":"Regen Potion"},{"floor":26,"key":"Regen Potion"},{"floor":28,"key":"Strength Potion"},{"floor":29,"key":"ColorlessPotion"},{"floor":49,"key":"BlessingOfTheForge"}],"is_trial":false,"path_per_floor":["R","M","M","$","M","?","T","R","M","?","M","?","R","M","M","B",null,"R","M","M","?","M","R","T","R","M","M","M","M","R","M","M","B",null,"R","$","?","M","?","R","T","?","M","R","M","R","$","?","M","B"],"character_chosen":"THE_AUTOMATON","items_purchased":["Membership Card","expansioncontent:QuickStudy","bronze:MaxOutput","Strange Spoon","Shovel"],"campfire_rested":3,"item_purchase_floors":[36,36,47,47,47],"current_hp_per_floor":[49,49,47,47,41,19,19,19,3,3,3,3,24,21,19,1,70,70,56,33,33,21,42,42,42,43,36,27,29,51,50,42,12,76,76,78,78,72,72,72,72,72,46,46,38,38,33,33,35,0,0,0],"gold":161,"neow_bonus":"REMOVE_TWO","is_daily":false,"chose_seed":false,"campfire_upgraded":7,"win_rate":0.0,"timestamp":1611222300,"path_taken":["R","M","M","$","?","?","T","R","M","?","M","?","R","?","M","BOSS","R","M","M","?","M","R","T","R","M","?","M","M","R","M","M","BOSS","R","$","?","M","?","R","T","?","M","R","?","R","$","?","M","BOSS"],"items_purchased_type":["Relic","Card","Card","Relic","Relic"],"build_version":"2020-12-22","purchased_purges":3,"victory":false,"max_hp_per_floor":[70,70,70,70,70,70,70,70,70,70,70,70,70,70,70,70,70,70,70,70,70,70,70,70,70,72,72,72,74,74,76,76,76,76,76,78,78,78,78,78,78,78,78,78,78,78,78,78,78,78,78,78],"card_choices":[{"not_picked":["bronze:DelayedSlice","bronze:Overload"],"picked":"bronze:Flail","floor":2},{"not_picked":["bronze:Backtrace","bronze:Overheat"],"picked":"bronze:Repulsor","floor":3},{"not_picked":["bronze:ChildClass","bronze:Safeguard"],"picked":"bronze:FindAndReplace","floor":4},{"not_picked":["bronze:Overheat","bronze:Turbo"],"picked":"bronze:Philosophize","floor":5},{"not_picked":[],"picked":"bronze:Spike","floor":6},{"not_picked":[],"picked":"bronze:DazingPulse","floor":6},{"not_picked":[],"picked":"bronze:Explode","floor":6},{"not_picked":["bronze:Overheat","bronze:CloningBeam","bronze:Deprecate"],"picked":"SKIP","floor":9},{"not_picked":["bronze:Deprecate","bronze:Optimize"],"picked":"bronze:Iterate","floor":11},{"not_picked":["bronze:Mutator","bronze:BronzeOrb"],"picked":"bronze:ChildClass","floor":14},{"not_picked":["bronze:Invalidate","bronze:BuggyMess","bronze:ChildClass"],"picked":"SKIP","floor":15},{"not_picked":["bronze:Verify","bronze:CleanCode"],"picked":"bronze:Mutator","floor":16},{"not_picked":["bronze:Deprecate","bronze:BuggyMess","bronze:CutThrough"],"picked":"SKIP","floor":19},{"not_picked":["bronze:Branch","bronze:BuggyMess+1"],"picked":"bronze:Allocate+1","floor":20},{"not_picked":["bronze:MaxOutput","bronze:Shield+1"],"picked":"bronze:Turbo","floor":22},{"not_picked":["bronze:CutThrough","bronze:ForLoop","bronze:Branch"],"picked":"Singing Bowl","floor":26},{"not_picked":["bronze:WhirlingStrike","bronze:NullPointer"],"picked":"bronze:BitShift","floor":27},{"not_picked":["bronze:Frontload","bronze:NullPointer"],"picked":"bronze:Boost","floor":28},{"not_picked":["bronze:Branch","bronze:WhirlingStrike+1","bronze:OilSpill"],"picked":"Singing Bowl","floor":29},{"not_picked":["bronze:DarkDash","bronze:Turbo","bronze:OilSpill"],"picked":"Singing Bowl","floor":31},{"not_picked":["bronze:Backtrace","bronze:Turbo"],"picked":"bronze:SpaghettiCode","floor":32},{"not_picked":["bronze:BurnOut","bronze:HyperBeam"],"picked":"bronze:Verify","floor":33},{"not_picked":["bronze:NullPointer","bronze:FineTuning","bronze:ChildClass+1"],"picked":"Singing Bowl","floor":36},{"not_picked":["bronze:FollowUp","bronze:BugBarrage"],"picked":"bronze:DigitalCarnage+1","floor":38},{"not_picked":["bronze:WildBeam","bronze:Flail+1","bronze:Branch+1"],"picked":"SKIP","floor":43},{"not_picked":["bronze:Boost","bronze:Shell"],"picked":"bronze:ChildClass","floor":45},{"not_picked":["bronze:Iterate+1","bronze:Deprecate+1"],"picked":"bronze:DarkDash","floor":47},{"not_picked":["bronze:Deprecate","bronze:DelayedSlice"],"picked":"bronze:MaxOutput+1","floor":49}],"player_experience":413795,"relics_obtained":[{"floor":7,"key":"War Paint"},{"floor":24,"key":"Singing Bowl"},{"floor":41,"key":"Happy Flower"}],"event_choices":[{"cards_removed":["bronze:Strike"],"damage_healed":0,"gold_gain":0,"player_choice":"Removed Attack","damage_taken":0,"max_hp_gain":0,"max_hp_loss":0,"event_name":"Falling","floor":37,"gold_loss":0}],"is_beta":false,"boss_relics":[{"not_picked":["Empty Cage","Velvet Choker"],"picked":"Philosopher\u0027s Stone"},{"not_picked":["Tiny House","Fusion Hammer"],"picked":"Coffee Dripper"}],"items_purged_floors":[4,36,47],"is_endless":false,"potions_floor_spawned":[2,3,11,15,16,26,28,29,38,49],"killed_by":"SI_POISON_ARCHETYPE","ascension_level":0}}