{"host":"d61fcf2p3sjwe6yo","time":1611254292,"event":{"mods":["AchievementEnabler","BaseMod","Colored Map","Downfall","Minty Spire (QoL Compilation)","StSLib","SuperFastMode"],"gold_per_floor":[99,110,110,210,120,135,160,60,160,178,194,194,31,63,76,173,173,73,173,188,205,218,218,218,118,118,118,133,233,248,265,281,377,377,377,396,446,466,516,577,627,627,678,8,133,50,65,95,140,140,140,173,48,48,48,48],"floor_reached":57,"language":"ENG","playtime":6909,"items_purged":["sneckomod:Strike","sneckomod:Transmogrify","sneckomod:Transmogrify"],"score":1788,"play_id":"f2adf4da-07db-477f-8e70-f5acd7ae7398","local_time":"20210121213811","is_ascension_mode":true,"campfire_choices":[{"floor":1.0,"key":"RECALL"},{"floor":12.0,"key":"REST"},{"data":"Vault","floor":35,"key":"SMITH"},{"floor":42,"key":"REST"},{"floor":54,"key":"REST"}],"circlet_count":0,"master_deck":["AscendersBane","sneckomod:Defend+1","sneckomod:Defend","sneckomod:Defend","sneckomod:SnekBite","sneckomod:UnknownCommonSkill","sneckomod:UnknownCommonSkill+1","sneckomod:Unknown1Cost+1","champ:ShieldWall","sneckomod:UnknownRareSkill+1","sneckomod:MorePower","sneckomod:UnknownCommonSkill+1","sneckomod:UnknownStrength","sneckomod:UnknownWeak+1","sneckomod:UnknownDraw","sneckomod:UnknownCommonAttack","sneckomod:WideSting","sneckomod:UnknownBlock+1","champ:HoldFirm","sneckomod:UnknownRarePower","sneckomod:Unknown0Cost+1","champ:EnGarde+1","Vault+1","champ:StrikeOfGenius+1","sneckomod:SerpentIdol+1","sneckomod:UnknownWeak+1","sneckomod:UnknownStrike+1","sneckomod:UnknownClassPURPLE+1","Vault+1","sneckomod:UnknownExhaust+1","sneckomod:WideSting+1","sneckomod:UnknownUncommonPower+1","champ:ShieldWall","sneckomod:UnknownClassSLIMEBOUND+1","sneckomod:UnknownDraw+1","sneckomod:UnknownRareAttack","expansioncontent:PrepareCrush","sneckomod:UnknownX+1","sneckomod:Unknown3Cost+1","sneckomod:UnknownDraw+1","sneckomod:UnknownX+1","sneckomod:UnknownRareSkill+1","sneckomod:UnknownCommonSkill+1","sneckomod:Unknown2Cost+1"],"relics":["downfall:HeartBlessingRed","downfall:HeartBlessingGreen","MutagenicStrength","downfall:HeartBlessingBlue","Lee\u0027s Waffle","downfall:CloakOfManyFaces","CultistMask","FaceOfCleric","NlothsMask","GremlinMask","SsserpentHead","Fusion Hammer","Gremlin Horn","Lantern","sneckomod:SuperSneckoSoul","Calipers","Art of War","Guardian:GemstoneGun","Happy Flower","Gambling Chip","War Paint","Guardian:PocketSentry","bronze:DecasWashers","Pantograph"],"acts_visited":["Exordium","TheCity","TheBeyond","TheEnding"],"potions_floor_usage":[28,32,33,33,44,46,50,56],"damage_taken":[{"damage":12.0,"enemies":"Jaw Worm","floor":2.0,"turns":2.0},{"damage":10.0,"enemies":"downfall:FleeingMerchant","floor":5.0,"turns":4.0},{"damage":0.0,"enemies":"Cultist","floor":6.0,"turns":3.0},{"damage":68.0,"enemies":"downfall:Heads","floor":9.0,"turns":6.0},{"damage":0.0,"enemies":"2 Louse","floor":10.0,"turns":4.0},{"damage":0.0,"enemies":"Red Slaver","floor":11.0,"turns":3.0},{"damage":10.0,"enemies":"downfall:FleeingMerchant","floor":13.0,"turns":4.0},{"damage":31.0,"enemies":"3 Sentries","floor":14.0,"turns":7.0},{"damage":11.0,"enemies":"Blue Slaver","floor":15.0,"turns":4.0},{"damage":54.0,"enemies":"DF_ARCHETYPE_STREAMLINE","floor":16.0,"turns":11.0},{"damage":11.0,"enemies":"downfall:Augmenter","floor":19.0,"turns":7.0},{"damage":25.0,"enemies":"Spheric Guardian","floor":20.0,"turns":3.0},{"damage":12.0,"enemies":"Shell Parasite","floor":21.0,"turns":7.0},{"damage":9.0,"enemies":"Shelled Parasite and Fungi","floor":22.0,"turns":7.0},{"damage":1,"enemies":"Snake Plant","floor":28,"turns":4},{"damage":5,"enemies":"downfall:FaceTrader","floor":29,"turns":8},{"damage":6,"enemies":"Centurion and Healer","floor":30,"turns":6},{"damage":6,"enemies":"3 Cultists","floor":31,"turns":6},{"damage":20,"enemies":"Chosen and Byrds","floor":32,"turns":10},{"damage":16,"enemies":"SI_MIRROR_ARCHETYPE","floor":33,"turns":12},{"damage":15,"enemies":"3 Shapes","floor":36,"turns":6},{"damage":20,"enemies":"3 Darklings","floor":38,"turns":4},{"damage":16,"enemies":"Reptomancer","floor":40,"turns":9},{"damage":44,"enemies":"Nemesis","floor":43,"turns":9},{"damage":0,"enemies":"downfall:FleeingMerchant","floor":44,"turns":5},{"damage":0,"enemies":"downfall:FleeingMerchant","floor":45,"turns":6},{"damage":34,"enemies":"downfall:FleeingMerchant","floor":46,"turns":5},{"damage":2,"enemies":"Maw","floor":47,"turns":9},{"damage":25,"enemies":"Giant Head","floor":48,"turns":9},{"damage":0,"enemies":"Writhing Mass","floor":49,"turns":7},{"damage":48,"enemies":"IC_BLOCK_ARCHETYPE","floor":50,"turns":10},{"damage":72,"enemies":"downfall:CharBossMerchant","floor":52,"turns":13},{"damage":55,"enemies":"downfall:NeowBoss","floor":55,"turns":16},{"damage":59,"enemies":"downfall:NeowBossFinal","floor":56,"turns":11}],"seed_played":"-6423753653834020032","potions_obtained":[{"floor":9.0,"key":"LiquidMemories"},{"floor":14.0,"key":"Energy Potion"},{"floor":16.0,"key":"GamblersBrew"},{"floor":19.0,"key":"LiquidMemories"},{"floor":21.0,"key":"Explosive Potion"},{"floor":28,"key":"champ:CounterPotion"},{"floor":31,"key":"bronze:BurnAndBuffPotion"},{"floor":32,"key":"sneckomod:OffclassReductionPotion"},{"floor":38,"key":"SteroidPotion"},{"floor":45,"key":"Explosive Potion"},{"floor":48,"key":"CultistPotion"},{"floor":49,"key":"GamblersBrew"}],"is_trial":false,"path_per_floor":["R","M","?","?","$","M","T","R","?","M","M","R","$","E","M","B",null,"R","?","M","M","M","R","T","R","T","R","M","?","M","M","M","B",null,"R","M","T","M","?","E","T","R","E","$","?","$","M","E","M","B",null,"E","$","R","B","B",null],"character_chosen":"THE_SNECKO","items_purchased":["Lee\u0027s Waffle","sneckomod:UnknownRareAttack","Guardian:GemstoneGun","expansioncontent:PrepareCrush","sneckomod:UnknownX+1"],"campfire_rested":3,"item_purchase_floors":[13,44,44,44,46],"current_hp_per_floor":[81,69,74,74,74,74,74,74,6,6,6,34,102,71,60,6,78,78,67,62,55,56,56,56,66,66,66,119,119,114,117,111,104,118,118,114,114,115,115,100,100,126,98,104,105,82,81,57,58,31,108,37,37,77,53,30],"gold":48,"neow_bonus":"THREE_CARDS","is_daily":false,"chose_seed":false,"campfire_upgraded":1,"win_rate":0.0,"timestamp":1611254291,"path_taken":["R","M","?","?","?","?","T","R","?","M","M","R","$","E","M","BOSS","R","?","M","M","M","R","T","R","?","R","M","?","M","M","M","BOSS","R","M","?","M","?","E","T","R","E","$","?","$","M","E","M","BOSS","E","$","R","BOSS","BOSS"],"items_purchased_type":["Relic","Card","Relic","Card","Card"],"build_version":"2020-12-22","purchased_purges":3,"victory":true,"max_hp_per_floor":[90,90,95,95,95,95,95,95,95,95,95,95,102,102,102,102,102,102,102,102,102,102,102,102,112,112,112,119,119,120,121,122,123,123,123,124,124,125,125,126,126,126,127,128,129,130,131,132,133,134,134,135,135,135,136,137],"card_choices":[{"not_picked":["sneckomod:Unknown1Cost","sneckomod:UnknownCommonAttack"],"picked":"sneckomod:UnknownCommonSkill","floor":0.0},{"not_picked":["sneckomod:TrashToTreasure","sneckomod:Unknown1Cost"],"picked":"sneckomod:UnknownCommonSkill","floor":2.0},{"not_picked":["sneckomod:SnakeSap","sneckomod:SoulCleanse"],"picked":"sneckomod:Unknown1Cost","floor":5.0},{"not_picked":["sneckomod:UnknownDraw","sneckomod:UnknownUncommonSkill"],"picked":"sneckomod:UnknownDexterity","floor":6.0},{"not_picked":["sneckomod:UnknownVulnerable","sneckomod:DiceBlock"],"picked":"sneckomod:UnknownRareSkill","floor":9.0},{"not_picked":["sneckomod:UnknownClassGUARDIAN+1","sneckomod:UnknownClassTHE_BRONZE_AUTOMATON+1"],"picked":"sneckomod:UnknownCommonSkill+1","floor":10.0},{"not_picked":["sneckomod:PureSnecko","sneckomod:DiceCrush"],"picked":"sneckomod:UnknownStrength","floor":10.0},{"not_picked":["sneckomod:UnknownBoss+1","sneckomod:UnknownCommonSkill+1"],"picked":"sneckomod:UnknownWeak+1","floor":11.0},{"not_picked":["sneckomod:DiceCrush","sneckomod:SoulCleanse"],"picked":"sneckomod:UnknownDraw","floor":11.0},{"not_picked":["sneckomod:UnknownVulnerable+1","sneckomod:UnknownUncommonPower+1"],"picked":"sneckomod:UnknownClassPURPLE+1","floor":13.0},{"not_picked":["sneckomod:SoulDraw","sneckomod:DiceCrush"],"picked":"sneckomod:UnknownCommonAttack","floor":13.0},{"not_picked":["sneckomod:UnknownClassGREEN+1","sneckomod:UnknownCommonSkill+1"],"picked":"sneckomod:Unknown2Cost+1","floor":14.0},{"not_picked":["sneckomod:UnknownStrike","sneckomod:RainOfDice"],"picked":"sneckomod:WideSting","floor":14.0},{"not_picked":["sneckomod:UnknownClassTHE_CHAMP_GRAY+1","sneckomod:UnknownUncommonSkill+1"],"picked":"sneckomod:UnknownBlock+1","floor":15.0},{"not_picked":["sneckomod:SnakeSap","sneckomod:UnknownWeak"],"picked":"sneckomod:UnknownDexterity","floor":15.0},{"not_picked":["sneckomod:UnknownClassHEXA_GHOST_PURPLE+1","sneckomod:UnknownStrike+1"],"picked":"sneckomod:UnknownCommonSkill+1","floor":16.0},{"not_picked":["sneckomod:UnknownRarePower","sneckomod:Restock"],"picked":"sneckomod:Unknown3Cost","floor":16.0},{"not_picked":[],"picked":"sneckomod:UnknownClassPURPLE","floor":19.0},{"not_picked":["sneckomod:DiceCrush"],"picked":"SKIP","floor":20.0},{"not_picked":[],"picked":"sneckomod:Unknown0Cost+1","floor":21.0},{"not_picked":["sneckomod:DiceBlock"],"picked":"SKIP","floor":21.0},{"not_picked":["sneckomod:UnknownClassGREEN+1"],"picked":"SKIP","floor":22.0},{"not_picked":["sneckomod:DangerNoodle"],"picked":"SKIP","floor":22.0},{"not_picked":["sneckomod:SoulDraw"],"picked":"SKIP","floor":28},{"not_picked":[],"picked":"sneckomod:SerpentIdol+1","floor":29},{"not_picked":[],"picked":"sneckomod:UnknownWeak+1","floor":30},{"not_picked":["sneckomod:Rotation"],"picked":"SKIP","floor":30},{"not_picked":[],"picked":"sneckomod:UnknownStrike+1","floor":31},{"not_picked":["sneckomod:SoulRoll+1"],"picked":"SKIP","floor":31},{"not_picked":["sneckomod:UnknownClassGREEN+1"],"picked":"SKIP","floor":32},{"not_picked":["sneckomod:Nope+1"],"picked":"SKIP","floor":32},{"not_picked":["sneckomod:UnknownCommonSkill+1","sneckomod:UnknownClassTHE_BRONZE_AUTOMATON+1"],"picked":"sneckomod:UnknownClassPURPLE+1","floor":33},{"not_picked":["sneckomod:UnknownRareSkill","sneckomod:DangerNoodle"],"picked":"sneckomod:Transmogrify","floor":33},{"not_picked":[],"picked":"sneckomod:UnknownExhaust+1","floor":36},{"not_picked":["sneckomod:WideSting+1"],"picked":"SKIP","floor":36},{"not_picked":["sneckomod:MasterEye+1","sneckomod:CheapStock"],"picked":"sneckomod:WideSting+1","floor":38},{"not_picked":["sneckomod:UnknownCommonSkill+1","sneckomod:UnknownClassHEXA_GHOST_PURPLE+1"],"picked":"sneckomod:UnknownUncommonPower+1","floor":40},{"not_picked":["sneckomod:QuickBite","sneckomod:UnknownCommonAttack+1","sneckomod:UnknownUncommonPower"],"picked":"SKIP","floor":40},{"not_picked":["sneckomod:UnknownColorless+1","sneckomod:UnknownClassHEXA_GHOST_PURPLE+1"],"picked":"sneckomod:UnknownClassSLIMEBOUND+1","floor":43},{"not_picked":["sneckomod:DiceCrush+1","sneckomod:SoulRoll"],"picked":"sneckomod:UnknownDraw+1","floor":43},{"not_picked":["sneckomod:QuickBite+1","sneckomod:MasterEye+1","sneckomod:RainOfDice+1"],"picked":"SKIP","floor":44},{"not_picked":["sneckomod:UnknownBoss+1","sneckomod:SoulDraw","sneckomod:PureSnecko"],"picked":"SKIP","floor":46},{"not_picked":["sneckomod:UnknownStrike+1","sneckomod:UnknownBlock+1"],"picked":"sneckomod:Unknown3Cost+1","floor":47},{"not_picked":["sneckomod:QuickMove+1","sneckomod:GlitteringGambit","sneckomod:PureSnecko"],"picked":"SKIP","floor":47},{"not_picked":["sneckomod:Unknown2Cost+1","sneckomod:UnknownClassBLUE+1"],"picked":"sneckomod:UnknownDraw+1","floor":48},{"not_picked":["sneckomod:UnknownBlock+1","sneckomod:Unknown0Cost+1"],"picked":"sneckomod:UnknownX+1","floor":48},{"not_picked":["sneckomod:UnknownDexterity+1","sneckomod:UnknownWeak+1"],"picked":"sneckomod:UnknownRareSkill+1","floor":49},{"not_picked":["sneckomod:Unknown1Cost","sneckomod:DiceCrush+1"],"picked":"sneckomod:UnknownCommonSkill+1","floor":49},{"not_picked":["sneckomod:UnknownClassPURPLE+1","sneckomod:UnknownStrike+1"],"picked":"sneckomod:Unknown2Cost+1","floor":52},{"not_picked":["sneckomod:SoulDraw","sneckomod:Rotation+1","sneckomod:QuickBite+1"],"picked":"SKIP","floor":52}],"player_experience":650624,"relics_obtained":[{"floor":7.0,"key":"Pen Nib"},{"floor":14.0,"key":"Shovel"},{"floor":19.0,"key":"MutagenicStrength"},{"floor":21.0,"key":"Bird Faced Urn"},{"floor":22.0,"key":"Pen Nib"},{"floor":26,"key":"Gremlin Horn"},{"floor":28,"key":"Lee\u0027s Waffle"},{"floor":29,"key":"downfall:CloakOfManyFaces"},{"floor":29,"key":"Gremlin Horn"},{"floor":30,"key":"Bird Faced Urn"},{"floor":31,"key":"Gremlin Horn"},{"floor":32,"key":"Happy Flower"},{"floor":33,"key":"Busted Crown"},{"floor":33,"key":"Ice Cream"},{"floor":36,"key":"Ice Cream"},{"floor":36,"key":"Gremlin Horn"},{"floor":38,"key":"Fusion Hammer"},{"floor":38,"key":"Gremlin Horn"},{"floor":40,"key":"Gremlin Horn"},{"floor":40,"key":"Calipers"},{"floor":40,"key":"Matryoshka"},{"floor":41,"key":"Toy Ornithopter"},{"floor":41,"key":"Lantern"},{"floor":43,"key":"sneckomod:SuperSneckoSoul"},{"floor":43,"key":"Calipers"},{"floor":43,"key":"Orichalcum"},{"floor":44,"key":"Happy Flower"},{"floor":44,"key":"Art of War"},{"floor":45,"key":"sneckomod:UnknownEgg"},{"floor":45,"key":"Happy Flower"},{"floor":47,"key":"Gambling Chip"},{"floor":48,"key":"War Paint"},{"floor":49,"key":"Guardian:PocketSentry"},{"floor":52,"key":"bronze:DecasWashers"},{"floor":52,"key":"Pantograph"}],"event_choices":[{"damage_healed":0.0,"max_hp_gain":5.0,"max_hp_loss":0.0,"gold_gain":0.0,"event_name":"Big Fish","player_choice":"Donut","floor":3.0,"gold_loss":0.0,"damage_taken":0.0},{"cards_removed":["sneckomod:UnknownClassPURPLE"],"damage_healed":0,"gold_gain":0,"player_choice":"Removed Skill","damage_taken":0,"max_hp_gain":0,"max_hp_loss":0,"event_name":"Falling","floor":39,"gold_loss":0}],"is_beta":false,"boss_relics":[{"not_picked":["bronze:MakeshiftBattery","Runic Dome"],"picked":"Busted Crown"},{"not_picked":["Tiny House","Pandora\u0027s Box"],"picked":"sneckomod:SuperSneckoSoul"}],"items_purged_floors":[5,44,53],"is_endless":false,"potions_floor_spawned":[9,14,16,19,21,28,31,32,38,45,48,49],"ascension_level":10}}