{"host":"gk336il5jfnqajsw","time":1611206049,"event":{"mods":["2.2 Compatiblity","AchievementEnabler","BaseMod","Colored Powertips","Minty Spire (QoL Compilation)","Relic Stats","StSLib"],"gold_per_floor":[111,127,146,146,71,71,81,115,168,181,11,22,22,36,36,149,149,159,159,184,193,218,218,232,232,232,232,249,249,258,53,53,163,172,204,84,93,111,126,163,163,163,163,198,222,11,11,49,49,49,49],"floor_reached":50,"language":"ENG","playtime":2063,"items_purged":["Strike_R","Strike_R","Shame","Sever Soul+1"],"score":547,"play_id":"835bf985-1751-40f6-a8af-a9d58a62c1c0","local_time":"20210120221409","is_ascension_mode":false,"campfire_choices":[{"data":"Sever Soul","floor":6,"key":"SMITH"},{"data":"Sever Soul","floor":13,"key":"SMITH"},{"data":"Wild Strike","floor":15,"key":"SMITH"},{"data":"Evolve","floor":23,"key":"SMITH"},{"data":"Offering","floor":25,"key":"SMITH"},{"floor":27,"key":"REST"},{"data":"Flex","floor":32,"key":"SMITH"},{"data":"Berserk","floor":42,"key":"SMITH"},{"floor":49,"key":"REST"}],"circlet_count":0,"master_deck":["Defend_R","Defend_R","Defend_R","Defend_R","Bash","Flex+1","Wild Strike+1","Offering+1","Sever Soul+1","Fire Breathing+1","Impervious","Ghostly Armor","Evolve+1","Rampage","Offering+1","Berserk+1","CurseOfTheBell","True Grit+1","Seeing Red","PanicButton","Madness","Madness","Pommel Strike+1","Warcry+1","Shrug It Off+1","Reckless Charge","Wild Strike","Sentinel+1"],"relics":["Burning Blood","Mercury Hourglass","Art of War","CeramicFish","Empty Cage","Mummified Hand","The Courier","DollysMirror","Calling Bell","Centennial Puzzle","Question Card","Prayer Wheel","Happy Flower","Lantern","Ancient Tea Set"],"acts_visited":["Exordium","TheCity","TheBeyond"],"potions_floor_usage":[12,16,16,24,33,40,40,46,47,50,50,50],"damage_taken":[{"damage":1,"enemies":"Cultist","floor":1,"turns":4},{"damage":10,"enemies":"Small Slimes","floor":2,"turns":3},{"damage":1,"enemies":"Jaw Worm","floor":3,"turns":3},{"damage":6,"enemies":"Exordium Thugs","floor":7,"turns":4},{"damage":22,"enemies":"Gremlin Nob","floor":8,"turns":3},{"damage":9,"enemies":"Blue Slaver","floor":10,"turns":3},{"damage":13,"enemies":"Lots of Slimes","floor":12,"turns":3},{"damage":6,"enemies":"3 Louse","floor":14,"turns":2},{"damage":6,"enemies":"Slime Boss","floor":16,"turns":4},{"damage":6,"enemies":"Spheric Guardian","floor":18,"turns":3},{"damage":11,"enemies":"Chosen","floor":20,"turns":3},{"damage":24,"enemies":"Centurion and Healer","floor":22,"turns":6},{"damage":20,"enemies":"Cultist and Chosen","floor":24,"turns":5},{"damage":17,"enemies":"Snake Plant","floor":28,"turns":4},{"damage":83,"enemies":"Automaton","floor":33,"turns":9},{"damage":13,"enemies":"Orb Walker","floor":35,"turns":2},{"damage":12,"enemies":"3 Darklings","floor":39,"turns":4},{"damage":20,"enemies":"Nemesis","floor":40,"turns":5},{"damage":16,"enemies":"Jaw Worm Horde","floor":44,"turns":3},{"damage":38,"enemies":"Spire Growth","floor":48,"turns":4},{"damage":60,"enemies":"Awakened One","floor":50,"turns":7}],"seed_played":"4023421519175231326","potions_obtained":[{"floor":1,"key":"Swift Potion"},{"floor":2,"key":"SteroidPotion"},{"floor":7,"key":"CultistPotion"},{"floor":12,"key":"Fruit Juice"},{"floor":14,"key":"Strength Potion"},{"floor":16,"key":"SkillPotion"},{"floor":22,"key":"FairyPotion"},{"floor":28,"key":"Regen Potion"},{"floor":35,"key":"PowerPotion"},{"floor":44,"key":"EssenceOfSteel"},{"floor":47,"key":"Fruit Juice"},{"floor":47,"key":"Energy Potion"},{"floor":47,"key":"AttackPotion"}],"is_trial":false,"path_per_floor":["M","M","M","?","$","R","M","E","T","M","$","M","R","M","R","B",null,"M","?","M","?","M","R","M","R","T","R","M","?","?","$","R","B",null,"M","$","?","?","M","E","?","R","T","M","T","$","?","M","R","B"],"character_chosen":"IRONCLAD","items_purchased":["Fire Breathing","DollysMirror","Reckless Charge","Ancient Tea Set","BloodPotion"],"campfire_rested":2,"item_purchase_floors":[11,31,46,46,46],"current_hp_per_floor":[80,76,80,80,80,80,80,64,64,61,61,59,59,59,59,59,85,85,85,80,80,62,62,48,48,48,73,62,62,62,62,62,31,85,78,78,78,67,61,47,47,47,47,37,37,54,59,27,54,0,0],"gold":49,"neow_bonus":"ONE_RANDOM_RARE_CARD","is_daily":false,"chose_seed":false,"campfire_upgraded":7,"win_rate":0.0,"timestamp":1611206049,"path_taken":["M","M","?","?","?","R","M","E","T","M","?","M","R","?","R","BOSS","M","?","?","?","M","R","M","R","T","R","M","?","?","$","R","BOSS","M","$","?","?","M","E","?","R","T","M","?","$","?","M","R","BOSS"],"items_purchased_type":["Card","Relic","Card","Relic","Potion"],"build_version":"2020-12-22","purchased_purges":4,"victory":false,"max_hp_per_floor":[80,80,80,80,80,80,80,80,80,80,80,85,85,85,85,85,85,85,85,85,85,85,85,85,85,85,85,85,85,85,85,85,85,85,85,85,85,85,85,85,85,85,85,85,85,85,90,90,90,90,90],"relic_stats":{"Centennial Puzzle":[18],"Happy Flower":[4],"counters":[21,81],"Mummified Hand":[23],"CeramicFish":180,"Prayer Wheel":4,"Art of War":[2],"Question Card":10,"obtain_stats":[{"Lantern":43,"Happy Flower":40,"CeramicFish":9,"The Courier":30,"Empty Cage":17,"Question Card":34,"Ancient Tea Set":46,"Burning Blood":0,"Mercury Hourglass":4,"Calling Bell":34,"Centennial Puzzle":34,"Mummified Hand":26,"DollysMirror":31,"Prayer Wheel":34,"Art of War":8},{"Lantern":18,"Happy Flower":18,"CeramicFish":5,"The Courier":14,"Empty Cage":9,"Question Card":15,"Ancient Tea Set":19,"Burning Blood":0,"Mercury Hourglass":3,"Calling Bell":15,"Centennial Puzzle":15,"Mummified Hand":13,"DollysMirror":14,"Prayer Wheel":15,"Art of War":5},{"Lantern":67,"Happy Flower":67,"CeramicFish":16,"The Courier":47,"Empty Cage":27,"Question Card":56,"Ancient Tea Set":70,"Burning Blood":0,"Mercury Hourglass":10,"Calling Bell":56,"Centennial Puzzle":56,"Mummified Hand":44,"DollysMirror":47,"Prayer Wheel":56,"Art of War":16}],"Burning Blood":114,"Mercury Hourglass":[281]},"card_choices":[{"not_picked":["Flex","Warcry"],"picked":"Sever Soul","floor":1},{"not_picked":["Heavy Blade","Ghostly Armor"],"picked":"Flex","floor":2},{"not_picked":["Sever Soul","Warcry"],"picked":"Wild Strike","floor":3},{"not_picked":["Rampage","Thunderclap"],"picked":"Offering","floor":7},{"not_picked":["Rampage","Ghostly Armor"],"picked":"Sever Soul","floor":8},{"not_picked":["Second Wind","Heavy Blade","Thunderclap"],"picked":"SKIP","floor":10},{"not_picked":["Heavy Blade","Dark Embrace","Pommel Strike"],"picked":"SKIP","floor":12},{"not_picked":["Heavy Blade","Clash","Body Slam"],"picked":"SKIP","floor":14},{"not_picked":["Limit Break","Feed"],"picked":"Impervious","floor":16},{"not_picked":["Iron Wave","Havoc","Sword Boomerang"],"picked":"SKIP","floor":18},{"not_picked":["Ghostly Armor","Dual Wield+1","Twin Strike+1"],"picked":"SKIP","floor":20},{"not_picked":["Dual Wield+1","Twin Strike+1"],"picked":"Ghostly Armor","floor":20},{"not_picked":["Hemokinesis","Brutality"],"picked":"Rampage","floor":22},{"not_picked":["Armaments","Body Slam+1","Pummel"],"picked":"SKIP","floor":24},{"not_picked":["Clash","Dual Wield","Iron Wave"],"picked":"SKIP","floor":28},{"not_picked":["Corruption","Limit Break"],"picked":"Berserk","floor":33},{"not_picked":["Shockwave","Rupture","Perfected Strike+1"],"picked":"True Grit+1","floor":35},{"not_picked":["Pommel Strike","Carnage+1","Body Slam"],"picked":"Seeing Red","floor":35},{"not_picked":["Thinking Ahead","Magnetism","Impatience"],"picked":"PanicButton","floor":37},{"not_picked":["Twin Strike+1","Pommel Strike","Burning Pact","Body Slam"],"picked":"SKIP","floor":39},{"not_picked":["Anger","Sword Boomerang","Carnage+1","Rage+1"],"picked":"SKIP","floor":39},{"not_picked":["Heavy Blade+1","Bloodletting+1","Disarm"],"picked":"Pommel Strike+1","floor":40},{"not_picked":["Twin Strike+1","Seeing Red+1","Clothesline"],"picked":"Warcry+1","floor":44},{"not_picked":["Pommel Strike","Perfected Strike","Rampage"],"picked":"Shrug It Off+1","floor":44},{"not_picked":["Shrug It Off","Sword Boomerang+1","Heavy Blade+1"],"picked":"Wild Strike","floor":48},{"not_picked":["Rampage+1","Cleave+1","Bludgeon"],"picked":"Sentinel+1","floor":48}],"player_experience":560595,"relics_obtained":[{"floor":8,"key":"Art of War"},{"floor":9,"key":"CeramicFish"},{"floor":26,"key":"Mummified Hand"},{"floor":34,"key":"Centennial Puzzle"},{"floor":34,"key":"Question Card"},{"floor":34,"key":"Prayer Wheel"},{"floor":40,"key":"Happy Flower"},{"floor":43,"key":"Lantern"}],"event_choices":[{"cards_removed":["Exhume"],"damage_healed":0,"gold_gain":0,"player_choice":"Gave Card","damage_taken":0,"relics_obtained":["Mercury Hourglass"],"max_hp_gain":0,"max_hp_loss":0,"event_name":"WeMeetAgain","floor":4,"gold_loss":0},{"damage_healed":0,"gold_gain":0,"player_choice":"Forge","damage_taken":0,"max_hp_gain":0,"max_hp_loss":0,"event_name":"Accursed Blacksmith","floor":19,"gold_loss":0,"cards_upgraded":["Fire Breathing"]},{"damage_healed":0,"gold_gain":0,"player_choice":"Read","damage_taken":0,"max_hp_gain":0,"max_hp_loss":0,"event_name":"The Library","floor":21,"gold_loss":0,"cards_obtained":["Evolve"]},{"cards_removed":["Strike_R"],"damage_healed":0,"gold_gain":0,"player_choice":"Elegance","damage_taken":0,"max_hp_gain":0,"max_hp_loss":0,"event_name":"Back to Basics","floor":29,"gold_loss":0},{"damage_healed":0,"gold_gain":0,"player_choice":"Stole Relic","damage_taken":0,"relics_obtained":["The Courier"],"max_hp_gain":0,"max_hp_loss":0,"event_name":"Addict","floor":30,"gold_loss":0,"cards_obtained":["Shame"]},{"damage_healed":0,"gold_gain":0,"player_choice":"Memory 1","damage_taken":0,"max_hp_gain":0,"max_hp_loss":0,"event_name":"SensoryStone","floor":37,"gold_loss":0},{"damage_healed":0,"gold_gain":0,"player_choice":"Embrace Madness","damage_taken":11,"max_hp_gain":0,"max_hp_loss":0,"event_name":"Winding Halls","floor":38,"gold_loss":0,"cards_obtained":["Madness","Madness"]},{"damage_healed":0,"gold_gain":0,"player_choice":"Ignored","damage_taken":0,"max_hp_gain":0,"max_hp_loss":0,"event_name":"Tomb of Lord Red Mask","floor":41,"gold_loss":0},{"damage_healed":0,"gold_gain":0,"player_choice":"Got Potions","damage_taken":0,"max_hp_gain":0,"max_hp_loss":0,"event_name":"Lab","floor":47,"gold_loss":0}],"is_beta":false,"boss_relics":[{"not_picked":["SlaversCollar","Black Blood"],"picked":"Empty Cage"},{"not_picked":["Snecko Eye","Coffee Dripper"],"picked":"Calling Bell"}],"items_purged_floors":[5,11,31,36],"is_endless":false,"potions_floor_spawned":[1,2,7,12,14,16,22,28,35,44],"killed_by":"Awakened One","ascension_level":0}}