{"host":"50qwps766cbz6ukm","time":1611216522,"event":{"mods":["BaseMod","Colored Map","Colored Powertips","DeckTracker","Highlight Path","Minty Spire (QoL Compilation)","Quick Restart","StSLib","SuperFastMode","Synergy Search"],"gold_per_floor":[111,186,203,104,104,104,129,145,145,155,155,187,187,217,217,313,313,328,328,228,245,279,279,17,49,49,69,82,101,101,32,32,137,187,199,199,210,223,98,98,124,137,163,195,45,45,72,84,84,84],"floor_reached":51,"language":"ENG","playtime":3726,"items_purged":["Strike_P","Defend_P","Strike_P","Defend_P"],"score":983,"play_id":"6eff72a0-ed4f-4e05-84bd-20243defd691","local_time":"20210121100842","is_ascension_mode":true,"campfire_choices":[{"data":"SashWhip","floor":6,"key":"SMITH"},{"floor":11,"key":"REST"},{"floor":13,"key":"REST"},{"data":"Vigilance","floor":15,"key":"SMITH"},{"data":"Wallop","floor":23,"key":"SMITH"},{"floor":30,"key":"REST"},{"data":"CutThroughFate","floor":32,"key":"SMITH"},{"floor":46,"key":"REST"},{"floor":49,"key":"REST"}],"circlet_count":0,"master_deck":["Strike_P+1","Strike_P","Defend_P","Defend_P","Eruption+1","Vigilance+1","SashWhip+1","FollowUp","Consecrate","Prostrate+1","Prostrate","Weave","Devotion+1","Devotion+1","ReachHeaven+1","Wallop+1","LikeWater+1","BattleHymn+1","Evaluate+1","CutThroughFate+1","Study+1","LessonLearned+1","CutThroughFate+1","WindmillStrike+1","Consecrate+1","FlurryOfBlows+1","FlurryOfBlows+1"],"relics":["HolyWater","Centennial Puzzle","Frozen Egg 2","Peace Pipe","Ornamental Fan","Red Mask","Mercury Hourglass","Anchor","Gambling Chip","Tiny House","Molten Egg 2","Vajra","Ancient Tea Set"],"acts_visited":["Exordium","TheCity","TheBeyond"],"potions_floor_usage":[16,17,22,22,33,33,37,38,40,41,44,50],"damage_taken":[{"damage":0,"enemies":"Small Slimes","floor":1,"turns":3},{"damage":2,"enemies":"Jaw Worm","floor":3,"turns":4},{"damage":47,"enemies":"3 Sentries","floor":7,"turns":9},{"damage":0,"enemies":"Cultist","floor":8,"turns":4},{"damage":0,"enemies":"Large Slime","floor":10,"turns":3},{"damage":14,"enemies":"Lagavulin","floor":12,"turns":5},{"damage":14,"enemies":"Hexaghost","floor":16,"turns":10},{"damage":0,"enemies":"Spheric Guardian","floor":18,"turns":2},{"damage":13,"enemies":"2 Thieves","floor":21,"turns":3},{"damage":0,"enemies":"Masked Bandits","floor":22,"turns":2},{"damage":19,"enemies":"Slavers","floor":25,"turns":4},{"damage":0,"enemies":"Centurion and Healer","floor":27,"turns":5},{"damage":10,"enemies":"3 Cultists","floor":28,"turns":3},{"damage":0,"enemies":"Snecko","floor":29,"turns":3},{"damage":14,"enemies":"Collector","floor":33,"turns":5},{"damage":2,"enemies":"3 Shapes","floor":35,"turns":3},{"damage":6,"enemies":"3 Darklings","floor":37,"turns":4},{"damage":20,"enemies":"Jaw Worm Horde","floor":38,"turns":5},{"damage":0,"enemies":"Spire Growth","floor":40,"turns":2},{"damage":22,"enemies":"Reptomancer","floor":41,"turns":5},{"damage":12,"enemies":"Maw","floor":42,"turns":5},{"damage":0,"enemies":"Jaw Worm Horde","floor":44,"turns":4},{"damage":0,"enemies":"Giant Head","floor":47,"turns":4},{"damage":10,"enemies":"3 Darklings","floor":48,"turns":3},{"damage":47,"enemies":"Awakened One","floor":50,"turns":7}],"seed_played":"2814994403832118768","potions_obtained":[{"floor":7,"key":"Ambrosia"},{"floor":10,"key":"AttackPotion"},{"floor":12,"key":"SteroidPotion"},{"floor":16,"key":"Fruit Juice"},{"floor":21,"key":"Weak Potion"},{"floor":22,"key":"Energy Potion"},{"floor":27,"key":"BottledMiracle"},{"floor":33,"key":"SmokeBomb"},{"floor":34,"key":"BlessingOfTheForge"},{"floor":38,"key":"GamblersBrew"},{"floor":42,"key":"ColorlessPotion"},{"floor":44,"key":"Ancient Potion"},{"floor":47,"key":"BottledMiracle"}],"is_trial":false,"path_per_floor":["M","?","M","$","?","R","E","M","T","M","R","E","R","?","R","B",null,"M","?","$","M","?","R","$","E","T","M","M","M","R","$","R","B",null,"M","?","M","M","$","M","E","M","T","M","$","R","E","M","R","B",null],"character_chosen":"WATCHER","items_purchased":["Consecrate","Mercury Hourglass","Study+1"],"campfire_rested":5,"item_purchase_floors":[4,24,31],"current_hp_per_floor":[72,61,59,59,59,59,12,12,12,12,35,21,44,44,44,30,72,72,72,72,59,59,59,59,40,40,40,30,30,55,55,55,41,78,76,76,70,50,50,50,28,16,16,16,16,42,42,32,58,11],"gold":84,"neow_bonus":"TEN_PERCENT_HP_BONUS","is_daily":false,"chose_seed":false,"campfire_upgraded":4,"win_rate":0.0,"timestamp":1611216522,"path_taken":["M","?","M","$","?","R","E","?","T","M","R","E","R","?","R","BOSS","M","?","$","M","?","R","$","E","T","M","M","M","R","?","R","BOSS","M","?","M","M","$","M","E","M","T","M","$","R","E","M","R","BOSS"],"items_purchased_type":["Card","Relic","Card"],"build_version":"2020-12-22","purchased_purges":4,"victory":true,"max_hp_per_floor":[79,79,79,79,79,79,79,79,79,79,79,79,79,79,79,79,84,84,84,84,84,84,84,84,84,84,84,84,84,84,84,84,84,89,89,89,89,89,89,89,89,89,89,89,89,89,89,89,89,89],"card_choices":[{"not_picked":["EmptyBody","Halt"],"picked":"SashWhip","floor":1},{"not_picked":["EmptyFist","JustLucky"],"picked":"FollowUp","floor":3},{"not_picked":["PathToVictory","EmptyMind"],"picked":"Prostrate","floor":7},{"not_picked":["ClearTheMind","Scrawl"],"picked":"Prostrate","floor":8},{"not_picked":["Swivel","PathToVictory"],"picked":"Weave","floor":10},{"not_picked":["Perseverance","FollowUp"],"picked":"Devotion+1","floor":12},{"not_picked":["MasterReality+1","Ragnarok"],"picked":"Devotion+1","floor":16},{"not_picked":["Collect","Prostrate"],"picked":"ReachHeaven","floor":18},{"not_picked":["EmptyBody","WindmillStrike"],"picked":"LikeWater+1","floor":21},{"not_picked":["CrushJoints","Prostrate+1"],"picked":"BattleHymn+1","floor":22},{"not_picked":["Crescendo","Scrawl"],"picked":"Evaluate+1","floor":25},{"not_picked":["Crescendo","Prostrate","ReachHeaven"],"picked":"SKIP","floor":27},{"not_picked":["EmptyFist","Evaluate+1"],"picked":"CutThroughFate","floor":28},{"not_picked":["Indignation","BowlingBash","Alpha"],"picked":"SKIP","floor":29},{"not_picked":["Alpha","MasterReality+1"],"picked":"LessonLearned","floor":33},{"not_picked":["Halt+1","JustLucky"],"picked":"CutThroughFate+1","floor":34},{"not_picked":["Study+1","Halt+1"],"picked":"WindmillStrike+1","floor":35},{"not_picked":["WindmillStrike+1","JustLucky+1","Indignation"],"picked":"SKIP","floor":37},{"not_picked":["BattleHymn+1","EmptyBody"],"picked":"Consecrate+1","floor":38},{"not_picked":["ClearTheMind","PathToVictory","Crescendo"],"picked":"SKIP","floor":41},{"not_picked":["Fasting2+1","Consecrate+1","ThirdEye"],"picked":"SKIP","floor":42},{"not_picked":["Prostrate","PathToVictory+1"],"picked":"FlurryOfBlows+1","floor":44},{"not_picked":["SpiritShield","FearNoEvil+1"],"picked":"FlurryOfBlows+1","floor":47},{"not_picked":["LikeWater+1","SashWhip+1","Evaluate"],"picked":"SKIP","floor":48}],"player_experience":568496,"relics_obtained":[{"floor":7,"key":"Centennial Puzzle"},{"floor":9,"key":"Frozen Egg 2"},{"floor":12,"key":"Peace Pipe"},{"floor":22,"key":"Red Mask"},{"floor":25,"key":"Anchor"},{"floor":26,"key":"Gambling Chip"},{"floor":41,"key":"Molten Egg 2"},{"floor":43,"key":"Vajra"},{"floor":47,"key":"Ancient Tea Set"}],"event_choices":[{"damage_healed":0,"gold_gain":75,"player_choice":"Gather Gold","damage_taken":11,"max_hp_gain":0,"max_hp_loss":0,"event_name":"World of Goop","floor":2,"gold_loss":0},{"damage_healed":0,"gold_gain":0,"player_choice":"Forge","damage_taken":0,"max_hp_gain":0,"max_hp_loss":0,"event_name":"Accursed Blacksmith","floor":5,"gold_loss":0,"cards_upgraded":["Eruption"]},{"damage_healed":0,"gold_gain":30,"player_choice":"Searched \u00273\u0027 times","damage_taken":0,"relics_obtained":["Ornamental Fan"],"max_hp_gain":0,"max_hp_loss":0,"event_name":"Dead Adventurer","floor":14,"gold_loss":0},{"damage_healed":0,"gold_gain":0,"player_choice":"Read","damage_taken":0,"max_hp_gain":0,"max_hp_loss":0,"event_name":"The Library","floor":19,"gold_loss":0,"cards_obtained":["Wallop"]},{"damage_healed":0,"gold_gain":0,"player_choice":"Fought Bandits","damage_taken":0,"max_hp_gain":0,"max_hp_loss":0,"event_name":"Masked Bandits","floor":22,"gold_loss":0},{"damage_healed":0,"gold_gain":0,"player_choice":"0 cards matched","damage_taken":0,"max_hp_gain":0,"max_hp_loss":0,"event_name":"Match and Keep!","floor":36,"gold_loss":0,"cards_obtained":[]}],"is_beta":false,"boss_relics":[{"not_picked":["Velvet Choker","Runic Dome"],"picked":"HolyWater"},{"not_picked":["Cursed Key","SlaversCollar"],"picked":"Tiny House"}],"items_purged_floors":[4,20,39,45],"is_endless":false,"potions_floor_spawned":[7,10,12,16,21,22,27,33,38,42,44,47],"ascension_level":6}}