{"host":"xp5rvh2jwe2ejyfm","time":1611196433,"event":{"mods":["BaseMod","Downfall","Hermit","Minty Spire (QoL Compilation)","Robot Space Explorer","StSLib","The Clintock","The Construct","The Cursed","The Disciple","The Forsaken","The Hierophant","The Runesmith"],"gold_per_floor":[99,114,130,149,249,45,72,87,87,102,128,28,65,249,277,381,381,381,408,429,448,103,103,103,129,148,169,178,199,220,245,265,379,379,379,402,421,8,89,89,162,62,62,171,197,216,250,41,64,64,64,64],"floor_reached":50,"language":"ENG","playtime":2834,"items_purged":["Doubt"],"score":537,"play_id":"d626d656-fbc6-4e7e-b949-de6771942121","local_time":"20210120213353","is_ascension_mode":false,"campfire_choices":[{"floor":1,"key":"RECALL"},{"floor":9,"key":"REST"},{"floor":12,"key":"REST"},{"data":"champ:SkillfulDodge","floor":18,"key":"SMITH"},{"floor":28,"key":"REST"},{"data":"expansioncontent:QuickStudy","floor":35,"key":"SMITH"},{"data":"champ:CrownThrow","floor":42,"key":"SMITH"},{"data":"champ:RapidStrikes","floor":43,"key":"SMITH"}],"circlet_count":0,"master_deck":["champ:Strike","champ:Strike","champ:Strike","champ:Strike","champ:Defend","champ:Defend","champ:Defend","champ:Defend","champ:Execute","champ:Taunt","champ:ShieldWall","champ:DeathBlow","champ:ShieldWall","champ:ShieldWall","expansioncontent:QuickStudy+1","champ:DefensiveShout","champ:Endure","champ:SkillfulDodge+1","champ:RapidStrikes+1","champ:EnGarde","champ:HoldFirm","champ:Backstep","champ:Endure","champ:DefensiveShout","champ:CalledShot","champ:GutPunch","champ:CrownThrow+1","champ:BerserkersShout","champ:FanOfKnives","champ:FanOfKnives+1","champ:PreciseThrust","champ:HeartStrike","champ:BerserkersShout+1","champ:SteelEdge","champ:CrownThrow+1","champ:PreemptiveStrike","champ:RecklessLeap","champ:Duel+1","champ:Encircle","champ:FancyFootwork","Parasite","champ:EnragedBash","champ:Lariat+1","champ:PreciseThrust","champ:StanceDance","champ:FlashCut","champ:GutPunch+1"],"relics":["champ:ChampionCrown","Regal Pillow","Vajra","downfall:HeartBlessingRed","CeramicFish","Busted Crown","champ:BerserkersGuideToSlaughter","Dream Catcher","champ:GladiatorsBookOfMartialProwess","Runesmith:Nanobots","Juzu Bracelet","construct:WeddingRing","StrikeDummy","Sling","downfall:TeleportStone","Eternal Feather","downfall:HeartBlessingBlue","Toy Ornithopter"],"acts_visited":["Exordium","TheCity","TheBeyond"],"potions_floor_usage":[6,11,21,22,33,33,33,37,45,47,48,48,48,50,50,50],"damage_taken":[{"damage":14,"enemies":"Jaw Worm","floor":2,"turns":6},{"damage":5,"enemies":"Small Slimes","floor":3,"turns":4},{"damage":18,"enemies":"2 Louse","floor":4,"turns":2},{"damage":13,"enemies":"downfall:FleeingMerchant","floor":6,"turns":4},{"damage":31,"enemies":"Exordium Thugs","floor":8,"turns":4},{"damage":19,"enemies":"2 Fungi Beasts","floor":10,"turns":2},{"damage":31,"enemies":"3 Sentries","floor":11,"turns":4},{"damage":68,"enemies":"Gremlin Nob","floor":13,"turns":5},{"damage":13,"enemies":"Red Slaver","floor":15,"turns":3},{"damage":20,"enemies":"SI_SHIV_ARCHETYPE","floor":16,"turns":9},{"damage":14,"enemies":"Spheric Guardian","floor":19,"turns":4},{"damage":15,"enemies":"Chosen","floor":20,"turns":6},{"damage":15,"enemies":"3 Cultists","floor":21,"turns":5},{"damage":10,"enemies":"downfall:FleeingMerchant","floor":22,"turns":4},{"damage":26,"enemies":"Centurion and Healer","floor":26,"turns":6},{"damage":0,"enemies":"Snecko","floor":27,"turns":5},{"damage":24,"enemies":"Snake Plant","floor":29,"turns":5},{"damage":13,"enemies":"Cultist and Chosen","floor":30,"turns":5},{"damage":29,"enemies":"3 Cultists","floor":31,"turns":4},{"damage":15,"enemies":"Snake Plant","floor":32,"turns":5},{"damage":119,"enemies":"WA_ARCHETYPE_CALM","floor":33,"turns":11},{"damage":7,"enemies":"3 Darklings","floor":36,"turns":2},{"damage":25,"enemies":"3 Shapes","floor":37,"turns":2},{"damage":5,"enemies":"downfall:FleeingMerchant","floor":38,"turns":4},{"damage":49,"enemies":"downfall:LadyInBlue","floor":44,"turns":8},{"damage":33,"enemies":"3 Darklings","floor":45,"turns":3},{"damage":38,"enemies":"Maw","floor":46,"turns":8},{"damage":35,"enemies":"Writhing Mass","floor":47,"turns":5},{"damage":35,"enemies":"downfall:FleeingMerchant","floor":48,"turns":4},{"damage":10,"enemies":"4 Shapes","floor":49,"turns":4},{"damage":108,"enemies":"DF_ARCHETYPE_ORBS","floor":50,"turns":8}],"seed_played":"279055255914721233","potions_obtained":[{"floor":3,"key":"Fire Potion"},{"floor":4,"key":"champ:CounterPotion"},{"floor":8,"key":"EssenceOfSteel"},{"floor":10,"key":"SmokeBomb"},{"floor":20,"key":"DistilledChaos"},{"floor":21,"key":"SkillPotion"},{"floor":29,"key":"champ:OpenerPotion"},{"floor":32,"key":"Dexterity Potion"},{"floor":33,"key":"Explosive Potion"},{"floor":36,"key":"Strength Potion"},{"floor":37,"key":"Ancient Potion"},{"floor":44,"key":"LiquidBronze"},{"floor":44,"key":"PowerPotion"},{"floor":45,"key":"EntropicBrew"},{"floor":47,"key":"SkillPotion"},{"floor":49,"key":"AttackPotion"}],"is_trial":false,"path_per_floor":["R","M","M","M","?","$","T","M","R","M","E","R","E","?","M","B",null,"R","M","M","M","$","?","T","T","M","M","R","M","M","M","M","B",null,"R","M","M","$","?","?","T","R","R","?","M","M","M","$","M","B"],"character_chosen":"THE_CHAMP","items_purchased":["expansioncontent:QuickStudy","champ:BerserkersGuideToSlaughter","champ:GutPunch","Dream Catcher","StrikeDummy","Sling","champ:PreciseThrust","champ:StanceDance","champ:FlashCut"],"campfire_rested":3,"item_purchase_floors":[6,22,22,22,38,38,48,48,48],"current_hp_per_floor":[99,95,90,82,82,79,79,58,99,80,59,99,41,41,28,8,99,99,85,75,75,75,75,75,75,59,69,99,80,87,73,68,40,99,99,92,67,72,72,72,72,103,109,90,87,84,69,69,79,0,0,0],"gold":64,"neow_bonus":"TEN_PERCENT_HP_BONUS","is_daily":false,"chose_seed":false,"campfire_upgraded":4,"win_rate":0.0,"timestamp":1611196433,"path_taken":["R","M","M","M","?","$","T","M","R","M","E","R","E","?","M","BOSS","R","M","M","M","$","?","T","?","M","M","R","M","M","M","M","BOSS","R","M","M","$","?","?","T","R","R","?","M","M","M","$","M","BOSS"],"items_purchased_type":["Card","Relic","Card","Relic","Relic","Relic","Card","Card","Card"],"build_version":"2020-12-22","purchased_purges":1,"victory":false,"max_hp_per_floor":[99,99,99,99,99,99,99,99,99,99,99,99,99,99,99,99,99,99,99,99,99,99,99,99,99,99,99,99,99,99,99,99,99,99,99,99,99,99,99,99,99,109,109,109,109,109,109,109,109,109,109,109],"card_choices":[{"not_picked":["champ:Haymaker","champ:BerserkersShout"],"picked":"champ:ShieldWall","floor":2},{"not_picked":["champ:Endure","champ:StanceDance"],"picked":"champ:DeathBlow","floor":3},{"not_picked":["champ:HeartStrike","champ:RapidStrikes"],"picked":"champ:ShieldWall","floor":4},{"not_picked":["champ:FlashCut","champ:PreciseThrust"],"picked":"champ:ShieldWall","floor":6},{"not_picked":["champ:BerserkersShout","champ:SteelEdge"],"picked":"champ:DefensiveShout","floor":8},{"not_picked":["champ:PreciseThrust","champ:Parry"],"picked":"champ:Endure","floor":10},{"not_picked":["champ:BladeFlurry","champ:Encircle"],"picked":"champ:SkillfulDodge","floor":11},{"not_picked":["champ:HeartStrike","champ:EnragedBash"],"picked":"champ:RapidStrikes","floor":13},{"not_picked":["champ:AdrenalArmor","champ:BringItOn"],"picked":"champ:EnGarde","floor":15},{"not_picked":["champ:SwordThrow","champ:ShieldThrow"],"picked":"champ:HoldFirm","floor":16},{"not_picked":[],"picked":"champ:Backstep","floor":19},{"not_picked":[],"picked":"champ:Endure","floor":20},{"not_picked":[],"picked":"champ:DefensiveShout","floor":21},{"not_picked":[],"picked":"champ:CalledShot","floor":22},{"not_picked":[],"picked":"champ:CrownThrow","floor":26},{"not_picked":[],"picked":"champ:BerserkersShout","floor":27},{"not_picked":[],"picked":"champ:FanOfKnives","floor":28},{"not_picked":[],"picked":"champ:FanOfKnives+1","floor":29},{"not_picked":[],"picked":"champ:PreciseThrust","floor":30},{"not_picked":[],"picked":"champ:HeartStrike","floor":31},{"not_picked":[],"picked":"champ:BerserkersShout+1","floor":32},{"not_picked":[],"picked":"champ:SteelEdge","floor":33},{"not_picked":[],"picked":"champ:CrownThrow+1","floor":36},{"not_picked":[],"picked":"champ:PreemptiveStrike","floor":37},{"not_picked":[],"picked":"champ:RecklessLeap","floor":38},{"not_picked":[],"picked":"champ:Duel+1","floor":44},{"not_picked":[],"picked":"champ:Encircle","floor":45},{"not_picked":[],"picked":"champ:FancyFootwork","floor":46},{"not_picked":[],"picked":"champ:EnragedBash","floor":47},{"not_picked":[],"picked":"champ:Lariat+1","floor":48},{"not_picked":[],"picked":"champ:GutPunch+1","floor":49}],"player_experience":277406,"relics_obtained":[{"floor":7,"key":"Regal Pillow"},{"floor":11,"key":"Vajra"},{"floor":13,"key":"CeramicFish"},{"floor":24,"key":"Runesmith:Nanobots"},{"floor":25,"key":"Juzu Bracelet"},{"floor":41,"key":"Eternal Feather"},{"floor":44,"key":"Toy Ornithopter"}],"event_choices":[],"is_beta":false,"boss_relics":[{"not_picked":["construct:ClawGrip","Black Star"],"picked":"Busted Crown"},{"not_picked":["Fusion Hammer","SlaversCollar"],"picked":"construct:WeddingRing"}],"items_purged_floors":[48],"is_endless":false,"potions_floor_spawned":[3,4,8,10,20,21,29,32,33,36,37,45,47,49],"killed_by":"DF_ARCHETYPE_ORBS","ascension_level":0}}