{"host":"5yoj846f700ld8qy","time":1611264420,"event":{"mods":["AchievementEnabler","Aspiration","BaseMod","Better Altar","Better Match","Better Note","Better Sensory Stone","Better Skull","Better Third Choice","Colored Map","Colored Powertips","Minty Spire (QoL Compilation)","StSLib"],"gold_per_floor":[118,132,132,132,149,180,160,160,184,202,233,245,245,265,265,342,342,362,1,13,23,39,39,54,387,387,387,1,1,34,34,34,105,105,116,141,187,187,206,206,235,5,53,67,0,0,24,35,35,35],"floor_reached":51,"language":"ENG","playtime":2284,"items_purged":["Strike_R"],"score":1416,"play_id":"e1a75518-4f48-45d6-9c77-b6d6e5fb01e2","local_time":"20210121232700","is_ascension_mode":true,"campfire_choices":[{"data":"Armaments","floor":8.0,"key":"SMITH"},{"data":"True Grit","floor":13.0,"key":"SMITH"},{"data":"Carnage","floor":15,"key":"SMITH"},{"floor":23,"key":"REST"},{"data":"Fiend Fire","floor":27,"key":"SMITH"},{"data":"Havoc","floor":32,"key":"SMITH"},{"data":"Impervious","floor":40,"key":"SMITH"},{"data":"Double Tap","floor":46,"key":"SMITH"},{"data":"Second Wind","floor":49,"key":"SMITH"}],"circlet_count":0,"master_deck":["AscendersBane","Strike_R","Strike_R","Strike_R","Defend_R","Defend_R","Defend_R","Bash+1","Dropkick","Clothesline","Armaments+1","Ghostly Armor","Carnage+1","True Grit+1","Shockwave","Ghostly Armor","Fiend Fire+1","Body Slam+1","Ghostly Armor","Reaper","Dropkick","Havoc+1","Insight","Reaper","Impervious+1","Twin Strike+1","Flex","Anger","Sentinel+1","Double Tap+1","Burning Pact","Second Wind+1"],"relics":["Burning Blood","aspiration:Nostalgia","PureWater","Charon\u0027s Ashes","Dream Catcher","Shuriken","Runic Pyramid","Pantograph","Old Coin","aspiration:HiddenCompartment","Red Skull","Orichalcum","Bag of Preparation","Mark of Pain","Calipers","Torii","Darkstone Periapt","Strawberry","Red Mask","Pen Nib"],"acts_visited":["Exordium","TheCity","TheBeyond"],"potions_floor_usage":[16,16,21,24,24,25,30,37,41,50,50],"damage_taken":[{"damage":1.0,"enemies":"Cultist","floor":1.0,"turns":3.0},{"damage":8.0,"enemies":"Small Slimes","floor":2.0,"turns":3.0},{"damage":3.0,"enemies":"2 Louse","floor":5.0,"turns":2.0},{"damage":35.0,"enemies":"3 Sentries","floor":6.0,"turns":13.0},{"damage":0.0,"enemies":"Large Slime","floor":10.0,"turns":3.0},{"damage":20.0,"enemies":"Gremlin Nob","floor":11.0,"turns":4.0},{"damage":0.0,"enemies":"Lots of Slimes","floor":12.0,"turns":1.0},{"damage":9,"enemies":"Gremlin Gang","floor":14,"turns":4},{"damage":0,"enemies":"Hexaghost","floor":16,"turns":9},{"damage":5,"enemies":"3 Byrds","floor":18,"turns":3},{"damage":19,"enemies":"2 Thieves","floor":20,"turns":3},{"damage":25,"enemies":"Centurion and Healer","floor":21,"turns":4},{"damage":0,"enemies":"Snecko","floor":22,"turns":3},{"damage":17,"enemies":"Shelled Parasite and Fungi","floor":24,"turns":5},{"damage":28,"enemies":"Slavers","floor":25,"turns":6},{"damage":13,"enemies":"Gremlin Leader","floor":30,"turns":4},{"damage":14,"enemies":"Collector","floor":33,"turns":5},{"damage":45,"enemies":"3 Darklings","floor":35,"turns":6},{"damage":10,"enemies":"Mind Bloom Boss Battle","floor":36,"turns":6},{"damage":50,"enemies":"2 Orb Walkers","floor":37,"turns":6},{"damage":3,"enemies":"3 Shapes","floor":39,"turns":3},{"damage":2,"enemies":"Nemesis","floor":41,"turns":5},{"damage":7,"enemies":"Jaw Worm Horde","floor":44,"turns":3},{"damage":23,"enemies":"3 Darklings","floor":48,"turns":3},{"damage":81,"enemies":"Time Eater","floor":50,"turns":9}],"seed_played":"8819052531162968938","potions_obtained":[{"floor":6.0,"key":"Block Potion"},{"floor":7.0,"key":"ElixirPotion"},{"floor":12.0,"key":"LiquidBronze"},{"floor":14,"key":"HeartOfIron"},{"floor":16,"key":"Strength Potion"},{"floor":20,"key":"FearPotion"},{"floor":21,"key":"LiquidBronze"},{"floor":24,"key":"Fruit Juice"},{"floor":25,"key":"AttackPotion"},{"floor":35,"key":"LiquidMemories"},{"floor":39,"key":"DistilledChaos"},{"floor":41,"key":"Swift Potion"}],"is_trial":false,"path_per_floor":["M","M","?","?","M","E","?","R","T","M","E","M","R","M","R","B",null,"M","$","M","M","M","R","M","E","T","R","$","?","E","?","R","B",null,"M","?","?","?","M","R","E","$","T","M","?","R","T","M","R","B",null],"character_chosen":"IRONCLAD","items_purchased":["Pantograph","Havoc","Red Skull","Orichalcum","Double Tap","ColorlessPotion"],"campfire_rested":1,"item_purchase_floors":[19,28,28,28,42,42],"current_hp_per_floor":[73,71,71,64,67,38,38,38,38,44,30,36,36,33,33,39,66,67,67,54,35,41,63,58,47,47,47,47,47,69,69,69,72,78,64,80,52,52,73,73,80,80,87,87,87,87,87,87,87,17],"gold":35,"neow_bonus":"NOSTALGIA","is_daily":false,"chose_seed":false,"campfire_upgraded":8,"win_rate":0.0,"timestamp":1611264420,"path_taken":["M","?","?","?","M","E","?","R","T","M","E","M","R","M","R","BOSS","M","$","?","?","M","R","M","E","T","R","$","?","E","?","R","BOSS","M","?","?","?","M","R","E","$","T","M","?","R","?","M","R","BOSS"],"items_purchased_type":["Relic","Card","Relic","Relic","Card","Potion"],"build_version":"2020-12-22","purchased_purges":1,"victory":true,"max_hp_per_floor":[75,75,75,75,75,75,75,75,75,75,75,75,75,75,75,75,75,75,75,75,75,75,75,80,80,80,80,80,80,80,80,80,80,80,80,80,80,80,80,80,80,80,87,87,87,87,87,87,87,87],"card_choices":[{"not_picked":["Body Slam","Clothesline"],"picked":"Dropkick","floor":1.0},{"not_picked":["Sword Boomerang","Heavy Blade"],"picked":"Clothesline","floor":2.0},{"not_picked":["Flex","Pommel Strike"],"picked":"Armaments","floor":5.0},{"not_picked":["Entrench","Feel No Pain"],"picked":"Ghostly Armor","floor":6.0},{"not_picked":["Double Tap","Shrug It Off"],"picked":"Carnage","floor":10.0},{"not_picked":["Pommel Strike","Armaments"],"picked":"True Grit","floor":11.0},{"not_picked":["True Grit","Clothesline"],"picked":"Shockwave","floor":12.0},{"not_picked":["Wild Strike","Headbutt"],"picked":"Ghostly Armor","floor":14},{"not_picked":["Brutality","Double Tap"],"picked":"Fiend Fire","floor":16},{"not_picked":["Clash","Twin Strike"],"picked":"Inflame","floor":18},{"not_picked":["Sever Soul","Iron Wave","Clash"],"picked":"SKIP","floor":20},{"not_picked":["Dark Embrace","Wild Strike+1"],"picked":"Body Slam+1","floor":21},{"not_picked":["Sever Soul","Headbutt"],"picked":"Ghostly Armor","floor":22},{"not_picked":["Anger","Iron Wave"],"picked":"Reaper","floor":23},{"not_picked":["Cleave+1","Perfected Strike"],"picked":"Dropkick","floor":24},{"not_picked":["Clash","Carnage","Immolate"],"picked":"SKIP","floor":25},{"not_picked":["Heavy Blade","Searing Blow"],"picked":"Reaper","floor":30},{"not_picked":["Reaper","Barricade"],"picked":"Impervious","floor":33},{"not_picked":["Thunderclap","Sword Boomerang"],"picked":"Twin Strike+1","floor":35},{"not_picked":["Sword Boomerang","Perfected Strike"],"picked":"Flex","floor":36},{"not_picked":["Sword Boomerang","Disarm"],"picked":"Anger","floor":37},{"not_picked":["Carnage","Second Wind","Sword Boomerang"],"picked":"SKIP","floor":39},{"not_picked":["Armaments+1","Burning Pact"],"picked":"Sentinel+1","floor":41},{"not_picked":["Bludgeon","Intimidate"],"picked":"Burning Pact","floor":44},{"not_picked":["Clash","Pommel Strike"],"picked":"Second Wind","floor":48}],"player_experience":410144,"relics_obtained":[{"floor":6.0,"key":"Charon\u0027s Ashes"},{"floor":9.0,"key":"Dream Catcher"},{"floor":11.0,"key":"Shuriken"},{"floor":25,"key":"Old Coin"},{"floor":26,"key":"aspiration:HiddenCompartment"},{"floor":30,"key":"Bag of Preparation"},{"floor":36,"key":"Calipers"},{"floor":37,"key":"Torii"},{"floor":41,"key":"Darkstone Periapt"},{"floor":43,"key":"Strawberry"},{"floor":47,"key":"Pen Nib"}],"event_choices":[{"damage_healed":0.0,"max_hp_gain":0.0,"max_hp_loss":0.0,"gold_gain":0.0,"event_name":"Living Wall","player_choice":"Grow","floor":3.0,"gold_loss":0.0,"damage_taken":0.0,"cards_upgraded":["Bash"]},{"cards_removed":["Strike_R"],"damage_healed":0.0,"max_hp_gain":0.0,"max_hp_loss":0.0,"gold_gain":0.0,"event_name":"Golden Wing","player_choice":"Card Removal","floor":4.0,"gold_loss":0.0,"damage_taken":7.0},{"damage_healed":0.0,"max_hp_gain":0.0,"max_hp_loss":0.0,"gold_gain":0.0,"event_name":"The Woman in Blue","player_choice":"Bought 1 Potion","floor":7.0,"gold_loss":0.0,"damage_taken":0.0},{"damage_healed":0,"gold_gain":0,"player_choice":"Insight","damage_taken":0,"max_hp_gain":0,"max_hp_loss":0,"event_name":"betterThird:BetterWriting","floor":29,"gold_loss":0,"cards_obtained":["Insight"]},{"cards_removed":["Defend_R"],"damage_healed":0,"gold_gain":0,"player_choice":"Purged","damage_taken":0,"max_hp_gain":0,"max_hp_loss":0,"event_name":"Purifier","floor":31,"gold_loss":0},{"damage_healed":0,"gold_gain":0,"player_choice":"Fight","damage_taken":0,"max_hp_gain":0,"max_hp_loss":0,"event_name":"MindBloom","floor":36,"gold_loss":0},{"damage_healed":0,"gold_gain":0,"player_choice":"Fight","damage_taken":0,"max_hp_gain":0,"max_hp_loss":0,"event_name":"Mysterious Sphere","floor":37,"gold_loss":0},{"cards_removed":["Inflame"],"damage_healed":0,"gold_gain":0,"player_choice":"Removed Power","damage_taken":0,"max_hp_gain":0,"max_hp_loss":0,"event_name":"Falling","floor":38,"gold_loss":0},{"damage_healed":0,"gold_gain":0,"player_choice":"Paid","damage_taken":0,"relics_obtained":["Red Mask"],"max_hp_gain":0,"max_hp_loss":0,"event_name":"Tomb of Lord Red Mask","floor":45,"gold_loss":67}],"is_beta":false,"boss_relics":[{"not_picked":["Black Star","Calling Bell"],"picked":"Runic Pyramid"},{"not_picked":["aspiration:RitualDagger","Runic Cube"],"picked":"Mark of Pain"}],"items_purged_floors":[19],"is_endless":false,"potions_floor_spawned":[6,12,14,16,20,21,24,25,35,39,41],"ascension_level":17}}