{"host":"57p7dt3z3srco180","time":1611216365,"event":{"mods":["AchievementEnabler","Aspiration","BaseMod","BetterRewards","Colored Map","Colored Powertips","Dark Map","GifTheSpireLib","Hubris","Infinite Spire","Marisa????????","Mimic Mod","Minty Spire (QoL Compilation)","Remilia??????","Replay The Spire","Shop Mod","StSLib","Synergy Search"],"gold_per_floor":[122,122,144,55,75,116,116,125,125,125,148,13,50,14,14,120,120,145,166,193,217,217,217],"floor_reached":22,"language":"ENG","playtime":627,"items_purged":[],"score":382,"play_id":"0d9ec879-fd29-4f27-93a2-8feb05e48260","local_time":"20210121000605","is_ascension_mode":true,"campfire_choices":[{"floor":7,"key":"REST"},{"data":"Demon Form","floor":15,"key":"SMITH"}],"circlet_count":0,"master_deck":["Strike_R","Strike_R","Strike_R","Strike_R","Strike_R","Defend_R","Defend_R","Defend_R","Defend_R","Bash","Sword Boomerang+1","Perfected Strike","Dramatic Entrance","Inflame","Reaper","Whirlwind","Clash","Rupture","Carnage","Demon Form+1","Cleave","Demonic Infusion","Body Slam+1","ReplayTheSpireMod:Muscle Training","Voices","Shame","Headbutt+1"],"relics":["Burning Blood","Strange Spoon","CeramicFish","hubris:DeckOfHolding","PreservedInsect","aspiration:SilentSkillbook"],"acts_visited":["Exordium","TheCity"],"potions_floor_usage":[6,13,22,22],"damage_taken":[{"damage":13,"enemies":"2 Louse","floor":1,"turns":4},{"damage":2,"enemies":"Jaw Worm","floor":3,"turns":3},{"damage":6,"enemies":"Small Slimes","floor":5,"turns":2},{"damage":16,"enemies":"Gremlin Nob","floor":6,"turns":3},{"damage":0,"enemies":"2 Fungi Beasts","floor":11,"turns":1},{"damage":40,"enemies":"Lagavulin","floor":13,"turns":5},{"damage":55,"enemies":"The Guardian","floor":16,"turns":9},{"damage":30,"enemies":"Chosen","floor":18,"turns":5},{"damage":35,"enemies":"Shell Parasite","floor":19,"turns":5},{"damage":0,"enemies":"Snecko","floor":21,"turns":1},{"damage":33,"enemies":"Sentry and Sphere","floor":22,"turns":3}],"seed_played":"-5027528619873995270","potions_obtained":[{"floor":1,"key":"Adrenaline Potion"},{"floor":6,"key":"AttackPotion"},{"floor":19,"key":"FearPotion"},{"floor":21,"key":"Fire Potion"}],"is_trial":false,"path_per_floor":["M","?","M","$","M","E","R","?","T","?","M","$","E","$","R_BF","B",null,"M","M","?","M","M"],"character_chosen":"IRONCLAD","items_purchased":["Strange Spoon","Armaments","CeramicFish","Dramatic Entrance","Rupture","Carnage","Cleave"],"campfire_rested":1,"item_purchase_floors":[0,0,0,4,12,12,14],"current_hp_per_floor":[65,65,69,69,69,59,80,80,80,80,80,80,52,52,52,24,66,48,19,19,25,0,0],"gold":217,"neow_bonus":"","is_daily":false,"chose_seed":false,"campfire_upgraded":1,"win_rate":0.0,"timestamp":1611216365,"path_taken":["M","?","M","?","M","E","R","?","T","?","M","$","E","$","R_BF","BOSS","M","?","?","M","M"],"items_purchased_type":["Relic","Card","Relic","Card","Card","Card","Card"],"build_version":"2020-12-22","purchased_purges":0,"victory":false,"max_hp_per_floor":[80,80,80,80,80,80,80,80,80,80,80,80,80,80,80,80,80,80,80,80,80,80,80],"card_choices":[{"not_picked":["Heavy Blade","Clash"],"picked":"Sword Boomerang","floor":1},{"not_picked":["Impervious","Replay:Undeath\u0027s Touch"],"picked":"Perfected Strike","floor":3},{"not_picked":["Wild Strike","Anger"],"picked":"Inflame","floor":5},{"not_picked":["Entrench","Replay:Undeath\u0027s Touch"],"picked":"Reaper","floor":6},{"not_picked":["ReplayTheSpireMod:Strike From Hell","Metallicize"],"picked":"Clash","floor":11},{"not_picked":["ReplayReversal","Ghostly Armor"],"picked":"Demon Form","floor":13},{"not_picked":["Juggernaut","Fiend Fire"],"picked":"Demonic Infusion","floor":16},{"not_picked":["Dodge and Roll","Dagger Throw","Headbutt+1"],"picked":"Body Slam+1","floor":18},{"not_picked":["Slice","Second Wind","Draining Mist+1"],"picked":"ReplayTheSpireMod:Muscle Training","floor":19},{"not_picked":["Replay:Fractal Strike","ReplayTheSpireMod:Black Plague"],"picked":"infinitespire:SealOfDarkness+","floor":20},{"not_picked":["Noxious Fumes+1","ReplayTheSpireMod:Scrap Shanks","Flechettes"],"picked":"Headbutt+1","floor":21}],"player_experience":319514,"relics_obtained":[{"floor":6,"key":"hubris:DeckOfHolding"},{"floor":13,"key":"PreservedInsect"}],"event_choices":[{"cards_removed":["Armaments"],"damage_healed":5,"gold_gain":0,"player_choice":"Offered Common","damage_taken":0,"max_hp_gain":0,"max_hp_loss":0,"event_name":"Bonfire Elementals","floor":10,"gold_loss":0},{"cards_removed":["Armaments"],"damage_healed":5,"gold_gain":0,"player_choice":"Offered Special","damage_taken":0,"max_hp_gain":0,"max_hp_loss":0,"event_name":"Bonfire Elementals","floor":10,"gold_loss":0}],"is_beta":false,"boss_relics":[{"not_picked":["Cursed Key","hubris:ScarierMask"],"picked":"aspiration:SilentSkillbook"}],"items_purged_floors":[],"is_endless":false,"potions_floor_spawned":[1,6,19,21],"killed_by":"Sentry and Sphere","ascension_level":6}}