{"host":"dalyxm3kpwukgmp4","time":1611220081,"event":{"mods":["AchievementEnabler","Act Like it!","BaseMod","Colored Map","Colored Powertips","Decade(Õı–°√˜)","Hermit","KinomotoSakuraMod(ƒæ÷Æ±æ”£)","Minty Spire (QoL Compilation)","Prisma Mod","Quick Restart","Rare Cards Sparkle","Reimu£®≤©¿ˆ¡È√Œ£©","Remilia£®¿Ÿ√◊¿Ú—«£©","Replay The Spire","Shop Mod","Spicy Shops","StSLib","Td1madao Mod","Waifu the Spire","Youmu£®ªÍ∆«—˝√Œ£©","Yuri Mod"],"gold_per_floor":[111,36,50,67,67,103,103,134,181,356,370,238,274,293,293,421,421,421,421],"floor_reached":18,"language":"ZHS","playtime":1464,"items_purged":["Doubt"],"score":230,"play_id":"ea94f44b-11f4-464f-b135-a461aa9893dc","local_time":"20210121170801","is_ascension_mode":false,"campfire_choices":[{"data":"HellFireSword","floor":15.0,"key":"SMITH"}],"circlet_count":1,"master_deck":["Strike_YM","Strike_YM","Strike_YM","Strike_YM","Defend_YM","Defend_YM","Defend_YM","Defend_YM","SlashOfPresentWorld","WheelOfPainOfLivingAndDead","SpiritCuttingSword","HumanGodSword","CrescentMoonSlash","GhostSword","HeavenlyHaloSlash","DispleasureOfTheSevenHakus","HellFireSword+1","HellFireSword","HumanKnowledgeSword","SlashOfMeditation","SuddenDivineSeveringOfKarmicWind"],"relics":["MiniYoumu","Circlet","NeowsBlessing","Golden Idol","FencingExperience","Potion Belt","Happy Flower","Blue Doll","Meat on the Bone"],"acts_visited":["TheCity"],"potions_floor_usage":[],"damage_taken":[{"damage":0.0,"enemies":"Cultist","floor":1.0,"turns":1.0},{"damage":0.0,"enemies":"Jaw Worm","floor":3.0,"turns":1.0},{"damage":0.0,"enemies":"Small Slimes","floor":4.0,"turns":1.0},{"damage":7.0,"enemies":"Replay:BlueRogue","floor":6.0,"turns":2.0},{"damage":4.0,"enemies":"Lagavulin","floor":8.0,"turns":3.0},{"damage":8.0,"enemies":"3 Louse","floor":11.0,"turns":2.0},{"damage":9.0,"enemies":"Replay:BlueRogue","floor":13.0,"turns":2.0},{"damage":10.0,"enemies":"Looter","floor":14.0,"turns":2.0},{"damage":25.0,"enemies":"Hexaghost","floor":16.0,"turns":9.0},{"damage":10,"enemies":"3 Byrds","floor":18,"turns":2}],"seed_played":"-8568818503599609000","potions_obtained":[{"floor":3.0,"key":"ColorlessPotion"},{"floor":11.0,"key":"GrandPatriotsElixir:ReiMu"},{"floor":13.0,"key":"Adrenaline Potion"}],"is_trial":false,"path_per_floor":["M","$","M","M","?","E","?","E","T","?","M","$","E","M","R","B",null,"M"],"character_chosen":"YOUMU","items_purchased":["HumanGodSword","DispleasureOfTheSevenHakus","HellFireSword"],"campfire_rested":0,"item_purchase_floors":[2,12,12],"current_hp_per_floor":[75,75,75,75,69,62,62,58,58,58,50,50,41,43,43,30,69,59,59],"gold":421,"neow_bonus":"THREE_ENEMY_KILL","is_daily":false,"chose_seed":false,"campfire_upgraded":1,"win_rate":0.0,"timestamp":1611220081,"path_taken":["M","?","M","M","?","E","?","E","T","?","M","$","E","M","R","BOSS","M"],"items_purchased_type":["Card","Card","Card"],"build_version":"2020-12-22","purchased_purges":1,"victory":false,"max_hp_per_floor":[75,75,75,75,69,69,69,69,69,69,69,69,69,69,69,69,69,69,69],"card_choices":[{"not_picked":["SanzenSekai","ObsessionWithThePresentWorld"],"picked":"SpiritCuttingSword","floor":1.0},{"not_picked":["LowerRealmReflectionSlash","HesitationCuttingSword"],"picked":"CrescentMoonSlash","floor":3.0},{"not_picked":["FlashingScatteredFlowers","ThreeKonsSevenHakus"],"picked":"GhostSword","floor":4.0},{"not_picked":["HeartExcerptSlash","CherryBlossomFlashing"],"picked":"HeavenlyHaloSlash","floor":6.0},{"not_picked":["TurningAngelCut","SpiritCuttingSword","CrescentMoonSlash"],"picked":"SKIP","floor":8.0},{"not_picked":["SwordOfBindingDesires","TransmigrationSlash","LifeCuttingSword"],"picked":"SKIP","floor":11.0},{"not_picked":["FlashingScatteredFlowers","PhosphoricSlash"],"picked":"HumanKnowledgeSword","floor":13.0},{"not_picked":["CrescentMoonSlash","KarmicPunishmentOfTheIdleAndUnfocused"],"picked":"SlashOfMeditation","floor":14.0},{"not_picked":["GreatEnlightenmentAppearingAndDisappearing","HeavenSword"],"picked":"SuddenDivineSeveringOfKarmicWind","floor":16.0}],"player_experience":285773,"relics_obtained":[{"floor":6.0,"key":"FencingExperience"},{"floor":8.0,"key":"Happy Flower"},{"floor":9.0,"key":"Blue Doll"},{"floor":13.0,"key":"Meat on the Bone"}],"event_choices":[{"damage_healed":0.0,"max_hp_gain":0.0,"max_hp_loss":6.0,"gold_gain":0.0,"event_name":"Golden Idol","player_choice":"Lose Max HP","floor":5.0,"gold_loss":0.0,"damage_taken":0.0,"relics_obtained":["Golden Idol"]},{"damage_healed":0.0,"max_hp_gain":0.0,"max_hp_loss":0.0,"gold_gain":0.0,"event_name":"Dead Adventurer","player_choice":"Searched \u00271\u0027 times","floor":7.0,"gold_loss":0.0,"damage_taken":0.0,"relics_obtained":["Potion Belt"]},{"damage_healed":0.0,"max_hp_gain":0.0,"max_hp_loss":0.0,"gold_gain":175.0,"event_name":"Liars Game","player_choice":"AGREE","floor":10.0,"gold_loss":0.0,"damage_taken":0.0,"cards_obtained":["Doubt"]}],"is_beta":false,"boss_relics":[{"not_picked":["Replay:Bronze Core","Circlet"],"picked":"MiniYoumu"}],"items_purged_floors":[12],"is_endless":false,"potions_floor_spawned":[3,11,13],"killed_by":"3 Byrds","ascension_level":0}}