{"host":"pcbz64t4k17ey4z1","time":1611265043,"event":{"mods":["2.2 Compatiblity","AchievementEnabler","Act Like it!","Aspiration","BaseMod","Beaked The Cultist","Better Match","Better Third Choice","BetterRewards","Card Forge","Colored Map","Colored Powertips","Conspire","Disable Question Mark Monsters","Fireblade Mod","Friendly Minions","Gensokyo","GifTheSpireLib","Glutton Mod","Googly Eyes","Gremlin Mod","Hermit","Hubris","Infinite Spire","Koishi","Marisa????????","Minty Spire (QoL Compilation)","Permanent Neow","Potionbrewer","Quick Restart","Random Character Button","Rare Cards Sparkle","Relic Filter","Replay The Spire","Robot Space Explorer","Shade Mod","Shop Mod","Spicy Shops","StSLib","Stuff the Spire","SuperFastMode","The Cursed","The Druid","The Gatherer","The Hierophant","The IronCluck","The Jungle","The Marked","The Runesmith","Virulent Crown","Waifu the Spire","Wandering Minibosses","vexMod"],"gold_per_floor":[152,200,238,299,408,408,455,530,530,570,570,679,758,804,804,980,980,1028,28,80,140,181,271,271,375,375,375,436,511,582,608,608,912,912,1032,1142,1293,1293,1463,1689,1779,1996,1996,2219,2219,2219,1590,1764,1764,1844,1844,1844,1117,1274,1369],"floor_reached":56,"language":"ENG","playtime":2753,"items_purged":["theDruid:Strike_O","theDruid:Strike_O","theDruid:Strike_O"],"score":2686,"play_id":"cf62b53d-ed80-43e3-8460-07396f9d4a61","local_time":"20210121213723","is_ascension_mode":true,"campfire_choices":[{"data":"Apotheosis","floor":6,"key":"SMITH"},{"data":"theDruid:BristlingDefense","floor":15,"key":"SMITH"},{"data":"theDruid:Fortitude","floor":24,"key":"SMITH"},{"data":"theDruid:WallofRoots","floor":27,"key":"SMITH"},{"floor":32,"key":"RECALL"},{"data":"theDruid:ApexPredator","floor":49,"key":"SMITH"},{"data":"theDruid:BristlingDefense","floor":52,"key":"SMITH"}],"circlet_count":0,"master_deck":["AscendersBane","theDruid:Strike_O+1","theDruid:Defend_O","theDruid:Defend_O","theDruid:Defend_O","theDruid:BriarArmor","theDruid:WildSlash","Apotheosis+1","Panacea","theDruid:PrimalStrength+1","theDruid:AstralShield","theDruid:PouncingStrike+1","theDruid:Slingshot","Dramatic Entrance","theDruid:PrimalStrength","theDruid:Slingshot","theDruid:NaturalAgility","theDruid:AstralShield","theDruid:Forage","theDruid:AstralShield","theDruid:Slingshot","theDruid:Defend_O+1","theDruid:BristlingDefense+1","theDruid:WallofRoots+1","theDruid:HailofThorns+1","Flash of Steel","theDruid:Fortitude+1","theDruid:ApexPredator+1","hubris:EnhanceAbility","Jack Of All Trades","theDruid:Impale","theDruid:FeralPlants","theDruid:BristlingDefense+1","Replay:Parry","theDruid:Forage","theDruid:Forage"],"relics":["theDruid:CrownOfTheWilds","Hammer of Thor","Seething Fire","Anvil of the Gods","BargainBundle","Anchor","Chameleon Ring","hubris:ToyBattleship","potionbrewer:Keyblade","Tiny Chest","Pondfish Scales","ClockworkSouvenir","Replay:Bandana","infinitespire:EmpoweringShard","Simple Rune","Medical Kit","Turnip","StuffTheSpire:GrapeVine","StuffTheSpire:Mouthbags","wanderingMiniBosses:OtherGremlinHorn","infinitespire:Joker Card","Busted Crown","ReplayTheSpireMod:Ninjato","theDruid:HikingStick","vexMod:Cooldron","hubris:FunFungus","vexMod:Dragonfruit","Gremlin Horn","aspiration:FetidBarrel","Whetstone","infinitespire:EvilPickle","Coffee Dripper","conspire:TopHat","FossilizedHelix","aspiration:Lifesprig","Kunai","Runesmith:AutoHammer","ReplayTheSpireMod:CursedCoin","Bag of Marbles","Akabeko","StuffTheSpire:Rhapsscallions","Replay:Rubber Ducky","Happy Flower","Replay:Towering Pillar of Hats","ReplayTheSpireMod:Lightbulb","infinitespire:CursedDice"],"acts_visited":["Exordium","TheCity","TheBeyond","TheEnding"],"potions_floor_usage":[5,5,8,16,21,21,25,25,25,30,30,30,30,33,33,33,36,36,36,36,36,42,42,42,42,42],"damage_taken":[{"damage":0,"enemies":"Small Slimes","floor":1,"turns":3},{"damage":0,"enemies":"Cultist","floor":2,"turns":2},{"damage":7,"enemies":"Jaw Worm","floor":3,"turns":4},{"damage":4,"enemies":"Exordium Thugs","floor":4,"turns":4},{"damage":4,"enemies":"Large Slime","floor":5,"turns":9},{"damage":0,"enemies":"Blue Slaver","floor":7,"turns":5},{"damage":9,"enemies":"Lagavulin","floor":8,"turns":6},{"damage":0,"enemies":"Looter","floor":10,"turns":2},{"damage":14,"enemies":"Gremlin Gang","floor":12,"turns":6},{"damage":0,"enemies":"Replay:BlueRogue","floor":13,"turns":2},{"damage":0,"enemies":"Exordium Thugs","floor":14,"turns":3},{"damage":25,"enemies":"Hexaghost","floor":16,"turns":6},{"damage":0,"enemies":"Chosen","floor":18,"turns":3},{"damage":0,"enemies":"Shell Parasite","floor":20,"turns":2},{"damage":0,"enemies":"Cultist and Chosen","floor":21,"turns":2},{"damage":0,"enemies":"Snake Plant","floor":22,"turns":3},{"damage":6,"enemies":"Slavers","floor":23,"turns":4},{"damage":0,"enemies":"Gremlin Leader","floor":25,"turns":3},{"damage":0,"enemies":"Snecko","floor":28,"turns":3},{"damage":0,"enemies":"Book of Stabbing","floor":30,"turns":3},{"damage":2,"enemies":"Pondfish","floor":33,"turns":6},{"damage":0,"enemies":"3 Darklings","floor":35,"turns":2},{"damage":0,"enemies":"Orb Walker","floor":36,"turns":2},{"damage":0,"enemies":"Jaw Worm Horde","floor":37,"turns":2},{"damage":0,"enemies":"Maw","floor":39,"turns":4},{"damage":0,"enemies":"beaked:SuperParasite","floor":40,"turns":5},{"damage":0,"enemies":"Mind Bloom Boss Battle","floor":41,"turns":2},{"damage":3,"enemies":"R_Hoarder","floor":42,"turns":5},{"damage":0,"enemies":"Giant Head","floor":44,"turns":3},{"damage":0,"enemies":"Spire Growth","floor":48,"turns":3},{"damage":0,"enemies":"Replay:Hell Engine","floor":50,"turns":5},{"damage":21,"enemies":"Shield and Spear","floor":54,"turns":3},{"damage":0,"enemies":"The Heart","floor":55,"turns":5}],"seed_played":"-9099918350573042173","potions_obtained":[{"floor":4,"key":"potionbrewer:CleansingPotion"},{"floor":7,"key":"ColorlessPotion"},{"floor":12,"key":"SkillPotion"},{"floor":18,"key":"DuplicationPotion"},{"floor":20,"key":"EntropicBrew"},{"floor":22,"key":"EntropicBrew"},{"floor":28,"key":"EntropicBrew"},{"floor":30,"key":"EntropicBrew"},{"floor":33,"key":"EntropicBrew"},{"floor":35,"key":"EntropicBrew"},{"floor":39,"key":"EntropicBrew"},{"floor":40,"key":"EntropicBrew"}],"is_trial":false,"path_per_floor":["M","M","M","M","M","R","M","E","T","M","?","M","E","M","R","B",null,"M","$","M","M","M","E","R","E","T","R","M","?","E","T","R","B",null,"M","M","M","?","M","E","?","E","T","E","?","T","$","M","R","B",null,"R","$","E","B",null],"character_chosen":"DRUID","items_purchased":["BargainBundle","Anchor","Chameleon Ring","hubris:ToyBattleship","potionbrewer:Keyblade","Tiny Chest","Energy Potion","SteroidPotion","Apotheosis","Panacea","theDruid:PrimalStrength","theDruid:AstralShield","theDruid:PouncingStrike","theDruid:Slingshot","ClockworkSouvenir","Replay:Bandana","infinitespire:EmpoweringShard","Simple Rune","Medical Kit","Dramatic Entrance","theDruid:PrimalStrength","ReplayTheSpireMod:Ninjato","theDruid:HikingStick","vexMod:Cooldron","hubris:FunFungus","Flash of Steel","ReplayTheSpireMod:CursedCoin","Bag of Marbles","Akabeko","StuffTheSpire:Rhapsscallions","Replay:Rubber Ducky","theDruid:FeralPlants","Happy Flower","Replay:Towering Pillar of Hats","ReplayTheSpireMod:Lightbulb","Replay:Parry","theDruid:Forage"],"campfire_rested":0,"item_purchase_floors":[0,0,0,0,0,0,0,0,0,0,0,0,0,0,0,0,0,0,0,0,0,19,19,19,19,19,47,47,47,47,47,47,53,53,53,53,53],"current_hp_per_floor":[68,68,61,57,56,56,59,55,55,55,63,54,54,54,54,32,64,69,69,75,75,75,79,79,79,79,79,80,72,76,76,76,77,79,79,79,79,74,80,80,80,80,80,80,83,83,84,84,84,84,84,84,84,68,79],"gold":1369,"neow_bonus":"","is_daily":false,"chose_seed":false,"campfire_upgraded":6,"win_rate":0.0,"timestamp":1611265043,"path_taken":["M","M","M","M","M","R","M","E","T","M","?","M","E","M","R","BOSS","M","$","M","?","M","E","R","E","T","R","M","?","E","?","R","BOSS","M","M","M","?","M","E","?","E","T","E","?","?","?","M","R","BOSS","R","$","E","BOSS"],"items_purchased_type":["Relic","Relic","Relic","Relic","Relic","Relic","Potion","Potion","Card","Card","Card","Card","Card","Card","Relic","Relic","Relic","Relic","Relic","Card","Card","Relic","Relic","Relic","Relic","Card","Relic","Relic","Relic","Relic","Relic","Card","Relic","Relic","Relic","Card","Card"],"build_version":"2020-12-22","purchased_purges":3,"victory":true,"max_hp_per_floor":[75,75,75,75,75,75,75,75,75,75,75,75,75,75,75,75,75,75,75,75,75,75,80,80,80,80,80,80,80,80,80,80,80,80,80,80,80,80,80,80,80,80,80,80,83,83,84,84,84,84,84,84,84,84,84],"card_choices":[{"not_picked":["theDruid:BrambleLash","theDruid:Guidance"],"picked":"theDruid:Slingshot","floor":1},{"not_picked":["theDruid:Gore","theDruid:LunarScythe"],"picked":"theDruid:NaturalAgility","floor":2},{"not_picked":["theDruid:FelineGrace","theDruid:TakeShelter"],"picked":"theDruid:AstralShield","floor":3},{"not_picked":["theDruid:PlagueClaw","theDruid:ThickHide"],"picked":"theDruid:Forage","floor":4},{"not_picked":["theDruid:Guidance","theDruid:Infestation"],"picked":"theDruid:AstralShield","floor":5},{"not_picked":["theDruid:IronClaw","theDruid:FelineGrace"],"picked":"theDruid:Slingshot","floor":7},{"not_picked":["theDruid:Scavenge","theDruid:ThickHide","theDruid:Moonbeam"],"picked":"SKIP","floor":8},{"not_picked":["theDruid:Adaptation","theDruid:Resupply"],"picked":"theDruid:BristlingDefense","floor":10},{"not_picked":["theDruid:WildFrenzy","theDruid:Infestation"],"picked":"theDruid:WallofRoots","floor":12},{"not_picked":["theDruid:ThornStrike","theDruid:FelineGrace","theDruid:WildArmor"],"picked":"SKIP","floor":13},{"not_picked":["theDruid:ThickHide","theDruid:TwilightsCall","theDruid:FuriousSlash"],"picked":"SKIP","floor":14},{"not_picked":["theDruid:Restoration","theDruid:Mutilate"],"picked":"theDruid:HailofThorns","floor":16},{"not_picked":["theDruid:ExposingSlash"],"picked":"SKIP","floor":18},{"not_picked":[],"picked":"theDruid:Fortitude","floor":20},{"not_picked":["theDruid:BrambleLash"],"picked":"SKIP","floor":21},{"not_picked":["theDruid:AstralShield"],"picked":"SKIP","floor":22},{"not_picked":["theDruid:AstralShield+1"],"picked":"SKIP","floor":23},{"not_picked":["theDruid:Untamed"],"picked":"SKIP","floor":25},{"not_picked":["theDruid:Stampede"],"picked":"SKIP","floor":28},{"not_picked":["theDruid:IronClaw"],"picked":"SKIP","floor":30},{"not_picked":[],"picked":"theDruid:ApexPredator","floor":33},{"not_picked":["theDruid:Adaptation"],"picked":"SKIP","floor":35},{"not_picked":[],"picked":"theDruid:BristlingBulwark","floor":36},{"not_picked":["theDruid:TwilightsCall"],"picked":"SKIP","floor":37},{"not_picked":["theDruid:TwilightsCall"],"picked":"SKIP","floor":37},{"not_picked":[],"picked":"hubris:EnhanceAbility","floor":38},{"not_picked":[],"picked":"Jack Of All Trades","floor":38},{"not_picked":["theDruid:Thornburst"],"picked":"SKIP","floor":39},{"not_picked":[],"picked":"theDruid:Impale","floor":40},{"not_picked":["theDruid:Infestation+1"],"picked":"SKIP","floor":42},{"not_picked":["theDruid:Prowl"],"picked":"SKIP","floor":44},{"not_picked":[],"picked":"theDruid:BristlingDefense","floor":48},{"not_picked":["theDruid:Gore"],"picked":"SKIP","floor":54}],"player_experience":3349497,"relics_obtained":[{"floor":8,"key":"StuffTheSpire:GrapeVine"},{"floor":9,"key":"StuffTheSpire:Mouthbags"},{"floor":12,"key":"wanderingMiniBosses:OtherGremlinHorn"},{"floor":13,"key":"infinitespire:Joker Card"},{"floor":23,"key":"vexMod:Dragonfruit"},{"floor":25,"key":"Gremlin Horn"},{"floor":30,"key":"aspiration:FetidBarrel"},{"floor":31,"key":"Whetstone"},{"floor":40,"key":"conspire:TopHat"},{"floor":41,"key":"FossilizedHelix"},{"floor":43,"key":"aspiration:Lifesprig"},{"floor":44,"key":"Kunai"},{"floor":46,"key":"Runesmith:AutoHammer"},{"floor":54,"key":"infinitespire:CursedDice"}],"event_choices":[{"damage_healed":0,"gold_gain":75,"player_choice":"Touch","damage_taken":8,"max_hp_gain":0,"max_hp_loss":0,"event_name":"FaceTrader","floor":29,"gold_loss":0},{"damage_healed":0,"gold_gain":0,"player_choice":"Memory 2","damage_taken":5,"max_hp_gain":0,"max_hp_loss":0,"event_name":"SensoryStone","floor":38,"gold_loss":0},{"damage_healed":0,"gold_gain":0,"player_choice":"Fight","damage_taken":0,"max_hp_gain":0,"max_hp_loss":0,"event_name":"MindBloom","floor":41,"gold_loss":0}],"is_beta":false,"boss_relics":[{"not_picked":["Kintsugi","vexMod:DeviousBotling"],"picked":"Busted Crown"},{"not_picked":["vexMod:ImprovementManual","aspiration:FutureDiary"],"picked":"Coffee Dripper"}],"items_purged_floors":[0,0,0],"is_endless":false,"potions_floor_spawned":[2,4,7,12,18,20,22,28,30,33,35,39,40,41],"ascension_level":12}}