{"host":"y4sghvfd0ewtcchd","time":1611254525,"event":{"mods":["Aspiration","BaseMod","Better Debug","Better Note","Better Third Choice","BetterRewards","Block Reminder","Colored Map","Colored Powertips","Highlight Path","Hubris","Infinite Spire","Minty Spire (QoL Compilation)","Relic Sorter","Relic Stats","Replay The Spire","Robot Space Explorer","Shop Mod","Spicy Shops","StSLib","The Jungle","The Saiyan"],"gold_per_floor":[110,124,142,142,156,156,168,168,219,249,249,269,285,47,47,119,119,133,133,133,148,210,210,240,260,285,30,59,59,59,70,70,143,143,159,1,12,23,83,83,117,117,142,142,154,154,105,166,166,66,66,66,66,85,116,116,116],"floor_reached":56,"language":"ENG","playtime":3491,"items_purged":["Shame","Parasite"],"score":2292,"play_id":"0a593966-c491-4c71-a84c-8fa01b055b7e","local_time":"20210121214205","is_ascension_mode":true,"campfire_choices":[{"data":"hubris:PowerSurge","floor":6,"key":"SMITH"},{"data":"White Noise","floor":11,"key":"SMITH"},{"data":"FIFO Queue","floor":15,"key":"SMITH"},{"floor":40,"key":"REST"},{"floor":44,"key":"RECALL"},{"data":"Buffer","floor":46,"key":"SMITH"},{"data":"Creative AI","floor":49,"key":"SMITH"},{"data":"hubris:DoWhile","floor":53,"key":"SMITH"}],"circlet_count":0,"master_deck":["AscendersBane","Strike_B","Strike_B","Strike_B","Defend_B","Defend_B","Defend_B","Zap","Dualcast","Thunder Strike","Conserve Battery","Loop","Chill+1","Steam Power","Fusion","White Noise+1","hubris:PowerSurge+1","Sweeping Beam","Amplify","Lockon","Hello World","Conserve Battery","ReplayTheSpireMod:Calculation Training","Barrage","Buffer+1","Streamline","Rainbow","FIFO Queue+1","hubris:Ukulele","Tempest","hubris:DoWhile+1","Barrage","Turbo","Barrage","Beam Cell","BasicCrystalCard","Leap","Melter","Chill+1","hubris:Prefetch","Amplify","Time Bomb","Creative AI+1","Panic Button","Melter","Barrage","Crystallizer","Cold Snap","Loop+1","ReplayTheSpireMod:IOU","Doom and Gloom","Storm","Panic Button"],"relics":["Cracked Core","Runic Capacitor","hubris:64BitClover","infinitespire:Lychee Nut","infinitespire:ShieldingShard","ClockworkSouvenir","Replay:Rubber Ducky","aspiration:ArtOfWarUpgrade","hubris:MobiusCoin","Blood Vial","hubris:SoftwareUpdate","Bag of Preparation","Chemical X","Replay:Wax Seal","aspiration:FutureDiary","hubris:Backtick","Calipers","Membership Card","aspiration:Nostalgia","Burning Blood","infinitespire:EmpoweringShard","aspiration:RitualStick","HornCleat","aspiration:MysteriousAuxiliaryCore","Strawberry","Matryoshka","Gremlin Horn","Orrery","Darkstone Periapt","Ginger","aspiration:HiddenCompartment","infinitespire:Lucky Rock","Replay:Mystery Machine","aspiration:StickyExplosives_weak","Replay:Frozen Program","Bronze Scales","ReplayTheSpireMod:CursedCoin","DataDisk"],"acts_visited":["Exordium","TheCity","TheBeyond","TheEnding"],"potions_floor_usage":[24,39,39,55,56,56],"damage_taken":[{"damage":1,"enemies":"Jaw Worm","floor":1,"turns":3},{"damage":0,"enemies":"Small Slimes","floor":2,"turns":3},{"damage":0,"enemies":"2 Louse","floor":3,"turns":3},{"damage":0,"enemies":"Looter","floor":5,"turns":3},{"damage":0,"enemies":"2 Fungi Beasts","floor":7,"turns":3},{"damage":0,"enemies":"3 Sentries","floor":10,"turns":6},{"damage":0,"enemies":"Exordium Wildlife","floor":12,"turns":4},{"damage":0,"enemies":"Looter","floor":13,"turns":2},{"damage":0,"enemies":"Hexaghost","floor":16,"turns":7},{"damage":1,"enemies":"2 Thieves","floor":18,"turns":3},{"damage":0,"enemies":"3 Byrds","floor":21,"turns":4},{"damage":0,"enemies":"Centurion and Healer","floor":22,"turns":4},{"damage":8,"enemies":"Slavers","floor":24,"turns":4},{"damage":0,"enemies":"Snake Plant","floor":25,"turns":3},{"damage":7,"enemies":"Book of Stabbing","floor":28,"turns":4},{"damage":0,"enemies":"Chosen and Byrds","floor":31,"turns":4},{"damage":0,"enemies":"Automaton","floor":33,"turns":8},{"damage":0,"enemies":"3 Shapes","floor":35,"turns":4},{"damage":0,"enemies":"Orb Walker","floor":37,"turns":2},{"damage":0,"enemies":"3 Darklings","floor":38,"turns":5},{"damage":34,"enemies":"Transient","floor":39,"turns":6},{"damage":0,"enemies":"R_Hoarder","floor":41,"turns":5},{"damage":6,"enemies":"Writhing Mass","floor":45,"turns":5},{"damage":0,"enemies":"3 Darklings","floor":48,"turns":4},{"damage":3,"enemies":"hubris:GrandSnecko","floor":50,"turns":5},{"damage":0,"enemies":"Time Eater","floor":51,"turns":5},{"damage":0,"enemies":"hubris:Merchant","floor":54,"turns":1},{"damage":0,"enemies":"Shield and Spear","floor":55,"turns":4},{"damage":81,"enemies":"The Heart","floor":56,"turns":6}],"seed_played":"6561136750102346600","potions_obtained":[{"floor":1,"key":"SkillPotion"},{"floor":7,"key":"ColorlessPotion"},{"floor":12,"key":"Explosive Potion"},{"floor":16,"key":"Fire Potion"},{"floor":18,"key":"Swift Potion"},{"floor":24,"key":"Explosive Potion"},{"floor":37,"key":"Energy Potion"},{"floor":41,"key":"PowerPotion"},{"floor":48,"key":"SkillPotion"},{"floor":55,"key":"Weak Potion"}],"is_trial":false,"path_per_floor":["M","M","M","?","M","R","M","$","T","E","R","M","M","$","R","B",null,"M","?","$","M","M","?","E","M","T","$","E","R","?","M","R","B",null,"M","$","M","M","M","R","E","?","T","R","M","R","$","M","R","B","B",null,"R","$","E","B"],"character_chosen":"DEFECT","items_purchased":["HornCleat","Thunder Strike","aspiration:MysteriousAuxiliaryCore","Conserve Battery","Strawberry","Matryoshka","Runic Capacitor","Loop","Chill","hubris:64BitClover","Gremlin Horn","infinitespire:Lychee Nut","Steam Power","infinitespire:ShieldingShard","ClockworkSouvenir","Replay:Rubber Ducky","Orrery","Art of War","FIFO Queue","hubris:Ukulele","Tempest","Membership Card","aspiration:Nostalgia","Replay:Wax Seal","Creative AI","Replay:Frozen Program","Blood Vial","Bag of Preparation","Loop+1","Chemical X","ReplayTheSpireMod:CursedCoin","Storm"],"campfire_rested":1,"item_purchase_floors":[0,0,0,0,0,0,0,0,0,0,0,0,0,0,0,0,0,0,14,14,14,27,27,36,36,36,36,47,47,47,54,54],"current_hp_per_floor":[33,38,43,43,48,48,53,53,53,58,58,58,58,58,58,58,58,58,58,58,58,58,58,53,58,58,58,57,57,42,54,54,58,58,58,64,64,64,36,55,64,48,48,48,62,62,68,76,76,76,76,76,76,79,79,0,0],"gold":116,"neow_bonus":"","is_daily":false,"chose_seed":false,"campfire_upgraded":6,"win_rate":0.0,"timestamp":1611254525,"path_taken":["M","M","M","?","M","R","M","$","T","E","R","M","M","$","R","BOSS","M","?","$","M","M","?","E","M","T","$","E","R","?","M","R","BOSS","M","$","M","M","M","R","E","?","T","R","M","R","$","M","R","BOSS","BOSS","R","$","E","BOSS"],"items_purchased_type":["Relic","Card","Relic","Card","Relic","Relic","Relic","Card","Card","Relic","Relic","Relic","Card","Relic","Relic","Relic","Relic","Relic","Card","Card","Card","Relic","Relic","Relic","Card","Relic","Relic","Relic","Card","Relic","Relic","Card"],"build_version":"2020-12-22","purchased_purges":2,"victory":false,"max_hp_per_floor":[58,58,58,58,58,58,58,58,58,58,58,58,58,58,58,58,58,58,58,58,58,58,58,58,58,58,58,58,58,58,58,58,58,58,58,64,64,64,64,64,64,64,64,64,70,70,76,76,76,76,76,76,76,79,79,79,79],"relic_stats":{"Blood Vial":6,"Darkstone Periapt":24,"Gremlin Horn":[22,22],"counters":[546,1883],"Bronze Scales":[158],"Bag of Preparation":[76],"Chemical X":[4],"Ginger":[9],"obtain_stats":[{"Replay:Accelerometer":49,"Spirit Poop":43,"aspiration:PoetsPen_weak":17,"hubris:MysteriousPyramids":44,"Sling":45,"Blood Vial":0,"infinitespire:ShieldingShard":54,"hubris:AstralHammer":38,"Replay:Bronze Core":17,"Fusion Hammer":34,"HandDrill":0,"Replay:Bottled Flurry":53,"hubris:RGBLights":12,"Replay:Bottled Steam":23,"aspiration:FaultyCoupler":12,"MerchantsRug":53,"hubris:MobiusCoin":9,"Velvet Choker":34,"Eternal Feather":20,"ReplayTheSpireMod:SealedPack":20,"Pen Nib":53,"infinitespire:Magic Flask":0,"Cables":44,"infinitespire:EvilPickle":33,"Snecko Scales":39,"infinitespire:Lychee Nut":0,"infinitespire:Broken Mirror":10,"Bird Faced Urn":30,"aspiration:MysteriousAuxiliaryCore":38,"Unceasing Top":0,"hubris:Reverence":24,"Solar Panel":0,"Carrot":0,"Singing Bowl":26,"Torii":0,"GremlinMask":39,"hubris:EmptyBottle":38,"Smiling Mask":31,"Ancient Tea Set":5,"Pet Ghost":50,"Burning Blood":27,"hubris:BlackHole":17,"hubris:Backtick":17,"Ring of Fangs":39,"infinitespire:Bottled Soul":28,"aspiration:AnachronicSnailShell":53,"Toolbox":54,"Chemical X":39,"infinitespire:Eraser":54,"Replay:Bottled Eggs":17,"aspiration:FutureDiary":17,"InkBottle":54,"aspiration:ChemicalBlood":0,"Potion Belt":29,"Lee\u0027s Waffle":0,"NeowsBlessing":0,"Replay:Fungal Core":17,"Golden Idol":7,"hubris:64BitClover":54,"PreservedInsect":0,"infinitespire:Lucky Rock":54,"hubris:Towel":13,"Replay:Arrowhead":23,"Nuclear Battery":34,"Ornamental Fan":47,"hubris:Spice":53,"Garlic":16,"Art of War":48,"Durian":39,"hubris:BottledRain":26,"Ice Cream":31,"Tiny House":44,"Calipers":0,"Gremlin Horn":40,"aspiration:Stabinomicon":25,"Runic Capacitor":50,"Raider\u0027s Mask":0,"hubris:TerracottaHorce":17,"Sozu":12,"Centennial Puzzle":27,"infinitespire:SolderingIron":43,"Philosopher\u0027s Stone":17,"Prayer Wheel":37,"Iron Hammer":29,"Girya":26,"hubris:Teleporter":39,"hubris:DuctTape":34,"ReplayTheSpireMod:CursedCoin":0,"hubris:SoftwareUpdate":41,"Replay:Grab Bag":17,"aspiration:HiddenCompartment":53,"Du-Vu Doll":24,"OrangePellets":39,"hubris:PeanutButter":0,"Onion Ring":26,"infinitespire:EmpoweringShard":28,"theJungle:WildStrawberry":39,"Mirror":0,"Symbiotic Virus":43,"Iron Core":39,"aspiration:TomeofQuesting":10,"Juzu Bracelet":47,"Replay:Mystery Machine":7,"PrismaticShard":53,"aspiration:StickyExplosives_weak":30,"Nunchaku":25,"Emotion Chip":38,"Dream Catcher":42,"Chameleon Ring":45,"hubris:Icosahedron":48,"TheAbacus":53,"hubris:Stopwatch":17,"Replay:Bottled Snecko":9,"Replay:Antivirus Software":7,"hubris:KleinBottle":39,"Guide Book":53,"aspiration:RunicSpoon":34,"RobotSpaceExplorer:RoboCore":0,"Replay:WaspNest":53,"infinitespire:FocusingShard":0,"hubris:MedicalManual":0,"theJungle:SpiritDisease":39,"Odd Mushroom":13,"Mercury Hourglass":27,"Calling Bell":17,"Strange Spoon":46,"Cauldron":56,"DataDisk":27,"Pondfish Scales":43,"infinitespire:Satchel":17,"hubris:BundleOfHerbs":0,"Bag of Marbles":0,"Membership Card":0,"ReplayTheSpireMod:ShopPack":21,"infinitespire:BottledMercury":11,"hubris:BallOfYels":29,"Golden Egg":11,"Whetstone":27,"Ginger":17,"Bottled Tornado":0,"Boot":54,"aspiration:RitualStick":30,"Old Coin":45,"Replay:Ringing Soul":40,"aspiration:EnhancedActuators":53,"MealTicket":0,"hubris:DeckOfHolding":53,"infinitespire:Golems Mask":54,"Kunai":40,"Replay:Wax Seal":42,"hubris:TinFlute":23,"Pear":43,"Counterbalance":2,"hubris:SphereOfDissonance":0,"aspiration:IroncladSkillbook":34,"Runic Dome":17,"Pandora\u0027s Box":17,"hubris:TenFootPole":0,"infinitespire:PuzzleCube":28,"aspiration:Lifesprig":9,"hubris:Metronome":17,"Lantern":19,"Blue Doll":46,"Painkiller Herb":17,"StoneCalendar":45,"Replay:Multitool":41,"Bag of Preparation":45,"Cursed Key":34,"Replay:Rubber Ducky":53,"BranchBurnRelic":30,"Matryoshka":0,"WingedGreaves":20,"hubris:FunFungus":46,"Inserter":48,"The Courier":24,"infinitespire:Joker Card":44,"Geode":30,"Omamori":46,"Frozen Egg 2":13,"Busted Crown":17,"Orrery":48,"Turnip":45,"Bottled Lightning":12,"ReplayTheSpireMod:Lightbulb":40,"Toy Ornithopter":31,"infinitespire:Freezer":55,"Lizard Tail":8,"Replay:Frozen Program":0,"HornCleat":0,"DollysMirror":53,"Strawberry":14,"aspiration:ArtOfWarUpgrade":52,"Toxic Egg 2":5,"Happy Flower":0,"aspiration:Nostalgia":53,"Astrolabe":34,"Dead Branch":25,"Oddly Smooth Stone":0,"infinitespire:Beetle Shell":48,"Replay:Kaleidoscope":43,"aspiration:SeaSaltIceCream":0,"Letter Opener":4,"War Paint":40,"Question Card":47,"Replay:Baseball":45,"ReplayTheSpireMod:Shallot":48,"Shuriken":43,"Bronze Scales":0,"Simple Rune":9,"Molten Egg 2":43,"ReplayTheSpireMod:TigerMarble":23,"Black Star":22,"hubris:ToyBattleship":31,"Meat on the Bone":0,"ReplayFunnel":44,"Darkstone Periapt":10,"ReplayTheSpireMod:Ring of Exchange":39,"SacredBark":17,"hubris:SlimyHat":43,"Incense Burner":34,"ClockworkSouvenir":23,"Frozen Eye":53,"Replay:Bandana":0,"Mummified Hand":0,"Tiny Chest":7,"Cracked Core":0,"Replay:Drink Me":21,"infinitespire:Chaos":39,"Gremlin Food":53,"hubris:DisguiseKit":46,"BargainBundle":0,"Replay:Towering Pillar of Hats":30,"aspiration:FetidBarrel":47,"infinitespire:CursedDice":53,"infinitespire:EmptyRelic":39,"aspiration:HummingbirdHeart":0,"Orichalcum":56,"White Beast Statue":20,"Peace Pipe":39,"CaptainsWheel":0,"Anchor":0,"infinitespire:WardingShard":42,"ChewingGum":34,"hubris:GrandSneckoEye":36,"Snack Pack":31,"Coffee Dripper":17,"PureWater":53,"hubris:Potato":31,"TungstenRod":17,"hubris:NiceRug":53},{"Replay:Accelerometer":97,"Spirit Poop":418,"aspiration:PoetsPen_weak":194,"hubris:MysteriousPyramids":178,"Sling":153,"Blood Vial":0,"infinitespire:ShieldingShard":421,"hubris:AstralHammer":294,"Replay:Bronze Core":7,"Fusion Hammer":42,"HandDrill":337,"Replay:Bottled Flurry":515,"hubris:RGBLights":248,"Replay:Bottled Steam":114,"aspiration:FaultyCoupler":164,"MerchantsRug":420,"hubris:MobiusCoin":522,"Velvet Choker":14,"Eternal Feather":8,"ReplayTheSpireMod:SealedPack":32,"Pen Nib":132,"infinitespire:Magic Flask":369,"Cables":95,"infinitespire:EvilPickle":62,"Snecko Scales":417,"infinitespire:Lychee Nut":273,"infinitespire:Broken Mirror":372,"Bird Faced Urn":40,"aspiration:MysteriousAuxiliaryCore":65,"Unceasing Top":306,"hubris:Reverence":288,"Solar Panel":22,"Carrot":0,"Singing Bowl":59,"Torii":273,"GremlinMask":417,"hubris:EmptyBottle":232,"Smiling Mask":356,"Ancient Tea Set":371,"Pet Ghost":332,"Burning Blood":531,"hubris:BlackHole":219,"hubris:Backtick":139,"Ring of Fangs":417,"infinitespire:Bottled Soul":498,"aspiration:AnachronicSnailShell":515,"Toolbox":304,"Chemical X":417,"infinitespire:Eraser":133,"Replay:Bottled Eggs":251,"aspiration:FutureDiary":526,"InkBottle":304,"aspiration:ChemicalBlood":46,"Potion Belt":227,"Lee\u0027s Waffle":0,"NeowsBlessing":0,"Replay:Fungal Core":405,"Golden Idol":50,"hubris:64BitClover":421,"PreservedInsect":134,"infinitespire:Lucky Rock":72,"hubris:Towel":138,"Replay:Arrowhead":170,"Nuclear Battery":387,"Ornamental Fan":96,"hubris:Spice":484,"Garlic":80,"Art of War":269,"Durian":477,"hubris:BottledRain":9,"Ice Cream":228,"Tiny House":95,"Calipers":159,"Gremlin Horn":325,"aspiration:Stabinomicon":35,"Runic Capacitor":97,"Raider\u0027s Mask":306,"hubris:TerracottaHorce":283,"Sozu":280,"Centennial Puzzle":10,"infinitespire:SolderingIron":68,"Philosopher\u0027s Stone":7,"Prayer Wheel":44,"Iron Hammer":199,"Girya":197,"hubris:Teleporter":417,"hubris:DuctTape":172,"ReplayTheSpireMod:CursedCoin":46,"hubris:SoftwareUpdate":67,"Replay:Grab Bag":7,"aspiration:HiddenCompartment":132,"Du-Vu Doll":9,"OrangePellets":417,"hubris:PeanutButter":73,"Onion Ring":116,"infinitespire:EmpoweringShard":532,"theJungle:WildStrawberry":417,"Mirror":185,"Symbiotic Virus":266,"Iron Core":417,"aspiration:TomeofQuesting":5,"Juzu Bracelet":300,"Replay:Mystery Machine":4,"PrismaticShard":515,"aspiration:StickyExplosives_weak":40,"Nunchaku":116,"Emotion Chip":149,"Dream Catcher":235,"Chameleon Ring":19,"hubris:Icosahedron":69,"TheAbacus":271,"hubris:Stopwatch":283,"Replay:Bottled Snecko":309,"Replay:Antivirus Software":279,"hubris:KleinBottle":417,"Guide Book":157,"aspiration:RunicSpoon":321,"RobotSpaceExplorer:RoboCore":273,"Replay:WaspNest":211,"infinitespire:FocusingShard":273,"hubris:MedicalManual":396,"theJungle:SpiritDisease":417,"Odd Mushroom":249,"Mercury Hourglass":436,"Calling Bell":166,"Strange Spoon":268,"Cauldron":335,"DataDisk":86,"Pondfish Scales":206,"infinitespire:Satchel":166,"hubris:BundleOfHerbs":159,"Bag of Marbles":213,"Membership Card":100,"ReplayTheSpireMod:ShopPack":8,"infinitespire:BottledMercury":105,"hubris:BallOfYels":118,"Golden Egg":247,"Whetstone":36,"Ginger":166,"Bottled Tornado":100,"Boot":184,"aspiration:RitualStick":532,"Old Coin":298,"Replay:Ringing Soul":234,"aspiration:EnhancedActuators":71,"MealTicket":22,"hubris:DeckOfHolding":71,"infinitespire:Golems Mask":367,"Kunai":125,"Replay:Wax Seal":446,"hubris:TinFlute":142,"Pear":126,"Counterbalance":338,"hubris:SphereOfDissonance":306,"aspiration:IroncladSkillbook":147,"Runic Dome":313,"Pandora\u0027s Box":30,"hubris:TenFootPole":100,"infinitespire:PuzzleCube":86,"aspiration:Lifesprig":26,"hubris:Metronome":166,"Lantern":167,"Blue Doll":268,"Painkiller Herb":283,"StoneCalendar":363,"Replay:Multitool":45,"Bag of Preparation":95,"Cursed Key":413,"Replay:Rubber Ducky":157,"BranchBurnRelic":289,"Matryoshka":100,"WingedGreaves":32,"hubris:FunFungus":268,"Inserter":21,"The Courier":170,"infinitespire:Joker Card":207,"Geode":12,"Omamori":237,"Frozen Egg 2":53,"Busted Crown":109,"Orrery":21,"Turnip":127,"Bottled Lightning":28,"ReplayTheSpireMod:Lightbulb":44,"Toy Ornithopter":41,"infinitespire:Freezer":98,"Lizard Tail":309,"Replay:Frozen Program":306,"HornCleat":517,"DollysMirror":71,"Strawberry":79,"aspiration:ArtOfWarUpgrade":270,"Toxic Egg 2":3,"Happy Flower":46,"aspiration:Nostalgia":211,"Astrolabe":120,"Dead Branch":288,"Oddly Smooth Stone":22,"infinitespire:Beetle Shell":181,"Replay:Kaleidoscope":178,"aspiration:SeaSaltIceCream":337,"Letter Opener":371,"War Paint":444,"Question Card":21,"Replay:Baseball":153,"ReplayTheSpireMod:Shallot":155,"Shuriken":152,"Bronze Scales":46,"Simple Rune":104,"Molten Egg 2":235,"ReplayTheSpireMod:TigerMarble":59,"Black Star":223,"hubris:ToyBattleship":320,"Meat on the Bone":134,"ReplayFunnel":178,"Darkstone Periapt":247,"ReplayTheSpireMod:Ring of Exchange":417,"SacredBark":7,"hubris:SlimyHat":17,"Incense Burner":291,"ClockworkSouvenir":9,"Frozen Eye":395,"Replay:Bandana":46,"Mummified Hand":453,"Tiny Chest":162,"Cracked Core":0,"Replay:Drink Me":8,"infinitespire:Chaos":417,"Gremlin Food":484,"hubris:DisguiseKit":128,"BargainBundle":22,"Replay:Towering Pillar of Hats":259,"aspiration:FetidBarrel":269,"infinitespire:CursedDice":395,"infinitespire:EmptyRelic":417,"aspiration:HummingbirdHeart":273,"Orichalcum":99,"White Beast Statue":196,"Peace Pipe":417,"CaptainsWheel":46,"Anchor":241,"infinitespire:WardingShard":126,"ChewingGum":62,"hubris:GrandSneckoEye":90,"Snack Pack":290,"Coffee Dripper":462,"PureWater":211,"hubris:Potato":61,"TungstenRod":251,"hubris:NiceRug":71},{"Replay:Accelerometer":396,"Spirit Poop":1453,"aspiration:PoetsPen_weak":711,"hubris:MysteriousPyramids":659,"Sling":564,"Blood Vial":0,"infinitespire:ShieldingShard":1466,"hubris:AstralHammer":1035,"Replay:Bronze Core":30,"Fusion Hammer":182,"HandDrill":1135,"Replay:Bottled Flurry":1757,"hubris:RGBLights":878,"Replay:Bottled Steam":441,"aspiration:FaultyCoupler":609,"MerchantsRug":1462,"hubris:MobiusCoin":1778,"Velvet Choker":72,"Eternal Feather":33,"ReplayTheSpireMod:SealedPack":147,"Pen Nib":481,"infinitespire:Magic Flask":1265,"Cables":384,"infinitespire:EvilPickle":245,"Snecko Scales":1447,"infinitespire:Lychee Nut":972,"infinitespire:Broken Mirror":1274,"Bird Faced Urn":173,"aspiration:MysteriousAuxiliaryCore":252,"Unceasing Top":1067,"hubris:Reverence":1017,"Solar Panel":111,"Carrot":0,"Singing Bowl":235,"Torii":972,"GremlinMask":1447,"hubris:EmptyBottle":835,"Smiling Mask":1197,"Ancient Tea Set":1270,"Pet Ghost":1121,"Burning Blood":1815,"hubris:BlackHole":796,"hubris:Backtick":507,"Ring of Fangs":1447,"infinitespire:Bottled Soul":1718,"aspiration:AnachronicSnailShell":1757,"Toolbox":1061,"Chemical X":1447,"infinitespire:Eraser":482,"Replay:Bottled Eggs":895,"aspiration:FutureDiary":1797,"InkBottle":1061,"aspiration:ChemicalBlood":195,"Potion Belt":822,"Lee\u0027s Waffle":0,"NeowsBlessing":0,"Replay:Fungal Core":1389,"Golden Idol":205,"hubris:64BitClover":1466,"PreservedInsect":485,"infinitespire:Lucky Rock":276,"hubris:Towel":497,"Replay:Arrowhead":636,"Nuclear Battery":1318,"Ornamental Fan":391,"hubris:Spice":1673,"Garlic":302,"Art of War":955,"Durian":1659,"hubris:BottledRain":37,"Ice Cream":825,"Tiny House":384,"Calipers":592,"Gremlin Horn":1106,"aspiration:Stabinomicon":156,"Runic Capacitor":396,"Raider\u0027s Mask":1067,"hubris:TerracottaHorce":1002,"Sozu":991,"Centennial Puzzle":42,"infinitespire:SolderingIron":262,"Philosopher\u0027s Stone":30,"Prayer Wheel":188,"Iron Hammer":728,"Girya":720,"hubris:Teleporter":1447,"hubris:DuctTape":646,"ReplayTheSpireMod:CursedCoin":195,"hubris:SoftwareUpdate":260,"Replay:Grab Bag":30,"aspiration:HiddenCompartment":481,"Du-Vu Doll":37,"OrangePellets":1447,"hubris:PeanutButter":281,"Onion Ring":447,"infinitespire:EmpoweringShard":1819,"theJungle:WildStrawberry":1447,"Mirror":684,"Symbiotic Virus":942,"Iron Core":1447,"aspiration:TomeofQuesting":17,"Juzu Bracelet":1051,"Replay:Mystery Machine":13,"PrismaticShard":1757,"aspiration:StickyExplosives_weak":173,"Nunchaku":447,"Emotion Chip":545,"Dream Catcher":843,"Chameleon Ring":98,"hubris:Icosahedron":265,"TheAbacus":962,"hubris:Stopwatch":1002,"Replay:Bottled Snecko":1072,"Replay:Antivirus Software":989,"hubris:KleinBottle":1447,"Guide Book":582,"aspiration:RunicSpoon":1100,"RobotSpaceExplorer:RoboCore":972,"Replay:WaspNest":767,"infinitespire:FocusingShard":972,"hubris:MedicalManual":1348,"theJungle:SpiritDisease":1447,"Odd Mushroom":881,"Mercury Hourglass":1529,"Calling Bell":622,"Strange Spoon":950,"Cauldron":1129,"DataDisk":338,"Pondfish Scales":752,"infinitespire:Satchel":622,"hubris:BundleOfHerbs":592,"Bag of Marbles":773,"Membership Card":415,"ReplayTheSpireMod:ShopPack":33,"infinitespire:BottledMercury":423,"hubris:BallOfYels":451,"Golden Egg":876,"Whetstone":160,"Ginger":622,"Bottled Tornado":415,"Boot":680,"aspiration:RitualStick":1819,"Old Coin":1045,"Replay:Ringing Soul":841,"aspiration:EnhancedActuators":274,"MealTicket":111,"hubris:DeckOfHolding":274,"infinitespire:Golems Mask":1254,"Kunai":462,"Replay:Wax Seal":1570,"hubris:TinFlute":518,"Pear":466,"Counterbalance":1138,"hubris:SphereOfDissonance":1067,"aspiration:IroncladSkillbook":539,"Runic Dome":1082,"Pandora\u0027s Box":140,"hubris:TenFootPole":415,"infinitespire:PuzzleCube":338,"aspiration:Lifesprig":124,"hubris:Metronome":622,"Lantern":627,"Blue Doll":950,"Painkiller Herb":1002,"StoneCalendar":1236,"Replay:Multitool":193,"Bag of Preparation":384,"Cursed Key":1428,"Replay:Rubber Ducky":582,"BranchBurnRelic":1018,"Matryoshka":415,"WingedGreaves":147,"hubris:FunFungus":950,"Inserter":104,"The Courier":636,"infinitespire:Joker Card":755,"Geode":57,"Omamori":850,"Frozen Egg 2":214,"Busted Crown":433,"Orrery":104,"Turnip":468,"Bottled Lightning":131,"ReplayTheSpireMod:Lightbulb":189,"Toy Ornithopter":176,"infinitespire:Freezer":404,"Lizard Tail":1072,"Replay:Frozen Program":1067,"HornCleat":1764,"DollysMirror":274,"Strawberry":299,"aspiration:ArtOfWarUpgrade":959,"Toxic Egg 2":7,"Happy Flower":195,"aspiration:Nostalgia":767,"Astrolabe":454,"Dead Branch":1017,"Oddly Smooth Stone":111,"infinitespire:Beetle Shell":669,"Replay:Kaleidoscope":659,"aspiration:SeaSaltIceCream":1135,"Letter Opener":1270,"War Paint":1563,"Question Card":104,"Replay:Baseball":564,"ReplayTheSpireMod:Shallot":573,"Shuriken":560,"Bronze Scales":195,"Simple Rune":422,"Molten Egg 2":843,"ReplayTheSpireMod:TigerMarble":235,"Black Star":810,"hubris:ToyBattleship":1097,"Meat on the Bone":485,"ReplayFunnel":659,"Darkstone Periapt":876,"ReplayTheSpireMod:Ring of Exchange":1447,"SacredBark":30,"hubris:SlimyHat":85,"Incense Burner":1026,"ClockworkSouvenir":37,"Frozen Eye":1345,"Replay:Bandana":195,"Mummified Hand":1610,"Tiny Chest":603,"Cracked Core":0,"Replay:Drink Me":33,"infinitespire:Chaos":1447,"Gremlin Food":1673,"hubris:DisguiseKit":471,"BargainBundle":111,"Replay:Towering Pillar of Hats":917,"aspiration:FetidBarrel":955,"infinitespire:CursedDice":1345,"infinitespire:EmptyRelic":1447,"aspiration:HummingbirdHeart":972,"Orichalcum":408,"White Beast Statue":717,"Peace Pipe":1447,"CaptainsWheel":195,"Anchor":861,"infinitespire:WardingShard":466,"ChewingGum":245,"hubris:GrandSneckoEye":356,"Snack Pack":1021,"Coffee Dripper":1630,"PureWater":767,"hubris:Potato":241,"TungstenRod":895,"hubris:NiceRug":274}],"Burning Blood":28,"aspiration:RitualStick":[0]},"card_choices":[{"not_picked":["Recycle","Steam"],"picked":"Fusion","floor":0},{"not_picked":["Leap","Streamline"],"picked":"White Noise","floor":0},{"not_picked":["Beam Cell","BasicCrystalCard"],"picked":"hubris:PowerSurge","floor":0},{"not_picked":["Rebound","Streamline"],"picked":"Sweeping Beam","floor":0},{"not_picked":["Panic Button","Glacier"],"picked":"Amplify","floor":0},{"not_picked":["Reprogram","Go for the Eyes"],"picked":"Lockon","floor":1},{"not_picked":["Stack","Coolheaded"],"picked":"Hello World","floor":2},{"not_picked":["FTL","Coolheaded"],"picked":"Conserve Battery","floor":3},{"not_picked":["Streamline","aspiration:Polymerization"],"picked":"ReplayTheSpireMod:Calculation Training","floor":5},{"not_picked":["Compile Driver","ReplayTheSpireMod:Reroute Power"],"picked":"Barrage","floor":7},{"not_picked":["Panic Button","Redo"],"picked":"Buffer","floor":10},{"not_picked":["Compile Driver","Reprogram"],"picked":"Streamline","floor":12},{"not_picked":["Steam Power","Steam"],"picked":"Rainbow","floor":13},{"not_picked":["Hyperbeam","Rainbow"],"picked":"hubris:DoWhile","floor":16},{"not_picked":["Cold Snap+1","Auto Shields"],"picked":"Barrage","floor":18},{"not_picked":["Redo","Coolheaded"],"picked":"Beam Cell","floor":21},{"not_picked":["Rebound","Aggregate"],"picked":"BasicCrystalCard","floor":22},{"not_picked":["Reprogram","Steam"],"picked":"Leap","floor":24},{"not_picked":["ReplayTheSpireMod:Repulse","Turbo"],"picked":"Melter","floor":25},{"not_picked":["Compile Driver","Glacier"],"picked":"Chill+1","floor":28},{"not_picked":["Sweeping Beam+1","Ball Lightning"],"picked":"hubris:Prefetch","floor":31},{"not_picked":["Fission","Hyperbeam"],"picked":"Amplify","floor":33},{"not_picked":["Turbo","Rip and Tear"],"picked":"Time Bomb","floor":35},{"not_picked":["Conserve Battery","Gash+1"],"picked":"Panic Button","floor":37},{"not_picked":["Steam","Conserve Battery"],"picked":"Melter","floor":38},{"not_picked":["Hyperbeam","Sweeping Beam"],"picked":"Barrage","floor":39},{"not_picked":["Go for the Eyes","Leap"],"picked":"Crystallizer","floor":41},{"not_picked":["ReplayTheSpireMod:??????????????????????","ReplayTheSpireMod:Black Plague"],"picked":"infinitespire:SealOfDarkness+","floor":42},{"not_picked":["BasicCrystalCard","Steam"],"picked":"Cold Snap","floor":45},{"not_picked":["Go for the Eyes","Rip and Tear"],"picked":"Doom and Gloom","floor":48},{"not_picked":["Skim","Chaos"],"picked":"Panic Button","floor":55}],"player_experience":637367,"relics_obtained":[{"floor":9,"key":"hubris:MobiusCoin"},{"floor":10,"key":"Darkstone Periapt"},{"floor":13,"key":"Ginger"},{"floor":24,"key":"aspiration:HiddenCompartment"},{"floor":26,"key":"infinitespire:Lucky Rock"},{"floor":26,"key":"Replay:Mystery Machine"},{"floor":28,"key":"infinitespire:EmpoweringShard"},{"floor":33,"key":"aspiration:StickyExplosives_weak"},{"floor":41,"key":"hubris:SoftwareUpdate"},{"floor":43,"key":"Bronze Scales"},{"floor":55,"key":"DataDisk"}],"event_choices":[{"damage_healed":0,"gold_gain":0,"player_choice":"Grow","damage_taken":0,"max_hp_gain":0,"max_hp_loss":0,"event_name":"Living Wall","floor":4,"gold_loss":0,"cards_upgraded":["Chill"]},{"damage_healed":0,"gold_gain":0,"cards_transformed":["Strike_B","Defend_B"],"player_choice":"Became Test Subject","damage_taken":0,"max_hp_gain":0,"max_hp_loss":0,"event_name":"Drug Dealer","floor":19,"gold_loss":0,"cards_obtained":["Turbo","Barrage"]},{"damage_healed":0,"gold_gain":0,"player_choice":"Ignored","damage_taken":0,"max_hp_gain":0,"max_hp_loss":0,"event_name":"Beggar","floor":23,"gold_loss":0}],"is_beta":false,"boss_relics":[{"not_picked":["infinitespire:Cupcake","Ring of Chaos"],"picked":"aspiration:FutureDiary"},{"not_picked":["Replay:Wanted Poster","Abe\u0027s Treasure"],"picked":"hubris:Backtick"}],"items_purged_floors":[54,54],"is_endless":false,"potions_floor_spawned":[1,7,12,16,18,24,25,31,37,41,48,55],"killed_by":"The Heart","ascension_level":20}}