{"host":"sc0o2qwpf9j16a4i","time":1611257053,"event":{"mods":["AchievementEnabler","BaseMod","BetterRewards","Block Reminder","Colored Map","Colored Powertips","Custom Start","Highlight Path","Minty Spire (QoL Compilation)","Relic Stats"],"gold_per_floor":[414,414,434,434,445,445,463,463,489,518,518,518,534,562,562,633,633,610,535,157,157,72,72,89,89,112,112,137,147,186,204,204,287,287,306,327,327,327,342,379,402,402,402],"floor_reached":42,"language":"ENG","playtime":1865,"items_purged":["Strike_B"],"score":928,"play_id":"d52ffdc2-9a70-4a37-b449-dacfbcc9eb5e","local_time":"20210121212413","is_ascension_mode":true,"campfire_choices":[{"floor":6,"key":"REST"},{"floor":8,"key":"REST"},{"data":"Go for the Eyes","floor":11,"key":"SMITH"},{"data":"Static Discharge","floor":15,"key":"SMITH"},{"floor":23,"key":"REST"},{"data":"Coolheaded","floor":25,"key":"SMITH"},{"data":"Self Repair","floor":27,"key":"SMITH"},{"floor":32,"key":"REST"}],"circlet_count":0,"master_deck":["AscendersBane","Defend_B","Defend_B","Defend_B+1","Defend_B+1","Zap","Dualcast","Leap","Go for the Eyes+1","Sweeping Beam","Static Discharge+1","Undo","Core Surge","Chill","Coolheaded+1","Defragment+1","Self Repair+1","Cold Snap","Glacier","Lockon","Biased Cognition","Biased Cognition","Turbo","Hologram","Heatsinks"],"relics":["Cracked Core","Old Coin","Lantern","Bronze Scales","Odd Mushroom","SlaversCollar","DollysMirror","Toy Ornithopter","Centennial Puzzle","Nunchaku","CeramicFish","Runic Pyramid","Question Card"],"acts_visited":["Exordium","TheCity","TheBeyond"],"potions_floor_usage":[16,24,33,42,42],"damage_taken":[{"damage":2,"enemies":"Jaw Worm","floor":1,"turns":3},{"damage":12,"enemies":"2 Louse","floor":3,"turns":2},{"damage":1,"enemies":"Small Slimes","floor":5,"turns":3},{"damage":0,"enemies":"2 Fungi Beasts","floor":7,"turns":3},{"damage":15,"enemies":"Lagavulin","floor":10,"turns":7},{"damage":0,"enemies":"3 Louse","floor":13,"turns":3},{"damage":8,"enemies":"The Mushroom Lair","floor":14,"turns":4},{"damage":4,"enemies":"Hexaghost","floor":16,"turns":9},{"damage":19,"enemies":"2 Thieves","floor":18,"turns":4},{"damage":2,"enemies":"3 Byrds","floor":24,"turns":2},{"damage":11,"enemies":"Book of Stabbing","floor":28,"turns":5},{"damage":0,"enemies":"Snecko","floor":29,"turns":8},{"damage":10,"enemies":"Slavers","floor":30,"turns":6},{"damage":6,"enemies":"Champ","floor":33,"turns":16},{"damage":4,"enemies":"3 Shapes","floor":35,"turns":7},{"damage":0,"enemies":"Orb Walker","floor":36,"turns":5},{"damage":27,"enemies":"Sphere and 2 Shapes","floor":39,"turns":4},{"damage":38,"enemies":"Giant Head","floor":40,"turns":16},{"damage":6,"enemies":"Writhing Mass","floor":41,"turns":8},{"damage":58,"enemies":"Reptomancer","floor":42,"turns":9}],"seed_played":"-7023009494274607194","potions_obtained":[{"floor":10,"key":"Strength Potion"},{"floor":13,"key":"BlessingOfTheForge"},{"floor":14,"key":"AttackPotion"},{"floor":18,"key":"SkillPotion"},{"floor":33,"key":"SpeedPotion"},{"floor":40,"key":"Swift Potion"},{"floor":41,"key":"Regen Potion"}],"is_trial":false,"path_per_floor":["M","?","M","?","M","R","M","R","T","E","R","?","M","?","R","B",null,"M","?","$","?","?","R","M","R","T","R","E","M","E","?","R","B",null,"M","M","?","T","M","E","M","E"],"character_chosen":"DEFECT","items_purchased":["Coolheaded","DollysMirror","Regen Potion"],"campfire_rested":4,"item_purchase_floors":[20,20,20],"current_hp_per_floor":[44,23,11,11,10,31,31,52,52,37,37,30,30,22,22,18,58,39,39,39,19,19,41,49,49,49,49,48,58,48,48,70,76,76,76,76,72,72,55,27,31,0,0],"gold":402,"neow_bonus":"ONE_RARE_RELIC","is_daily":false,"chose_seed":false,"campfire_upgraded":4,"win_rate":0.0,"timestamp":1611257053,"path_taken":["M","?","M","?","M","R","M","R","T","E","R","?","M","?","R","BOSS","M","?","$","?","?","R","?","R","T","R","E","M","E","?","R","BOSS","M","M","?","?","M","E","M","E"],"items_purchased_type":["Card","Relic","Potion"],"build_version":"2020-12-22","purchased_purges":1,"victory":false,"max_hp_per_floor":[71,71,71,71,71,71,71,71,71,71,71,71,71,71,71,71,71,71,71,71,76,76,76,76,76,76,76,76,76,76,76,76,76,76,76,76,72,72,72,72,72,72,72],"relic_stats":{"Centennial Puzzle":[23],"Nunchaku":[8],"counters":[20,124],"Bronze Scales":[425],"CeramicFish":63,"Question Card":1,"obtain_stats":[{"Lantern":9,"CeramicFish":30,"Odd Mushroom":14,"Question Card":40,"Old Coin":0,"SlaversCollar":17,"Centennial Puzzle":26,"Nunchaku":28,"DollysMirror":20,"Bronze Scales":10,"Cracked Core":0,"Toy Ornithopter":22,"Runic Pyramid":34},{"Lantern":4,"CeramicFish":13,"Odd Mushroom":7,"Question Card":18,"Old Coin":0,"SlaversCollar":8,"Centennial Puzzle":10,"Nunchaku":11,"DollysMirror":9,"Bronze Scales":5,"Cracked Core":0,"Toy Ornithopter":9,"Runic Pyramid":14},{"Lantern":11,"CeramicFish":59,"Odd Mushroom":25,"Question Card":107,"Old Coin":0,"SlaversCollar":34,"Centennial Puzzle":40,"Nunchaku":45,"DollysMirror":38,"Bronze Scales":18,"Cracked Core":0,"Toy Ornithopter":38,"Runic Pyramid":75}],"Toy Ornithopter":20},"card_choices":[{"not_picked":["Leap","Conserve Battery"],"picked":"Defragment","floor":1},{"not_picked":["Chill","Steam"],"picked":"Leap","floor":3},{"not_picked":["Steam","Redo"],"picked":"Go for the Eyes","floor":5},{"not_picked":["Heatsinks","Hologram"],"picked":"Sweeping Beam","floor":7},{"not_picked":["Hologram","Redo"],"picked":"Static Discharge","floor":10},{"not_picked":["Streamline","Double Energy"],"picked":"Undo","floor":13},{"not_picked":["Thunder Strike","Multi-Cast"],"picked":"Core Surge","floor":16},{"not_picked":["Scrape+1","Leap"],"picked":"Chill","floor":18},{"not_picked":["Rebound","Tempest"],"picked":"Self Repair","floor":24},{"not_picked":["Multi-Cast","Aggregate","Beam Cell"],"picked":"SKIP","floor":28},{"not_picked":["Doom and Gloom","Auto Shields+1"],"picked":"Cold Snap","floor":29},{"not_picked":["Conserve Battery+1","Cold Snap"],"picked":"Glacier","floor":30},{"not_picked":["Rainbow","Multi-Cast"],"picked":"Biased Cognition","floor":33},{"not_picked":["Steam+1","Beam Cell+1","Cold Snap"],"picked":"SKIP","floor":35},{"not_picked":["Undo","Streamline"],"picked":"Turbo","floor":36},{"not_picked":["Stack","Heatsinks","Streamline"],"picked":"SKIP","floor":39},{"not_picked":["Rebound+1","Melter"],"picked":"Hologram","floor":40},{"not_picked":["Streamline+1","Doom and Gloom","Scrape"],"picked":"Heatsinks","floor":41}],"player_experience":855522,"relics_obtained":[{"floor":9,"key":"Lantern"},{"floor":10,"key":"Bronze Scales"},{"floor":14,"key":"Odd Mushroom"},{"floor":26,"key":"Centennial Puzzle"},{"floor":28,"key":"Nunchaku"},{"floor":30,"key":"CeramicFish"},{"floor":40,"key":"Question Card"}],"event_choices":[{"damage_healed":0,"gold_gain":0,"player_choice":"Entered Light","damage_taken":21,"max_hp_gain":0,"max_hp_loss":0,"event_name":"Shining Light","floor":2,"gold_loss":0,"cards_upgraded":["Defend_B","Defend_B"]},{"damage_healed":0,"gold_gain":0,"player_choice":"Grow","damage_taken":0,"max_hp_gain":0,"max_hp_loss":0,"event_name":"Living Wall","floor":4,"gold_loss":0,"cards_upgraded":["Defragment"]},{"cards_removed":["Strike_B"],"damage_healed":0,"gold_gain":0,"player_choice":"Card Removal","damage_taken":7,"max_hp_gain":0,"max_hp_loss":0,"event_name":"Golden Wing","floor":12,"gold_loss":0},{"damage_healed":0,"gold_gain":0,"player_choice":"Fought Mushrooms","damage_taken":0,"max_hp_gain":0,"max_hp_loss":0,"event_name":"Mushrooms","floor":14,"gold_loss":0},{"cards_removed":["Strike_B"],"damage_healed":0,"gold_gain":0,"player_choice":"Gave Gold","damage_taken":0,"max_hp_gain":0,"max_hp_loss":0,"event_name":"Beggar","floor":19,"gold_loss":75},{"damage_healed":0,"gold_gain":0,"player_choice":"Shed Blood","damage_taken":25,"max_hp_gain":5,"max_hp_loss":0,"event_name":"Forgotten Altar","floor":21,"gold_loss":0},{"damage_healed":0,"gold_gain":0,"player_choice":"Obtained Relic","damage_taken":0,"relics_obtained":["Toy Ornithopter"],"max_hp_gain":0,"max_hp_loss":0,"event_name":"Addict","floor":22,"gold_loss":85},{"damage_healed":0,"gold_gain":0,"cards_transformed":["Defragment","Strike_B"],"player_choice":"Became Test Subject","damage_taken":0,"max_hp_gain":0,"max_hp_loss":0,"event_name":"Drug Dealer","floor":31,"gold_loss":0,"cards_obtained":["Lockon","Biased Cognition"]},{"damage_healed":0,"gold_gain":0,"player_choice":"Max HP","damage_taken":0,"max_hp_gain":0,"max_hp_loss":4,"event_name":"Winding Halls","floor":37,"gold_loss":0}],"is_beta":false,"boss_relics":[{"not_picked":["Nuclear Battery","FrozenCore"],"picked":"SlaversCollar"},{"not_picked":["Coffee Dripper","Sozu"],"picked":"Runic Pyramid"}],"items_purged_floors":[20],"is_endless":false,"potions_floor_spawned":[10,13,14,18,33,40,41],"killed_by":"Reptomancer","ascension_level":20}}