{"host":"9viy3memdfgcf4vy","time":1611267758,"event":{"mods":["BaseMod","Downfall","Minty Spire (QoL Compilation)","StSLib"],"gold_per_floor":[99,199,218,231,231,131,131,131,145,165,176,202,202,228,243,348,348,348,363,382,51,71,96,144,178,78,104,104,104,4,4,16,118,118,118,136,148,148,33,43,43,77,130,142,157,167,70,70,88,88,88,122,122,122,122,122],"floor_reached":57,"language":"ENG","playtime":7636,"items_purged":["Writhe","Shame","Pain"],"score":1334,"play_id":"088ca807-97d4-4231-9f1a-485db9cbc42c","local_time":"20210122002238","is_ascension_mode":true,"campfire_choices":[{"floor":1,"key":"RECALL"},{"data":"bronze:Fortify","floor":6,"key":"SMITH"},{"data":"bronze:Frontload","floor":8,"key":"SMITH"},{"data":"bronze:FollowUp","floor":13,"key":"SMITH"},{"data":"bronze:SpaghettiCode","floor":18,"key":"SMITH"},{"data":"bronze:Shell","floor":26,"key":"SMITH"},{"floor":30,"key":"REST"},{"data":"bronze:Boost","floor":35,"key":"SMITH"},{"floor":54,"key":"REST"}],"circlet_count":0,"master_deck":["bronze:Strike","bronze:Strike","bronze:Strike","bronze:Strike","bronze:Defend","bronze:Defend","bronze:Defend","bronze:Replicate","bronze:Goto","bronze:Frontload+1","bronze:Fortify+1","bronze:FollowUp+1","bronze:MaxOutput","bronze:SpaghettiCode+1","bronze:Constructor+1","bronze:FindAndReplace","bronze:ChosenStrike","bronze:Shell+1","bronze:Boost+1","bronze:Repair","bronze:Format","bronze:BronzeOrb+1","bronze:BronzeOrb+1","bronze:Flail+1","bronze:FineTuning+1","bronze:RecursiveStrike"],"relics":["Cursed Key","downfall:HeartBlessingRed","Anchor","Oddly Smooth Stone","Sundial","Runic Pyramid","Bottled Lightning","Red Mask","Potion Belt","downfall:HeartBlessingBlue","Bag of Preparation","Nilry\u0027s Codex","Incense Burner","downfall:HeartBlessingGreen","Philosopher\u0027s Stone","Toxic Egg 2","Toy Ornithopter","Du-Vu Doll","Lantern","ClockworkSouvenir","Bag of Marbles"],"acts_visited":["Exordium","TheCity","TheBeyond","TheEnding"],"potions_floor_usage":[14,16,23,27,33,49,55,56,56,56],"damage_taken":[{"damage":0,"enemies":"Small Slimes","floor":3,"turns":3},{"damage":0,"enemies":"Cultist","floor":4,"turns":5},{"damage":0,"enemies":"2 Louse","floor":9,"turns":3},{"damage":0,"enemies":"Blue Slaver","floor":10,"turns":4},{"damage":0,"enemies":"2 Fungi Beasts","floor":11,"turns":3},{"damage":2,"enemies":"Lagavulin","floor":12,"turns":6},{"damage":0,"enemies":"3 Sentries","floor":14,"turns":6},{"damage":0,"enemies":"Exordium Thugs","floor":15,"turns":5},{"damage":11,"enemies":"DF_ARCHETYPE_STREAMLINE","floor":16,"turns":11},{"damage":6,"enemies":"Shell Parasite","floor":19,"turns":4},{"damage":0,"enemies":"Chosen","floor":20,"turns":3},{"damage":0,"enemies":"downfall:FleeingMerchant","floor":21,"turns":4},{"damage":18,"enemies":"Sentry and Sphere","floor":22,"turns":6},{"damage":0,"enemies":"Masked Bandits","floor":23,"turns":3},{"damage":2,"enemies":"Slavers","floor":25,"turns":8},{"damage":0,"enemies":"Gremlin Leader","floor":27,"turns":7},{"damage":0,"enemies":"Snake Plant","floor":32,"turns":4},{"damage":15,"enemies":"IC_MUSHROOM_ARCHETYPE","floor":33,"turns":11},{"damage":0,"enemies":"3 Darklings","floor":36,"turns":8},{"damage":0,"enemies":"3 Shapes","floor":37,"turns":3},{"damage":0,"enemies":"downfall:FleeingMerchant","floor":39,"turns":4},{"damage":0,"enemies":"Transient","floor":40,"turns":5},{"damage":28,"enemies":"Nemesis","floor":42,"turns":7},{"damage":5,"enemies":"2 Orb Walkers","floor":43,"turns":5},{"damage":3,"enemies":"Spire Growth","floor":44,"turns":3},{"damage":16,"enemies":"3 Darklings","floor":45,"turns":4},{"damage":35,"enemies":"Maw","floor":46,"turns":10},{"damage":0,"enemies":"downfall:FleeingMerchant","floor":47,"turns":3},{"damage":0,"enemies":"Transient","floor":49,"turns":5},{"damage":27,"enemies":"SI_POISON_ARCHETYPE","floor":50,"turns":7},{"damage":58,"enemies":"downfall:CharBossMerchant","floor":52,"turns":10},{"damage":14,"enemies":"downfall:NeowBoss","floor":55,"turns":17},{"damage":44,"enemies":"downfall:NeowBossFinal","floor":56,"turns":13}],"seed_played":"-587575501259564526","potions_obtained":[{"floor":4,"key":"Swift Potion"},{"floor":5,"key":"ColorlessPotion"},{"floor":5,"key":"GamblersBrew"},{"floor":5,"key":"Guardian:BlockOnCardUsePotion"},{"floor":14,"key":"Regen Potion"},{"floor":20,"key":"SteroidPotion"},{"floor":25,"key":"Dexterity Potion"},{"floor":27,"key":"Fire Potion"},{"floor":32,"key":"PowerPotion"},{"floor":40,"key":"bronze:CleanCodePotion"},{"floor":42,"key":"Block Potion"},{"floor":43,"key":"Explosive Potion"},{"floor":46,"key":"FearPotion"}],"is_trial":false,"path_per_floor":["R","?","M","M","?","R","T","R","M","M","M","E","R","E","M","B",null,"R","M","M","$","M","?","T","E","R","E","?","T","R","?","M","B",null,"R","M","M","?","$","M","T","E","?","M","M","M","$","?","M","B",null,"E","$","R","B","B",null],"character_chosen":"THE_AUTOMATON","items_purchased":["Bottled Lightning","Lantern","ClockworkSouvenir"],"campfire_rested":2,"item_purchase_floors":[21,47,47],"current_hp_per_floor":[70,70,70,70,70,70,70,70,70,70,70,68,68,68,68,57,70,70,64,64,64,46,55,55,53,63,63,47,47,71,71,71,63,80,80,80,80,80,80,80,80,58,60,57,48,20,29,29,41,21,80,22,22,46,44,22],"gold":122,"neow_bonus":"BOSS_RELIC","is_daily":false,"chose_seed":false,"campfire_upgraded":6,"win_rate":0.0,"timestamp":1611267758,"path_taken":["R","?","M","M","?","R","T","R","M","M","M","E","R","E","M","BOSS","R","M","M","$","M","?","T","E","R","E","?","?","R","?","M","BOSS","R","M","M","?","$","M","T","E","?","M","M","M","$","?","M","BOSS","E","$","R","BOSS","BOSS"],"items_purchased_type":["Relic","Relic","Relic"],"build_version":"2020-12-22","purchased_purges":3,"victory":true,"max_hp_per_floor":[70,70,70,70,70,70,70,70,70,70,70,70,70,70,70,70,70,70,70,70,70,70,70,70,70,80,80,80,80,80,80,80,80,80,80,80,80,80,80,80,80,80,80,80,80,80,80,80,80,80,80,80,80,80,80,80],"card_choices":[{"not_picked":["bronze:WildBeam","bronze:BronzeArmor"],"picked":"bronze:Frontload","floor":3},{"not_picked":["bronze:Safeguard","bronze:Turbo"],"picked":"bronze:Fortify","floor":4},{"not_picked":["bronze:CutThrough","bronze:Deprecate","bronze:Separator"],"picked":"SKIP","floor":9},{"not_picked":["bronze:BugBarrage","bronze:Constructor"],"picked":"bronze:FollowUp","floor":10},{"not_picked":["bronze:Overheat","bronze:DelayedGuard","bronze:FineTuning"],"picked":"SKIP","floor":11},{"not_picked":["bronze:Verify","bronze:Refactor"],"picked":"bronze:MaxOutput","floor":12},{"not_picked":["bronze:CutThrough","bronze:Branch","bronze:Backtrace"],"picked":"SKIP","floor":14},{"not_picked":["bronze:Refactor","bronze:Backtrace","bronze:BronzeArmor"],"picked":"SKIP","floor":15},{"not_picked":["bronze:FindAndReplace","bronze:ThunderWave"],"picked":"bronze:SpaghettiCode","floor":16},{"not_picked":["bronze:DelayedGuard+1","bronze:ForLoop+1"],"picked":"bronze:Constructor+1","floor":19},{"not_picked":["bronze:BronzeArmor","bronze:Turbo","bronze:ForceShield"],"picked":"SKIP","floor":20},{"not_picked":["bronze:Overheat+1","bronze:DelayedGuard+1"],"picked":"bronze:FindAndReplace","floor":21},{"not_picked":["bronze:Invalidate","bronze:WildBeam"],"picked":"bronze:ChosenStrike","floor":22},{"not_picked":["bronze:Overheat+1","bronze:OilSpill+1"],"picked":"bronze:Shell","floor":23},{"not_picked":["bronze:SpaghettiCode","bronze:CutThrough"],"picked":"bronze:Boost","floor":25},{"not_picked":["bronze:Optimize","bronze:BugBarrage"],"picked":"bronze:Repair","floor":27},{"not_picked":["bronze:Return","bronze:DarkDash"],"picked":"bronze:ClassDefault","floor":32},{"not_picked":["bronze:InfiniteLoop","bronze:RecursiveStrike"],"picked":"bronze:Format","floor":33},{"not_picked":["bronze:Shell","bronze:ForLoop+1"],"picked":"bronze:BronzeOrb+1","floor":36},{"not_picked":["bronze:InfiniteBeams","bronze:Separator"],"picked":"bronze:BronzeOrb+1","floor":37},{"not_picked":["bronze:BuggyMess+1","bronze:Separator"],"picked":"bronze:Flail+1","floor":39},{"not_picked":["bronze:Frontload+1","bronze:Deprecate+1"],"picked":"bronze:FineTuning+1","floor":40},{"not_picked":["bronze:BuggyMess+1","bronze:DelayedGuard+1","bronze:WildBeam+1"],"picked":"SKIP","floor":42},{"not_picked":["bronze:OilSpill","bronze:DarkDash+1","bronze:MaxOutput+1"],"picked":"SKIP","floor":44},{"not_picked":["bronze:WhirlingStrike","bronze:Invalidate+1","bronze:Branch"],"picked":"SKIP","floor":45},{"not_picked":["bronze:Overheat","bronze:BitShift+1"],"picked":"bronze:RecursiveStrike","floor":46},{"not_picked":["bronze:WildBeam","bronze:Shield+1","bronze:Branch+1"],"picked":"SKIP","floor":47},{"not_picked":["bronze:GetLatest+1","bronze:BugBarrage","bronze:Overheat"],"picked":"SKIP","floor":49},{"not_picked":["bronze:ShipIt","bronze:ChildClass+1","bronze:Shield+1"],"picked":"SKIP","floor":52}],"player_experience":343643,"relics_obtained":[{"floor":7,"key":"Anchor"},{"floor":12,"key":"Oddly Smooth Stone"},{"floor":14,"key":"Sundial"},{"floor":23,"key":"Red Mask"},{"floor":25,"key":"Potion Belt"},{"floor":27,"key":"Bag of Preparation"},{"floor":28,"key":"Nilry\u0027s Codex"},{"floor":29,"key":"Incense Burner"},{"floor":41,"key":"Toxic Egg 2"},{"floor":42,"key":"Toy Ornithopter"},{"floor":43,"key":"Du-Vu Doll"},{"floor":52,"key":"Bag of Marbles"}],"event_choices":[{"damage_healed":0,"gold_gain":0,"player_choice":"Got Potions","damage_taken":0,"max_hp_gain":0,"max_hp_loss":0,"event_name":"Lab","floor":5,"gold_loss":0},{"damage_healed":0,"gold_gain":0,"player_choice":"Fought Bandits","damage_taken":0,"max_hp_gain":0,"max_hp_loss":0,"event_name":"Masked Bandits","floor":23,"gold_loss":0},{"cards_removed":["bronze:ClassDefault"],"damage_healed":0,"gold_gain":0,"player_choice":"Removed Power","damage_taken":0,"max_hp_gain":0,"max_hp_loss":0,"event_name":"Falling","floor":38,"gold_loss":0},{"damage_healed":0,"gold_gain":0,"player_choice":"Fight","damage_taken":0,"max_hp_gain":0,"max_hp_loss":0,"event_name":"Mysterious Sphere","floor":43,"gold_loss":0}],"is_beta":false,"boss_relics":[{"not_picked":["Calling Bell","SlaversCollar"],"picked":"Runic Pyramid"},{"not_picked":["Fusion Hammer","Velvet Choker"],"picked":"Philosopher\u0027s Stone"}],"items_purged_floors":[21,39,47],"is_endless":false,"potions_floor_spawned":[4,10,14,15,20,25,27,32,40,42,43,46],"ascension_level":1}}