{"host":"hk3n60c9tb8azi3z","time":1611204513,"event":{"mods":["AchievementEnabler","BaseMod","Minty Spire (QoL Compilation)","Relic Sorter","Relic Stats"],"gold_per_floor":[111,127,138,138,156,183,183,213,267,280,315,327,357,0,0,71,71,86,103,103,123,123,123,452,452,477,507,526,526,561,577,577,653,653,670,670,721,153,153,153,184,184,184,406,406,61,91,91,91,91,91,91,91,5,33,33],"floor_reached":57,"language":"ENG","playtime":6696,"items_purged":["Regret","Self Repair+1"],"score":3228,"play_id":"1cddde72-6def-401d-adb7-625788b717eb","local_time":"20210121054833","daily_mods":["Draft","Heirloom"],"is_ascension_mode":true,"campfire_choices":[{"data":"Coolheaded","floor":7.0,"key":"SMITH"},{"floor":15.0,"key":"REST"},{"data":"Capacitor","floor":23.0,"key":"SMITH"},{"data":"Biased Cognition","floor":25.0,"key":"SMITH"},{"data":"Defragment","floor":29.0,"key":"SMITH"},{"floor":32.0,"key":"REST"},{"floor":40,"key":"RECALL"},{"floor":45,"key":"REST"},{"floor":49,"key":"REST"},{"floor":53,"key":"REST"}],"circlet_count":0,"master_deck":["AscendersBane","Gash+1","Ball Lightning+1","BootSequence+1","Gash+1","Rebound+1","Sweeping Beam+1","Conserve Battery+1","Streamline+1","Hologram+1","Coolheaded+1","Loop+1","Coolheaded+1","Sweeping Beam+1","Steam+1","Go for the Eyes+1","Reinforced Body+1","Aggregate+1","Coolheaded+1","Skim+1","Gash+1","Glacier+1","Capacitor+1","Hologram+1","Biased Cognition+1","Barrage+1","Defragment+1","Hologram+1","All For One+1","Gash+1","Genetic Algorithm+1","Go for the Eyes+1","Coolheaded+1","Echo Form+1","Compile Driver+1","Loop+1","Dark Shackles+1","Go for the Eyes+1","Echo Form+1"],"relics":["Cracked Core","Mango","Blue Candle","StrikeDummy","MealTicket","DataDisk","Odd Mushroom","Shuriken","Nuclear Battery","MutagenicStrength","Old Coin","Juzu Bracelet","Red Mask","Nunchaku","Busted Crown","Thread and Needle","CaptainsWheel","Mark of the Bloom","FossilizedHelix","The Courier","DollysMirror","Potion Belt","InkBottle","Akabeko"],"acts_visited":["TheBeyond","TheEnding"],"potions_floor_usage":[56,56],"damage_taken":[{"damage":0.0,"enemies":"2 Louse","floor":1.0,"turns":2.0},{"damage":0.0,"enemies":"Jaw Worm","floor":2.0,"turns":4.0},{"damage":1.0,"enemies":"Small Slimes","floor":3.0,"turns":3.0},{"damage":1.0,"enemies":"Blue Slaver","floor":5.0,"turns":4.0},{"damage":31.0,"enemies":"Gremlin Nob","floor":6.0,"turns":5.0},{"damage":7.0,"enemies":"3 Sentries","floor":8.0,"turns":6.0},{"damage":1.0,"enemies":"Red Slaver","floor":10.0,"turns":3.0},{"damage":34.0,"enemies":"Gremlin Nob","floor":11.0,"turns":4.0},{"damage":0.0,"enemies":"Exordium Wildlife","floor":12.0,"turns":2.0},{"damage":3.0,"enemies":"The Mushroom Lair","floor":13.0,"turns":3.0},{"damage":12.0,"enemies":"Slime Boss","floor":16.0,"turns":11.0},{"damage":1.0,"enemies":"Spheric Guardian","floor":18.0,"turns":4.0},{"damage":12.0,"enemies":"Shell Parasite","floor":19.0,"turns":5.0},{"damage":11.0,"enemies":"3 Cultists","floor":21.0,"turns":6.0},{"damage":28.0,"enemies":"Slavers","floor":24.0,"turns":5.0},{"damage":6.0,"enemies":"Masked Bandits","floor":27.0,"turns":4.0},{"damage":16.0,"enemies":"Snake Plant","floor":28.0,"turns":4.0},{"damage":23.0,"enemies":"Gremlin Leader","floor":30.0,"turns":7.0},{"damage":6.0,"enemies":"Sentry and Sphere","floor":31.0,"turns":6.0},{"damage":34.0,"enemies":"Automaton","floor":33.0,"turns":10.0},{"damage":1.0,"enemies":"3 Darklings","floor":35.0,"turns":7.0},{"damage":25,"enemies":"2 Orb Walkers","floor":37,"turns":3},{"damage":5,"enemies":"Reptomancer","floor":41,"turns":6},{"damage":0,"enemies":"Giant Head","floor":47,"turns":3},{"damage":0,"enemies":"Time Eater","floor":50,"turns":7},{"damage":0,"enemies":"Donu and Deca","floor":51,"turns":6},{"damage":0,"enemies":"Shield and Spear","floor":55,"turns":8},{"damage":0,"enemies":"The Heart","floor":56,"turns":9}],"seed_played":"-8918721467726174451","potions_obtained":[{"floor":1.0,"key":"AttackPotion"},{"floor":6.0,"key":"Energy Potion"},{"floor":10.0,"key":"LiquidBronze"},{"floor":11.0,"key":"DistilledChaos"},{"floor":13.0,"key":"Fire Potion"},{"floor":19.0,"key":"FairyPotion"},{"floor":27.0,"key":"EssenceOfDarkness"},{"floor":31.0,"key":"DuplicationPotion"},{"floor":33.0,"key":"PotionOfCapacity"},{"floor":37,"key":"FairyPotion"}],"is_trial":true,"path_per_floor":["M","M","M","?","M","E","R","E","T","M","E","M","?","$","R","B",null,"M","M","?","M","$","R","E","R","T","?","M","R","E","M","R","B",null,"M","?","?","$","?","R","E","?","T","?","R","$","E","?","R","B","B",null,"R","$","E","B",null],"character_chosen":"DEFECT","items_purchased":["Shuriken","Hologram","SpeedPotion","Loop","CaptainsWheel","Dark Shackles","DollysMirror","Potion Belt","FocusPotion","SkillPotion"],"campfire_rested":5,"item_purchase_floors":[14,14,14,38,38,38,46,46,54,54],"current_hp_per_floor":[78,78,84,84,85,61,61,61,61,67,33,33,30,45,70,65,80,85,80,80,76,85,85,57,57,57,58,49,49,33,34,59,32,72,78,85,60,75,75,75,70,70,70,70,70,70,70,70,70,70,70,70,70,70,70,70],"gold":33,"neow_bonus":"","is_daily":false,"chose_seed":false,"campfire_upgraded":4,"win_rate":0.0,"timestamp":1611204513,"path_taken":["M","M","M","?","M","E","R","E","T","M","E","M","?","$","R","BOSS","M","M","?","M","?","R","E","R","T","?","M","R","E","M","R","BOSS","M","?","?","$","?","R","E","?","T","?","R","$","E","?","R","BOSS","BOSS","R","$","E","BOSS"],"items_purchased_type":["Relic","Card","Potion","Card","Relic","Card","Relic","Relic","Potion","Potion"],"build_version":"2020-12-22","purchased_purges":2,"victory":true,"max_hp_per_floor":[85,85,85,85,85,85,85,85,85,85,85,85,85,85,85,85,85,85,85,85,85,85,85,85,85,85,85,85,85,85,85,85,85,85,85,85,85,85,85,85,85,85,85,85,85,85,85,81,81,81,81,81,81,81,81,81],"relic_stats":{"Nunchaku":[24],"Mark of the Bloom":121,"Busted Crown":12,"counters":[14,85],"Shuriken":[70],"Blue Candle":[7],"MealTicket":24,"Juzu Bracelet":2,"obtain_stats":[{"Potion Belt":46,"Mark of the Bloom":39,"Blue Candle":0,"Mango":0,"Thread and Needle":37,"The Courier":43,"Juzu Bracelet":26,"Odd Mushroom":0,"Akabeko":55,"Nuclear Battery":0,"Old Coin":24,"DataDisk":0,"Nunchaku":30,"CaptainsWheel":38,"Busted Crown":34,"Shuriken":0,"DollysMirror":46,"MutagenicStrength":0,"MealTicket":0,"Red Mask":27,"Cracked Core":0,"StrikeDummy":0,"FossilizedHelix":41,"InkBottle":47},{"Potion Belt":9,"Mark of the Bloom":8,"Blue Candle":0,"Mango":0,"Thread and Needle":8,"The Courier":9,"Juzu Bracelet":1,"Odd Mushroom":0,"Akabeko":13,"Nuclear Battery":0,"Old Coin":1,"DataDisk":0,"Nunchaku":4,"CaptainsWheel":8,"Busted Crown":6,"Shuriken":0,"DollysMirror":9,"MutagenicStrength":0,"MealTicket":0,"Red Mask":2,"Cracked Core":0,"StrikeDummy":0,"FossilizedHelix":9,"InkBottle":10},{"Potion Belt":52,"Mark of the Bloom":46,"Blue Candle":0,"Mango":0,"Thread and Needle":46,"The Courier":52,"Juzu Bracelet":5,"Odd Mushroom":0,"Akabeko":76,"Nuclear Battery":0,"Old Coin":5,"DataDisk":0,"Nunchaku":20,"CaptainsWheel":46,"Busted Crown":36,"Shuriken":0,"DollysMirror":52,"MutagenicStrength":0,"MealTicket":0,"Red Mask":9,"Cracked Core":0,"StrikeDummy":0,"FossilizedHelix":52,"InkBottle":55}],"InkBottle":[24]},"card_choices":[{"not_picked":["Hello World","Auto Shields"],"picked":"Gash","floor":0.0},{"not_picked":["Turbo","Compile Driver"],"picked":"Ball Lightning","floor":0.0},{"not_picked":["Sunder","Barrage"],"picked":"BootSequence","floor":0.0},{"not_picked":["Streamline","Hologram"],"picked":"Gash","floor":0.0},{"not_picked":["Chaos","Heatsinks"],"picked":"Auto Shields","floor":0.0},{"not_picked":["Stack","Leap"],"picked":"Rebound","floor":0.0},{"not_picked":["Rip and Tear","Streamline"],"picked":"Sweeping Beam","floor":0.0},{"not_picked":["Ball Lightning","Cold Snap"],"picked":"Conserve Battery","floor":0.0},{"not_picked":["Stack","Compile Driver"],"picked":"Streamline","floor":0.0},{"not_picked":["Steam Power","Redo"],"picked":"Hologram","floor":0.0},{"not_picked":["Cold Snap","Rebound"],"picked":"Coolheaded","floor":0.0},{"not_picked":["Sweeping Beam","Hologram"],"picked":"Loop","floor":0.0},{"not_picked":["Beam Cell","Rip and Tear"],"picked":"Coolheaded","floor":0.0},{"not_picked":["Rip and Tear","Stack"],"picked":"Sweeping Beam","floor":0.0},{"not_picked":["Aggregate","Ball Lightning"],"picked":"Steam","floor":0.0},{"not_picked":["Scrape","Steam"],"picked":"Self Repair","floor":1.0},{"not_picked":["Beam Cell","Hello World"],"picked":"Go for the Eyes","floor":2.0},{"not_picked":["Rip and Tear","Hologram"],"picked":"Reinforced Body","floor":3.0},{"not_picked":["Rip and Tear","Consume"],"picked":"Aggregate","floor":5.0},{"not_picked":["Streamline","Stack"],"picked":"Coolheaded","floor":6.0},{"not_picked":["Barrage","Chaos"],"picked":"Skim","floor":8.0},{"not_picked":["Skim","Sweeping Beam"],"picked":"Gash","floor":10.0},{"not_picked":["Go for the Eyes","Redo","Force Field"],"picked":"SKIP","floor":11.0},{"not_picked":["Stack","Darkness"],"picked":"Glacier","floor":12.0},{"not_picked":["Beam Cell","Stack"],"picked":"Capacitor","floor":13.0},{"not_picked":["Core Surge","Meteor Strike"],"picked":"Biased Cognition","floor":16.0},{"not_picked":["Leap","Doom and Gloom"],"picked":"Barrage","floor":18.0},{"not_picked":["Go for the Eyes","Stack"],"picked":"Defragment","floor":19.0},{"not_picked":["Melter","Compile Driver"],"picked":"Hologram","floor":21.0},{"not_picked":["Rebound","Doom and Gloom"],"picked":"All For One","floor":24.0},{"not_picked":["Cold Snap","Hologram"],"picked":"Gash","floor":27.0},{"not_picked":["Sweeping Beam","Cold Snap"],"picked":"Genetic Algorithm","floor":28.0},{"not_picked":["Conserve Battery","Sweeping Beam"],"picked":"Go for the Eyes","floor":30.0},{"not_picked":["Storm","Undo"],"picked":"Coolheaded","floor":31.0},{"not_picked":["Thunder Strike","Creative AI"],"picked":"Echo Form","floor":33.0},{"not_picked":["Sweeping Beam"],"picked":"SKIP","floor":35.0},{"not_picked":[],"picked":"Compile Driver+1","floor":37},{"not_picked":[],"picked":"Go for the Eyes+1","floor":41},{"not_picked":["Steam"],"picked":"SKIP","floor":47},{"not_picked":["Cold Snap"],"picked":"SKIP","floor":55}],"player_experience":1544687,"relics_obtained":[{"floor":6.0,"key":"StrikeDummy"},{"floor":8.0,"key":"MealTicket"},{"floor":11.0,"key":"DataDisk"},{"floor":13.0,"key":"Odd Mushroom"},{"floor":24.0,"key":"Old Coin"},{"floor":26.0,"key":"Juzu Bracelet"},{"floor":27.0,"key":"Red Mask"},{"floor":30.0,"key":"Nunchaku"},{"floor":37,"key":"Thread and Needle"},{"floor":41,"key":"FossilizedHelix"},{"floor":43,"key":"The Courier"},{"floor":47,"key":"InkBottle"},{"floor":55,"key":"Akabeko"}],"event_choices":[{"damage_healed":0.0,"max_hp_gain":0.0,"max_hp_loss":0.0,"gold_gain":0.0,"event_name":"Big Fish","player_choice":"Box","floor":4.0,"gold_loss":0.0,"damage_taken":0.0,"relics_obtained":["Blue Candle"],"cards_obtained":["Regret"]},{"damage_healed":0.0,"max_hp_gain":0.0,"max_hp_loss":0.0,"gold_gain":0.0,"event_name":"Mushrooms","player_choice":"Fought Mushrooms","floor":13.0,"gold_loss":0.0,"damage_taken":0.0},{"damage_healed":0.0,"max_hp_gain":0.0,"max_hp_loss":0.0,"gold_gain":0.0,"event_name":"Drug Dealer","player_choice":"Inject Mutagens","floor":20.0,"gold_loss":0.0,"damage_taken":0.0,"relics_obtained":["MutagenicStrength"]},{"damage_healed":0.0,"max_hp_gain":0.0,"max_hp_loss":0.0,"gold_gain":0.0,"event_name":"Masked Bandits","player_choice":"Fought Bandits","floor":27.0,"gold_loss":0.0,"damage_taken":0.0},{"cards_removed":["Auto Shields"],"damage_healed":7.0,"max_hp_gain":0.0,"max_hp_loss":0.0,"gold_gain":0.0,"event_name":"Bonfire Elementals","player_choice":"Offered Uncommon","floor":36.0,"gold_loss":0.0,"damage_taken":0.0},{"damage_healed":0,"gold_gain":0,"player_choice":"Fight","damage_taken":0,"max_hp_gain":0,"max_hp_loss":0,"event_name":"Mysterious Sphere","floor":37,"gold_loss":0},{"damage_healed":0,"gold_gain":0,"player_choice":"Upgrade","damage_taken":0,"relics_obtained":["Mark of the Bloom"],"max_hp_gain":0,"max_hp_loss":0,"event_name":"MindBloom","floor":39,"gold_loss":0,"cards_upgraded":["Gash","Ball Lightning","BootSequence","Gash","Rebound","Sweeping Beam","Conserve Battery","Streamline","Hologram","Coolheaded","Loop","Sweeping Beam","Steam","Self Repair","Go for the Eyes","Reinforced Body","Aggregate","Coolheaded","Skim","Gash","Glacier","Hologram","Barrage","Hologram","All For One","Gash","Genetic Algorithm","Go for the Eyes","Coolheaded","Echo Form","Loop","Dark Shackles"]},{"damage_healed":0,"gold_gain":0,"player_choice":"Memory 1","damage_taken":0,"max_hp_gain":0,"max_hp_loss":0,"event_name":"SensoryStone","floor":42,"gold_loss":0},{"damage_healed":0,"gold_gain":222,"player_choice":"Wore Mask","damage_taken":0,"max_hp_gain":0,"max_hp_loss":0,"event_name":"Tomb of Lord Red Mask","floor":44,"gold_loss":0},{"damage_healed":0,"gold_gain":0,"player_choice":"Max HP","damage_taken":0,"max_hp_gain":0,"max_hp_loss":4,"event_name":"Winding Halls","floor":48,"gold_loss":0}],"is_beta":false,"boss_relics":[{"not_picked":["FrozenCore","SacredBark"],"picked":"Nuclear Battery"},{"not_picked":["Fusion Hammer","Philosopher\u0027s Stone"],"picked":"Busted Crown"}],"items_purged_floors":[38,46],"is_endless":false,"potions_floor_spawned":[1,6,10,11,13,19,24,27,31,33,35,37,55],"ascension_level":20}}