{"host":"tem91ad8xsows22z","time":1611206548,"event":{"mods":["100% Spire Juice","ATMod(∞¢Ë™Mod)","AchievementEnabler","Arknights The Spire","BaseMod","BetterRewards","Dota2Spire","Downfall","Good Game Mod","Hermit","Hunter ¡‘»À","KomeijiMod","Marisa£®ÏF”Í°°ƒß¿Ì…≥£©","Minty Spire (QoL Compilation)","READ ME - Guardian Mod","SIMod","Spicy Shops","StSLib","SuperFastMode","The Administrix","The Animator","The Blackbeard","The Bladedancer","The Bug Knight","The Construct","The Cursed","The Hierophant","The Necromancer","The Poker Player","The Runesmith","The Servant 0.9.4"],"gold_per_floor":[114,114,39,51,61,61,95,95,120,43,68,68,68,68],"floor_reached":13,"language":"ZHS","playtime":467,"items_purged":["Defend_R"],"score":91,"play_id":"e370e502-78d5-443e-81ed-5bef9a092459","local_time":"20210121132228","is_ascension_mode":false,"campfire_choices":[{"data":"sneckomod:UnknownClassSLIMEBOUND","floor":6,"key":"SMITH"},{"data":"Perfected Strike","floor":8,"key":"SMITH"}],"circlet_count":0,"master_deck":["Strike_R","Strike_R","Strike_R","Strike_R","Strike_R","Defend_R","Bash","Havoc","Burning Pact","sneckomod:UnknownClassSLIMEBOUND+1","AT_TearsDenial","Pommel Strike","Perfected Strike+1","Pommel Strike","Pommel Strike","Impervious"],"relics":["Burning Blood","AT_ATBox","REME:ComplimentaryCards","Dota2Spire:ArmletOfMordiggian","AT_RedTearstoneRing","Sling","MealTicket"],"acts_visited":["Exordium"],"potions_floor_usage":[1],"damage_taken":[{"damage":17,"enemies":"Small Slimes","floor":1,"turns":3},{"damage":13,"enemies":"2 Louse","floor":4,"turns":3},{"damage":6,"enemies":"Cultist","floor":5,"turns":3},{"damage":30,"enemies":"Gremlin Nob","floor":7,"turns":4},{"damage":37,"enemies":"Lagavulin","floor":11,"turns":4},{"damage":20,"enemies":"Gremlin Nob","floor":13,"turns":2}],"seed_played":"-5580912985213779269","potions_obtained":[{"floor":1,"key":"EntropicBrew"}],"is_trial":false,"path_per_floor":["M","?","$","M","M","R","E","R","T","$","E","?","E"],"character_chosen":"IRONCLAD","items_purchased":["Sling"],"campfire_rested":0,"item_purchase_floors":[10],"current_hp_per_floor":[61,72,72,65,65,65,41,41,41,41,10,10,0,0],"gold":68,"neow_bonus":"TRANSFORM_TWO_CARDS","is_daily":false,"chose_seed":false,"campfire_upgraded":2,"win_rate":0.0,"timestamp":1611206548,"path_taken":["M","?","$","M","M","R","E","R","T","$","E","?","E"],"items_purchased_type":["Relic"],"build_version":"2020-12-22","purchased_purges":1,"victory":false,"max_hp_per_floor":[72,72,72,72,72,72,72,72,72,72,72,72,72,72],"card_choices":[{"not_picked":["Hemokinesis","Iron Wave"],"picked":"Pommel Strike","floor":1},{"not_picked":["Heavy Blade","AT_CaressingTears"],"picked":"Perfected Strike","floor":4},{"not_picked":["AT_IchimonjiDouble","Warcry"],"picked":"Pommel Strike","floor":5},{"not_picked":["Spot Weakness","Power Through"],"picked":"Pommel Strike","floor":7},{"not_picked":["Armaments","Warcry"],"picked":"Impervious","floor":11}],"player_experience":7176,"relics_obtained":[{"floor":7,"key":"Dota2Spire:ArmletOfMordiggian"},{"floor":9,"key":"AT_RedTearstoneRing"},{"floor":11,"key":"MealTicket"}],"event_choices":[],"is_beta":false,"boss_relics":[],"items_purged_floors":[3],"is_endless":false,"potions_floor_spawned":[1,4],"killed_by":"Gremlin Nob","ascension_level":0}}