{"host":"w11d5xug8ost5klq","time":1611193485,"event":{"mods":["2.2 Compatiblity","BaseMod","Better Third Choice","Emptier Cage","Highlight Path","Minty Spire (QoL Compilation)","Prisma Mod","Quick Restart","Spicy Shops","StSLib"],"gold_per_floor":[117,136,13,188,188,220,220,233,302,302,49,68,85,98,98,203,203,216,226,226,141,155,155,155,155,155,190,240,240,77,121,121,220,220,237,248,258,358,408,469,69,69,69,123,123,157,5,45,45,45],"floor_reached":51,"language":"ENG","playtime":3852,"items_purged":["PrismaMod:IllyaUncommonAttack","Doubt"],"score":788,"play_id":"02d10797-200b-451b-9791-bd31fcfac420","local_time":"20210120194445","is_ascension_mode":true,"campfire_choices":[{"data":"PrismaMod:IllyaUncommonDefend","floor":7,"key":"SMITH"},{"data":"PrismaMod:IllyaUncommonDefend","floor":10,"key":"SMITH"},{"data":"PrismaMod:IllyaSaphire","floor":15,"key":"SMITH"},{"data":"PrismaMod:IllyaFriendMaker","floor":23,"key":"SMITH"},{"data":"PrismaMod:IllyaCarnivalPrismaAstolfo","floor":25,"key":"SMITH"},{"data":"PrismaMod:IllyaSaphire","floor":32,"key":"SMITH"},{"floor":42,"key":"REST"},{"data":"PrismaMod:IllyaCarnivalAttack","floor":45,"key":"SMITH"},{"floor":49,"key":"REST"}],"circlet_count":0,"master_deck":["PrismaMod:IllyaCommonAttack","PrismaMod:IllyaCommonDefend","PrismaMod:IllyaCommonAttack","PrismaMod:IllyaCommonDefend","PrismaMod:IllyaCommonAttack+1","PrismaMod:IllyaCommonDefend","PrismaMod:IllyaCommonAttack","PrismaMod:IllyaCommonDefend","PrismaMod:IllyaCommonAttack+1","PrismaMod:IllyaUncommonDefend+1","PrismaMod:IllyaUncommonDefend+1","PrismaMod:IllyaFriendMaker+1","PrismaMod:IllyaInstallCaster","PrismaMod:IllyaSaphire+1","PrismaMod:IllyaCarnivalPrismaAstolfo+1","PrismaMod:IllyaSaphire+1","PrismaMod:IllyaCarnivalAttack+1","PrismaMod:IllyaBoysLove+1"],"relics":["PrismaMod:PrismaRuby","Blood Vial","Anchor","Mummified Hand","Kunai","Meat on the Bone","Medical Kit","Busted Crown","Tiny Chest","Mercury Hourglass","Bottled Tornado","Whetstone","MawBank","Bottled Lightning","SacredBark","Happy Flower","Toxic Egg 2","Regal Pillow","White Beast Statue","Centennial Puzzle","Vajra","Strange Spoon"],"acts_visited":["Exordium","TheCity","TheBeyond"],"potions_floor_usage":[16,39],"damage_taken":[{"damage":0,"enemies":"Jaw Worm","floor":1,"turns":5},{"damage":0,"enemies":"2 Louse","floor":2,"turns":4},{"damage":7,"enemies":"3 Sentries","floor":6,"turns":16},{"damage":0,"enemies":"Small Slimes","floor":8,"turns":6},{"damage":0,"enemies":"2 Fungi Beasts","floor":12,"turns":4},{"damage":2,"enemies":"Lots of Slimes","floor":13,"turns":6},{"damage":3,"enemies":"Gremlin Gang","floor":14,"turns":6},{"damage":18,"enemies":"The Guardian","floor":16,"turns":11},{"damage":0,"enemies":"Shell Parasite","floor":18,"turns":8},{"damage":12,"enemies":"Spheric Guardian","floor":19,"turns":5},{"damage":1,"enemies":"3 Cultists","floor":22,"turns":8},{"damage":10,"enemies":"Slavers","floor":27,"turns":8},{"damage":6,"enemies":"Snecko","floor":28,"turns":4},{"damage":4,"enemies":"Cultist and Chosen","floor":31,"turns":6},{"damage":0,"enemies":"Collector","floor":33,"turns":10},{"damage":2,"enemies":"3 Shapes","floor":35,"turns":6},{"damage":5,"enemies":"Orb Walker","floor":36,"turns":4},{"damage":0,"enemies":"Writhing Mass","floor":37,"turns":6},{"damage":35,"enemies":"Jaw Worm Horde","floor":39,"turns":5},{"damage":26,"enemies":"Giant Head","floor":40,"turns":11},{"damage":78,"enemies":"Reptomancer","floor":46,"turns":6},{"damage":0,"enemies":"3 Darklings","floor":48,"turns":5},{"damage":2,"enemies":"Time Eater","floor":50,"turns":11}],"seed_played":"1294757127075043059","potions_obtained":[{"floor":1,"key":"Regen Potion"},{"floor":6,"key":"PowerPotion"},{"floor":12,"key":"LiquidMemories"},{"floor":16,"key":"LiquidBronze"},{"floor":19,"key":"Regen Potion"},{"floor":35,"key":"DuplicationPotion"},{"floor":39,"key":"Block Potion"},{"floor":46,"key":"Fire Potion"}],"is_trial":false,"path_per_floor":["M","M","$","?","?","E","R","M","T","R","$","M","M","M","R","B",null,"M","M","?","?","M","R","?","R","T","E","M","T","$","M","R","B",null,"M","M","M","?","M","E","$","R","T","T","R","E","$","M","R","B",null],"character_chosen":"ILLYA","items_purchased":["PrismaMod:IllyaFriendMaker","Medical Kit","Bottled Lightning","PrismaMod:IllyaSaphire","Toxic Egg 2","Regal Pillow","Strange Spoon"],"campfire_rested":2,"item_purchase_floors":[3,11,30,30,41,41,47],"current_hp_per_floor":[75,75,75,75,59,54,54,56,56,56,56,58,58,57,57,56,75,75,65,65,65,68,68,68,68,68,63,59,59,59,57,57,59,77,78,75,80,80,66,42,42,81,81,81,81,17,17,31,70,70],"gold":45,"neow_bonus":"RANDOM_COMMON_RELIC","is_daily":false,"chose_seed":false,"campfire_upgraded":7,"win_rate":0.0,"timestamp":1611193485,"path_taken":["M","M","$","?","?","E","R","M","T","R","$","?","M","M","R","BOSS","M","M","?","?","M","R","?","R","T","E","?","?","?","M","R","BOSS","M","M","M","?","?","E","$","R","T","?","R","E","$","M","R","BOSS"],"items_purchased_type":["Card","Relic","Relic","Card","Relic","Relic","Relic"],"build_version":"2020-12-22","purchased_purges":2,"victory":true,"max_hp_per_floor":[75,75,75,75,75,75,75,75,75,75,75,75,75,75,75,75,75,75,77,77,77,77,77,77,77,77,77,77,77,77,77,77,77,77,80,80,83,83,83,83,83,83,83,83,83,83,83,83,83,83],"card_choices":[{"not_picked":["PrismaMod:IllyaStunPoison","PrismaMod:IllyaCheapChannelDefend"],"picked":"PrismaMod:IllyaUncommonDefend","floor":1},{"not_picked":["PrismaMod:IllyaRubysPotion","PrismaMod:IllyaEvokeAll","PrismaMod:IllyaBerserCAR"],"picked":"SKIP","floor":2},{"not_picked":["PrismaMod:IllyaFriendMaker","PrismaMod:IllyaAOECommonAttack","PrismaMod:IllyaGrailKun"],"picked":"SKIP","floor":6},{"not_picked":["PrismaMod:IllyaBlindPoisonToss","PrismaMod:IllyaStunPoison"],"picked":"PrismaMod:IllyaInstallCaster","floor":8},{"not_picked":["PrismaMod:IllyaPartialInstallAssassin","PrismaMod:IllyaBlindPoisonToss","PrismaMod:IllyaUpgradeOrbs"],"picked":"SKIP","floor":12},{"not_picked":["PrismaMod:IllyaBerserCAR","PrismaMod:IllyaPoisonTippedWeapons","PrismaMod:IllyaRussianRoulette"],"picked":"SKIP","floor":13},{"not_picked":["PrismaMod:IllyaCheapAttack","PrismaMod:IllyaAlice"],"picked":"PrismaMod:IllyaSaphire","floor":14},{"not_picked":["PrismaMod:IllyaCarnivalOrbs","PrismaMod:IllyaInstallRider"],"picked":"PrismaMod:IllyaCarnivalPrismaAstolfo","floor":16},{"not_picked":["PrismaMod:IllyaCheapChannelPoison"],"picked":"SKIP","floor":18},{"not_picked":["PrismaMod:IllyaEvokeAll"],"picked":"SKIP","floor":19},{"not_picked":["PrismaMod:IllyaAlice"],"picked":"SKIP","floor":22},{"not_picked":["PrismaMod:IllyaCheapDefend"],"picked":"SKIP","floor":27},{"not_picked":["PrismaMod:IllyaMinorRapidFire"],"picked":"SKIP","floor":28},{"not_picked":["PrismaMod:IllyaRussianRoulette+1"],"picked":"SKIP","floor":31},{"not_picked":[],"picked":"PrismaMod:IllyaCarnivalAttack","floor":33},{"not_picked":["PrismaMod:IllyaBride+1"],"picked":"SKIP","floor":35},{"not_picked":["PrismaMod:IllyaMinorRapidFire+1"],"picked":"SKIP","floor":36},{"not_picked":["PrismaMod:IllyaDevil"],"picked":"SKIP","floor":37},{"not_picked":["PrismaMod:IllyaCheapChannelPoison"],"picked":"SKIP","floor":39},{"not_picked":[],"picked":"PrismaMod:IllyaBoysLove+1","floor":40},{"not_picked":["PrismaMod:IllyaCarnivalDefend+1"],"picked":"SKIP","floor":46},{"not_picked":["PrismaMod:IllyaCheapAttack"],"picked":"SKIP","floor":48}],"player_experience":128733,"relics_obtained":[{"floor":6,"key":"Kunai"},{"floor":9,"key":"Meat on the Bone"},{"floor":26,"key":"Bottled Tornado"},{"floor":27,"key":"Whetstone"},{"floor":29,"key":"MawBank"},{"floor":40,"key":"Happy Flower"},{"floor":43,"key":"White Beast Statue"},{"floor":44,"key":"Centennial Puzzle"},{"floor":46,"key":"Vajra"}],"event_choices":[{"damage_healed":0,"gold_gain":175,"player_choice":"AGREE","damage_taken":13,"max_hp_gain":0,"max_hp_loss":0,"event_name":"betterThird:BetterSerpent","floor":4,"gold_loss":0},{"damage_healed":0,"gold_gain":1,"player_choice":"Relic Relic ","damage_taken":16,"max_hp_gain":0,"max_hp_loss":0,"event_name":"betterThird:BetterScrap","floor":5,"gold_loss":0,"cards_obtained":["Evolve"]},{"damage_healed":0,"gold_gain":0,"player_choice":"Opened","damage_taken":0,"relics_obtained":["Tiny Chest"],"max_hp_gain":0,"max_hp_loss":0,"event_name":"The Mausoleum","floor":20,"gold_loss":0},{"damage_healed":0,"gold_gain":0,"player_choice":"Obtained Relic","damage_taken":0,"relics_obtained":["Mercury Hourglass"],"max_hp_gain":0,"max_hp_loss":0,"event_name":"Addict","floor":21,"gold_loss":85},{"cards_removed":["PrismaMod:IllyaCommonDefend"],"damage_healed":0,"gold_gain":0,"player_choice":"Purged","damage_taken":0,"max_hp_gain":0,"max_hp_loss":0,"event_name":"Purifier","floor":24,"gold_loss":0},{"damage_healed":0,"gold_gain":100,"player_choice":"Pray","damage_taken":0,"max_hp_gain":0,"max_hp_loss":0,"event_name":"Golden Shrine","floor":38,"gold_loss":0}],"is_beta":false,"boss_relics":[{"not_picked":["Sozu","Velvet Choker"],"picked":"Busted Crown"},{"not_picked":["SlaversCollar","Cursed Key"],"picked":"SacredBark"}],"items_purged_floors":[3,11],"is_endless":false,"potions_floor_spawned":[1,6,12,16,19,27,28,35,39,40,46,48],"ascension_level":1}}