{"host":"Meta","time":1611242666,"event":{"mods":["BaseMod","Infinite Spire","Minty Spire (QoL Compilation)","StSLib","SuperFastMode"],"gold_per_floor":[109,121,71,84,9,44,44,73,120,133,146,174,174,174,174,273,273,291,291,302,302,302,302,302],"floor_reached":23,"language":"ENG","playtime":645,"items_purged":["Defend_P","Strike_P"],"score":246,"play_id":"fc82169a-ba79-484e-9966-7afd30072802","local_time":"20210121162426","is_ascension_mode":true,"campfire_choices":[{"data":"Eruption","floor":7,"key":"SMITH"},{"floor":13,"key":"REST"},{"floor":15,"key":"REST"}],"circlet_count":0,"master_deck":["Strike_P","Strike_P","Strike_P","Eruption+1","Vigilance+1","BowlingBash+1","FollowUp+1","Consecrate","Evaluate+1","Consecrate","FlurryOfBlows","Consecrate","LessonLearned","DevaForm","FlurryOfBlows+1","Prostrate+1"],"relics":["Empty Cage","infinitespire:FocusingShard","War Paint","infinitespire:Satchel","Boot","Eternal Feather","Black Star","Pocketwatch","Matryoshka"],"acts_visited":["Exordium","TheCity"],"potions_floor_usage":[6,16],"damage_taken":[{"damage":0,"enemies":"Small Slimes","floor":1,"turns":3},{"damage":0,"enemies":"Cultist","floor":2,"turns":2},{"damage":5,"enemies":"infinitespire:Voidling","floor":4,"turns":2},{"damage":0,"enemies":"3 Sentries","floor":6,"turns":2},{"damage":36,"enemies":"Lagavulin","floor":8,"turns":6},{"damage":0,"enemies":"2 Fungi Beasts","floor":10,"turns":2},{"damage":0,"enemies":"Exordium Thugs","floor":11,"turns":2},{"damage":14,"enemies":"Gremlin Nob","floor":12,"turns":3},{"damage":40,"enemies":"Hexaghost","floor":16,"turns":6},{"damage":20,"enemies":"2 Thieves","floor":18,"turns":2},{"damage":0,"enemies":"3 Byrds","floor":20,"turns":4},{"damage":56,"enemies":"Book of Stabbing","floor":23,"turns":2}],"seed_played":"-549492451230489749","potions_obtained":[{"floor":1,"key":"AttackPotion"},{"floor":6,"key":"Ambrosia"},{"floor":11,"key":"SmokeBomb"},{"floor":20,"key":"LiquidBronze"}],"is_trial":false,"path_per_floor":["M","M","?","M","$","E","R","E","T","M","M","E","R","T","R","B",null,"M","?","M","T","AVR","E"],"character_chosen":"WATCHER","items_purchased":[],"campfire_rested":2,"item_purchase_floors":[],"current_hp_per_floor":[72,72,72,67,67,67,67,31,31,31,31,17,38,38,65,25,72,52,52,52,52,52,0,0],"gold":302,"neow_bonus":"BOSS_RELIC","is_daily":false,"chose_seed":false,"campfire_upgraded":1,"win_rate":0.0,"timestamp":1611242666,"path_taken":["M","M","?","M","$","E","R","E","T","M","M","E","R","?","R","BOSS","M","?","?","?","AVR","E"],"items_purchased_type":[],"build_version":"2020-12-18","purchased_purges":2,"victory":false,"max_hp_per_floor":[72,72,72,72,72,72,72,72,72,72,72,72,72,72,72,72,72,72,72,72,72,72,72,72],"card_choices":[{"not_picked":["Evaluate","CrushJoints"],"picked":"BowlingBash","floor":1},{"not_picked":["ClearTheMind","CrushJoints"],"picked":"FollowUp","floor":2},{"not_picked":["EmptyBody","Halt"],"picked":"Consecrate","floor":4},{"not_picked":["PathToVictory","Protect"],"picked":"Evaluate","floor":6},{"not_picked":["Weave","Meditate"],"picked":"Consecrate","floor":8},{"not_picked":["Halt","SignatureMove"],"picked":"FlurryOfBlows","floor":10},{"not_picked":["ClearTheMind","FlyingSleeves"],"picked":"Consecrate","floor":11},{"not_picked":["JustLucky","SashWhip"],"picked":"LessonLearned","floor":12},{"not_picked":["LessonLearned","Blasphemy"],"picked":"DevaForm","floor":16},{"not_picked":["FollowUp","Study+1"],"picked":"FlurryOfBlows+1","floor":18},{"not_picked":["ThirdEye","PathToVictory"],"picked":"Prostrate+1","floor":20}],"player_experience":90595,"relics_obtained":[{"floor":6,"key":"infinitespire:FocusingShard"},{"floor":8,"key":"War Paint"},{"floor":9,"key":"infinitespire:Satchel"},{"floor":12,"key":"Boot"},{"floor":14,"key":"Eternal Feather"},{"floor":21,"key":"Pocketwatch"}],"event_choices":[{"cards_removed":["Defend_P"],"damage_healed":0,"gold_gain":0,"player_choice":"Card Removal","damage_taken":0,"max_hp_gain":0,"max_hp_loss":0,"event_name":"The Cleric","floor":3,"gold_loss":50},{"damage_healed":0,"gold_gain":0,"player_choice":"0 cards matched","damage_taken":0,"max_hp_gain":0,"max_hp_loss":0,"event_name":"Match and Keep!","floor":19,"gold_loss":0,"cards_obtained":[]}],"is_beta":true,"boss_relics":[{"not_picked":["Fusion Hammer","SacredBark"],"picked":"Black Star"}],"items_purged_floors":[5,22],"is_endless":false,"potions_floor_spawned":[1,6,11,20],"killed_by":"Book of Stabbing","ascension_level":1}}