{"host":"johnydays","time":1611242615,"event":{"mods":["BaseMod","Bestiary","Block Reminder","Colored Map","Colored Powertips","DeckTracker","Highlight Path","Minty Spire (QoL Compilation)","Relic Stats","Slay-I","StSLib","SuperFastMode"],"gold_per_floor":[112,112,122,122,139,169,169,202,251,281,7,22,50,125,125,202,202,142,142,142,34,0,0,0,0,0,0,0,0,0,0,0,0,0,0,0,0,0,0,0,0,0,0,0,0,0,0,0,0,0],"floor_reached":51,"language":"ENG","playtime":2900,"items_purged":[],"score":1561,"play_id":"990e7e86-1cf8-48e1-afa0-52092a0e74f4","local_time":"20210121152335","is_ascension_mode":true,"campfire_choices":[{"data":"Uppercut","floor":7,"key":"SMITH"},{"data":"Body Slam","floor":15,"key":"SMITH"},{"data":"Dark Embrace","floor":23,"key":"SMITH"},{"data":"Corruption","floor":25,"key":"SMITH"},{"data":"Shockwave","floor":28,"key":"SMITH"},{"data":"Flame Barrier","floor":30,"key":"SMITH"},{"data":"Shrug It Off","floor":32,"key":"SMITH"},{"data":"Strike_R+1","floor":49,"key":"PURGE"}],"circlet_count":0,"master_deck":["AscendersBane","Strike_R+1","Strike_R+1","Strike_R+1","Strike_R+1","Defend_R+1","Defend_R+1","Defend_R+1","Defend_R+1","Bash+1","Pommel Strike+1","Flame Barrier+1","Combust","Uppercut+1","Dropkick","Corruption+1","Body Slam+1","Seeing Red","Feed","True Grit","Dark Embrace+1","Power Through","Shockwave+1","Flame Barrier","Shrug It Off+1","Reaper","True Grit+1","Barricade","Body Slam+1","Metallicize","Dark Embrace","Body Slam+1"],"relics":["Burning Blood","Mummified Hand","PreservedInsect","Red Skull","Peace Pipe","Medical Kit","Du-Vu Doll","Ectoplasm","Potion Belt","Bag of Marbles","The Courier","StoneCalendar","Cursed Key","Regal Pillow","Juzu Bracelet","Akabeko","Pear"],"acts_visited":["Exordium","TheCity","TheBeyond"],"potions_floor_usage":[10,13,33,33,40,44,50,50,50],"damage_taken":[{"damage":2,"enemies":"2 Louse","floor":1,"turns":5},{"damage":3,"enemies":"Jaw Worm","floor":3,"turns":4},{"damage":1,"enemies":"Cultist","floor":5,"turns":3},{"damage":31,"enemies":"3 Sentries","floor":6,"turns":8},{"damage":21,"enemies":"Lagavulin","floor":8,"turns":6},{"damage":8,"enemies":"3 Sentries","floor":10,"turns":5},{"damage":17,"enemies":"Blue Slaver","floor":12,"turns":3},{"damage":9,"enemies":"Gremlin Nob","floor":13,"turns":3},{"damage":11,"enemies":"Hexaghost","floor":16,"turns":7},{"damage":35,"enemies":"2 Thieves","floor":18,"turns":4},{"damage":20,"enemies":"Book of Stabbing","floor":24,"turns":4},{"damage":4,"enemies":"Spheric Guardian","floor":27,"turns":3},{"damage":8,"enemies":"Slavers","floor":29,"turns":3},{"damage":8,"enemies":"Book of Stabbing","floor":31,"turns":3},{"damage":23,"enemies":"Automaton","floor":33,"turns":7},{"damage":6,"enemies":"3 Shapes","floor":35,"turns":5},{"damage":12,"enemies":"Orb Walker","floor":36,"turns":3},{"damage":0,"enemies":"Jaw Worm Horde","floor":37,"turns":3},{"damage":35,"enemies":"3 Darklings","floor":38,"turns":7},{"damage":4,"enemies":"Maw","floor":39,"turns":7},{"damage":19,"enemies":"Nemesis","floor":40,"turns":5},{"damage":5,"enemies":"4 Shapes","floor":41,"turns":6},{"damage":6,"enemies":"Giant Head","floor":42,"turns":5},{"damage":33,"enemies":"Reptomancer","floor":44,"turns":5},{"damage":13,"enemies":"Nemesis","floor":48,"turns":6},{"damage":23,"enemies":"Donu and Deca","floor":50,"turns":3}],"seed_played":"-8292929709887638187","potions_obtained":[{"floor":6,"key":"Fire Potion"},{"floor":12,"key":"AttackPotion"},{"floor":27,"key":"SteroidPotion"},{"floor":29,"key":"Block Potion"},{"floor":31,"key":"Ancient Potion"},{"floor":33,"key":"Energy Potion"},{"floor":38,"key":"Strength Potion"},{"floor":39,"key":"DistilledChaos"},{"floor":42,"key":"ColorlessPotion"},{"floor":44,"key":"LiquidBronze"},{"floor":48,"key":"Dexterity Potion"}],"is_trial":false,"path_per_floor":["M","?","M","?","M","E","R","E","T","E","$","M","E","?","R","B",null,"M","?","?","$","?","R","E","R","T","M","R","E","R","E","R","B",null,"M","M","M","M","M","E","M","E","T","E","$","?","?","E","R","B",null],"character_chosen":"IRONCLAD","items_purchased":["Medical Kit","Corruption","Body Slam","Dark Embrace","Power Through"],"campfire_rested":0,"item_purchase_floors":[11,11,11,21,21],"current_hp_per_floor":[79,79,82,82,82,57,57,42,42,40,40,29,26,15,15,10,64,38,38,38,38,38,38,24,24,24,26,26,30,30,31,31,14,74,77,78,90,73,85,82,86,90,90,86,86,125,119,132,132,116],"gold":0,"neow_bonus":"TEN_PERCENT_HP_BONUS","is_daily":false,"chose_seed":false,"campfire_upgraded":7,"win_rate":0.0,"timestamp":1611242615,"path_taken":["M","?","M","?","M","E","R","E","T","E","$","?","E","?","R","BOSS","M","?","?","$","?","R","E","R","T","?","R","E","R","E","R","BOSS","M","M","?","M","M","E","M","E","T","E","$","?","?","E","R","BOSS"],"items_purchased_type":["Relic","Card","Card","Card","Card"],"build_version":"2020-12-18","purchased_purges":0,"victory":true,"max_hp_per_floor":[82,82,82,82,82,82,82,82,82,82,82,82,82,82,82,82,82,85,85,85,85,85,85,85,85,85,85,85,91,91,94,94,94,94,97,97,103,103,106,109,112,112,112,115,115,125,119,132,132,132],"relic_stats":{"Peace Pipe":2,"Regal Pillow":0,"counters":[26,123],"Mummified Hand":[62],"StoneCalendar":[0],"PreservedInsect":473,"Ectoplasm":486,"Juzu Bracelet":1,"Medical Kit":[37],"Cursed Key":0,"obtain_stats":[{"Potion Belt":24,"Regal Pillow":40,"Pear":48,"StoneCalendar":31,"PreservedInsect":8,"The Courier":29,"Juzu Bracelet":42,"Medical Kit":11,"Cursed Key":34,"Burning Blood":0,"Akabeko":44,"Peace Pipe":10,"Du-Vu Doll":13,"Mummified Hand":6,"Ectoplasm":17,"Bag of Marbles":26,"Red Skull":9},{"Potion Belt":11,"Regal Pillow":21,"Pear":25,"StoneCalendar":14,"PreservedInsect":5,"The Courier":13,"Juzu Bracelet":23,"Medical Kit":6,"Cursed Key":15,"Burning Blood":0,"Akabeko":24,"Peace Pipe":6,"Du-Vu Doll":8,"Mummified Hand":4,"Ectoplasm":9,"Bag of Marbles":11,"Red Skull":5},{"Potion Belt":52,"Regal Pillow":98,"Pear":120,"StoneCalendar":61,"PreservedInsect":26,"The Courier":58,"Juzu Bracelet":109,"Medical Kit":31,"Cursed Key":68,"Burning Blood":0,"Akabeko":114,"Peace Pipe":31,"Du-Vu Doll":37,"Mummified Hand":20,"Ectoplasm":44,"Bag of Marbles":52,"Red Skull":26}],"Burning Blood":151},"card_choices":[{"not_picked":["Warcry","Body Slam"],"picked":"Pommel Strike","floor":1},{"not_picked":["Heavy Blade","Iron Wave"],"picked":"Flame Barrier","floor":3},{"not_picked":["Entrench","Ghostly Armor"],"picked":"Combust","floor":5},{"not_picked":["Headbutt","True Grit"],"picked":"Uppercut","floor":6},{"not_picked":["Clothesline","Shockwave"],"picked":"Feed","floor":8},{"not_picked":["Cleave","Pommel Strike"],"picked":"Dropkick","floor":10},{"not_picked":["Iron Wave","Clothesline"],"picked":"Seeing Red","floor":12},{"not_picked":["Sword Boomerang","Second Wind","Flex"],"picked":"SKIP","floor":13},{"not_picked":["Demon Form","Corruption"],"picked":"Feed","floor":16},{"not_picked":["Sword Boomerang","Blood for Blood+1"],"picked":"True Grit","floor":18},{"not_picked":["Hemokinesis","Sever Soul"],"picked":"Shockwave","floor":24},{"not_picked":["Iron Wave+1","Flex","Heavy Blade"],"picked":"SKIP","floor":27},{"not_picked":["Reckless Charge","Corruption"],"picked":"Flame Barrier","floor":29},{"not_picked":["Pommel Strike","Cleave"],"picked":"Shrug It Off","floor":31},{"not_picked":["Exhume","Corruption"],"picked":"Reaper","floor":33},{"not_picked":["Sword Boomerang","Spot Weakness","Clash"],"picked":"SKIP","floor":35},{"not_picked":["Clothesline","Shrug It Off"],"picked":"True Grit+1","floor":36},{"not_picked":["Sever Soul","Dropkick"],"picked":"Barricade","floor":37},{"not_picked":["Infernal Blade","Havoc"],"picked":"Body Slam+1","floor":38},{"not_picked":["Hemokinesis+1","Inflame","Body Slam"],"picked":"SKIP","floor":39},{"not_picked":["Searing Blow+1","Headbutt","Evolve"],"picked":"SKIP","floor":40},{"not_picked":["Anger","Iron Wave"],"picked":"Metallicize","floor":41},{"not_picked":["Berserk","Warcry","Havoc"],"picked":"SKIP","floor":42},{"not_picked":["Searing Blow+1","Body Slam"],"picked":"Dark Embrace","floor":44},{"not_picked":["Limit Break","Carnage"],"picked":"Body Slam+1","floor":48}],"player_experience":458405,"relics_obtained":[{"floor":6,"key":"Mummified Hand"},{"floor":8,"key":"PreservedInsect"},{"floor":9,"key":"Red Skull"},{"floor":10,"key":"Peace Pipe"},{"floor":13,"key":"Du-Vu Doll"},{"floor":24,"key":"Potion Belt"},{"floor":26,"key":"Bag of Marbles"},{"floor":29,"key":"The Courier"},{"floor":31,"key":"StoneCalendar"},{"floor":40,"key":"Regal Pillow"},{"floor":42,"key":"Juzu Bracelet"},{"floor":44,"key":"Akabeko"},{"floor":48,"key":"Pear"}],"event_choices":[{"damage_healed":0,"gold_gain":0,"player_choice":"Grow","damage_taken":0,"max_hp_gain":0,"max_hp_loss":0,"event_name":"Living Wall","floor":2,"gold_loss":0,"cards_upgraded":["Pommel Strike"]},{"damage_healed":0,"gold_gain":0,"player_choice":"Forge","damage_taken":0,"max_hp_gain":0,"max_hp_loss":0,"event_name":"Accursed Blacksmith","floor":4,"gold_loss":0,"cards_upgraded":["Bash"]},{"damage_healed":0,"gold_gain":75,"player_choice":"Gather Gold","damage_taken":11,"max_hp_gain":0,"max_hp_loss":0,"event_name":"World of Goop","floor":14,"gold_loss":0},{"damage_healed":0,"gold_gain":0,"player_choice":"Ignored","damage_taken":0,"max_hp_gain":0,"max_hp_loss":0,"event_name":"The Mausoleum","floor":19,"gold_loss":0},{"damage_healed":0,"gold_gain":0,"player_choice":"Simplicity","damage_taken":0,"max_hp_gain":0,"max_hp_loss":0,"event_name":"Back to Basics","floor":20,"gold_loss":0,"cards_upgraded":["Strike_R","Strike_R","Strike_R","Strike_R","Strike_R","Defend_R","Defend_R","Defend_R","Defend_R"]},{"damage_healed":0,"gold_gain":0,"player_choice":"Paid Fearfully","damage_taken":0,"max_hp_gain":0,"max_hp_loss":0,"event_name":"Masked Bandits","floor":22,"gold_loss":34},{"cards_removed":["Feed"],"damage_healed":29,"gold_gain":0,"player_choice":"Offered Rare","damage_taken":0,"max_hp_gain":10,"max_hp_loss":0,"event_name":"Bonfire Elementals","floor":46,"gold_loss":0},{"damage_healed":0,"gold_gain":0,"player_choice":"Max HP","damage_taken":0,"max_hp_gain":0,"max_hp_loss":6,"event_name":"Winding Halls","floor":47,"gold_loss":0}],"is_beta":true,"boss_relics":[{"not_picked":["Runic Cube","Empty Cage"],"picked":"Ectoplasm"},{"not_picked":["Astrolabe","Pandora\u0027s Box"],"picked":"Cursed Key"}],"items_purged_floors":[],"is_endless":false,"potions_floor_spawned":[6,12,27,29,31,33,38,39,42,44,48],"ascension_level":15}}