{"host":"y56d1fjpgcjsodvy","time":1611230507,"event":{"mods":["Arknights The Spire","BaseMod","Colored Powertips","GifTheSpireLib","Highlight Path","Minty Spire (QoL Compilation)","StSLib","SuperFastMode","everything is the same but u backflip on backflip"],"gold_per_floor":[52,52,52,91,91,91,91,132,181,255,9,9,9,53,53,196,196,242,42,81,131,131,131],"floor_reached":22,"language":"KOR","playtime":530,"items_purged":["Strike_G","Strike_G"],"score":348,"play_id":"f8b205e7-98db-4627-aaaa-d162bd9e8fff","local_time":"20210121210147","is_ascension_mode":true,"campfire_choices":[{"data":"Neutralize","floor":6.0,"key":"SMITH"},{"data":"All Out Attack","floor":12,"key":"SMITH"},{"data":"Blade Dance","floor":15,"key":"SMITH"}],"circlet_count":0,"master_deck":["AscendersBane","Strike_G","Defend_G","Defend_G","Defend_G","Defend_G","Survivor","Neutralize+1","HandOfGreed+1","All Out Attack+1","Infinite Blades","Blade Dance+1","Venomology","Backflip","Good Instincts","PiercingWail"],"relics":["Ring of the Snake","Golden Idol","OrangePellets","Empty Cage"],"acts_visited":["Exordium","TheCity"],"potions_floor_usage":[10,16,18,20,22,22],"damage_taken":[{"damage":2.0,"enemies":"Small Slimes","floor":1.0,"turns":8.0},{"damage":0.0,"enemies":"Cultist","floor":4.0,"turns":4.0},{"damage":0.0,"enemies":"Jaw Worm","floor":8.0,"turns":3.0},{"damage":0,"enemies":"2 Fungi Beasts","floor":10,"turns":4},{"damage":1,"enemies":"Red Slaver","floor":14,"turns":3},{"damage":43,"enemies":"Slime Boss","floor":16,"turns":10},{"damage":22,"enemies":"3 Byrds","floor":18,"turns":5},{"damage":5,"enemies":"2 Thieves","floor":20,"turns":4},{"damage":23,"enemies":"Centurion and Healer","floor":22,"turns":5}],"seed_played":"1166115409281795364","potions_obtained":[{"floor":1.0,"key":"Block Potion"},{"floor":8.0,"key":"Energy Potion"},{"floor":18,"key":"Strength Potion"}],"is_trial":false,"path_per_floor":["M","?","?","M","?","R","?","M","T","M","$","R","?","M","R","B",null,"M","$","M","?","M"],"character_chosen":"THE_SILENT","items_purchased":["OrangePellets","Good Instincts"],"campfire_rested":0,"item_purchase_floors":[11,19],"current_hp_per_floor":[57,57,57,57,62,62,53,53,53,53,53,53,46,45,45,2,49,27,27,22,16,0,0],"gold":131,"neow_bonus":"RANDOM_COLORLESS_2","is_daily":false,"chose_seed":false,"campfire_upgraded":3,"win_rate":0.0,"timestamp":1611230507,"path_taken":["M","?","?","M","?","R","?","M","T","?","$","R","?","M","R","BOSS","M","$","M","?","M"],"items_purchased_type":["Relic","Card"],"build_version":"2020-12-22","purchased_purges":2,"victory":false,"max_hp_per_floor":[66,66,60,60,65,65,65,65,65,65,65,65,65,65,65,65,65,65,65,65,65,65,65],"card_choices":[{"not_picked":["Transmutation","Thinking Ahead"],"picked":"HandOfGreed","floor":0.0},{"not_picked":["Dagger Throw","Flying Knee","Noxious Fumes"],"picked":"SKIP","floor":1.0},{"not_picked":["Cloak And Dagger","Flying Knee"],"picked":"All Out Attack","floor":4.0},{"not_picked":["Choke","Masterful Stab","Dodge and Roll"],"picked":"SKIP","floor":8.0},{"not_picked":["Masterful Stab","Flying Knee"],"picked":"Infinite Blades","floor":10},{"not_picked":["Sucker Punch","Bullet Time"],"picked":"Blade Dance","floor":14},{"not_picked":["Unload","Burst"],"picked":"Venomology","floor":16},{"not_picked":["Acrobatics","Bane"],"picked":"Backflip","floor":18},{"not_picked":["All Out Attack","Catalyst"],"picked":"PiercingWail","floor":20}],"player_experience":1186424,"relics_obtained":[],"event_choices":[{"damage_healed":0.0,"max_hp_gain":0.0,"max_hp_loss":0.0,"gold_gain":0.0,"event_name":"Living Wall","player_choice":"Grow","floor":2.0,"gold_loss":0.0,"damage_taken":0.0,"cards_upgraded":["HandOfGreed"]},{"damage_healed":0.0,"max_hp_gain":0.0,"max_hp_loss":6.0,"gold_gain":0.0,"event_name":"Golden Idol","player_choice":"Lose Max HP","floor":3.0,"gold_loss":0.0,"damage_taken":0.0,"relics_obtained":["Golden Idol"]},{"damage_healed":0.0,"max_hp_gain":5.0,"max_hp_loss":0.0,"gold_gain":0.0,"event_name":"Big Fish","player_choice":"Donut","floor":5.0,"gold_loss":0.0,"damage_taken":0.0},{"damage_healed":0.0,"max_hp_gain":0.0,"max_hp_loss":0.0,"gold_gain":0.0,"event_name":"Wheel of Change","player_choice":"Damaged","floor":7.0,"gold_loss":0.0,"damage_taken":9.0},{"cards_removed":["Defend_G"],"damage_healed":0,"gold_gain":0,"player_choice":"Card Removal","damage_taken":7,"max_hp_gain":0,"max_hp_loss":0,"event_name":"Golden Wing","floor":13,"gold_loss":0},{"damage_healed":0,"gold_gain":50,"player_choice":"Touch","damage_taken":6,"max_hp_gain":0,"max_hp_loss":0,"event_name":"FaceTrader","floor":21,"gold_loss":0}],"is_beta":false,"boss_relics":[{"not_picked":["SacredBark","Coffee Dripper"],"picked":"Empty Cage"}],"items_purged_floors":[11,19],"is_endless":false,"potions_floor_spawned":[1,8,18],"killed_by":"Centurion and Healer","ascension_level":20}}