{"host":"yvlk1m4foro8gl4v","time":1611233712,"event":{"mods":["AchievementEnabler","Act Like it!","BaseMod","Minty Spire (QoL Compilation)","Relic Stats","StSLib","The Servant 0.9.4","Uncapped"],"gold_per_floor":[115,115,16,91,16,41,52,86,136,161,161,175,175,175],"floor_reached":13,"language":"ENG","playtime":643,"items_purged":["Defend_P"],"score":145,"play_id":"cea8d89c-0241-4f5d-8206-373fc288b0af","local_time":"20210121125512","is_ascension_mode":true,"campfire_choices":[{"floor":11,"key":"REST"}],"circlet_count":0,"master_deck":["Strike_P","Strike_P","Strike_P","Strike_P","Defend_P","Defend_P","Defend_P","Eruption+1","Vigilance","ClearTheMind+1","FlyingSleeves","Evaluate","FlurryOfBlows","EmptyFist","FollowUp","Protect"],"relics":["PureWater","NeowsBlessing","Nunchaku","Gremlin Horn","Ancient Tea Set","Oddly Smooth Stone"],"acts_visited":["Exordium"],"potions_floor_usage":[10,13],"damage_taken":[{"damage":0.0,"enemies":"Small Slimes","floor":1.0,"turns":1.0},{"damage":0.0,"enemies":"3 Sentries","floor":6.0,"turns":2.0},{"damage":0.0,"enemies":"Jaw Worm","floor":7.0,"turns":1.0},{"damage":27,"enemies":"Gremlin Nob","floor":8,"turns":4},{"damage":29,"enemies":"3 Sentries","floor":10,"turns":8},{"damage":0,"enemies":"2 Louse","floor":12,"turns":2},{"damage":28,"enemies":"Gremlin Nob","floor":13,"turns":3}],"seed_played":"-3188558398065690237","potions_obtained":[{"floor":1.0,"key":"BottledMiracle"},{"floor":7.0,"key":"Regen Potion"},{"floor":12,"key":"Dexterity Potion"}],"is_trial":false,"path_per_floor":["M","?","$","?","$","E","M","E","T","E","R","M","E"],"character_chosen":"WATCHER","items_purchased":["FlyingSleeves","Evaluate"],"campfire_rested":1,"item_purchase_floors":[3,3],"current_hp_per_floor":[72,58,58,47,47,47,47,20,20,6,27,27,0,0],"gold":175,"neow_bonus":"THREE_ENEMY_KILL","is_daily":false,"chose_seed":false,"campfire_upgraded":0,"win_rate":0.0,"timestamp":1611233712,"path_taken":["M","?","$","?","$","E","M","E","T","E","R","M","E"],"items_purchased_type":["Card","Card"],"build_version":"2020-12-22","purchased_purges":1,"victory":false,"max_hp_per_floor":[72,72,72,72,72,72,72,72,72,72,72,72,72,72],"relic_stats":{"Nunchaku":[3],"Gremlin Horn":[3,3],"counters":[7,21],"obtain_stats":[{"Nunchaku":6,"NeowsBlessing":0,"Gremlin Horn":8,"Oddly Smooth Stone":10,"PureWater":0,"Ancient Tea Set":9},{"Nunchaku":2,"NeowsBlessing":0,"Gremlin Horn":4,"Oddly Smooth Stone":5,"PureWater":0,"Ancient Tea Set":4},{"Nunchaku":3,"NeowsBlessing":0,"Gremlin Horn":8,"Oddly Smooth Stone":16,"PureWater":0,"Ancient Tea Set":8}]},"card_choices":[{"not_picked":["Indignation","Worship"],"picked":"ClearTheMind","floor":1.0},{"not_picked":["CutThroughFate","Halt"],"picked":"FlurryOfBlows","floor":6.0},{"not_picked":["SignatureMove","WreathOfFlame"],"picked":"EmptyFist","floor":7.0},{"not_picked":["SashWhip","Judgement","SpiritShield"],"picked":"SKIP","floor":8},{"not_picked":["WheelKick","PathToVictory"],"picked":"FollowUp","floor":10},{"not_picked":["MentalFortress","CutThroughFate"],"picked":"Protect","floor":12}],"player_experience":751280,"relics_obtained":[{"floor":6.0,"key":"Nunchaku"},{"floor":8,"key":"Gremlin Horn"},{"floor":9,"key":"Ancient Tea Set"},{"floor":10,"key":"Oddly Smooth Stone"}],"event_choices":[{"damage_healed":0.0,"max_hp_gain":0.0,"max_hp_loss":0.0,"gold_gain":0.0,"event_name":"Shining Light","player_choice":"Entered Light","floor":2.0,"gold_loss":0.0,"damage_taken":14.0,"cards_upgraded":["ClearTheMind","Eruption"]},{"damage_healed":0.0,"max_hp_gain":0.0,"max_hp_loss":0.0,"gold_gain":75.0,"event_name":"World of Goop","player_choice":"Gather Gold","floor":4.0,"gold_loss":0.0,"damage_taken":11.0}],"is_beta":false,"boss_relics":[],"items_purged_floors":[5],"is_endless":false,"potions_floor_spawned":[1,7,12],"killed_by":"Gremlin Nob","ascension_level":3}}