{"host":"guk5h31bsklpp7e4","time":1611222566,"event":{"mods":["AchievementEnabler","BaseMod","Colored Map","Colored Powertips","Highlight Path","Minty Spire (QoL Compilation)","Quick Restart"],"gold_per_floor":[112,112,112,112,112,143,158,158,184,196,196,230,243,278,278,380,380,391,391,316,330,330,330,162,162,240,240,258,258,357,372,372,471,471,484,496,373,373,373,402,430,442,479,491,503,528,540,562,574,586,598,610,45,45,45],"floor_reached":54,"language":"ENG","playtime":2320,"items_purged":["Strike_R","Defend_R","Defend_R"],"score":785,"play_id":"1d27b70e-650f-4890-84e9-737fa670b945","local_time":"20210121044926","is_ascension_mode":true,"campfire_choices":[{"data":"Demon Form","floor":8,"key":"SMITH"},{"data":"Pommel Strike","floor":11,"key":"SMITH"},{"data":"1","floor":15,"key":"LIFT"},{"data":"2","floor":23,"key":"LIFT"},{"data":"3","floor":25,"key":"LIFT"},{"floor":29,"key":"RECALL"},{"floor":32,"key":"REST"},{"floor":42,"key":"REST"},{"data":"Sword Boomerang","floor":47,"key":"SMITH"},{"floor":49,"key":"REST"},{"data":"Shrug It Off","floor":52,"key":"SMITH"}],"circlet_count":0,"master_deck":["Strike_R","Strike_R","Defend_R","Bash","Demon Form+1","Pommel Strike+1","Sword Boomerang+1","Shrug It Off+1","Sword Boomerang+1","Reaper+1","Hemokinesis+1","Shrug It Off+1","Thunderclap+1","Battle Trance","Shrug It Off+1","Sword Boomerang+1","Fiend Fire+1","Ghostly Armor+1","Iron Wave+1","Twin Strike+1","Flash of Steel+1","Rage+1","Parasite","Cleave+1","Twin Strike+1"],"relics":["Burning Blood","NeowsBlessing","Vajra","Girya","Molten Egg 2","Runic Pyramid","MutagenicStrength","StrikeDummy","SlaversCollar","MawBank","Lantern","Happy Flower","Bag of Preparation"],"acts_visited":["Exordium","TheCity","TheBeyond","TheEnding"],"potions_floor_usage":[14,33,40,50,50,50,53],"damage_taken":[{"damage":0,"enemies":"2 Louse","floor":1,"turns":1},{"damage":0,"enemies":"Jaw Worm","floor":4,"turns":1},{"damage":0,"enemies":"Gremlin Nob","floor":6,"turns":1},{"damage":1,"enemies":"Cultist","floor":7,"turns":3},{"damage":8,"enemies":"Blue Slaver","floor":10,"turns":4},{"damage":15,"enemies":"Lagavulin","floor":12,"turns":5},{"damage":6,"enemies":"3 Louse","floor":13,"turns":3},{"damage":20,"enemies":"3 Sentries","floor":14,"turns":5},{"damage":13,"enemies":"The Guardian","floor":16,"turns":6},{"damage":38,"enemies":"Shell Parasite","floor":18,"turns":4},{"damage":12,"enemies":"Chosen","floor":21,"turns":3},{"damage":2,"enemies":"Snecko","floor":28,"turns":2},{"damage":19,"enemies":"Centurion and Healer","floor":31,"turns":6},{"damage":86,"enemies":"Automaton","floor":33,"turns":9},{"damage":8,"enemies":"3 Darklings","floor":35,"turns":3},{"damage":11,"enemies":"Orb Walker","floor":36,"turns":2},{"damage":14,"enemies":"Nemesis","floor":40,"turns":3},{"damage":56,"enemies":"4 Shapes","floor":41,"turns":4},{"damage":13,"enemies":"Jaw Worm Horde","floor":46,"turns":4},{"damage":46,"enemies":"Writhing Mass","floor":48,"turns":4},{"damage":50,"enemies":"Awakened One","floor":50,"turns":6},{"damage":119,"enemies":"Shield and Spear","floor":54,"turns":3}],"seed_played":"-7105581058151319348","potions_obtained":[{"floor":1,"key":"DistilledChaos"},{"floor":7,"key":"GamblersBrew"},{"floor":12,"key":"GamblersBrew"},{"floor":33,"key":"PowerPotion"},{"floor":41,"key":"SteroidPotion"},{"floor":46,"key":"Energy Potion"}],"is_trial":false,"path_per_floor":["M","?","?","M","?","E","M","R","T","M","R","E","M","E","R","B",null,"M","?","?","M","?","R","$","R","T","?","M","R","?","M","R","B",null,"M","M","$","?","?","E","M","R","T","$","?","M","R","M","R","B",null,"R","$","E"],"character_chosen":"IRONCLAD","items_purchased":["Thunderclap+1","Battle Trance","Twin Strike+1","Twin Strike+1","Happy Flower","Bag of Preparation","Fruit Juice"],"campfire_rested":3,"item_purchase_floors":[24,24,37,53,53,53,53],"current_hp_per_floor":[80,80,80,80,80,80,80,80,80,78,78,69,69,55,55,48,80,61,61,61,55,55,55,55,55,55,55,60,60,60,65,80,18,80,78,73,73,73,73,65,42,66,66,66,66,71,71,31,55,38,80,80,85,0,0],"gold":45,"neow_bonus":"THREE_ENEMY_KILL","is_daily":false,"chose_seed":false,"campfire_upgraded":4,"win_rate":0.0,"timestamp":1611222566,"path_taken":["M","?","?","?","?","E","M","R","T","M","R","E","M","E","R","BOSS","M","?","?","M","?","R","$","R","T","?","?","R","?","M","R","BOSS","M","M","$","?","?","E","M","R","T","$","?","M","R","M","R","BOSS","R","$","E"],"items_purchased_type":["Card","Card","Card","Card","Relic","Relic","Potion"],"build_version":"2020-12-22","purchased_purges":3,"victory":false,"max_hp_per_floor":[80,80,80,80,80,80,80,80,80,80,80,80,80,80,80,80,80,80,80,80,80,80,80,80,80,80,80,80,80,80,80,80,80,80,80,80,80,80,80,80,80,80,80,80,80,80,80,80,80,80,80,80,85,85,85],"card_choices":[{"not_picked":["Heavy Blade","Sword Boomerang"],"picked":"Shockwave","floor":1},{"not_picked":["Intimidate","Rage","Clash"],"picked":"SKIP","floor":4},{"not_picked":["Anger","Iron Wave","Burning Pact"],"picked":"SKIP","floor":6},{"not_picked":["Ghostly Armor","Sword Boomerang"],"picked":"Demon Form","floor":7},{"not_picked":["Armaments","Pummel"],"picked":"Pommel Strike","floor":10},{"not_picked":["Iron Wave","Juggernaut"],"picked":"Sword Boomerang","floor":12},{"not_picked":["Clothesline","Whirlwind"],"picked":"Shrug It Off","floor":13},{"not_picked":["Flex","Pummel+1"],"picked":"Sword Boomerang+1","floor":14},{"not_picked":["Barricade","Limit Break"],"picked":"Reaper+1","floor":16},{"not_picked":["Shockwave","Armaments+1"],"picked":"Hemokinesis+1","floor":18},{"not_picked":["Sentinel","Thunderclap+1"],"picked":"Shrug It Off+1","floor":21},{"not_picked":["Reckless Charge+1","Body Slam+1"],"picked":"Shrug It Off+1","floor":28},{"not_picked":["Thunderclap+1","Wild Strike+1"],"picked":"Sword Boomerang+1","floor":31},{"not_picked":["Barricade","Reaper+1"],"picked":"Fiend Fire+1","floor":33},{"not_picked":["Clothesline+1","Perfected Strike+1"],"picked":"Ghostly Armor+1","floor":35},{"not_picked":["Body Slam+1","Entrench"],"picked":"Iron Wave+1","floor":36},{"not_picked":["Panacea","Violence"],"picked":"Flash of Steel+1","floor":39},{"not_picked":["Second Wind","Havoc"],"picked":"Rage+1","floor":40},{"not_picked":["Headbutt+1","Ghostly Armor","Warcry"],"picked":"SKIP","floor":41},{"not_picked":["Wild Strike+1","Armaments","Uppercut+1"],"picked":"SKIP","floor":46},{"not_picked":["Thunderclap+1","Intimidate"],"picked":"Cleave+1","floor":48}],"player_experience":306082,"relics_obtained":[{"floor":6,"key":"Vajra"},{"floor":12,"key":"Girya"},{"floor":14,"key":"Molten Egg 2"},{"floor":26,"key":"StrikeDummy"},{"floor":40,"key":"MawBank"},{"floor":43,"key":"Lantern"}],"event_choices":[{"cards_removed":["Strike_R"],"damage_healed":0,"gold_gain":0,"player_choice":"Forget","damage_taken":0,"max_hp_gain":0,"max_hp_loss":0,"event_name":"Living Wall","floor":2,"gold_loss":0},{"cards_removed":["Defend_R"],"damage_healed":0,"gold_gain":0,"player_choice":"Offered Basic","damage_taken":0,"max_hp_gain":0,"max_hp_loss":0,"event_name":"Bonfire Elementals","floor":3,"gold_loss":0},{"damage_healed":0,"gold_gain":0,"player_choice":"Ignored","damage_taken":0,"max_hp_gain":0,"max_hp_loss":0,"event_name":"Liars Game","floor":5,"gold_loss":0},{"damage_healed":0,"gold_gain":0,"player_choice":"Ignored","damage_taken":0,"max_hp_gain":0,"max_hp_loss":0,"event_name":"Vampires","floor":19,"gold_loss":0},{"cards_removed":["Strike_R"],"damage_healed":0,"gold_gain":0,"player_choice":"Gave Gold","damage_taken":0,"max_hp_gain":0,"max_hp_loss":0,"event_name":"Beggar","floor":20,"gold_loss":75},{"damage_healed":0,"gold_gain":0,"player_choice":"Inject Mutagens","damage_taken":0,"relics_obtained":["MutagenicStrength"],"max_hp_gain":0,"max_hp_loss":0,"event_name":"Drug Dealer","floor":22,"gold_loss":0},{"damage_healed":0,"gold_gain":0,"player_choice":"Ignored","damage_taken":0,"max_hp_gain":0,"max_hp_loss":0,"event_name":"Ghosts","floor":27,"gold_loss":0},{"damage_healed":0,"gold_gain":99,"player_choice":"Stole From Cult","damage_taken":0,"max_hp_gain":0,"max_hp_loss":0,"event_name":"Nest","floor":30,"gold_loss":0},{"damage_healed":0,"gold_gain":0,"player_choice":"Ignored","damage_taken":0,"max_hp_gain":0,"max_hp_loss":0,"event_name":"Tomb of Lord Red Mask","floor":38,"gold_loss":0},{"damage_healed":0,"gold_gain":0,"player_choice":"Memory 1","damage_taken":0,"max_hp_gain":0,"max_hp_loss":0,"event_name":"SensoryStone","floor":39,"gold_loss":0},{"cards_removed":["Shockwave"],"damage_healed":0,"gold_gain":0,"player_choice":"Removed Skill","damage_taken":0,"max_hp_gain":0,"max_hp_loss":0,"event_name":"Falling","floor":45,"gold_loss":0}],"is_beta":false,"boss_relics":[{"not_picked":["Busted Crown","Calling Bell"],"picked":"Runic Pyramid"},{"not_picked":["Tiny House","Empty Cage"],"picked":"SlaversCollar"}],"items_purged_floors":[24,37,53],"is_endless":false,"potions_floor_spawned":[1,4,7,12,13,33,41,46,48],"killed_by":"Shield and Spear","ascension_level":3}}