{"host":"9j9ju8r45kuhshxi","time":1611262929,"event":{"mods":["BaseMod","Colored Map","Colored Powertips","Highlight Path","Minty Spire (QoL Compilation)","Replay The Spire","Ryuuou龙王","StSLib","[功能]功能增强和修复MOD"],"gold_per_floor":[109,119,84,84,69,102,102,115,162,202,202,235,249,292,292,388,388,401,417,417,437,437,493,493,527,527,527,563,563,618,618,618,761,761,794,823,803,834,834,834,834,834,834,880,880,880,880,1046,1046,1058,1058,1058,1053,1124,1162],"floor_reached":56,"language":"ZHS","playtime":2544,"items_purged":["Strike_R","Defend_R","Defend_R","Defend_R","Defend_R","Strike_R","Strike_R","Injury","Strike_R","Strike_R","Massacre+1","Run Through+1","Iron Wave+1","Sword Boomerang","Flame Barrier"],"score":2360,"play_id":"8f978e42-ac5e-4adf-a52e-2f9b9ef6f3bc","local_time":"20210122050209","is_ascension_mode":true,"campfire_choices":[{"floor":7,"key":"RECALL"},{"data":"Flex","floor":11,"key":"SMITH"},{"data":"Combust","floor":15,"key":"SMITH"},{"data":"Limit Break","floor":24,"key":"SMITH"},{"data":"ReplayTheSpireMod:Muscle Training","floor":27,"key":"SMITH"},{"data":"Demonic Infusion","floor":32,"key":"SMITH"},{"data":"Double Tap","floor":40,"key":"SMITH"},{"data":"Searing Blow+2","floor":42,"key":"SMITH"},{"floor":46,"key":"REST"},{"floor":49,"key":"REST"},{"floor":52,"key":"REST"}],"circlet_count":0,"master_deck":["AscendersBane","Bash+1","Flex+1","Searing Blow+4","Bludgeon+1","Combust+1","ReplayTheSpireMod:Muscle Training+1","Pommel Strike+1","Heavy Blade+1","Replay:Undeath\u0027s Touch+1","Limit Break+1","Whirlwind+1","ReplayUltimateDefense+1","Clash+1","Demonic Infusion+1","ReplayTheSpireMod:Limb From Limb+1","Inflame+1","Immolate+1","Infernal Blade+1","CurseOfTheBell","Rupture+1","Double Tap+1","Dual Wield+1","Feed+1","Dropkick+1","Replay:Vibes+1"],"relics":["Burning Blood","Unceasing Top","Molten Egg 2","Brimstone","Lizard Tail","Golden Idol","Chemical X","MealTicket","Whetstone","Frozen Egg 2","Blue Candle","Toy Ornithopter","Bottled Tornado","Runic Pyramid","Replay:Baseball","Centennial Puzzle","ReplayTheSpireMod:ShopPack","Toolbox","Blood Vial","Replay:Wax Seal","Ornamental Fan","Peace Pipe","Mummified Hand","Replay:Bandana","Lantern","Calling Bell","Red Skull","Incense Burner","Replay:Bottled Eggs","OrangePellets","Turnip","ReplayTheSpireMod:Lightbulb","Strange Spoon","Another Sword","InkBottle","Iron Hammer","FossilizedHelix","Membership Card","Gremlin Food","Pet Ghost","Sling","Nunchaku","Ginger","PrismaticShard","Thread and Needle","Strawberry","Anchor"],"acts_visited":["Exordium","TheCity","TheBeyond","TheEnding"],"potions_floor_usage":[10,16,16,23,28,33,55,55],"damage_taken":[{"damage":12,"enemies":"Small Slimes","floor":1,"turns":2},{"damage":0,"enemies":"2 Louse","floor":2,"turns":1},{"damage":1,"enemies":"Lagavulin","floor":6,"turns":2},{"damage":0,"enemies":"Cultist","floor":8,"turns":1},{"damage":0,"enemies":"Gremlin Nob","floor":10,"turns":1},{"damage":1,"enemies":"3 Sentries","floor":12,"turns":2},{"damage":2,"enemies":"Lots of Slimes","floor":13,"turns":1},{"damage":1,"enemies":"Gremlin Nob","floor":14,"turns":1},{"damage":2,"enemies":"Hexaghost","floor":16,"turns":2},{"damage":0,"enemies":"Chosen","floor":18,"turns":1},{"damage":1,"enemies":"Shell Parasite","floor":19,"turns":1},{"damage":0,"enemies":"Sentry and Sphere","floor":21,"turns":1},{"damage":30,"enemies":"Slavers","floor":23,"turns":2},{"damage":0,"enemies":"Gremlin Leader","floor":25,"turns":1},{"damage":1,"enemies":"Book of Stabbing","floor":28,"turns":1},{"damage":0,"enemies":"Slavers","floor":30,"turns":1},{"damage":0,"enemies":"Champ","floor":33,"turns":1},{"damage":24,"enemies":"3 Shapes","floor":35,"turns":2},{"damage":0,"enemies":"Orb Walker","floor":36,"turns":1},{"damage":0,"enemies":"Sphere and 2 Shapes","floor":38,"turns":1},{"damage":1,"enemies":"R_Hoarder","floor":44,"turns":1},{"damage":0,"enemies":"Transient","floor":48,"turns":1},{"damage":0,"enemies":"Replay:Hell Engine","floor":50,"turns":1},{"damage":1,"enemies":"Shield and Spear","floor":54,"turns":1},{"damage":43,"enemies":"The Heart","floor":55,"turns":3}],"seed_played":"-8543072360120934750","potions_obtained":[{"floor":1,"key":"Adrenaline Potion"},{"floor":2,"key":"Fire Potion"},{"floor":10,"key":"Strength Potion"},{"floor":10,"key":"Strength Potion"},{"floor":16,"key":"Elixir"},{"floor":18,"key":"Regen Potion"},{"floor":23,"key":"Adrenaline Potion"},{"floor":23,"key":"Fruit Juice"},{"floor":25,"key":"SkillPotion"},{"floor":28,"key":"BlessingOfTheForge"},{"floor":30,"key":"Elixir"},{"floor":33,"key":"SteroidPotion"}],"is_trial":false,"path_per_floor":["M","M","$","?","$","E","R","M","T","E","R","E","M","E","R","B",null,"M","M","$","M","$","E","R","E","T","R","E","?","E","?","R","B",null,"M","M","$","M","$","R","?","R","T","E","$","R","$","M","R","B",null,"R","$","E","B",null],"character_chosen":"IRONCLAD","items_purchased":["Molten Egg 2","Brimstone","Lizard Tail","Iron Wave+1","Chemical X","MealTicket","Searing Blow+1","Bludgeon+1","Combust","Whetstone","Replay:Baseball","Centennial Puzzle","ReplayTheSpireMod:ShopPack","Toolbox","Blood Vial","Replay:Wax Seal","Demonic Infusion","ReplayTheSpireMod:Limb From Limb+1","Rupture+1","OrangePellets","Turnip","ReplayTheSpireMod:Lightbulb","Strange Spoon","Another Sword","InkBottle","Double Tap","Membership Card","Gremlin Food","Pet Ghost","Sling","Nunchaku","Ginger","Feed+1","Dropkick+1","PrismaticShard","Thread and Needle","Strawberry"],"campfire_rested":3,"item_purchase_floors":[3,3,3,3,5,5,5,5,5,5,20,20,20,22,22,22,22,22,37,37,37,37,39,39,39,39,45,45,45,47,47,47,47,47,53,53,53],"current_hp_per_floor":[62,68,68,68,68,68,68,68,68,68,68,68,68,68,68,68,68,68,68,68,68,68,54,54,62,62,62,73,73,73,73,73,73,73,55,63,73,73,73,73,83,83,83,83,83,83,83,83,83,83,83,83,90,90,57],"gold":1162,"neow_bonus":"ONE_RARE_RELIC","is_daily":false,"chose_seed":false,"campfire_upgraded":7,"win_rate":0.0,"timestamp":1611262929,"path_taken":["M","M","$","?","$","E","R","M","T","E","R","E","M","E","R","BOSS","M","M","$","M","$","E","R","E","T","R","E","?","E","?","R","BOSS","M","?","$","?","$","R","?","R","T","E","?","R","$","M","R","BOSS","R","$","E","BOSS"],"items_purchased_type":["Relic","Relic","Relic","Card","Relic","Relic","Card","Card","Card","Relic","Relic","Relic","Relic","Relic","Relic","Relic","Card","Card","Card","Relic","Relic","Relic","Relic","Relic","Relic","Card","Relic","Relic","Relic","Relic","Relic","Relic","Card","Card","Relic","Relic","Relic"],"build_version":"2020-12-22","purchased_purges":15,"victory":true,"max_hp_per_floor":[68,68,68,68,68,68,68,68,68,68,68,68,68,68,68,68,68,68,68,68,68,68,73,73,73,73,73,73,73,73,73,73,73,73,73,73,73,73,73,73,83,83,83,83,83,83,83,83,83,83,83,83,90,90,94],"card_choices":[{"not_picked":["Warcry","Iron Wave"],"picked":"Flex","floor":1},{"not_picked":["Armaments","Flex"],"picked":"Sword Boomerang","floor":2},{"not_picked":["Havoc","Reckless Charge+1"],"picked":"Flame Barrier","floor":6},{"not_picked":["Power Through","ReplayTheSpireMod:Stacked","Warcry"],"picked":"SKIP","floor":8},{"not_picked":["Exhume","Hemokinesis+1"],"picked":"ReplayTheSpireMod:Muscle Training","floor":10},{"not_picked":["Havoc","Searing Blow+1"],"picked":"Pommel Strike+1","floor":12},{"not_picked":["Pommel Strike+1","Rage"],"picked":"Heavy Blade+1","floor":13},{"not_picked":["Evolve+1","Battle Trance"],"picked":"Replay:Undeath\u0027s Touch+1","floor":14},{"not_picked":["Hemogenesis+1","Juggernaut+1"],"picked":"Limit Break","floor":16},{"not_picked":["Blood for Blood+1","Armaments"],"picked":"Whirlwind+1","floor":18},{"not_picked":["Combust+1","Disarm","ReplayTheSpireMod:Strike From Hell+1"],"picked":"SKIP","floor":19},{"not_picked":["ReplayTheSpireMod:Necrogeddon","Crow Ritual"],"picked":"ReplayUltimateDefense","floor":20},{"not_picked":["Body Slam+1","Twin Strike+1"],"picked":"Clash+1","floor":21},{"not_picked":["Flex+1","Spot Weakness"],"picked":"Inflame+1","floor":23},{"not_picked":["Clash+1","ReplayTheSpireMod:Corrosion Curse"],"picked":"Immolate+1","floor":25},{"not_picked":["Sentinel","Massacre+1","True Grit"],"picked":"SKIP","floor":28},{"not_picked":["Perfected Strike+1","Iron Wave+1"],"picked":"Infernal Blade","floor":30},{"not_picked":["Demonic Infusion","Immolate+1"],"picked":"Offering","floor":33},{"not_picked":["Havoc+1","Pommel Strike+1","Perfected Strike+1"],"picked":"SKIP","floor":35},{"not_picked":["ReplayTheSpireMod:Limb From Limb+1","Iron Wave+1","Wild Strike+1"],"picked":"SKIP","floor":36},{"not_picked":["True Grit","Rage","Iron Wave+1"],"picked":"SKIP","floor":38},{"not_picked":["ReplayTheSpireMod:Muscle Training+1","Metallicize+1"],"picked":"Dual Wield","floor":44},{"not_picked":["Armaments+1","Defy Death+1","Perfected Strike+1"],"picked":"SKIP","floor":48},{"not_picked":["Sucker Punch+1","Massacre+1"],"picked":"Replay:Vibes+1","floor":54}],"player_experience":188656,"relics_obtained":[{"floor":6,"key":"Frozen Egg 2"},{"floor":10,"key":"Blue Candle"},{"floor":12,"key":"Toy Ornithopter"},{"floor":14,"key":"Bottled Tornado"},{"floor":23,"key":"Ornamental Fan"},{"floor":25,"key":"Peace Pipe"},{"floor":26,"key":"Mummified Hand"},{"floor":28,"key":"Replay:Bandana"},{"floor":30,"key":"Lantern"},{"floor":34,"key":"Red Skull"},{"floor":34,"key":"Incense Burner"},{"floor":34,"key":"Replay:Bottled Eggs"},{"floor":43,"key":"Iron Hammer"},{"floor":44,"key":"FossilizedHelix"},{"floor":54,"key":"Anchor"}],"event_choices":[{"damage_healed":0,"gold_gain":0,"player_choice":"Take Wound","damage_taken":0,"relics_obtained":["Golden Idol"],"max_hp_gain":0,"max_hp_loss":0,"event_name":"Golden Idol","floor":4,"gold_loss":0,"cards_obtained":["Injury"]},{"damage_healed":0,"gold_gain":0,"player_choice":"Ignored","damage_taken":0,"max_hp_gain":0,"max_hp_loss":0,"event_name":"Cursed Tome","floor":29,"gold_loss":0},{"damage_healed":0,"gold_gain":0,"player_choice":"2 cards matched","damage_taken":0,"max_hp_gain":0,"max_hp_loss":0,"event_name":"Match and Keep!","floor":31,"gold_loss":0,"cards_obtained":["Run Through","Massacre"]},{"cards_removed":["Offering"],"damage_healed":0,"gold_gain":0,"player_choice":"Offered Rare","damage_taken":0,"max_hp_gain":10,"max_hp_loss":0,"event_name":"Bonfire Elementals","floor":41,"gold_loss":0}],"is_beta":false,"boss_relics":[{"not_picked":["Runic Dome","Philosopher\u0027s Stone"],"picked":"Runic Pyramid"},{"not_picked":["Painkiller Herb","Ring of Chaos"],"picked":"Calling Bell"}],"items_purged_floors":[3,3,3,3,3,3,3,5,5,5,37,37,37,37,53],"is_endless":false,"potions_floor_spawned":[1,2,2,6,6,8,10,10,10,12,14,14,14,16,18,19,19,21,23,23,25,28,30,30,33,33,35,35,36,44,44,48,48,54,54],"ascension_level":15}}