{"host":"xp5rvh2jwe2ejyfm","time":1611266330,"event":{"mods":["BaseMod","Downfall","Duelist Mod","GifTheSpireLib","Gremlin Mod","Hermit","Hubris","Minty Spire (QoL Compilation)","Robot Space Explorer","StSLib","The Blackbeard","The Clintock","The Construct","The Cursed","The Disciple","The Forsaken","The Hierophant","The Necromancer","The Runesmith","The Servant 0.9.4"],"gold_per_floor":[99,114,131,149,161,161,241,276,276,301,313,341,359,19,29,127,127,27,43,57,57,157,170,193,193,193,193,193],"floor_reached":26,"language":"ENG","playtime":1841,"items_purged":["downfall:Malfunctioning"],"score":230,"play_id":"59347201-2362-4444-b690-ec9f41f06d2c","local_time":"20210121165850","is_ascension_mode":false,"campfire_choices":[{"floor":1,"key":"RECALL"},{"data":"hubris:DuctTapeCard","floor":18,"key":"SMITH"}],"circlet_count":0,"master_deck":["Slimebound:Strike_Slimebound","Slimebound:Strike_Slimebound+1","Slimebound:Strike_Slimebound+1","Slimebound:Tackle","Slimebound:Defend_Slimebound","Slimebound:Defend_Slimebound","Slimebound:Defend_Slimebound","Slimebound:Defend_Slimebound","Slimebound:Split","Slimebound:CorrosiveSpit+1","Slimebound:LeechingTouch","Slimebound:SamplingLick","Slimebound:LeechingTouch+1","Slimebound:RollThrough","Slimebound:Equalize+1","hubris:DuctTapeCard+2","Slimebound:DouseInSlime","Slimebound:ServeAndProtect","Slimebound:PrepareCrush+1","Slimebound:Gluttony","Slimebound:ItLooksTasty","Slimebound:LeechingTouch","Slimebound:MassRepurpose","Slimebound:AcidTongue","Slimebound:Schlurp","Slimebound:SlimeSpikes"],"relics":["Slimebound:AbsorbEndCombat","Lantern","theForsaken:Lifeblossom","Art of War","hubris:DuctTape","Whetstone","construct:WeddingRing","downfall:HeartBlessingRed","hubris:Potato","Bag of Marbles"],"acts_visited":["Exordium","TheCity"],"potions_floor_usage":[11,12,12,16,16,19,23,26],"damage_taken":[{"damage":2,"enemies":"Small Slimes","floor":2,"turns":3},{"damage":0,"enemies":"2 Louse","floor":3,"turns":3},{"damage":0,"enemies":"Cultist","floor":4,"turns":4},{"damage":3,"enemies":"Blue Slaver","floor":5,"turns":4},{"damage":34,"enemies":"3 Sentries","floor":8,"turns":10},{"damage":19,"enemies":"Gremlin Nob","floor":10,"turns":4},{"damage":2,"enemies":"Large Slime","floor":11,"turns":6},{"damage":22,"enemies":"Lagavulin","floor":12,"turns":5},{"damage":27,"enemies":"Lots of Slimes","floor":13,"turns":5},{"damage":0,"enemies":"downfall:FleeingMerchant","floor":14,"turns":4},{"damage":16,"enemies":"3 Louse","floor":15,"turns":4},{"damage":37,"enemies":"WA_ARCHETYPE_RETAIN","floor":16,"turns":7},{"damage":44,"enemies":"Spheric Guardian","floor":19,"turns":6},{"damage":10,"enemies":"Snake Plant","floor":20,"turns":3},{"damage":38,"enemies":"Centurion and Healer","floor":23,"turns":6},{"damage":12,"enemies":"Shelled Parasite and Fungi","floor":26,"turns":1}],"seed_played":"-2936119640544266247","potions_obtained":[{"floor":2,"key":"DistilledChaos"},{"floor":4,"key":"Energy Potion"},{"floor":10,"key":"AttackPotion"},{"floor":13,"key":"Dexterity Potion"},{"floor":15,"key":"PowerPotion"},{"floor":16,"key":"EntropicBrew"},{"floor":20,"key":"Explosive Potion"}],"is_trial":false,"path_per_floor":["R","M","M","M","M","?","T","E","?","E","M","E","M","$","M","B",null,"R","M","M","T","?","M","T","?","M"],"character_chosen":"SLIMEBOUND","items_purchased":["Whetstone","Slimebound:Gluttony","Slimebound:ItLooksTasty"],"campfire_rested":0,"item_purchase_floors":[14,14,14],"current_hp_per_floor":[65,65,65,65,62,62,62,30,30,21,31,27,14,22,16,5,65,65,22,21,21,21,3,3,3,0,0,0],"gold":193,"neow_bonus":"RANDOM_COMMON_RELIC","is_daily":false,"chose_seed":false,"campfire_upgraded":1,"win_rate":0.0,"timestamp":1611266330,"path_taken":["R","M","M","M","M","?","T","E","?","E","M","E","M","$","M","BOSS","R","M","M","?","?","M","T","?","?"],"items_purchased_type":["Relic","Card","Card"],"build_version":"2020-12-22","purchased_purges":1,"victory":false,"max_hp_per_floor":[65,65,65,65,65,65,65,65,65,65,65,65,65,65,65,65,65,65,65,65,65,65,65,65,65,65,65,65],"card_choices":[{"not_picked":["Slimebound:Nibble","Slimebound:ItLooksTasty"],"picked":"Slimebound:LeechingTouch","floor":2},{"not_picked":["Slimebound:FinishingTackle","Slimebound:GoopSpray"],"picked":"Slimebound:SamplingLick","floor":3},{"not_picked":["Slimebound:GrowthPunch","Slimebound:HungryTackle"],"picked":"Slimebound:SplitSpecialist","floor":4},{"not_picked":["Slimebound:HungryTackle","Slimebound:LeadByExample"],"picked":"Slimebound:LeechingTouch","floor":5},{"not_picked":["Slimebound:GoopTackle","Slimebound:FinishingTackle"],"picked":"Slimebound:RollThrough","floor":8},{"not_picked":["Slimebound:DisruptingSlam","Slimebound:Gluttony"],"picked":"Slimebound:Equalize","floor":10},{"not_picked":["Slimebound:FlameTackle","Slimebound:HauntingLick"],"picked":"Slimebound:LevelUp","floor":11},{"not_picked":["Slimebound:FormOfPuddle","Slimebound:SlimeSpikes"],"picked":"Slimebound:DouseInSlime","floor":12},{"not_picked":["Slimebound:FinishingTackle","Slimebound:SlimeSpikes"],"picked":"Slimebound:ServeAndProtect","floor":13},{"not_picked":["Slimebound:Repurpose","Slimebound:SlimeTap"],"picked":"Slimebound:PrepareCrush","floor":14},{"not_picked":["Slimebound:ItLooksTasty","Slimebound:SlimeTap"],"picked":"Slimebound:LeechingTouch","floor":15},{"not_picked":["Slimebound:WasteNot","Slimebound:CheckThePlaybook"],"picked":"Slimebound:MassRepurpose","floor":16},{"not_picked":["Slimebound:SplitLeeching+1","Slimebound:LeechingTouch"],"picked":"Slimebound:AcidTongue","floor":19},{"not_picked":["Slimebound:ForwardTackle","Slimebound:GrowthPunch"],"picked":"Slimebound:Schlurp","floor":20},{"not_picked":["Slimebound:BestDefense","Slimebound:Dissolve"],"picked":"Slimebound:SlimeSpikes","floor":23}],"player_experience":298436,"relics_obtained":[{"floor":8,"key":"theForsaken:Lifeblossom"},{"floor":10,"key":"Art of War"},{"floor":12,"key":"hubris:DuctTape"},{"floor":21,"key":"hubris:Potato"},{"floor":24,"key":"Bag of Marbles"}],"event_choices":[],"is_beta":false,"boss_relics":[{"not_picked":["Runic Dome","Runic Pyramid"],"picked":"construct:WeddingRing"}],"items_purged_floors":[14],"is_endless":false,"potions_floor_spawned":[2,4,10,13,15,16,20],"killed_by":"Shelled Parasite and Fungi","ascension_level":0}}