{"host":"42xxsmacr0f6ikcz","time":1611231381,"event":{"mods":["AchievementEnabler","BaseMod","Block Reminder","Minty Spire (QoL Compilation)","Relic Stats","StSLib"],"gold_per_floor":[112,130,130,60,77,77,108,108,108,122,153,166,166,176,176,279,279,298,298,309,324,7,7,41,41,41,79,79,128,157,157,157,274,274,309,349,379,379,67,67,102,102,148,178,178,178,178],"floor_reached":46,"language":"ENG","playtime":2694,"items_purged":["Reprogram"],"score":861,"play_id":"f111a0f2-f478-4ea0-91bc-641f51cf34a0","local_time":"20210121071621","is_ascension_mode":true,"campfire_choices":[{"data":"Defragment","floor":6,"key":"SMITH"},{"data":"Ball Lightning","floor":8,"key":"SMITH"},{"data":"Doom and Gloom","floor":13,"key":"SMITH"},{"floor":15,"key":"REST"},{"floor":23,"key":"REST"},{"floor":25,"key":"REST"},{"data":"Reinforced Body","floor":28,"key":"SMITH"},{"floor":32,"key":"REST"},{"data":"Defragment","floor":40,"key":"SMITH"},{"data":"Self Repair","floor":45,"key":"SMITH"}],"circlet_count":0,"master_deck":["Zap","Dualcast","Sweeping Beam+1","Reinforced Body+1","Defragment+1","Ball Lightning+1","Compile Driver","Conserve Battery","Doom and Gloom+1","Static Discharge","Rainbow","Chill","Ball Lightning+1","Cold Snap","Buffer","Coolheaded","BootSequence+1","Stack","HandOfGreed","White Noise","Defragment+1","Defragment+1","Seek","FTL","Leap","Machine Learning","Doom and Gloom","Sunder","Buffer","Coolheaded","Coolheaded+1","Force Field","Self Repair+1","Defragment","Consume+1"],"relics":["Cracked Core","Pear","Boot","Runic Pyramid","Nloth\u0027s Gift","Orrery","Bottled Flame","Vajra","Cables","Pandora\u0027s Box","Lee\u0027s Waffle","HornCleat","Blood Vial"],"acts_visited":["Exordium","TheCity","TheBeyond"],"potions_floor_usage":[24],"damage_taken":[{"damage":4,"enemies":"Jaw Worm","floor":1,"turns":4},{"damage":1,"enemies":"Cultist","floor":2,"turns":3},{"damage":4,"enemies":"2 Louse","floor":5,"turns":2},{"damage":16,"enemies":"Gremlin Nob","floor":7,"turns":3},{"damage":15,"enemies":"Gremlin Gang","floor":10,"turns":6},{"damage":15,"enemies":"3 Sentries","floor":11,"turns":5},{"damage":3,"enemies":"Blue Slaver","floor":12,"turns":4},{"damage":15,"enemies":"Large Slime","floor":14,"turns":5},{"damage":13,"enemies":"The Guardian","floor":16,"turns":10},{"damage":45,"enemies":"2 Thieves","floor":18,"turns":4},{"damage":10,"enemies":"Spheric Guardian","floor":20,"turns":5},{"damage":13,"enemies":"Snake Plant","floor":21,"turns":4},{"damage":17,"enemies":"3 Cultists","floor":24,"turns":6},{"damage":2,"enemies":"Centurion and Healer","floor":27,"turns":7},{"damage":30,"enemies":"Gremlin Leader","floor":30,"turns":9},{"damage":29,"enemies":"Automaton","floor":33,"turns":11},{"damage":16,"enemies":"Orb Walker","floor":35,"turns":5},{"damage":5,"enemies":"3 Darklings","floor":36,"turns":5},{"damage":49,"enemies":"Sphere and 2 Shapes","floor":37,"turns":4},{"damage":75,"enemies":"Giant Head","floor":41,"turns":11},{"damage":15,"enemies":"Jaw Worm Horde","floor":44,"turns":7},{"damage":32,"enemies":"Transient","floor":46,"turns":4}],"seed_played":"-5373500209280003000","potions_obtained":[{"floor":1,"key":"PowerPotion"},{"floor":5,"key":"GamblersBrew"},{"floor":7,"key":"CultistPotion"},{"floor":16,"key":"ColorlessPotion"},{"floor":24,"key":"ColorlessPotion"},{"floor":35,"key":"Regen Potion"},{"floor":37,"key":"DuplicationPotion"}],"is_trial":true,"path_per_floor":["M","M","?","$","M","R","E","R","T","M","E","M","R","M","R","B",null,"M","?","M","M","$","R","M","R","T","M","R","T","E","?","R","B",null,"M","M","M","?","$","R","E","?","T","M","R","M"],"character_chosen":"DEFECT","items_purchased":["Defragment","Orrery","HandOfGreed","Self Repair","Lee\u0027s Waffle"],"campfire_rested":4,"item_purchase_floors":[4,22,22,39,39],"current_hp_per_floor":[71,70,70,70,66,66,60,60,60,45,30,27,27,12,37,24,85,40,40,30,17,17,42,25,50,50,48,48,48,18,18,43,14,85,69,64,15,15,92,92,24,24,24,18,18,0,0],"gold":178,"neow_bonus":"","is_daily":false,"chose_seed":false,"campfire_upgraded":6,"win_rate":0.0,"timestamp":1611231381,"path_taken":["M","M","?","?","M","R","E","R","T","M","E","M","R","M","R","BOSS","M","?","M","M","$","R","?","R","T","M","R","?","E","?","R","BOSS","M","M","?","?","$","R","E","?","T","M","R","M"],"items_purchased_type":["Card","Relic","Card","Card","Relic"],"build_version":"2020-12-22","purchased_purges":1,"victory":false,"max_hp_per_floor":[75,75,75,75,75,75,85,85,85,85,85,85,85,85,85,85,85,85,85,85,85,85,85,85,85,85,85,85,85,85,85,85,85,85,85,85,85,85,92,92,92,92,92,92,92,92,92],"relic_stats":{"Blood Vial":4,"Lee\u0027s Waffle":77,"counters":[22,124],"Pandora\u0027s Box":["FTL","Leap","Machine Learning","Doom and Gloom","Reprogram","Sunder","Buffer"],"Nloth\u0027s Gift":1,"Boot":[9],"obtain_stats":[{"Lee\u0027s Waffle":39,"Pear":7,"Vajra":29,"Whetstone":11,"Boot":9,"Cables":30,"Blood Vial":43,"Bottled Flame":26,"HornCleat":41,"Orrery":22,"Pandora\u0027s Box":34,"Nloth\u0027s Gift":19,"Cracked Core":0,"Runic Pyramid":17},{"Lee\u0027s Waffle":19,"Pear":4,"Vajra":14,"Whetstone":6,"Boot":4,"Cables":15,"Blood Vial":20,"Bottled Flame":13,"HornCleat":20,"Orrery":12,"Pandora\u0027s Box":16,"Nloth\u0027s Gift":10,"Cracked Core":0,"Runic Pyramid":9},{"Lee\u0027s Waffle":102,"Pear":12,"Vajra":68,"Whetstone":23,"Boot":12,"Cables":77,"Blood Vial":113,"Bottled Flame":61,"HornCleat":113,"Orrery":55,"Pandora\u0027s Box":88,"Nloth\u0027s Gift":46,"Cracked Core":0,"Runic Pyramid":42}],"Cables":[42,19,16,7,0]},"card_choices":[{"not_picked":["Chill","Undo","Hologram"],"picked":"SKIP","floor":1},{"not_picked":["Conserve Battery","Coolheaded"],"picked":"Sweeping Beam","floor":2},{"not_picked":["Cold Snap","Stack"],"picked":"Ball Lightning","floor":5},{"not_picked":["Amplify","Stack"],"picked":"Compile Driver","floor":7},{"not_picked":["Force Field","Beam Cell"],"picked":"Conserve Battery","floor":10},{"not_picked":["Fission","Go for the Eyes"],"picked":"Undo","floor":11},{"not_picked":["Reprogram","Redo"],"picked":"Doom and Gloom","floor":12},{"not_picked":["Storm","FTL"],"picked":"Static Discharge","floor":14},{"not_picked":["Thunder Strike","Amplify"],"picked":"Rainbow","floor":16},{"not_picked":["Beam Cell","Leap+1"],"picked":"Chill","floor":18},{"not_picked":["Amplify","Conserve Battery"],"picked":"Ball Lightning+1","floor":20},{"not_picked":["Ball Lightning","Barrage"],"picked":"Cold Snap","floor":21},{"not_picked":["Rebound","Sweeping Beam"],"picked":"Buffer","floor":22},{"not_picked":["BootSequence","Compile Driver"],"picked":"Coolheaded","floor":22},{"not_picked":["Chill","Leap"],"picked":"BootSequence+1","floor":22},{"not_picked":["Barrage","Sweeping Beam+1"],"picked":"Stack","floor":22},{"not_picked":["Gash","Hologram","Chill"],"picked":"SKIP","floor":24},{"not_picked":["Auto Shields","Ball Lightning"],"picked":"White Noise","floor":27},{"not_picked":["FTL","Lockon"],"picked":"Defragment","floor":30},{"not_picked":["Buffer","Meteor Strike"],"picked":"Seek","floor":33},{"not_picked":["Cold Snap","Go for the Eyes"],"picked":"Coolheaded","floor":35},{"not_picked":["Aggregate","Chaos"],"picked":"Coolheaded+1","floor":36},{"not_picked":["Beam Cell+1","Go for the Eyes"],"picked":"Force Field","floor":37},{"not_picked":["Steam","Conserve Battery"],"picked":"Defragment","floor":41},{"not_picked":["Ball Lightning+1","Hologram+1"],"picked":"Consume+1","floor":44}],"player_experience":166617,"relics_obtained":[{"floor":7,"key":"Pear"},{"floor":9,"key":"Boot"},{"floor":11,"key":"Whetstone"},{"floor":26,"key":"Bottled Flame"},{"floor":29,"key":"Vajra"},{"floor":30,"key":"Cables"},{"floor":41,"key":"HornCleat"},{"floor":43,"key":"Blood Vial"}],"event_choices":[{"damage_healed":0,"gold_gain":0,"cards_transformed":["Strike_B"],"player_choice":"Transformed","damage_taken":0,"max_hp_gain":0,"max_hp_loss":0,"event_name":"Transmorgrifier","floor":3,"gold_loss":0,"cards_obtained":["Reinforced Body"]},{"damage_healed":0,"gold_gain":0,"player_choice":"Traded Relic","damage_taken":0,"relics_obtained":["Nloth\u0027s Gift"],"max_hp_gain":0,"max_hp_loss":0,"event_name":"N\u0027loth","floor":19,"relics_lost":["Whetstone"],"gold_loss":0},{"damage_healed":0,"gold_gain":0,"player_choice":"Copied","damage_taken":0,"max_hp_gain":0,"max_hp_loss":0,"event_name":"Duplicator","floor":31,"gold_loss":0,"cards_obtained":["Defragment"]},{"damage_healed":0,"gold_gain":0,"player_choice":"Ignored","damage_taken":0,"max_hp_gain":0,"max_hp_loss":0,"event_name":"Tomb of Lord Red Mask","floor":38,"gold_loss":0},{"cards_removed":["Undo"],"damage_healed":0,"gold_gain":0,"player_choice":"Removed Skill","damage_taken":0,"max_hp_gain":0,"max_hp_loss":0,"event_name":"Falling","floor":42,"gold_loss":0}],"is_beta":false,"boss_relics":[{"not_picked":["Philosopher\u0027s Stone","SlaversCollar"],"picked":"Runic Pyramid"},{"not_picked":["Velvet Choker","SacredBark"],"picked":"Pandora\u0027s Box"}],"items_purged_floors":[39],"is_endless":true,"potions_floor_spawned":[1,5,7,16,18,24,30,33,35,37],"killed_by":"Transient","ascension_level":4}}