{"host":"vrsxkkch9ccrec7k","time":1611201693,"event":{"mods":["Act Like it!","BaseMod","Bestiary","Better Altar","Better Match","Better Note","Better Sensory Stone","Better Skull","Better Third Choice","Better Vampires","Downfall","Minty Spire (QoL Compilation)","Permanent Neow","Relic Stats","Spicy Shops","StSLib"],"gold_per_floor":[99,117,117,127,127,152,152,152,152,152],"floor_reached":8,"language":"ENG","playtime":399,"items_purged":[],"score":65,"play_id":"2e1b986c-6410-4ab8-a9a7-edbf42962c6c","local_time":"20210120230133","is_ascension_mode":true,"campfire_choices":[{"data":"sneckomod:Unknown","floor":1,"key":"SMITH"}],"circlet_count":0,"master_deck":["sneckomod:Strike","sneckomod:Strike","sneckomod:Strike","sneckomod:Defend","sneckomod:Defend","sneckomod:Defend","sneckomod:TailWhip","sneckomod:SnekBite","sneckomod:Unknown+1","sneckomod:Unknown+1","Bandage Up","sneckomod:RainOfDice","sneckomod:IronFang","sneckomod:UnknownBlock"],"relics":["sneckomod:SneckoSoul","Gremlin Horn","Matryoshka"],"acts_visited":["Exordium"],"potions_floor_usage":[6],"damage_taken":[{"damage":1,"enemies":"2 Louse","floor":2,"turns":3},{"damage":0,"enemies":"Small Slimes","floor":4,"turns":3},{"damage":55,"enemies":"Lagavulin","floor":6,"turns":6},{"damage":57,"enemies":"Gremlin Nob","floor":8,"turns":5}],"seed_played":"386324936296797791","potions_obtained":[{"floor":4,"key":"ColorlessPotion"}],"is_trial":false,"path_per_floor":["R","M","?","M","?","E","T","E"],"character_chosen":"THE_SNECKO","items_purchased":[],"campfire_rested":0,"item_purchase_floors":[],"current_hp_per_floor":[90,90,95,95,95,44,44,0,0,0],"gold":152,"neow_bonus":"RANDOM_COLORLESS","is_daily":false,"chose_seed":false,"campfire_upgraded":1,"win_rate":0.0,"timestamp":1611201693,"path_taken":["R","M","?","M","?","E","T","E"],"items_purchased_type":[],"build_version":"2020-12-22","purchased_purges":0,"victory":false,"max_hp_per_floor":[90,90,95,95,95,95,95,95,95,95],"relic_stats":{"Gremlin Horn":[0,0],"counters":[4,17],"obtain_stats":[{"Matryoshka":7,"Gremlin Horn":6,"sneckomod:SneckoSoul":0},{"Matryoshka":3,"Gremlin Horn":3,"sneckomod:SneckoSoul":0},{"Matryoshka":12,"Gremlin Horn":12,"sneckomod:SneckoSoul":0}]},"card_choices":[{"not_picked":["Panacea","Purity"],"picked":"Bandage Up","floor":0},{"not_picked":["sneckomod:Nope","sneckomod:SoulRoll"],"picked":"sneckomod:RainOfDice","floor":2},{"not_picked":["sneckomod:DefensiveFlair","sneckomod:SoulRoll"],"picked":"sneckomod:IronFang","floor":4},{"not_picked":["sneckomod:DiceCrush","sneckomod:DefensiveFlair"],"picked":"sneckomod:UnknownBlock","floor":6}],"player_experience":1657905,"relics_obtained":[{"floor":6,"key":"Gremlin Horn"},{"floor":7,"key":"Matryoshka"}],"event_choices":[{"damage_healed":0,"gold_gain":0,"player_choice":"Donut","damage_taken":0,"max_hp_gain":5,"max_hp_loss":0,"event_name":"Big Fish","floor":3,"gold_loss":0}],"is_beta":false,"boss_relics":[],"items_purged_floors":[],"is_endless":false,"potions_floor_spawned":[4],"killed_by":"Gremlin Nob","ascension_level":4}}