{"host":"sc0o2qwpf9j16a4i","time":1611271184,"event":{"mods":["AchievementEnabler","BaseMod","BetterRewards","Block Reminder","Colored Map","Colored Powertips","Custom Start","Highlight Path","Minty Spire (QoL Compilation)","Relic Stats"],"gold_per_floor":[112,128,140,151,151,183,183,21,95,126,145,161,181,202,202,278,278,293,293,208,226,259,289,289,317,317,337,102,134,34,66,66,143,143,157,157,69,80,80,111,131,149,174,6,25,25,52,67,67,67,67,67,67,13,48,48],"floor_reached":57,"language":"ENG","playtime":4053,"items_purged":["Strike_R+1","Strike_R+1"],"score":4154,"play_id":"2eb267eb-556f-4543-b51c-fb02a3418e21","local_time":"20210122011944","is_ascension_mode":true,"campfire_choices":[{"data":"Apotheosis","floor":7,"key":"SMITH"},{"floor":15,"key":"REST"},{"data":"Feel No Pain","floor":24,"key":"SMITH"},{"floor":32,"key":"REST"},{"floor":46,"key":"REST"},{"floor":49,"key":"RECALL"},{"floor":53,"key":"REST"}],"circlet_count":0,"master_deck":["AscendersBane","Strike_R+1","Defend_R+1","Defend_R+1","Defend_R+1","Defend_R+1","Bash","Whirlwind","Apotheosis+1","Shockwave+1","Shockwave+1","Battle Trance+1","Shrug It Off+1","Dark Embrace","Intimidate+1","Feel No Pain+1","Dual Wield+1","Seeing Red+1","Havoc+1","Feed","Shrug It Off+1","Shrug It Off+1","Headbutt","Feel No Pain","Feel No Pain+1","Barricade","Shockwave+1","Flame Barrier+1","Offering+1","Armaments+1","Disarm+1","Shrug It Off+1","Pommel Strike+1","Second Wind+1","Intimidate+1","Bloodletting+1","Warcry+1","Entrench+1","Flame Barrier+1","True Grit+1"],"relics":["Burning Blood","OrangePellets","Matryoshka","Sling","Bag of Preparation","Vajra","Lee\u0027s Waffle","Toxic Egg 2","Charon\u0027s Ashes","Dream Catcher","Letter Opener","Odd Mushroom","Empty Cage","Dead Branch","Red Mask","Oddly Smooth Stone","Shuriken","Red Skull","Molten Egg 2","DollysMirror","InkBottle","War Paint","Fusion Hammer","Unceasing Top","Omamori","Bag of Marbles","Medical Kit","Nunchaku","Bottled Tornado"],"acts_visited":["Exordium","TheCity","TheBeyond","TheEnding"],"potions_floor_usage":[6,14,16,18,25,27,47,51,56],"damage_taken":[{"damage":3,"enemies":"Cultist","floor":1,"turns":4},{"damage":4,"enemies":"Jaw Worm","floor":2,"turns":4},{"damage":0,"enemies":"2 Louse","floor":3,"turns":2},{"damage":14,"enemies":"Exordium Wildlife","floor":4,"turns":5},{"damage":10,"enemies":"Gremlin Nob","floor":6,"turns":3},{"damage":0,"enemies":"Lagavulin","floor":10,"turns":6},{"damage":0,"enemies":"Looter","floor":11,"turns":4},{"damage":0,"enemies":"Blue Slaver","floor":12,"turns":5},{"damage":0,"enemies":"Large Slime","floor":13,"turns":4},{"damage":2,"enemies":"The Mushroom Lair","floor":14,"turns":2},{"damage":0,"enemies":"The Guardian","floor":16,"turns":13},{"damage":6,"enemies":"Shell Parasite","floor":18,"turns":8},{"damage":0,"enemies":"Spheric Guardian","floor":21,"turns":2},{"damage":14,"enemies":"Masked Bandits","floor":22,"turns":4},{"damage":0,"enemies":"Slavers","floor":23,"turns":3},{"damage":14,"enemies":"Book of Stabbing","floor":25,"turns":6},{"damage":6,"enemies":"Snake Plant","floor":27,"turns":5},{"damage":46,"enemies":"Gremlin Leader","floor":29,"turns":7},{"damage":27,"enemies":"Slavers","floor":31,"turns":4},{"damage":22,"enemies":"Champ","floor":33,"turns":16},{"damage":4,"enemies":"3 Shapes","floor":35,"turns":3},{"damage":9,"enemies":"Orb Walker","floor":38,"turns":3},{"damage":18,"enemies":"Giant Head","floor":40,"turns":5},{"damage":25,"enemies":"Transient","floor":41,"turns":6},{"damage":17,"enemies":"Spire Growth","floor":42,"turns":6},{"damage":2,"enemies":"4 Shapes","floor":45,"turns":6},{"damage":18,"enemies":"Reptomancer","floor":47,"turns":9},{"damage":4,"enemies":"Jaw Worm Horde","floor":48,"turns":6},{"damage":28,"enemies":"Time Eater","floor":50,"turns":18},{"damage":31,"enemies":"Donu and Deca","floor":51,"turns":9},{"damage":42,"enemies":"Shield and Spear","floor":55,"turns":43},{"damage":18,"enemies":"The Heart","floor":56,"turns":11}],"seed_played":"1402032351722491308","potions_obtained":[{"floor":2,"key":"EssenceOfSteel"},{"floor":3,"key":"Fire Potion"},{"floor":12,"key":"BlessingOfTheForge"},{"floor":14,"key":"Block Potion"},{"floor":23,"key":"Explosive Potion"},{"floor":25,"key":"Block Potion"},{"floor":38,"key":"SteroidPotion"},{"floor":40,"key":"Swift Potion"},{"floor":45,"key":"LiquidBronze"},{"floor":47,"key":"GamblersBrew"},{"floor":55,"key":"GamblersBrew"}],"is_trial":false,"path_per_floor":["M","M","M","M","?","E","R","$","T","E","M","M","M","?","R","B",null,"M","?","?","M","?","E","R","E","T","M","$","E","$","E","R","B",null,"M","?","$","M","?","E","M","M","T","$","M","R","E","M","R","B","B",null,"R","$","E","B",null],"character_chosen":"IRONCLAD","items_purchased":["OrangePellets","Matryoshka","Sling","Bag of Preparation","Vajra","Whirlwind","Apotheosis","Lee\u0027s Waffle","Toxic Egg 2","Dark Embrace","Intimidate+1","DollysMirror","Disarm+1","Medical Kit","True Grit+1"],"campfire_rested":4,"item_purchase_floors":[0,0,0,0,0,0,0,0,0,8,8,28,37,44,54],"current_hp_per_floor":[82,82,82,74,62,58,58,58,58,64,70,76,82,82,82,82,82,86,86,86,86,82,91,91,87,87,91,91,55,55,38,70,58,99,105,105,105,106,106,94,75,68,68,68,76,112,104,106,106,88,63,114,131,131,99,87],"gold":48,"neow_bonus":"","is_daily":false,"chose_seed":false,"campfire_upgraded":2,"win_rate":0.0,"timestamp":1611271184,"path_taken":["M","M","M","?","?","E","R","$","T","E","M","?","M","?","R","BOSS","M","?","?","M","?","E","R","E","T","M","$","E","?","E","R","BOSS","M","?","$","M","?","E","?","M","T","$","M","R","E","M","R","BOSS","BOSS","R","$","E","BOSS"],"items_purchased_type":["Relic","Relic","Relic","Relic","Relic","Card","Card","Relic","Relic","Card","Card","Relic","Card","Relic","Card"],"build_version":"2020-12-22","purchased_purges":2,"victory":true,"max_hp_per_floor":[82,82,82,82,82,82,82,82,82,82,82,82,82,82,82,82,82,86,86,86,86,90,93,93,97,97,101,101,105,105,109,109,113,113,117,111,111,115,115,115,115,119,119,119,123,123,127,127,127,131,131,131,131,131,135,135],"relic_stats":{"Lee\u0027s Waffle":62,"counters":[62,425],"Dead Branch":[399],"Charon\u0027s Ashes":[1472],"Bag of Preparation":[64],"Letter Opener":[860],"War Paint":[],"Medical Kit":[18],"Burning Blood":165,"OrangePellets":[32],"Dream Catcher":4,"Nunchaku":[16],"Shuriken":[14],"obtain_stats":[{"Lantern":40,"Torii":55,"Vajra":0,"Bag of Preparation":0,"Bottled Tornado":55,"Smiling Mask":12,"Sling":0,"Empty Cage":17,"Burning Blood":0,"Blood Vial":22,"Nunchaku":42,"Centennial Puzzle":46,"Dream Catcher":9,"Matryoshka":0,"Mummified Hand":26,"DollysMirror":28,"Strawberry":8,"Fusion Hammer":17,"Red Mask":22,"Toxic Egg 2":0,"Red Skull":38,"InkBottle":29,"Lee\u0027s Waffle":0,"Dead Branch":20,"Oddly Smooth Stone":23,"PreservedInsect":31,"Charon\u0027s Ashes":6,"Omamori":40,"Letter Opener":10,"Orichalcum":9,"Odd Mushroom":14,"War Paint":31,"Medical Kit":44,"SlaversCollar":0,"OrangePellets":0,"Anchor":11,"Shuriken":25,"Snecko Eye":34,"Molten Egg 2":26,"Bag of Marbles":43,"Unceasing Top":39},{"Lantern":21,"Torii":29,"Vajra":30,"Bag of Preparation":30,"Bottled Tornado":61,"Smiling Mask":7,"Sling":30,"Empty Cage":41,"Burning Blood":0,"Blood Vial":13,"Nunchaku":23,"Centennial Puzzle":25,"Dream Catcher":35,"Matryoshka":30,"Mummified Hand":14,"DollysMirror":47,"Strawberry":6,"Fusion Hammer":9,"Red Mask":44,"Toxic Egg 2":30,"Red Skull":20,"InkBottle":48,"Lee\u0027s Waffle":30,"Dead Branch":42,"Oddly Smooth Stone":45,"PreservedInsect":17,"Charon\u0027s Ashes":35,"Omamori":53,"Letter Opener":36,"Orichalcum":6,"Odd Mushroom":40,"War Paint":49,"Medical Kit":55,"SlaversCollar":0,"OrangePellets":30,"Anchor":6,"Shuriken":46,"Snecko Eye":18,"Molten Egg 2":46,"Bag of Marbles":55,"Unceasing Top":52},{"Lantern":129,"Torii":187,"Vajra":193,"Bag of Preparation":193,"Bottled Tornado":414,"Smiling Mask":37,"Sling":193,"Empty Cage":245,"Burning Blood":0,"Blood Vial":76,"Nunchaku":141,"Centennial Puzzle":152,"Dream Catcher":211,"Matryoshka":193,"Mummified Hand":83,"DollysMirror":273,"Strawberry":32,"Fusion Hammer":51,"Red Mask":259,"Toxic Egg 2":193,"Red Skull":122,"InkBottle":280,"Lee\u0027s Waffle":193,"Dead Branch":253,"Oddly Smooth Stone":262,"PreservedInsect":100,"Charon\u0027s Ashes":211,"Omamori":311,"Letter Opener":217,"Orichalcum":32,"Odd Mushroom":232,"War Paint":284,"Medical Kit":323,"SlaversCollar":0,"OrangePellets":193,"Anchor":32,"Shuriken":268,"Snecko Eye":111,"Molten Egg 2":268,"Bag of Marbles":323,"Unceasing Top":306}],"InkBottle":[61],"Unceasing Top":[1]},"card_choices":[{"not_picked":["Ghostly Armor+1","Wild Strike"],"picked":"Shockwave+1","floor":1},{"not_picked":["Iron Wave","Evolve"],"picked":"Shockwave+1","floor":2},{"not_picked":["Shrug It Off+1","Twin Strike"],"picked":"Battle Trance+1","floor":3},{"not_picked":["Armaments+1","Iron Wave","Second Wind+1"],"picked":"SKIP","floor":4},{"not_picked":["Twin Strike","Ghostly Armor+1"],"picked":"Shrug It Off+1","floor":6},{"not_picked":["Sword Boomerang","Immolate"],"picked":"Feel No Pain","floor":10},{"not_picked":["Uppercut","Iron Wave"],"picked":"Dual Wield+1","floor":11},{"not_picked":["Clash","Wild Strike","Perfected Strike"],"picked":"SKIP","floor":12},{"not_picked":["Whirlwind","Dark Embrace","Cleave"],"picked":"SKIP","floor":13},{"not_picked":["Twin Strike","Rage+1"],"picked":"Seeing Red+1","floor":14},{"not_picked":["Blood for Blood","Headbutt"],"picked":"Havoc+1","floor":15},{"not_picked":["Demon Form","Immolate"],"picked":"Feed","floor":16},{"not_picked":["Dark Embrace","Warcry+1"],"picked":"Shrug It Off+1","floor":18},{"not_picked":["Perfected Strike","Clash"],"picked":"Shrug It Off+1","floor":21},{"not_picked":["Perfected Strike","Clothesline+1"],"picked":"Headbutt","floor":22},{"not_picked":["Iron Wave","Immolate","Clash"],"picked":"SKIP","floor":23},{"not_picked":["Body Slam+1","Combust"],"picked":"Feel No Pain","floor":25},{"not_picked":["Wild Strike+1","Sword Boomerang+1","Metallicize"],"picked":"SKIP","floor":27},{"not_picked":["Sentinel+1","Rage+1"],"picked":"Barricade","floor":29},{"not_picked":["Reckless Charge+1","Dark Embrace"],"picked":"Shockwave+1","floor":31},{"not_picked":["True Grit+1","Power Through+1"],"picked":"Flame Barrier+1","floor":32},{"not_picked":["Barricade","Berserk"],"picked":"Offering+1","floor":33},{"not_picked":["Havoc+1","Searing Blow+1"],"picked":"Armaments+1","floor":35},{"not_picked":["Heavy Blade+1","Pommel Strike+1"],"picked":"Shrug It Off+1","floor":38},{"not_picked":["Barricade","Rampage+1","Pommel Strike+1"],"picked":"SKIP","floor":40},{"not_picked":["Twin Strike+1","Heavy Blade+1"],"picked":"Pommel Strike+1","floor":41},{"not_picked":["Fire Breathing","Shrug It Off+1"],"picked":"Second Wind+1","floor":42},{"not_picked":["Thunderclap+1","Wild Strike+1"],"picked":"Intimidate+1","floor":45},{"not_picked":["Clash+1","Perfected Strike+1"],"picked":"Bloodletting+1","floor":46},{"not_picked":["Second Wind+1","Sword Boomerang+1"],"picked":"Warcry+1","floor":47},{"not_picked":["Iron Wave+1","Twin Strike+1"],"picked":"Entrench+1","floor":48},{"not_picked":["Shrug It Off+1","Warcry+1"],"picked":"Flame Barrier+1","floor":53},{"not_picked":["Whirlwind+1","Combust","Hemokinesis+1"],"picked":"SKIP","floor":55}],"player_experience":866595,"relics_obtained":[{"floor":6,"key":"Charon\u0027s Ashes"},{"floor":9,"key":"Dream Catcher"},{"floor":10,"key":"Letter Opener"},{"floor":14,"key":"Odd Mushroom"},{"floor":22,"key":"Red Mask"},{"floor":23,"key":"Oddly Smooth Stone"},{"floor":25,"key":"Shuriken"},{"floor":26,"key":"Red Skull"},{"floor":26,"key":"Molten Egg 2"},{"floor":29,"key":"InkBottle"},{"floor":31,"key":"War Paint"},{"floor":40,"key":"Omamori"},{"floor":43,"key":"Bag of Marbles"},{"floor":47,"key":"Nunchaku"},{"floor":55,"key":"Bottled Tornado"}],"event_choices":[{"damage_healed":0,"gold_gain":0,"player_choice":"Damaged","damage_taken":12,"max_hp_gain":0,"max_hp_loss":0,"event_name":"Wheel of Change","floor":5,"gold_loss":0},{"damage_healed":0,"gold_gain":0,"player_choice":"Fought Mushrooms","damage_taken":0,"max_hp_gain":0,"max_hp_loss":0,"event_name":"Mushrooms","floor":14,"gold_loss":0},{"damage_healed":0,"gold_gain":0,"player_choice":"Simplicity","damage_taken":0,"max_hp_gain":0,"max_hp_loss":0,"event_name":"Back to Basics","floor":19,"gold_loss":0,"cards_upgraded":["Strike_R","Strike_R","Strike_R","Defend_R","Defend_R","Defend_R","Defend_R"]},{"damage_healed":0,"gold_gain":0,"player_choice":"Obtained Relic","damage_taken":0,"relics_obtained":["Dead Branch"],"max_hp_gain":0,"max_hp_loss":0,"event_name":"Addict","floor":20,"gold_loss":85},{"damage_healed":0,"gold_gain":0,"player_choice":"Fought Bandits","damage_taken":0,"max_hp_gain":0,"max_hp_loss":0,"event_name":"Masked Bandits","floor":22,"gold_loss":0},{"damage_healed":0,"gold_gain":0,"player_choice":"Max HP","damage_taken":0,"max_hp_gain":0,"max_hp_loss":6,"event_name":"Winding Halls","floor":36,"gold_loss":0},{"damage_healed":0,"gold_gain":0,"player_choice":"Gave Potion","damage_taken":0,"relics_obtained":["Unceasing Top"],"max_hp_gain":0,"max_hp_loss":0,"event_name":"WeMeetAgain","floor":39,"gold_loss":0}],"is_beta":false,"boss_relics":[{"not_picked":["Runic Dome","Tiny House"],"picked":"Empty Cage"},{"not_picked":["Runic Pyramid","Calling Bell"],"picked":"Fusion Hammer"}],"items_purged_floors":[28,30],"is_endless":false,"potions_floor_spawned":[2,3,4,12,14,23,25,38,40,45,47,55],"ascension_level":20}}