{"host":"746m694if73h3gai","time":1611201349,"event":{"mods":["2.2 Compatiblity","AchievementEnabler","Act Like it!","BaseMod","Colored Map","Colored Powertips","Downfall","Minty Spire (QoL Compilation)","Quick Restart","Rare Cards Sparkle","Relic Stats","StSLib","everything is the same but u backflip on backflip","slay the spire mod where everything is the same but ironclad has a cowboy hat"],"gold_per_floor":[99,119,137,137,154,169,169,189,217,217,217,236,236,250,270,373,373,373,387,404,277,277,277,301,311,342,355,255,274,292,308,324,422,472,472,485,505,134,134,119,144,194,212,228,243,243,243,243],"floor_reached":46,"language":"ENG","playtime":3427,"items_purged":["bronze:Strike","Pain"],"score":502,"play_id":"d08573dd-4aab-4a72-a1cf-3c1efb1d02c9","local_time":"20210121045549","is_ascension_mode":false,"campfire_choices":[{"data":"bronze:Replicate","floor":1.0,"key":"SMITH"},{"data":"bronze:FollowUp","floor":11.0,"key":"SMITH"},{"data":"bronze:Boost","floor":13.0,"key":"SMITH"},{"data":"bronze:BuggyMess","floor":18,"key":"SMITH"},{"floor":28,"key":"REST"},{"floor":35,"key":"RECALL"}],"circlet_count":0,"master_deck":["bronze:Strike","bronze:Strike","bronze:Strike","bronze:Defend","bronze:Defend","bronze:Defend","bronze:Replicate+1","bronze:Goto","bronze:Frontload+1","bronze:FollowUp+1","bronze:Iterate","bronze:HyperBeam","bronze:Boost+1","bronze:Repair","bronze:BugBarrage","bronze:Safeguard","bronze:Flail","bronze:ChosenStrike","bronze:BuggyMess+1","bronze:Verify","bronze:FineTuning+1","bronze:OilSpill","bronze:Deprecate+1","bronze:Optimize","bronze:Shield+1","bronze:BuggyMess+1","bronze:ItsAFeature","bronze:Turbo","bronze:Verify","bronze:Shell","bronze:RecursiveStrike","bronze:Allocate+1","Normality","bronze:FollowUp"],"relics":["bronze:BronzeCore","Ornamental Fan","Darkstone Periapt","Blood Vial","Cursed Key","MutagenicStrength","Strawberry","MealTicket","downfall:HeartBlessingGreen","Tiny House","Bottled Tornado","Bird Faced Urn"],"acts_visited":["Exordium","TheCity","TheBeyond"],"potions_floor_usage":[26,26,33,37,45],"damage_taken":[{"damage":2.0,"enemies":"2 Louse","floor":2.0,"turns":3.0},{"damage":0.0,"enemies":"Small Slimes","floor":3.0,"turns":3.0},{"damage":1.0,"enemies":"Cultist","floor":5.0,"turns":4.0},{"damage":9.0,"enemies":"Large Slime","floor":6.0,"turns":6.0},{"damage":0.0,"enemies":"Blue Slaver","floor":8.0,"turns":3.0},{"damage":5.0,"enemies":"3 Sentries","floor":9.0,"turns":4.0},{"damage":4.0,"enemies":"Exordium Thugs","floor":12.0,"turns":5.0},{"damage":2.0,"enemies":"3 Louse","floor":14.0,"turns":2.0},{"damage":0.0,"enemies":"Exordium Wildlife","floor":15.0,"turns":3.0},{"damage":40.0,"enemies":"DF_ARCHETYPE_STREAMLINE","floor":16.0,"turns":9.0},{"damage":10,"enemies":"Shell Parasite","floor":19,"turns":5},{"damage":16,"enemies":"Chosen","floor":20,"turns":5},{"damage":0,"enemies":"downfall:FleeingMerchant","floor":21,"turns":4},{"damage":17,"enemies":"Snake Plant","floor":25,"turns":4},{"damage":29,"enemies":"Slavers","floor":26,"turns":5},{"damage":14,"enemies":"Sentry and Sphere","floor":27,"turns":4},{"damage":4,"enemies":"Chosen and Byrds","floor":29,"turns":5},{"damage":2,"enemies":"Snake Plant","floor":30,"turns":4},{"damage":9,"enemies":"Snecko","floor":31,"turns":4},{"damage":6,"enemies":"3 Cultists","floor":32,"turns":4},{"damage":79,"enemies":"WA_ARCHETYPE_CALM","floor":33,"turns":11},{"damage":23,"enemies":"3 Darklings","floor":36,"turns":4},{"damage":10,"enemies":"3 Shapes","floor":37,"turns":6},{"damage":5,"enemies":"downfall:FleeingMerchant","floor":38,"turns":4},{"damage":0,"enemies":"downfall:FleeingMerchant","floor":40,"turns":4},{"damage":14,"enemies":"downfall:FleeingMerchant","floor":42,"turns":8},{"damage":32,"enemies":"Spire Growth","floor":43,"turns":5},{"damage":30,"enemies":"Sphere and 2 Shapes","floor":44,"turns":5},{"damage":28,"enemies":"Jaw Worm Horde","floor":45,"turns":5},{"damage":56,"enemies":"Reptomancer","floor":46,"turns":9}],"seed_played":"9197297109893265965","potions_obtained":[{"floor":6.0,"key":"Block Potion"},{"floor":8.0,"key":"PowerPotion"},{"floor":9.0,"key":"LiquidBronze"},{"floor":27,"key":"bronze:FreeFunctionsPotion"},{"floor":29,"key":"DistilledChaos"},{"floor":32,"key":"bronze:BurnAndBuffPotion"},{"floor":34,"key":"SneckoOil"},{"floor":37,"key":"Slimebound:ThreeZeroPotion"},{"floor":42,"key":"EssenceOfSteel"},{"floor":43,"key":"LiquidMemories"},{"floor":45,"key":"CultistPotion"}],"is_trial":false,"path_per_floor":["R","M","M","?","M","M","T","M","E","?","R","M","R","M","M","B",null,"R","M","M","$","?","?","T","M","E","M","R","M","M","M","M","B",null,"R","M","M","$","?","$","T","?","M","M","M","E"],"character_chosen":"THE_AUTOMATON","items_purchased":["bronze:Optimize","Bottled Tornado"],"campfire_rested":1,"item_purchase_floors":[21,38],"current_hp_per_floor":[77,75,75,72,71,62,62,62,57,57,57,55,55,55,64,33,77,77,74,61,70,70,63,76,71,51,39,66,71,71,71,74,4,95,95,72,74,91,91,95,101,94,73,56,38,0,0,0],"gold":243,"neow_bonus":"TEN_PERCENT_HP_BONUS","is_daily":false,"chose_seed":false,"campfire_upgraded":4,"win_rate":0.0,"timestamp":1611201349,"path_taken":["R","M","M","?","M","M","T","M","E","?","R","?","R","M","M","BOSS","R","M","M","$","?","?","T","M","E","M","R","M","M","?","M","BOSS","R","M","M","$","?","$","T","?","M","M","?","E"],"items_purchased_type":["Card","Relic"],"build_version":"2020-12-22","purchased_purges":2,"victory":false,"max_hp_per_floor":[77,77,77,77,77,77,77,77,77,77,77,77,77,77,77,77,77,77,77,77,77,77,77,90,90,90,90,90,90,90,90,90,90,95,95,95,95,95,95,95,101,101,101,101,101,101,101,101],"relic_stats":{"Darkstone Periapt":12,"Blood Vial":40,"counters":[30,147],"Ornamental Fan":[160],"Bird Faced Urn":[18],"MealTicket":19,"Cursed Key":2,"obtain_stats":[{"Darkstone Periapt":7,"Blood Vial":9,"bronze:BronzeCore":0,"Tiny House":34,"Ornamental Fan":4,"MutagenicStrength":22,"Strawberry":24,"Bird Faced Urn":42,"MealTicket":26,"downfall:HeartBlessingGreen":28,"Bottled Tornado":38,"Cursed Key":17},{"Darkstone Periapt":4,"Blood Vial":6,"bronze:BronzeCore":0,"Tiny House":21,"Ornamental Fan":2,"MutagenicStrength":13,"Strawberry":13,"Bird Faced Urn":26,"MealTicket":15,"downfall:HeartBlessingGreen":16,"Bottled Tornado":24,"Cursed Key":10},{"Darkstone Periapt":16,"Blood Vial":23,"bronze:BronzeCore":0,"Tiny House":97,"Ornamental Fan":6,"MutagenicStrength":56,"Strawberry":56,"Bird Faced Urn":123,"MealTicket":65,"downfall:HeartBlessingGreen":69,"Bottled Tornado":111,"Cursed Key":42}]},"card_choices":[{"not_picked":["bronze:OilSpill","bronze:WhirlingStrike"],"picked":"bronze:Frontload","floor":2.0},{"not_picked":["bronze:Repair","bronze:Shield"],"picked":"bronze:FollowUp","floor":3.0},{"not_picked":["bronze:DelayedSlice","bronze:WildBeam"],"picked":"bronze:Iterate","floor":5.0},{"not_picked":["bronze:Iterate","bronze:Philosophize"],"picked":"bronze:HyperBeam","floor":6.0},{"not_picked":["bronze:Repair","bronze:Overheat"],"picked":"bronze:Boost","floor":8.0},{"not_picked":["bronze:WhirlingStrike","bronze:DelayedSlice"],"picked":"bronze:Repair","floor":9.0},{"not_picked":["bronze:Iterate","bronze:Allocate"],"picked":"bronze:Flail","floor":12.0},{"not_picked":["bronze:Deprecate","bronze:BugBarrage"],"picked":"bronze:ChosenStrike","floor":14.0},{"not_picked":["bronze:Invalidate","bronze:ItsAFeature"],"picked":"bronze:BuggyMess","floor":15.0},{"not_picked":["bronze:ShipIt","bronze:FindAndReplace"],"picked":"bronze:Verify","floor":16.0},{"not_picked":["bronze:Turbo","bronze:WildBeam"],"picked":"bronze:FineTuning+1","floor":19},{"not_picked":["bronze:Invalidate+1","bronze:DelayedGuard"],"picked":"bronze:OilSpill","floor":20},{"not_picked":["bronze:OilSpill","bronze:Iterate"],"picked":"bronze:Deprecate+1","floor":21},{"not_picked":["bronze:FollowUp","bronze:Return+1"],"picked":"bronze:Shield+1","floor":25},{"not_picked":["bronze:Branch","bronze:ForceShield"],"picked":"bronze:BuggyMess+1","floor":26},{"not_picked":["bronze:Backtrace","bronze:BuggyMess"],"picked":"bronze:ItsAFeature","floor":27},{"not_picked":["bronze:FineTuning","bronze:WhirlingStrike+1"],"picked":"bronze:Turbo","floor":29},{"not_picked":["bronze:BitShift+1","bronze:Allocate"],"picked":"bronze:Verify","floor":30},{"not_picked":["bronze:OilSpill+1","bronze:DelayedGuard"],"picked":"bronze:Shell","floor":31},{"not_picked":["bronze:Invalidate","bronze:Fortify","bronze:WhirlingStrike"],"picked":"SKIP","floor":32},{"not_picked":["bronze:HyperBeam","bronze:Format"],"picked":"bronze:RecursiveStrike","floor":33},{"not_picked":["bronze:Philosophize","bronze:Deprecate"],"picked":"bronze:Allocate+1","floor":34},{"not_picked":["bronze:Optimize","bronze:WildBeam","bronze:Repair"],"picked":"SKIP","floor":36},{"not_picked":["bronze:BuggyMess+1","bronze:Branch","bronze:Allocate+1"],"picked":"SKIP","floor":37},{"not_picked":["bronze:ClassDefault+1","bronze:Frontload","bronze:Deprecate+1"],"picked":"SKIP","floor":38},{"not_picked":["bronze:BronzeArmor","bronze:Philosophize","bronze:Backtrace+1"],"picked":"SKIP","floor":40},{"not_picked":["bronze:Branch","bronze:Shield","bronze:OilSpill+1"],"picked":"SKIP","floor":43},{"not_picked":["bronze:Backtrace","bronze:NullPointer","bronze:OilSpill"],"picked":"SKIP","floor":44},{"not_picked":["bronze:Fortify+1","bronze:ForLoop+1"],"picked":"bronze:FollowUp","floor":45}],"player_experience":132277,"relics_obtained":[{"floor":7.0,"key":"Darkstone Periapt"},{"floor":9.0,"key":"Blood Vial"},{"floor":24,"key":"Strawberry"},{"floor":26,"key":"MealTicket"},{"floor":42,"key":"Bird Faced Urn"}],"event_choices":[{"damage_healed":0.0,"max_hp_gain":0.0,"max_hp_loss":0.0,"gold_gain":0.0,"event_name":"Scrap Ooze","player_choice":"Success","floor":4.0,"gold_loss":0.0,"damage_taken":3.0,"relics_obtained":["Ornamental Fan"]},{"damage_healed":0,"gold_gain":0,"player_choice":"Inject Mutagens","damage_taken":0,"relics_obtained":["MutagenicStrength"],"max_hp_gain":0,"max_hp_loss":0,"event_name":"Drug Dealer","floor":22,"gold_loss":0},{"damage_healed":0,"gold_gain":0,"player_choice":"Damaged","damage_taken":7,"max_hp_gain":0,"max_hp_loss":0,"event_name":"Wheel of Change","floor":23,"gold_loss":0},{"cards_removed":["bronze:Defend"],"damage_healed":0,"gold_gain":0,"player_choice":"Removed Skill","damage_taken":0,"max_hp_gain":0,"max_hp_loss":0,"event_name":"Falling","floor":39,"gold_loss":0}],"is_beta":false,"boss_relics":[{"not_picked":["Runic Dome","Empty Cage"],"picked":"Cursed Key"},{"not_picked":["Velvet Choker","Runic Pyramid"],"picked":"Tiny House"}],"items_purged_floors":[21,38],"is_endless":false,"potions_floor_spawned":[6,8,9,16,19,27,29,30,31,32,37,42,43,45],"killed_by":"Reptomancer","ascension_level":0}}