{"host":"z4nt7tdd4gjrinn7","time":1611254331,"event":{"mods":["100% Spire Juice","BaseMod","Minty Spire (QoL Compilation)","StS++","StSLib","The Hierophant"],"gold_per_floor":[118,72,72,84,84,84,117,132,432,448,459,484,498,498,498,598,598,611,581,581],"floor_reached":19,"language":"ENG","playtime":1756,"items_purged":[],"score":213,"play_id":"a18a9a8f-2dbc-4d78-9839-409000e4b989","local_time":"20210121133851","is_ascension_mode":true,"campfire_choices":[{"data":"Cleave","floor":6,"key":"SMITH"},{"data":"Intimidate","floor":15,"key":"SMITH"}],"circlet_count":0,"master_deck":["Strike_R","Strike_R","Strike_R","Strike_R","Strike_R","Defend_R","Defend_R","Defend_R","Defend_R","Bash","Shrug It Off","Cleave+1","Perfected Strike+1","Dropkick","Flex","StSpp:Jab","Wild Strike","Intimidate+1","Demon Form","Body Slam"],"relics":["Burning Blood","Peace Pipe","Old Coin","Nunchaku","StSpp:PileOfSugar"],"acts_visited":["Exordium","TheCity"],"potions_floor_usage":[7,7,11,19],"damage_taken":[{"damage":5,"enemies":"Cultist","floor":1,"turns":4},{"damage":0,"enemies":"Small Slimes","floor":4,"turns":2},{"damage":19,"enemies":"3 Sentries","floor":7,"turns":3},{"damage":6,"enemies":"Jaw Worm","floor":8,"turns":2},{"damage":0,"enemies":"Lots of Slimes","floor":10,"turns":1},{"damage":4,"enemies":"Large Slime","floor":11,"turns":5},{"damage":21,"enemies":"Lagavulin","floor":12,"turns":5},{"damage":18,"enemies":"Red Slaver","floor":13,"turns":4},{"damage":55,"enemies":"Slime Boss","floor":16,"turns":13},{"damage":73,"enemies":"Shell Parasite","floor":18,"turns":4},{"damage":42,"enemies":"2 Thieves","floor":19,"turns":2}],"seed_played":"4085973664271394672","potions_obtained":[{"floor":1,"key":"Explosive Potion"},{"floor":4,"key":"DistilledChaos"},{"floor":10,"key":"PowerPotion"},{"floor":16,"key":"Dexterity Potion"},{"floor":18,"key":"StSpp:InhibitionPotion"}],"is_trial":false,"path_per_floor":["M","$","?","M","?","R","E","M","T","M","M","E","M","?","R","B",null,"M","M"],"character_chosen":"IRONCLAD","items_purchased":["Cleave"],"campfire_rested":0,"item_purchase_floors":[2],"current_hp_per_floor":[88,88,88,88,88,88,75,75,75,81,83,68,56,98,98,49,98,31,0,0],"gold":581,"neow_bonus":"TEN_PERCENT_HP_BONUS","is_daily":false,"chose_seed":false,"campfire_upgraded":2,"win_rate":0.0,"timestamp":1611254331,"path_taken":["M","$","?","M","?","R","E","M","T","M","?","E","?","?","R","BOSS","M","?"],"items_purchased_type":["Card"],"build_version":"2020-12-22","purchased_purges":0,"victory":false,"max_hp_per_floor":[88,88,88,88,88,88,88,88,88,88,88,88,88,98,98,98,98,98,98,98],"card_choices":[{"not_picked":["Battle Trance","Clothesline"],"picked":"Shrug It Off","floor":1},{"not_picked":["Wild Strike","Anger"],"picked":"Perfected Strike","floor":4},{"not_picked":["Entrench","StSpp:Succumb"],"picked":"Juggernaut","floor":7},{"not_picked":["Seeing Red","StSpp:TheBiggerTheyAre"],"picked":"Dropkick","floor":8},{"not_picked":["Headbutt","Heavy Blade"],"picked":"Flex","floor":10},{"not_picked":["Cleave","Clash"],"picked":"StSpp:Jab","floor":11},{"not_picked":["Clash","StSpp:Jab"],"picked":"Wild Strike","floor":12},{"not_picked":["Clothesline","Thunderclap"],"picked":"Intimidate","floor":13},{"not_picked":["Immolate","Reaper"],"picked":"Demon Form","floor":16},{"not_picked":["Havoc","StSpp:Succumb"],"picked":"Body Slam","floor":18}],"player_experience":144916,"relics_obtained":[{"floor":7,"key":"Peace Pipe"},{"floor":9,"key":"Old Coin"},{"floor":12,"key":"Nunchaku"}],"event_choices":[{"damage_healed":0,"gold_gain":0,"player_choice":"Ignored","damage_taken":0,"max_hp_gain":0,"max_hp_loss":0,"event_name":"Liars Game","floor":3,"gold_loss":0},{"damage_healed":0,"gold_gain":0,"player_choice":"Forge","damage_taken":0,"max_hp_gain":0,"max_hp_loss":0,"event_name":"Accursed Blacksmith","floor":5,"gold_loss":0,"cards_upgraded":["Perfected Strike"]},{"cards_removed":["Juggernaut"],"damage_healed":32,"gold_gain":0,"player_choice":"Offered Rare","damage_taken":0,"max_hp_gain":10,"max_hp_loss":0,"event_name":"Bonfire Elementals","floor":14,"gold_loss":0}],"is_beta":false,"boss_relics":[{"not_picked":["Cursed Key","Ectoplasm"],"picked":"StSpp:PileOfSugar"}],"items_purged_floors":[],"is_endless":false,"potions_floor_spawned":[1,4,10,16,18],"killed_by":"2 Thieves","ascension_level":1}}