{"host":"zig6x0mxqzam82fb","time":1611190574,"event":{"mods":["BaseMod","Block Reminder","Colored Map","Colored Powertips","Marisa????????","Minty Spire (QoL Compilation)","Relic Stats","StSLib","The Cursed","The Marked","Waifu the Spire"],"gold_per_floor":[110,285,285,298,18,52,66,66,90,101,101,121,132,151,151,254,254,273,20,30,30,42,42,61,61,140,140,173,192,192,204,204,309,309,329,348,98,110,125,125,144,158,158,158,158,211,211,223,223,223],"floor_reached":51,"language":"ENG","playtime":4459,"items_purged":["Doubt","Strike_G"],"score":975,"play_id":"4af017f6-d6fa-4b1a-8bc3-23b3202f14c4","local_time":"20210120195614","is_ascension_mode":true,"campfire_choices":[{"floor":8,"key":"REST"},{"data":"Storm of Steel","floor":11,"key":"SMITH"},{"floor":15,"key":"REST"},{"data":"Envenom","floor":23,"key":"SMITH"},{"floor":25,"key":"REST"},{"data":"Forethought","floor":27,"key":"SMITH"},{"floor":32,"key":"REST"},{"data":"Catalyst","floor":40,"key":"SMITH"},{"data":"Burst","floor":44,"key":"SMITH"},{"floor":47,"key":"REST"},{"data":"Blade Dance","floor":49,"key":"SMITH"}],"circlet_count":0,"master_deck":["AscendersBane","Strike_G+1","Strike_G","Strike_G","Defend_G","Defend_G","Defend_G","Defend_G","Defend_G","Survivor","Swift Strike","Masterful Stab+1","Poisoned Stab","Acrobatics","Dagger Throw","Dodge and Roll","Storm of Steel+1","Blade Dance+1","Predator","Noxious Fumes","Envenom+1","Prepared","Crippling Poison","Forethought+1","Burst+1","Prepared+1","Leg Sweep+1","PiercingWail","Catalyst+1","Dash","Corpse Explosion","Metamorphosis","Backflip+1"],"relics":["Ring of the Snake","Membership Card","Oddly Smooth Stone","Anchor","Art of War","Runic Pyramid","Meat on the Bone","Centennial Puzzle","HornCleat","Tough Bandages","Busted Crown","Dead Branch","Pear","Lizard Tail"],"acts_visited":["Exordium","TheCity","TheBeyond"],"potions_floor_usage":[16,18,24,28,28,50,50,50],"damage_taken":[{"damage":2,"enemies":"Small Slimes","floor":1,"turns":3},{"damage":0,"enemies":"Jaw Worm","floor":4,"turns":3},{"damage":32,"enemies":"Lagavulin","floor":6,"turns":6},{"damage":0,"enemies":"Cultist","floor":7,"turns":3},{"damage":5,"enemies":"Gremlin Gang","floor":10,"turns":5},{"damage":0,"enemies":"Exordium Wildlife","floor":12,"turns":2},{"damage":0,"enemies":"3 Louse","floor":13,"turns":3},{"damage":0,"enemies":"2 Fungi Beasts","floor":14,"turns":2},{"damage":45,"enemies":"Slime Boss","floor":16,"turns":9},{"damage":23,"enemies":"2 Thieves","floor":18,"turns":4},{"damage":8,"enemies":"3 Byrds","floor":20,"turns":6},{"damage":25,"enemies":"Snake Plant","floor":22,"turns":6},{"damage":19,"enemies":"Cultist and Chosen","floor":24,"turns":7},{"damage":17,"enemies":"Gremlin Leader","floor":28,"turns":7},{"damage":14,"enemies":"Centurion and Healer","floor":29,"turns":7},{"damage":0,"enemies":"Snecko","floor":31,"turns":7},{"damage":51,"enemies":"Collector","floor":33,"turns":13},{"damage":0,"enemies":"3 Shapes","floor":35,"turns":3},{"damage":0,"enemies":"Orb Walker","floor":36,"turns":4},{"damage":5,"enemies":"Jaw Worm Horde","floor":38,"turns":5},{"damage":0,"enemies":"3 Darklings","floor":39,"turns":4},{"damage":7,"enemies":"Transient","floor":41,"turns":5},{"damage":0,"enemies":"Jaw Worm Horde","floor":42,"turns":4},{"damage":0,"enemies":"2 Orb Walkers","floor":46,"turns":3},{"damage":0,"enemies":"Spire Growth","floor":48,"turns":4},{"damage":49,"enemies":"Time Eater","floor":50,"turns":8}],"seed_played":"3243145436979867849","potions_obtained":[{"floor":7,"key":"FearPotion"},{"floor":14,"key":"DuplicationPotion"},{"floor":16,"key":"Energy Potion"},{"floor":20,"key":"ColorlessPotion"},{"floor":24,"key":"FearPotion"},{"floor":28,"key":"Ancient Potion"},{"floor":33,"key":"Ancient Potion"},{"floor":38,"key":"DuplicationPotion"}],"is_trial":false,"path_per_floor":["M","?","?","M","$","E","M","R","T","M","R","M","M","M","R","B",null,"M","$","M","?","M","R","M","R","T","R","E","M","?","M","R","B",null,"M","M","$","M","M","R","M","M","T","R","?","?","R","M","R","B",null],"character_chosen":"THE_SILENT","items_purchased":["Membership Card","Oddly Smooth Stone","Acrobatics","Meat on the Bone","Crippling Poison","Forethought","Dead Branch","Metamorphosis"],"campfire_rested":5,"item_purchase_floors":[5,5,5,19,19,19,37,37],"current_hp_per_floor":[61,61,47,47,47,15,15,36,36,31,31,31,31,31,52,7,54,31,31,35,35,22,22,15,36,36,36,31,29,29,41,62,23,58,58,58,58,53,53,53,46,46,56,56,56,56,80,80,80,43],"gold":223,"neow_bonus":"RANDOM_COLORLESS","is_daily":false,"chose_seed":false,"campfire_upgraded":6,"win_rate":0.0,"timestamp":1611190574,"path_taken":["M","?","?","M","$","E","M","R","T","M","R","M","M","M","R","BOSS","M","$","M","?","M","R","M","R","T","R","E","M","?","M","R","BOSS","M","M","$","M","?","R","M","?","T","R","?","?","R","M","R","BOSS"],"items_purchased_type":["Relic","Relic","Card","Relic","Card","Card","Relic","Card"],"build_version":"2020-12-22","purchased_purges":2,"victory":true,"max_hp_per_floor":[70,70,70,70,70,70,70,70,70,70,70,70,70,70,70,70,70,70,70,70,70,70,70,70,70,70,70,70,70,70,70,70,70,70,70,70,70,70,70,70,70,70,80,80,80,80,80,80,80,80],"relic_stats":{"Centennial Puzzle":[23],"Tough Bandages":[360],"Lizard Tail":0,"Busted Crown":16,"counters":[26,133],"Dead Branch":[73],"Art of War":[15],"obtain_stats":[{"Pear":43,"Dead Branch":37,"Oddly Smooth Stone":5,"Anchor":6,"Centennial Puzzle":21,"Tough Bandages":28,"Lizard Tail":46,"HornCleat":26,"Busted Crown":34,"Art of War":9,"Membership Card":5,"Ring of the Snake":0,"Runic Pyramid":17,"Meat on the Bone":19},{"Pear":23,"Dead Branch":19,"Oddly Smooth Stone":2,"Anchor":3,"Centennial Puzzle":11,"Tough Bandages":14,"Lizard Tail":24,"HornCleat":13,"Busted Crown":17,"Art of War":4,"Membership Card":2,"Ring of the Snake":0,"Runic Pyramid":9,"Meat on the Bone":10},{"Pear":118,"Dead Branch":100,"Oddly Smooth Stone":6,"Anchor":12,"Centennial Puzzle":46,"Tough Bandages":66,"Lizard Tail":121,"HornCleat":59,"Busted Crown":93,"Art of War":15,"Membership Card":6,"Ring of the Snake":0,"Runic Pyramid":36,"Meat on the Bone":40}],"Ring of the Snake":[52],"Meat on the Bone":96},"card_choices":[{"not_picked":["Forethought","Good Instincts"],"picked":"Swift Strike","floor":0},{"not_picked":["Flechettes","Backflip"],"picked":"Masterful Stab","floor":1},{"not_picked":["PiercingWail","Bane"],"picked":"Poisoned Stab","floor":4},{"not_picked":["Eviscerate","Finisher"],"picked":"Dagger Throw","floor":6},{"not_picked":["Accuracy","Deflect"],"picked":"Dodge and Roll","floor":7},{"not_picked":["Endless Agony","Acrobatics"],"picked":"Storm of Steel","floor":10},{"not_picked":["Quick Slash","Slice"],"picked":"Blade Dance","floor":12},{"not_picked":["Deflect","Backstab"],"picked":"Predator","floor":13},{"not_picked":["Noxious Fumes","Riddle With Holes","Slice"],"picked":"SKIP","floor":14},{"not_picked":["Riddle With Holes","Slice"],"picked":"Noxious Fumes","floor":14},{"not_picked":["Die Die Die","Doppelganger"],"picked":"Envenom","floor":16},{"not_picked":["All Out Attack","Outmaneuver"],"picked":"Prepared","floor":18},{"not_picked":["Flying Knee","Riddle With Holes"],"picked":"Burst","floor":20},{"not_picked":["Quick Slash","Dagger Throw"],"picked":"Prepared+1","floor":22},{"not_picked":["Quick Slash+1","PiercingWail"],"picked":"Leg Sweep+1","floor":24},{"not_picked":["Bane","Backstab+1"],"picked":"PiercingWail","floor":28},{"not_picked":["Prepared","Outmaneuver+1"],"picked":"Catalyst","floor":29},{"not_picked":["Deadly Poison+1","Leg Sweep"],"picked":"Dash","floor":31},{"not_picked":["Grand Finale","A Thousand Cuts"],"picked":"Corpse Explosion","floor":33},{"not_picked":["Riddle With Holes"],"picked":"SKIP","floor":35},{"not_picked":["Dagger Spray+1"],"picked":"SKIP","floor":36},{"not_picked":["Dagger Spray"],"picked":"SKIP","floor":38},{"not_picked":["Dagger Spray"],"picked":"SKIP","floor":38},{"not_picked":[],"picked":"Backflip+1","floor":39},{"not_picked":["Prepared+1"],"picked":"SKIP","floor":41},{"not_picked":["Quick Slash+1"],"picked":"SKIP","floor":42},{"not_picked":["Prepared"],"picked":"SKIP","floor":48}],"player_experience":489108,"relics_obtained":[{"floor":6,"key":"Anchor"},{"floor":9,"key":"Art of War"},{"floor":26,"key":"HornCleat"},{"floor":28,"key":"Tough Bandages"},{"floor":43,"key":"Pear"},{"floor":46,"key":"Lizard Tail"}],"event_choices":[{"damage_healed":0,"gold_gain":175,"player_choice":"AGREE","damage_taken":0,"max_hp_gain":0,"max_hp_loss":0,"event_name":"Liars Game","floor":2,"gold_loss":0,"cards_obtained":["Doubt"]},{"damage_healed":0,"gold_gain":0,"player_choice":"Entered Light","damage_taken":14,"max_hp_gain":0,"max_hp_loss":0,"event_name":"Shining Light","floor":3,"gold_loss":0,"cards_upgraded":["Strike_G","Masterful Stab"]},{"damage_healed":0,"gold_gain":0,"player_choice":"Opened","damage_taken":0,"relics_obtained":["Centennial Puzzle"],"max_hp_gain":0,"max_hp_loss":0,"event_name":"The Mausoleum","floor":21,"gold_loss":0},{"cards_removed":["Strike_G"],"damage_healed":0,"gold_gain":0,"player_choice":"Purged","damage_taken":0,"max_hp_gain":0,"max_hp_loss":0,"event_name":"Purifier","floor":30,"gold_loss":0},{"cards_removed":["Neutralize"],"damage_healed":0,"gold_gain":0,"player_choice":"Removed Attack","damage_taken":0,"max_hp_gain":0,"max_hp_loss":0,"event_name":"Falling","floor":45,"gold_loss":0},{"damage_healed":0,"gold_gain":0,"player_choice":"Fight","damage_taken":0,"max_hp_gain":0,"max_hp_loss":0,"event_name":"Mysterious Sphere","floor":46,"gold_loss":0}],"is_beta":false,"boss_relics":[{"not_picked":["Runic Dome","WristBlade"],"picked":"Runic Pyramid"},{"not_picked":["Coffee Dripper","Velvet Choker"],"picked":"Busted Crown"}],"items_purged_floors":[5,19],"is_endless":false,"potions_floor_spawned":[7,14,16,20,24,28,33,38,39],"ascension_level":10}}