{"host":"6ayekdpky30mcb5q","time":1611195386,"event":{"mods":["Act Like it!","Bard","BaseMod","Colored Map","GifTheSpireLib","Gremlin Mod","Hallownest","Hermit","Hero for Fun","Highlight Path","Jorbs\u0027s Wanderer Trilogy","Minty Spire (QoL Compilation)","StSLib","The Bladedancer","The Bug Knight","The Disciple","The Forsaken","WoW Paladin Mod"],"gold_per_floor":[118,128,24,124,143,143,177,177,177,177,195,195,221,238,238,338,338,318,330,21,21,21,21,21,21,21,40,53,53,63,75,75,176,176,193,206,206,216,216,216],"floor_reached":39,"language":"ENG","playtime":3011,"items_purged":["Regret"],"score":410,"play_id":"2fcf6124-600c-437a-ac37-c75a795d18b5","local_time":"20210120201626","is_ascension_mode":false,"campfire_choices":[{"data":"stsjorbsmod:Stalwart","floor":6,"key":"SMITH"},{"data":"stsjorbsmod:HedgeWizard","floor":10,"key":"SMITH"},{"data":"stsjorbsmod:Thorns","floor":15,"key":"SMITH"},{"floor":23,"key":"REST"},{"floor":29,"key":"RECALL"},{"floor":32,"key":"REST"}],"circlet_count":0,"master_deck":["stsjorbsmod:ForbiddenGrimoire+1","stsjorbsmod:Strike_Wanderer","stsjorbsmod:Strike_Wanderer","stsjorbsmod:Strike_Wanderer","stsjorbsmod:Strike_Wanderer","stsjorbsmod:Defend_Wanderer+1","stsjorbsmod:Defend_Wanderer","stsjorbsmod:Defend_Wanderer+1","stsjorbsmod:Defend_Wanderer","stsjorbsmod:FreshAdventure","stsjorbsmod:EyeOfTheStorm","stsjorbsmod:Stalwart+1","stsjorbsmod:MagicMissiles","stsjorbsmod:ChainLightning+1","stsjorbsmod:ArcaneWeapon","stsjorbsmod:RayOfFrost","stsjorbsmod:HedgeWizard+1","stsjorbsmod:TrueStrike","stsjorbsmod:Thorns+1","stsjorbsmod:HoldMonster","stsjorbsmod:ChatteringStrike+1","stsjorbsmod:FindFamiliar","stsjorbsmod:Mending","stsjorbsmod:MageArmor+1","stsjorbsmod:Feast","stsjorbsmod:Materialize+1","stsjorbsmod:ColorSpray+1","Madness","Madness","Parasite"],"relics":["stsjorbsmod:GrimoireRelic","Shuriken","War Paint","Singing Bowl","Fusion Hammer","Blood Vial","Bag of Marbles","Oddly Smooth Stone","Runic Pyramid"],"acts_visited":["Exordium","TheCity","TheBeyond"],"potions_floor_usage":[],"damage_taken":[{"damage":5,"enemies":"Small Slimes","floor":1,"turns":3},{"damage":6,"enemies":"Cultist","floor":2,"turns":4},{"damage":1,"enemies":"Jaw Worm","floor":5,"turns":4},{"damage":10,"enemies":"3 Louse","floor":7,"turns":2},{"damage":0,"enemies":"Lots of Slimes","floor":11,"turns":1},{"damage":15,"enemies":"HollowMod:MossKnight","floor":13,"turns":7},{"damage":0,"enemies":"2 Fungi Beasts","floor":14,"turns":2},{"damage":33,"enemies":"Hexaghost","floor":16,"turns":8},{"damage":31,"enemies":"2 Thieves","floor":18,"turns":4},{"damage":9,"enemies":"Shell Parasite","floor":19,"turns":6},{"damage":22,"enemies":"Centurion and Healer","floor":27,"turns":6},{"damage":20,"enemies":"Snake Plant","floor":28,"turns":4},{"damage":11,"enemies":"Cultist and Chosen","floor":30,"turns":5},{"damage":15,"enemies":"3 Cultists","floor":31,"turns":5},{"damage":47,"enemies":"Automaton","floor":33,"turns":12},{"damage":3,"enemies":"3 Darklings","floor":35,"turns":4},{"damage":12,"enemies":"Orb Walker","floor":36,"turns":4},{"damage":15,"enemies":"Sphere and 2 Shapes","floor":38,"turns":5},{"damage":73,"enemies":"Writhing Mass","floor":39,"turns":6}],"seed_played":"-6588208897988288071","potions_obtained":[{"floor":1,"key":"SkillPotion"},{"floor":5,"key":"Energy Potion"},{"floor":14,"key":"Explosive Potion"}],"is_trial":false,"path_per_floor":["M","M","$","?","M","R","M","?","T","R","M","?","E","M","R","B",null,"M","M","$","?","?","R","$","?","T","M","M","R","M","M","R","B",null,"M","M","?","M","M"],"character_chosen":"WANDERER","items_purchased":["stsjorbsmod:ChainLightning","stsjorbsmod:ArcaneWeapon","stsjorbsmod:FindFamiliar","Blood Vial"],"campfire_rested":2,"item_purchase_floors":[3,3,20,20],"current_hp_per_floor":[73,70,70,70,71,71,62,62,62,62,63,56,44,46,46,13,78,52,45,45,45,45,69,69,69,69,60,45,45,45,39,65,23,88,88,83,72,64,0,0],"gold":216,"neow_bonus":"TEN_PERCENT_HP_BONUS","is_daily":false,"chose_seed":false,"campfire_upgraded":3,"win_rate":0.0,"timestamp":1611195386,"path_taken":["M","M","$","?","M","R","?","?","T","R","M","?","E","M","R","BOSS","M","M","$","?","?","R","?","?","T","M","?","R","M","M","R","BOSS","M","M","?","M","M"],"items_purchased_type":["Card","Card","Card","Relic"],"build_version":"2020-12-22","purchased_purges":1,"victory":false,"max_hp_per_floor":[76,76,76,76,76,76,76,76,76,76,76,76,76,78,78,78,78,80,80,80,80,80,80,80,80,80,86,86,86,88,88,88,88,88,88,90,90,92,92,92],"card_choices":[{"not_picked":["stsjorbsmod:TollTheDead","stsjorbsmod:DoubleCheck"],"picked":"stsjorbsmod:Stalwart","floor":1},{"not_picked":["stsjorbsmod:MistyStep","stsjorbsmod:Firebolt"],"picked":"stsjorbsmod:MagicMissiles","floor":2},{"not_picked":["stsjorbsmod:UnseenServant","stsjorbsmod:Index"],"picked":"stsjorbsmod:RayOfFrost","floor":5},{"not_picked":["stsjorbsmod:WanderingMind","stsjorbsmod:ChainLightning"],"picked":"stsjorbsmod:HedgeWizard","floor":7},{"not_picked":["stsjorbsmod:FracturedMind","stsjorbsmod:Prepare"],"picked":"stsjorbsmod:TrueStrike","floor":11},{"not_picked":["stsjorbsmod:UnseenServant","stsjorbsmod:Message"],"picked":"stsjorbsmod:Thorns","floor":13},{"not_picked":["stsjorbsmod:Will","stsjorbsmod:ChatteringStrike","stsjorbsmod:Prepare"],"picked":"Singing Bowl","floor":14},{"not_picked":["stsjorbsmod:ThirstingSword","stsjorbsmod:Withdraw"],"picked":"stsjorbsmod:HoldMonster","floor":16},{"not_picked":["stsjorbsmod:LocateObject","stsjorbsmod:ParryingBlow","stsjorbsmod:Stalwart"],"picked":"Singing Bowl","floor":18},{"not_picked":["stsjorbsmod:FracturedMind","stsjorbsmod:ChainLightning"],"picked":"stsjorbsmod:ChatteringStrike+1","floor":19},{"not_picked":["stsjorbsmod:Hurt","stsjorbsmod:WeightOfMemory+1","stsjorbsmod:Index"],"picked":"Singing Bowl","floor":27},{"not_picked":["stsjorbsmod:LoseGrip+1","stsjorbsmod:ScorchingRay"],"picked":"stsjorbsmod:Mending","floor":28},{"not_picked":["stsjorbsmod:WeightOfMemory+1","stsjorbsmod:OldPocket","stsjorbsmod:ParryingBlow"],"picked":"Singing Bowl","floor":30},{"not_picked":["stsjorbsmod:Index","stsjorbsmod:WeightOfMemory+1"],"picked":"stsjorbsmod:MageArmor+1","floor":31},{"not_picked":["stsjorbsmod:Determination","stsjorbsmod:CorrodingBarrier"],"picked":"stsjorbsmod:Feast","floor":33},{"not_picked":["stsjorbsmod:WeightOfMemory+1","stsjorbsmod:LoseGrip"],"picked":"stsjorbsmod:Materialize+1","floor":35},{"not_picked":["stsjorbsmod:Rest+1","stsjorbsmod:DisguiseSelf+1"],"picked":"stsjorbsmod:ColorSpray+1","floor":36},{"not_picked":["stsjorbsmod:TrueStrike","stsjorbsmod:UnseenServant","stsjorbsmod:ChainLightning+1"],"picked":"Singing Bowl","floor":38}],"player_experience":600247,"relics_obtained":[{"floor":13,"key":"Singing Bowl"},{"floor":26,"key":"Oddly Smooth Stone"}],"event_choices":[{"damage_healed":0,"gold_gain":100,"player_choice":"Pray","damage_taken":0,"max_hp_gain":0,"max_hp_loss":0,"event_name":"Golden Shrine","floor":4,"gold_loss":0},{"damage_healed":0,"gold_gain":0,"player_choice":"Box","damage_taken":0,"relics_obtained":["Shuriken"],"max_hp_gain":0,"max_hp_loss":0,"event_name":"Big Fish","floor":8,"gold_loss":0,"cards_obtained":["Regret"]},{"damage_healed":0,"gold_gain":0,"player_choice":"Success","damage_taken":7,"relics_obtained":["War Paint"],"max_hp_gain":0,"max_hp_loss":0,"event_name":"Scrap Ooze","floor":12,"gold_loss":0},{"damage_healed":0,"gold_gain":0,"player_choice":"Opened","damage_taken":0,"relics_obtained":["Bag of Marbles"],"max_hp_gain":0,"max_hp_loss":0,"event_name":"The Mausoleum","floor":21,"gold_loss":0},{"damage_healed":0,"gold_gain":0,"player_choice":"Ignored","damage_taken":0,"max_hp_gain":0,"max_hp_loss":0,"event_name":"Ghosts","floor":22,"gold_loss":0},{"damage_healed":0,"gold_gain":0,"player_choice":"Got Potions","damage_taken":0,"max_hp_gain":0,"max_hp_loss":0,"event_name":"Lab","floor":25,"gold_loss":0},{"damage_healed":0,"gold_gain":0,"player_choice":"Embrace Madness","damage_taken":11,"max_hp_gain":0,"max_hp_loss":0,"event_name":"Winding Halls","floor":37,"gold_loss":0,"cards_obtained":["Madness","Madness"]}],"is_beta":false,"boss_relics":[{"not_picked":["SacredBark","Tiny House"],"picked":"Fusion Hammer"},{"not_picked":["Philosopher\u0027s Stone","Astrolabe"],"picked":"Runic Pyramid"}],"items_purged_floors":[20],"is_endless":false,"potions_floor_spawned":[1,5,14,16,30,33,35],"killed_by":"Writhing Mass","ascension_level":0}}