{"host":"jmyzvm1p6bjfuoy1","time":1611255738,"event":{"mods":["2.2 Compatiblity","AchievementEnabler","Aspiration","BaseMod","BetterRewards","Conspire","Hubris","Hunter ??","Jedi Mod","Minty Spire (QoL Compilation)","Permanent Neow","Rare Cards Sparkle","Robot Space Explorer","Shop Mod","Spicy Shops","StSLib","The Runesmith"],"gold_per_floor":[114,114,133,32,51,51,70,98,123,161,161,11,186,524,524,524,524],"floor_reached":16,"language":"ENG","playtime":1121,"items_purged":[],"score":283,"play_id":"7e581295-f011-4071-8c56-d199148f938c","local_time":"20210121140218","daily_mods":["Chimera","Hoarder","Binary"],"is_ascension_mode":false,"campfire_choices":[{"floor":6,"key":"REST"},{"floor":11,"key":"REST"},{"floor":15,"key":"REST"}],"circlet_count":0,"master_deck":["Bash","Survivor","Zap","Eruption","Strike_R","Strike_G","Strike_B","Defend_R","Defend_G","Defend_P","Footwork","Footwork","Footwork","Injury","Injury","Injury","Sucker Punch","Sucker Punch","Sucker Punch","jedi:pocketpoison","jedi:pocketpoison","jedi:pocketpoison","Bane","Bane","Bane","Finisher","Finisher","Finisher","jedi:pocketpoison","jedi:pocketpoison","jedi:pocketpoison","Outmaneuver","Outmaneuver","Outmaneuver","Sucker Punch","Sucker Punch","Sucker Punch","Doubt","Doubt","Doubt","jedi:unstablefumes","jedi:unstablefumes","jedi:unstablefumes"],"relics":["Ring of the Snake","Golden Idol","Odd Mushroom","Lantern","jedi:catwich","TwistedFunnel","Old Coin"],"acts_visited":["Exordium"],"potions_floor_usage":[10,10,14],"damage_taken":[{"damage":2.0,"enemies":"2 Louse","floor":1.0,"turns":3.0},{"damage":6,"enemies":"conspire:RoseBush","floor":3,"turns":3},{"damage":0,"enemies":"Small Slimes","floor":5,"turns":2},{"damage":0,"enemies":"2 Fungi Beasts","floor":7,"turns":3},{"damage":12,"enemies":"The Mushroom Lair","floor":8,"turns":4},{"damage":4,"enemies":"Gremlin Nob","floor":10,"turns":3},{"damage":29,"enemies":"3 Sentries","floor":14,"turns":5},{"damage":66,"enemies":"Slime Boss","floor":16,"turns":8}],"seed_played":"811174962971598332","potions_obtained":[{"floor":1.0,"key":"Poison Potion"},{"floor":3,"key":"Explosive Potion"},{"floor":7,"key":"BlessingOfTheForge"},{"floor":10,"key":"GhostInAJar"}],"is_trial":false,"path_per_floor":["M","?","M","$","M","R","M","?","T","E","R","$","?","E","R","B"],"character_chosen":"THE_SILENT","items_purchased":["jedi:pocketpoison","Bane","TwistedFunnel"],"campfire_rested":3,"item_purchase_floors":[4,4,12],"current_hp_per_floor":[68,68,62,62,62,70,70,58,58,54,70,70,70,41,62,0,0],"gold":524,"neow_bonus":"","is_daily":true,"chose_seed":false,"campfire_upgraded":0,"win_rate":0.0,"timestamp":1611255738,"path_taken":["M","?","M","$","M","R","M","?","T","E","R","$","?","E","R","BOSS"],"items_purchased_type":["Card","Card","Relic"],"build_version":"2020-12-22","purchased_purges":0,"victory":false,"max_hp_per_floor":[70,70,70,70,70,70,70,70,70,70,70,70,70,70,70,70,70],"card_choices":[{"not_picked":["Flechettes"],"picked":"Footwork","floor":1.0},{"not_picked":["Quick Slash"],"picked":"Sucker Punch","floor":3},{"not_picked":["Prepared"],"picked":"Finisher","floor":5},{"not_picked":["Accuracy"],"picked":"jedi:pocketpoison","floor":7},{"not_picked":["Prepared"],"picked":"Outmaneuver","floor":8},{"not_picked":["hubris:SlightOfHand"],"picked":"Sucker Punch","floor":10},{"not_picked":["Riddle With Holes"],"picked":"jedi:unstablefumes","floor":14}],"player_experience":306899,"relics_obtained":[{"floor":8,"key":"Odd Mushroom"},{"floor":9,"key":"Lantern"},{"floor":10,"key":"jedi:catwich"},{"floor":14,"key":"Old Coin"}],"event_choices":[{"damage_healed":0.0,"max_hp_gain":0.0,"max_hp_loss":0.0,"gold_gain":0.0,"event_name":"Golden Idol","player_choice":"Take Wound","floor":2.0,"gold_loss":0.0,"damage_taken":0.0,"relics_obtained":["Golden Idol"],"cards_obtained":["Injury"]},{"damage_healed":0,"gold_gain":0,"player_choice":"Fought Mushrooms","damage_taken":0,"max_hp_gain":0,"max_hp_loss":0,"event_name":"Mushrooms","floor":8,"gold_loss":0},{"damage_healed":0,"gold_gain":175,"player_choice":"AGREE","damage_taken":0,"max_hp_gain":0,"max_hp_loss":0,"event_name":"Liars Game","floor":13,"gold_loss":0,"cards_obtained":["Doubt"]}],"is_beta":false,"boss_relics":[],"items_purged_floors":[],"is_endless":false,"potions_floor_spawned":[1,3,7,10],"killed_by":"Slime Boss","ascension_level":0}}