{"host":"tmgdm9kau0qip004","time":1611202828,"event":{"mods":["BaseMod","Downfall","KinomotoSakuraMod(ƒæ÷Æ±æ”£)","Marisa£®ÏF”Í°°ƒß¿Ì…≥£©","Minty Spire (QoL Compilation)","READ ME - Guardian Mod","Reimu£®≤©¿ˆ¡È√Œ£©","Remilia£®¿Ÿ√◊¿Ú—«£©","StSLib","The Senshi","Youmu£®ªÍ∆«—˝√Œ£©","Yuyuko","vexMod"],"gold_per_floor":[99,99,99,99,99,99,148,164,182,182,182,182],"floor_reached":10,"language":"ZHS","playtime":285,"items_purged":[],"score":54,"play_id":"abe3cf3f-ece1-4f25-a1cd-c60667c47ca7","local_time":"20210121122028","is_ascension_mode":false,"campfire_choices":[{"floor":1,"key":"RECALL"}],"circlet_count":0,"master_deck":["hexamod:Strike","hexamod:Strike","hexamod:Strike","hexamod:Strike","hexamod:Defend","hexamod:Defend","hexamod:Defend","hexamod:Defend","hexamod:Sear","hexamod:Float","hexamod:Firestarter","hexamod:ThermalTransfer","hexamod:BurningTouch","hexamod:AdvancingGuard","hexamod:BurningTouch"],"relics":["hexamod:SpiritBrand","downfall:HeartsMalice","vexMod:BarristanHead","vexMod:MemoryStick"],"acts_visited":["Exordium"],"potions_floor_usage":[],"damage_taken":[{"damage":0,"enemies":"2 Louse","floor":2,"turns":1},{"damage":0,"enemies":"Jaw Worm","floor":4,"turns":1},{"damage":0,"enemies":"Cultist","floor":5,"turns":1},{"damage":9,"enemies":"3 Louse","floor":8,"turns":4},{"damage":0,"enemies":"2 Fungi Beasts","floor":9,"turns":3},{"damage":0,"enemies":"3 Sentries","floor":10,"turns":1}],"seed_played":"3649112477877522953","potions_obtained":[{"floor":9,"key":"Explosive Potion"}],"is_trial":false,"path_per_floor":["R","M","?","M","M","?","T","M","M","E"],"character_chosen":"THE_SPIRIT","items_purchased":[],"campfire_rested":0,"item_purchase_floors":[],"current_hp_per_floor":[70,70,45,45,45,45,45,36,36,36,36,36],"gold":182,"neow_bonus":"THREE_ENEMY_KILL","is_daily":false,"chose_seed":false,"campfire_upgraded":0,"win_rate":0.0,"timestamp":1611202828,"path_taken":["R","M","?","M","M","?","T","M","M","E"],"items_purchased_type":[],"build_version":"2020-12-22","purchased_purges":0,"victory":false,"max_hp_per_floor":[70,70,70,70,70,70,70,70,70,70,70,70],"card_choices":[{"not_picked":["hexamod:NightmareStrike","hexamod:SpectralAdrenaline"],"picked":"hexamod:Firestarter","floor":2},{"not_picked":["hexamod:InspiringFlames","hexamod:NightmareGuise"],"picked":"hexamod:ThermalTransfer","floor":4},{"not_picked":["hexamod:Rewind","hexamod:InspiringFlames"],"picked":"hexamod:BurningTouch","floor":5},{"not_picked":["hexamod:InspiringFlames","hexamod:SpectersWail"],"picked":"hexamod:AdvancingGuard","floor":8},{"not_picked":["hexamod:Incineration","hexamod:HauntingEcho"],"picked":"hexamod:BurningTouch","floor":9}],"player_experience":126288,"relics_obtained":[{"floor":7,"key":"vexMod:MemoryStick"}],"event_choices":[{"damage_healed":0,"gold_gain":0,"player_choice":"Success","damage_taken":25,"relics_obtained":["vexMod:BarristanHead"],"max_hp_gain":0,"max_hp_loss":0,"event_name":"Scrap Ooze","floor":3,"gold_loss":0}],"is_beta":false,"boss_relics":[],"items_purged_floors":[],"is_endless":false,"potions_floor_spawned":[9],"killed_by":"3 Sentries","ascension_level":0}}