{"host":"f0gpob8hq9vgebej","time":1611235424,"event":{"mods":["AchievementEnabler","BaseMod","Minty Spire (QoL Compilation)","Quick Restart","SuperFastMode"],"gold_per_floor":[17,17,27,37,51,51,64,30,53,79,94,44,44,44,44,142,142,153,153,163,113,126,126,139,139,139,149,149,149],"floor_reached":28,"language":"KOR","playtime":939,"items_purged":["Strike_G","Strike_G"],"score":278,"play_id":"95a131fc-132b-4448-a81a-e3e90e00731a","local_time":"20210121222344","is_ascension_mode":true,"campfire_choices":[{"data":"Tactician","floor":6,"key":"SMITH"},{"floor":13,"key":"REST"},{"data":"Deadly Poison","floor":15,"key":"SMITH"},{"data":"Calculated Gamble","floor":23,"key":"SMITH"},{"floor":25,"key":"REST"}],"circlet_count":0,"master_deck":["Strike_G","Strike_G","Defend_G","Defend_G","Defend_G","Defend_G","Survivor","Neutralize","Acrobatics","Purity","Calculated Gamble+1","Deadly Poison+1","Tactician+1","Poisoned Stab","Acrobatics","Reflex","PiercingWail","Malaise","Blade Dance","Cloak And Dagger+1","Doubt"],"relics":["Ring of the Snake","Smiling Mask","Bronze Scales","Blue Candle","Cursed Key","Question Card"],"acts_visited":["Exordium","TheCity"],"potions_floor_usage":[10,11,11,20],"damage_taken":[{"damage":0,"enemies":"Small Slimes","floor":1,"turns":4},{"damage":0,"enemies":"Cultist","floor":3,"turns":4},{"damage":5,"enemies":"Jaw Worm","floor":4,"turns":5},{"damage":3,"enemies":"Looter","floor":5,"turns":4},{"damage":15,"enemies":"Exordium Wildlife","floor":7,"turns":6},{"damage":39,"enemies":"3 Sentries","floor":10,"turns":9},{"damage":0,"enemies":"Gremlin Gang","floor":11,"turns":3},{"damage":4,"enemies":"The Guardian","floor":16,"turns":6},{"damage":18,"enemies":"Spheric Guardian","floor":18,"turns":5},{"damage":19,"enemies":"2 Thieves","floor":20,"turns":3},{"damage":6,"enemies":"Chosen and Byrds","floor":22,"turns":4},{"damage":10,"enemies":"Snecko","floor":24,"turns":6},{"damage":13,"enemies":"Snake Plant","floor":27,"turns":4},{"damage":0,"enemies":"Gremlin Leader","floor":28,"turns":1}],"seed_played":"8799962155636568260","potions_obtained":[{"floor":4,"key":"Energy Potion"},{"floor":5,"key":"CunningPotion"},{"floor":10,"key":"DuplicationPotion"},{"floor":11,"key":"Explosive Potion"},{"floor":22,"key":"LiquidBronze"},{"floor":24,"key":"Fire Potion"}],"is_trial":false,"path_per_floor":["M","?","M","M","M","R","M","$","T","E","M","$","R","T","R","B",null,"M","?","M","$","M","R","M","R","T","M","E"],"character_chosen":"THE_SILENT","items_purchased":["Reflex"],"campfire_rested":2,"item_purchase_floors":[8],"current_hp_per_floor":[70,70,70,65,62,62,47,47,47,8,8,8,29,29,29,25,59,41,41,22,22,16,16,6,27,27,14,14,14],"gold":149,"neow_bonus":"REMOVE_TWO","is_daily":false,"chose_seed":false,"campfire_upgraded":3,"win_rate":0.0,"timestamp":1611235424,"path_taken":["M","?","M","?","M","R","M","$","T","E","?","?","R","?","R","BOSS","M","?","M","$","M","R","M","R","T","M","E"],"items_purchased_type":["Card"],"build_version":"2020-12-22","purchased_purges":2,"victory":false,"max_hp_per_floor":[70,70,70,70,70,70,70,70,70,70,70,70,70,70,70,70,70,70,70,70,70,70,70,70,70,70,70,70,70],"card_choices":[{"not_picked":["PiercingWail","Reflex"],"picked":"Acrobatics","floor":1},{"not_picked":["Dagger Throw","Underhanded Strike"],"picked":"Deadly Poison","floor":3},{"not_picked":["Noxious Fumes","Bouncing Flask"],"picked":"Tactician","floor":4},{"not_picked":["Flying Knee","Dash"],"picked":"Poisoned Stab","floor":5},{"not_picked":["Cloak And Dagger","Outmaneuver"],"picked":"Acrobatics","floor":7},{"not_picked":["Caltrops","Bane"],"picked":"PiercingWail","floor":10},{"not_picked":["Expertise","PiercingWail","Bullet Time"],"picked":"SKIP","floor":11},{"not_picked":["Night Terror","Doppelganger"],"picked":"Malaise","floor":16},{"not_picked":["Slice+1","Endless Agony"],"picked":"Blade Dance","floor":18},{"not_picked":["Finisher","Dagger Throw+1"],"picked":"Cloak And Dagger+1","floor":20},{"not_picked":["Endless Agony","Bouncing Flask","Deflect"],"picked":"SKIP","floor":22},{"not_picked":["Dagger Throw","Distraction","Outmaneuver"],"picked":"SKIP","floor":24},{"not_picked":["Bane","Dagger Spray+1","Underhanded Strike","Deadly Poison"],"picked":"SKIP","floor":27}],"player_experience":196807,"relics_obtained":[{"floor":9,"key":"Smiling Mask"},{"floor":10,"key":"Bronze Scales"},{"floor":14,"key":"Blue Candle"},{"floor":26,"key":"Question Card"}],"event_choices":[{"damage_healed":0,"gold_gain":0,"player_choice":"2 cards matched","damage_taken":0,"max_hp_gain":0,"max_hp_loss":0,"event_name":"Match and Keep!","floor":2,"gold_loss":0,"cards_obtained":["Purity","Calculated Gamble"]},{"damage_healed":0,"gold_gain":0,"player_choice":"Ignored","damage_taken":0,"max_hp_gain":0,"max_hp_loss":0,"event_name":"Cursed Tome","floor":19,"gold_loss":0}],"is_beta":false,"boss_relics":[{"not_picked":["Fusion Hammer","Philosopher\u0027s Stone"],"picked":"Cursed Key"}],"items_purged_floors":[12,21],"is_endless":false,"potions_floor_spawned":[4,5,10,11,22,24],"killed_by":"Gremlin Leader","ascension_level":5}}