{"host":"pnjthw6sukprvbcr","time":1611268112,"event":{"mods":["AchievementEnabler","BaseMod","Block Reminder","Highlight Path","Minty Spire (QoL Compilation)","Relic Stats"],"gold_per_floor":[112,122,138,138,152,181,181,181,204,229,229,248,264,241,241,336,336,349,229,246,246,262,294,294,218,218,218,45,63,63,97,97,97,97],"floor_reached":33,"language":"ENG","playtime":6844,"items_purged":["Defend_G","Regret"],"score":325,"play_id":"3b34e833-e21d-49d9-8b0a-718950e19cb2","local_time":"20210121172832","is_ascension_mode":true,"campfire_choices":[{"data":"Noxious Fumes","floor":8,"key":"SMITH"},{"floor":11,"key":"REST"},{"data":"Backflip","floor":15,"key":"SMITH"},{"data":"Wraith Form v2","floor":24,"key":"SMITH"},{"floor":32,"key":"REST"}],"circlet_count":0,"master_deck":["Strike_G","Strike_G","Strike_G","Strike_G","Defend_G","Defend_G","Defend_G","Defend_G","Survivor","Neutralize","Flying Knee","Heel Hook","Poisoned Stab","Calculated Gamble","Noxious Fumes+1","Noxious Fumes","Backflip+1","Cloak And Dagger","Wraith Form v2+1","Blade Dance","Sucker Punch","Slice+1","Blade Dance","Escape Plan+1","Blade Dance+1","Survivor","Bouncing Flask","Cloak And Dagger+1"],"relics":["Cursed Key","Orichalcum","Omamori","Toy Ornithopter","Bronze Scales","Calling Bell","Boot","Gremlin Horn","Incense Burner","Juzu Bracelet","Tingsha","Blood Vial"],"acts_visited":["Exordium","TheCity"],"potions_floor_usage":[6,10,23,23,23,29],"damage_taken":[{"damage":1,"enemies":"Small Slimes","floor":1,"turns":4},{"damage":0,"enemies":"Cultist","floor":2,"turns":4},{"damage":2,"enemies":"Jaw Worm","floor":3,"turns":4},{"damage":1,"enemies":"Red Slaver","floor":5,"turns":4},{"damage":14,"enemies":"3 Sentries","floor":6,"turns":7},{"damage":11,"enemies":"Lagavulin","floor":10,"turns":5},{"damage":1,"enemies":"Looter","floor":12,"turns":3},{"damage":1,"enemies":"Blue Slaver","floor":13,"turns":3},{"damage":26,"enemies":"The Guardian","floor":16,"turns":9},{"damage":0,"enemies":"Chosen","floor":18,"turns":6},{"damage":14,"enemies":"2 Thieves","floor":20,"turns":4},{"damage":12,"enemies":"Centurion and Healer","floor":22,"turns":8},{"damage":2,"enemies":"Book of Stabbing","floor":23,"turns":6},{"damage":8,"enemies":"Snake Plant","floor":29,"turns":3},{"damage":10,"enemies":"Gremlin Leader","floor":31,"turns":5},{"damage":55,"enemies":"Collector","floor":33,"turns":7}],"seed_played":"-2878055997992563785","potions_obtained":[{"floor":2,"key":"ColorlessPotion"},{"floor":5,"key":"Poison Potion"},{"floor":13,"key":"SpeedPotion"},{"floor":18,"key":"Dexterity Potion"},{"floor":22,"key":"DuplicationPotion"},{"floor":29,"key":"LiquidBronze"},{"floor":31,"key":"FearPotion"}],"is_trial":false,"path_per_floor":["M","M","M","?","M","E","?","R","T","E","R","M","M","$","R","B",null,"M","$","M","?","M","E","R","$","T","?","$","M","?","E","R","B"],"character_chosen":"THE_SILENT","items_purchased":["Cloak And Dagger","Sucker Punch","LiquidMemories","Bouncing Flask"],"campfire_rested":2,"item_purchase_floors":[14,19,25,28],"current_hp_per_floor":[69,69,67,64,63,49,42,42,42,36,57,56,55,55,55,29,70,70,70,56,56,44,57,57,57,57,57,57,54,41,31,53,0,0],"gold":97,"neow_bonus":"BOSS_RELIC","is_daily":false,"chose_seed":false,"campfire_upgraded":3,"win_rate":0.0,"timestamp":1611268112,"path_taken":["M","M","M","?","M","E","?","R","T","E","R","M","M","$","R","BOSS","M","$","M","?","M","E","R","$","T","?","?","M","?","E","R","BOSS"],"items_purchased_type":["Card","Card","Potion","Card"],"build_version":"2020-12-22","purchased_purges":2,"victory":false,"max_hp_per_floor":[70,70,70,70,70,70,70,70,70,70,70,70,70,70,70,70,70,70,70,70,70,70,70,70,70,70,70,70,70,75,75,75,75,75],"relic_stats":{"Blood Vial":2,"Gremlin Horn":[7,7],"counters":[16,82],"Bronze Scales":[163],"Tingsha":[18],"Juzu Bracelet":1,"Orichalcum":[114],"Cursed Key":2,"Boot":[101],"obtain_stats":[{"Gremlin Horn":17,"Tingsha":26,"Omamori":6,"Incense Burner":17,"Juzu Bracelet":23,"Orichalcum":4,"Cursed Key":0,"Boot":17,"Calling Bell":17,"Blood Vial":31,"Bronze Scales":10,"Toy Ornithopter":9,"Ring of the Snake":0},{"Gremlin Horn":9,"Tingsha":13,"Omamori":5,"Incense Burner":9,"Juzu Bracelet":13,"Orichalcum":3,"Cursed Key":0,"Boot":9,"Calling Bell":9,"Blood Vial":15,"Bronze Scales":6,"Toy Ornithopter":5,"Ring of the Snake":0},{"Gremlin Horn":43,"Tingsha":67,"Omamori":23,"Incense Burner":43,"Juzu Bracelet":67,"Orichalcum":12,"Cursed Key":0,"Boot":43,"Calling Bell":43,"Blood Vial":75,"Bronze Scales":28,"Toy Ornithopter":23,"Ring of the Snake":0}],"Toy Ornithopter":25},"card_choices":[{"not_picked":["Deadly Poison","Bane"],"picked":"Flying Knee","floor":1},{"not_picked":["Underhanded Strike","Bane"],"picked":"Heel Hook","floor":2},{"not_picked":["Terror","Caltrops"],"picked":"Poisoned Stab","floor":3},{"not_picked":["Tactician","Expertise"],"picked":"Calculated Gamble","floor":5},{"not_picked":["Footwork","Adrenaline"],"picked":"Noxious Fumes","floor":6},{"not_picked":["Backstab","Infinite Blades"],"picked":"Noxious Fumes","floor":10},{"not_picked":["Slice","Outmaneuver"],"picked":"Backflip","floor":12},{"not_picked":["Acrobatics","Dagger Spray","Flying Knee"],"picked":"SKIP","floor":13},{"not_picked":["Malaise","Night Terror"],"picked":"Wraith Form v2","floor":16},{"not_picked":["Underhanded Strike","Deflect"],"picked":"Blade Dance","floor":18},{"not_picked":["Flying Knee","Sucker Punch"],"picked":"Slice+1","floor":20},{"not_picked":["Expertise","Cloak And Dagger+1"],"picked":"Escape Plan+1","floor":22},{"not_picked":["Caltrops","Phantasmal Killer"],"picked":"Blade Dance+1","floor":23},{"not_picked":["Heel Hook","Deflect","Underhanded Strike+1"],"picked":"SKIP","floor":29},{"not_picked":["Heel Hook","Reflex+1"],"picked":"Cloak And Dagger+1","floor":31}],"player_experience":135978,"relics_obtained":[{"floor":6,"key":"Omamori"},{"floor":9,"key":"Toy Ornithopter"},{"floor":10,"key":"Bronze Scales"},{"floor":17,"key":"Boot"},{"floor":17,"key":"Gremlin Horn"},{"floor":17,"key":"Incense Burner"},{"floor":23,"key":"Juzu Bracelet"},{"floor":26,"key":"Tingsha"},{"floor":31,"key":"Blood Vial"}],"event_choices":[{"damage_healed":0,"gold_gain":0,"player_choice":"Success","damage_taken":3,"relics_obtained":["Orichalcum"],"max_hp_gain":0,"max_hp_loss":0,"event_name":"Scrap Ooze","floor":4,"gold_loss":0},{"cards_removed":["Strike_G"],"damage_healed":0,"gold_gain":0,"player_choice":"Card Removal","damage_taken":7,"max_hp_gain":0,"max_hp_loss":0,"event_name":"Golden Wing","floor":7,"gold_loss":0},{"damage_healed":0,"gold_gain":0,"player_choice":"1 cards matched","damage_taken":0,"max_hp_gain":0,"max_hp_loss":0,"event_name":"Match and Keep!","floor":21,"gold_loss":0,"cards_obtained":["Blade Dance"]},{"damage_healed":0,"gold_gain":0,"player_choice":"Copied","damage_taken":0,"max_hp_gain":0,"max_hp_loss":0,"event_name":"Duplicator","floor":27,"gold_loss":0,"cards_obtained":["Survivor"]},{"damage_healed":0,"gold_gain":0,"player_choice":"Shed Blood","damage_taken":18,"max_hp_gain":5,"max_hp_loss":0,"event_name":"Forgotten Altar","floor":30,"gold_loss":0}],"is_beta":false,"boss_relics":[{"not_picked":["Runic Pyramid","HoveringKite"],"picked":"Calling Bell"}],"items_purged_floors":[19,28],"is_endless":false,"potions_floor_spawned":[2,5,13,18,22,29,31],"killed_by":"Collector","ascension_level":2}}