{"host":"9cyo9hnjhojz9htx","time":1611236411,"event":{"mods":["ATMod(°¢èªMod)","BaseMod","Colored Powertips","Downfall","Hermit","Lobotomy","Minty Spire (QoL Compilation)","Spicy Shops","StSLib","The Blackbeard","The Gatherer","¡¾ÒÅÎï¿¨ÅÆ¡¿REMEMod"],"gold_per_floor":[114,114,114,64,289,322,322,287,313,6,135,85,164,239,239,458,458,538,538,538,663,623,731,731,809,832,886,886,886,886,1011,1011,1226,1226,1336,1336,1611,1772,1772,1772,1953,1977,2002,2112,2166,2275,2275,1221,1221,1221],"floor_reached":48,"language":"ZHS","playtime":2463,"items_purged":[],"score":776,"play_id":"8decfec0-0c18-460a-b082-73ae47165179","local_time":"20210121214011","daily_mods":["Heirloom","Time Dilation","Flight","Elite Swarm"],"is_ascension_mode":false,"campfire_choices":[{"data":"1","floor":7,"key":"LIFT"},{"floor":15,"key":"REST"},{"floor":24,"key":"REST"},{"floor":29,"key":"REST"},{"data":"2","floor":32,"key":"LIFT"},{"data":"3","floor":40,"key":"LIFT"}],"circlet_count":0,"master_deck":["blackbeard:BlackbeardStrike+1","blackbeard:BlackbeardStrike","blackbeard:BlackbeardStrike","blackbeard:IntimidatingStrike","blackbeard:BlackbeardDefend","blackbeard:BlackbeardDefend","blackbeard:BlackbeardDefend","blackbeard:BlackbeardDefend+1","blackbeard:Cutlass","AT_KingSlayer+1","Guardian:GatlingBeam","blackbeard:SmithingHammer","blackbeard:Shrapnel+1","blackbeard:Halberd","blackbeard:GoldenGuillotine+1","blackbeard:GoldenStrike","blackbeard:BoostMorale+1","blackbeard:DoubleCannonball","blackbeard:WeaponMastery","blackbeard:Rum","blackbeard:DeadlyArsenal+1","blackbeard:Parrot","blackbeard:Spear","blackbeard:FinalBarrage","blackbeard:GoldenDefense+1","blackbeard:Fencing","blackbeard:ReapersScythe","blackbeard:GoldenRain","blackbeard:GoldenCannonball","Regret","blackbeard:SwordDance+1","blackbeard:PirateStrength","blackbeard:Scrap+1","blackbeard:ArmorUp+1","blackbeard:Dagger+1"],"relics":["blackbeard:LoadTheCannons","AT_ATBox","REME_ComplimentaryCards","Girya","Golden Idol","Oddly Smooth Stone","bronze:BronzeIdol","Dream Catcher","AT_MibuBalloonWealth","blackbeard:TreasureChest","Dead Branch","Centennial Puzzle","Question Card","blackbeard:Karategi","CaptainsWheel","Red Mask","Boot","Tiny Chest","Ancient Tea Set","REME_LimitBreaker","Whetstone","Black Star","AT_Manta","Toy Ornithopter","Slimebound:StickyStick","Nunchaku","AT_BladeRuinedKing","White Beast Statue","StrikeDummy","Toxic Egg 2","blackbeard:WhitePearl","Medical Kit","REME_PuzzleBoxRelic","REME_CardOfGreed"],"acts_visited":["Exordium","TheCity","TheBeyond"],"potions_floor_usage":[16,33,33,46],"damage_taken":[{"damage":2,"enemies":"2 Louse","floor":1,"turns":2},{"damage":15,"enemies":"Gremlin Nob","floor":6,"turns":4},{"damage":24,"enemies":"3 Sentries","floor":11,"turns":5},{"damage":25,"enemies":"Lagavulin","floor":13,"turns":5},{"damage":0,"enemies":"Slime Boss","floor":16,"turns":3},{"damage":11,"enemies":"2 Thieves","floor":18,"turns":3},{"damage":7,"enemies":"Masked Bandits","floor":21,"turns":3},{"damage":39,"enemies":"Gremlin Leader","floor":23,"turns":5},{"damage":17,"enemies":"Book of Stabbing","floor":25,"turns":3},{"damage":6,"enemies":"Spheric Guardian","floor":27,"turns":4},{"damage":0,"enemies":"Gremlin Leader","floor":31,"turns":3},{"damage":65,"enemies":"Automaton","floor":33,"turns":8},{"damage":9,"enemies":"3 Shapes","floor":35,"turns":2},{"damage":0,"enemies":"3 Darklings","floor":38,"turns":2},{"damage":47,"enemies":"Reptomancer","floor":41,"turns":4},{"damage":12,"enemies":"Jaw Worm Horde","floor":44,"turns":3},{"damage":0,"enemies":"Maw","floor":45,"turns":2},{"damage":3,"enemies":"Sphere and 2 Shapes","floor":46,"turns":2}],"seed_played":"6696079711418917828","potions_obtained":[{"floor":1,"key":"FairyPotion"},{"floor":6,"key":"Fire Potion"},{"floor":13,"key":"LiquidMemories"},{"floor":25,"key":"PowerPotion"},{"floor":31,"key":"Fire Potion"},{"floor":33,"key":"Fire Potion"},{"floor":35,"key":"Guardian:BlockOnCardUsePotion"},{"floor":38,"key":"Energy Potion"},{"floor":46,"key":"bronze:BurnAndBuffPotion"}],"is_trial":true,"path_per_floor":["M","?","?","$","?","E","R","?","T","$","E","?","E","T","R","B",null,"M","?","?","?","?","E","R","E","T","M","T","R","?","E","R","B",null,"M","T","?","M","?","R","E","T","T","M","M","M","T","$"],"character_chosen":"BLACKBEARD_CLASS","items_purchased":["blackbeard:Shrapnel","AT_MibuBalloonWealth","blackbeard:TreasureChest","StrikeDummy","Toxic Egg 2","blackbeard:WhitePearl","Medical Kit","REME_PuzzleBoxRelic","REME_CardOfGreed"],"campfire_rested":3,"item_purchase_floors":[4,10,10,48,48,48,48,48,48],"current_hp_per_floor":[73,73,55,55,55,40,40,58,58,58,34,34,9,9,31,31,75,64,64,57,50,50,11,33,16,16,10,10,32,32,32,32,22,75,66,66,66,66,66,66,19,19,19,7,7,9,9,9,9,9],"gold":1221,"neow_bonus":"","is_daily":false,"chose_seed":false,"campfire_upgraded":0,"win_rate":0.0,"timestamp":1611236411,"path_taken":["M","?","?","?","?","E","R","?","T","?","E","?","E","?","R","BOSS","M","?","?","?","?","E","R","E","T","?","?","R","?","E","R","BOSS","M","?","?","?","?","R","E","?","T","?","?","?","?","$"],"items_purchased_type":["Card","Relic","Relic","Relic","Relic","Relic","Relic","Relic","Relic"],"build_version":"2020-12-22","purchased_purges":0,"victory":false,"max_hp_per_floor":[75,75,75,75,75,75,75,75,75,75,75,75,75,75,75,75,75,75,75,75,75,75,75,75,75,75,75,75,75,75,75,75,75,75,75,75,75,75,75,75,75,75,75,75,75,75,75,75,75,75],"card_choices":[{"not_picked":["blackbeard:Scrap","blackbeard:DangerousBlow"],"picked":"blackbeard:SmithingHammer","floor":1},{"not_picked":["blackbeard:Murder","blackbeard:UndeadForm"],"picked":"blackbeard:Halberd","floor":6},{"not_picked":["blackbeard:UndeadForm","blackbeard:PowerHungry"],"picked":"blackbeard:GoldenGuillotine","floor":11},{"not_picked":["blackbeard:GoldenRain","blackbeard:UndeadForm"],"picked":"blackbeard:BoostMorale","floor":13},{"not_picked":["blackbeard:CloakAndCannonball","blackbeard:Fencing","blackbeard:RearmingStrike"],"picked":"blackbeard:DoubleCannonball","floor":15},{"not_picked":["blackbeard:Intoxication","blackbeard:HumongousCannonball","blackbeard:Murder"],"picked":"blackbeard:WeaponMastery","floor":16},{"not_picked":["blackbeard:Toast+1","blackbeard:Shrapnel","blackbeard:ChaoticDefense"],"picked":"blackbeard:Rum","floor":18},{"not_picked":["blackbeard:RearmingStrike","blackbeard:Toast+1","blackbeard:WiseDefense"],"picked":"blackbeard:DeadlyArsenal+1","floor":21},{"not_picked":["blackbeard:PirateStrength","blackbeard:HumongousCannonball","blackbeard:CaptainsHat"],"picked":"blackbeard:Parrot","floor":23},{"not_picked":["blackbeard:FishingNets","blackbeard:Shrapnel+1","blackbeard:Fencing"],"picked":"blackbeard:Spear","floor":24},{"not_picked":["blackbeard:Intoxication","blackbeard:HumongousCannonball","blackbeard:PowerHungry"],"picked":"blackbeard:FinalBarrage","floor":25},{"not_picked":["blackbeard:FieryDefense","blackbeard:Fencing","blackbeard:Shrapnel"],"picked":"blackbeard:GoldenDefense+1","floor":27},{"not_picked":["blackbeard:Toast","blackbeard:WiseDefense+1","blackbeard:GoldenStrike"],"picked":"blackbeard:Fencing","floor":29},{"not_picked":["blackbeard:MegaUpgrade","blackbeard:PowerHungry","blackbeard:BoostMorale"],"picked":"blackbeard:ReapersScythe","floor":31},{"not_picked":["blackbeard:TheDrunkenSailor","blackbeard:Murder","blackbeard:Parrot"],"picked":"blackbeard:GoldenRain","floor":33},{"not_picked":["blackbeard:FieryDefense","blackbeard:TacticalRetreat","blackbeard:BeatUp"],"picked":"blackbeard:GoldenCannonball","floor":35},{"not_picked":["blackbeard:SmithingHammer","blackbeard:TacticalRetreat","blackbeard:Toast"],"picked":"blackbeard:SwordDance+1","floor":38},{"not_picked":["blackbeard:GoldenGuillotine","blackbeard:Lifeboat","blackbeard:TheDrunkenSailor"],"picked":"blackbeard:PirateStrength","floor":41},{"not_picked":["blackbeard:BrownPants","blackbeard:GoldenCannonball","blackbeard:TacticalRetreat+1"],"picked":"blackbeard:Scrap+1","floor":44},{"not_picked":["blackbeard:WoodenLeg+1","blackbeard:WeaponProficiency","blackbeard:JollyRoger+1"],"picked":"blackbeard:ArmorUp+1","floor":45},{"not_picked":["blackbeard:JollyRoger","blackbeard:Eyepatch","blackbeard:Shrapnel+1"],"picked":"blackbeard:Dagger+1","floor":46}],"player_experience":156109,"relics_obtained":[{"floor":6,"key":"bronze:BronzeIdol"},{"floor":9,"key":"Dream Catcher"},{"floor":11,"key":"Dead Branch"},{"floor":13,"key":"Centennial Puzzle"},{"floor":14,"key":"Question Card"},{"floor":21,"key":"Red Mask"},{"floor":23,"key":"Boot"},{"floor":25,"key":"Tiny Chest"},{"floor":26,"key":"Ancient Tea Set"},{"floor":28,"key":"REME_LimitBreaker"},{"floor":31,"key":"Whetstone"},{"floor":36,"key":"AT_Manta"},{"floor":41,"key":"Toy Ornithopter"},{"floor":41,"key":"Slimebound:StickyStick"},{"floor":42,"key":"Nunchaku"},{"floor":43,"key":"AT_BladeRuinedKing"},{"floor":47,"key":"White Beast Statue"}],"event_choices":[{"damage_healed":0,"gold_gain":0,"player_choice":"Grow","damage_taken":0,"max_hp_gain":0,"max_hp_loss":0,"event_name":"Living Wall","floor":2,"gold_loss":0,"cards_upgraded":["AT_KingSlayer"]},{"damage_healed":0,"gold_gain":0,"player_choice":"Take Damage","damage_taken":18,"relics_obtained":["Golden Idol"],"max_hp_gain":0,"max_hp_loss":0,"event_name":"Golden Idol","floor":3,"gold_loss":0},{"damage_healed":0,"gold_gain":225,"player_choice":"YARR","damage_taken":0,"relics_obtained":["Oddly Smooth Stone"],"max_hp_gain":0,"max_hp_loss":0,"event_name":"blackbeard:Ssssserpent","floor":5,"gold_loss":0},{"damage_healed":18,"gold_gain":0,"player_choice":"Healed","damage_taken":0,"max_hp_gain":0,"max_hp_loss":0,"event_name":"The Cleric","floor":8,"gold_loss":35},{"damage_healed":0,"gold_gain":0,"player_choice":"blackbeard:GoldenStrike","damage_taken":0,"max_hp_gain":0,"max_hp_loss":0,"event_name":"blackbeard:GoldsmithEvent","floor":12,"gold_loss":0,"cards_obtained":["blackbeard:GoldenStrike"]},{"damage_healed":0,"gold_gain":0,"player_choice":"CaptainsWheel","damage_taken":0,"relics_obtained":["CaptainsWheel"],"max_hp_gain":0,"max_hp_loss":0,"event_name":"blackbeard:ShipwreckEvent","floor":20,"gold_loss":0},{"damage_healed":0,"gold_gain":0,"player_choice":"Fought Bandits","damage_taken":0,"max_hp_gain":0,"max_hp_loss":0,"event_name":"Masked Bandits","floor":21,"gold_loss":0},{"damage_healed":0,"gold_gain":0,"player_choice":"Upgraded Two","damage_taken":0,"max_hp_gain":0,"max_hp_loss":0,"event_name":"Designer","floor":22,"gold_loss":40,"cards_upgraded":["blackbeard:BlackbeardDefend","blackbeard:Shrapnel"]},{"damage_healed":0,"gold_gain":0,"player_choice":"Forge","damage_taken":0,"max_hp_gain":0,"max_hp_loss":0,"event_name":"Accursed Blacksmith","floor":30,"gold_loss":0,"cards_upgraded":["blackbeard:BoostMorale"]},{"damage_healed":0,"gold_gain":275,"player_choice":"Desecrate","damage_taken":0,"max_hp_gain":0,"max_hp_loss":0,"event_name":"Golden Shrine","floor":37,"gold_loss":0,"cards_obtained":["Regret"]},{"damage_healed":0,"gold_gain":0,"player_choice":"Ignored","damage_taken":0,"max_hp_gain":0,"max_hp_loss":0,"event_name":"The Moai Head","floor":39,"gold_loss":0}],"is_beta":false,"boss_relics":[{"not_picked":["AT_MortalBlade","Ectoplasm"],"picked":"blackbeard:Karategi"},{"not_picked":["Philosopher\u0027s Stone","REME_LowDesire"],"picked":"Black Star"}],"items_purged_floors":[],"is_endless":true,"potions_floor_spawned":[1,6,13,25,27,31,33,35,38,46],"ascension_level":0}}