{"host":"gsgpu9obojnqwpp0","time":1611193246,"event":{"mods":["2.2 Compatiblity","AchievementEnabler","Alarm Clock","BaseMod","Bestiary","Block Reminder","Dark Map","DeckTracker","Highlight Path","Minty Spire (QoL Compilation)","Permanent Neow","Quick Restart","Relic Stats","Slay-I","SuperFastMode","Uncapped","slay the spire mod where everything is the same but ironclad has a cowboy hat"],"gold_per_floor":[114,64,64,15,30,30,45,60,85,115,115,18,18,56,56,181,181,200,219,62,81,0,38,38,76,101,101,120,120,139,139,139,264,327,346,187,206,225,225,263,263,263,288,288,307,307,307,326,326,326,326],"floor_reached":50,"language":"ENG","playtime":3237,"items_purged":[],"score":718,"play_id":"35cc8db7-cde0-4e9e-9d99-633a6da28284","local_time":"20210120204046","daily_mods":["Chimera","Hoarder","Binary"],"is_ascension_mode":false,"campfire_choices":[{"data":"Whirlwind","floor":6,"key":"SMITH"},{"data":"Zap","floor":11,"key":"SMITH"},{"data":"Eruption","floor":15,"key":"SMITH"},{"data":"Seeing Red","floor":24,"key":"SMITH"},{"data":"Immolate","floor":27,"key":"SMITH"},{"data":"Immolate","floor":29,"key":"SMITH"},{"data":"Immolate","floor":32,"key":"SMITH"},{"data":"Flame Barrier","floor":41,"key":"SMITH"},{"data":"Iron Wave","floor":44,"key":"SMITH"},{"data":"Iron Wave","floor":47,"key":"SMITH"},{"data":"Havoc","floor":49,"key":"SMITH"}],"circlet_count":0,"master_deck":["Bash","Survivor","Zap+1","Eruption+1","Strike_R","Strike_G","Defend_R","Defend_G","Defend_P","Whirlwind+1","Whirlwind+1","Whirlwind+1","Clash","Clash","Clash","Iron Wave+1","Iron Wave+1","Iron Wave","Spot Weakness","Spot Weakness","Dark Shackles","Dark Shackles","Dark Shackles","Seeing Red","Seeing Red","Seeing Red+1","Impervious","Impervious","Impervious+1","Immolate+1","Immolate+1","Immolate+1","Shrug It Off","Shrug It Off","Shrug It Off","Flame Barrier+1","Flame Barrier","Flame Barrier","Thunderclap+1","Thunderclap+1","Thunderclap+1","Anger+1","Anger+1","Anger+1","Battle Trance","Battle Trance","Battle Trance","Clash","Clash","Clash","Havoc+1","Havoc","Havoc","Dark Shackles","Dark Shackles","Dark Shackles","Flame Barrier+1","Flame Barrier+1","Flame Barrier+1","Shrug It Off","Shrug It Off","Shrug It Off","Trip","Trip","Trip","Iron Wave+1","Iron Wave+1","Iron Wave+1","Shrug It Off","Shrug It Off","Shrug It Off"],"relics":["Burning Blood","Whetstone","Bag of Preparation","Golden Idol","Boot","Sozu","Singing Bowl","TungstenRod","Akabeko","Tiny House","The Courier","Bronze Scales"],"acts_visited":["Exordium","TheCity","TheBeyond"],"potions_floor_usage":[21,23,38],"damage_taken":[{"damage":8,"enemies":"Jaw Worm","floor":1,"turns":4},{"damage":0,"enemies":"Small Slimes","floor":5,"turns":2},{"damage":0,"enemies":"2 Louse","floor":7,"turns":2},{"damage":0,"enemies":"2 Fungi Beasts","floor":8,"turns":1},{"damage":6,"enemies":"Gremlin Nob","floor":10,"turns":3},{"damage":9,"enemies":"3 Sentries","floor":14,"turns":2},{"damage":7,"enemies":"Slime Boss","floor":16,"turns":6},{"damage":5,"enemies":"3 Byrds","floor":18,"turns":3},{"damage":10,"enemies":"Shell Parasite","floor":19,"turns":3},{"damage":21,"enemies":"Snake Plant","floor":21,"turns":4},{"damage":21,"enemies":"Slavers","floor":23,"turns":4},{"damage":0,"enemies":"Gremlin Leader","floor":25,"turns":4},{"damage":0,"enemies":"Snecko","floor":28,"turns":3},{"damage":0,"enemies":"Shelled Parasite and Fungi","floor":30,"turns":4},{"damage":27,"enemies":"Collector","floor":33,"turns":5},{"damage":0,"enemies":"3 Shapes","floor":35,"turns":1},{"damage":0,"enemies":"Orb Walker","floor":37,"turns":2},{"damage":19,"enemies":"Maw","floor":38,"turns":10},{"damage":3,"enemies":"Nemesis","floor":40,"turns":5},{"damage":1,"enemies":"Transient","floor":45,"turns":5},{"damage":28,"enemies":"Sphere and 2 Shapes","floor":48,"turns":6},{"damage":65,"enemies":"Awakened One","floor":50,"turns":6}],"seed_played":"811174962971598332","potions_obtained":[{"floor":1,"key":"Weak Potion"},{"floor":10,"key":"BlessingOfTheForge"},{"floor":14,"key":"EntropicBrew"}],"is_trial":false,"path_per_floor":["M","?","?","$","M","R","M","M","T","E","R","$","?","E","R","B",null,"M","M","$","M","?","E","R","E","T","R","M","R","M","?","R","B",null,"M","$","M","M","?","E","R","?","T","R","M","?","R","M","R","B"],"character_chosen":"IRONCLAD","items_purchased":["Clash","Dark Shackles","Immolate","Clash","Havoc","Dark Shackles"],"campfire_rested":0,"item_purchase_floors":[4,12,20,36,36,36],"current_hp_per_floor":[78,78,83,83,85,85,85,85,85,85,85,85,79,76,76,75,79,79,75,75,60,60,45,45,51,51,51,59,59,65,65,65,46,88,90,90,90,77,77,82,82,82,82,82,87,87,87,65,65,0,0],"gold":326,"neow_bonus":"","is_daily":true,"chose_seed":false,"campfire_upgraded":11,"win_rate":0.0,"timestamp":1611193246,"path_taken":["M","?","?","$","M","R","M","M","T","E","R","$","?","E","R","BOSS","M","M","$","M","?","E","R","E","T","R","M","R","M","?","R","BOSS","M","$","M","?","?","E","R","?","T","R","M","?","R","M","R","BOSS"],"items_purchased_type":["Card","Card","Card","Card","Card","Card"],"build_version":"2020-12-22","purchased_purges":0,"victory":false,"max_hp_per_floor":[80,80,85,85,85,85,85,85,85,85,85,85,79,79,79,79,79,79,79,79,79,79,79,79,79,79,79,81,81,81,81,81,83,88,90,90,90,90,85,87,87,87,87,87,87,87,87,87,87,87,87],"relic_stats":{"Sozu":10,"Singing Bowl":8,"counters":[22,85],"Golden Idol":135,"Bronze Scales":[66],"Bag of Preparation":[34],"Whetstone":["Whirlwind","Whirlwind"],"Boot":[33],"obtain_stats":[{"Sozu":17,"Tiny House":34,"Singing Bowl":23,"Golden Idol":13,"Bronze Scales":43,"The Courier":40,"Bag of Preparation":10,"Whetstone":9,"Boot":14,"Burning Blood":0,"TungstenRod":25,"Akabeko":26},{"Sozu":7,"Tiny House":15,"Singing Bowl":11,"Golden Idol":5,"Bronze Scales":19,"The Courier":19,"Bag of Preparation":5,"Whetstone":4,"Boot":6,"Burning Blood":0,"TungstenRod":12,"Akabeko":12},{"Sozu":20,"Tiny House":50,"Singing Bowl":34,"Golden Idol":12,"Bronze Scales":68,"The Courier":68,"Bag of Preparation":12,"Whetstone":9,"Boot":14,"Burning Blood":0,"TungstenRod":38,"Akabeko":38}],"Burning Blood":97,"TungstenRod":15},"card_choices":[{"not_picked":["Burning Pact"],"picked":"Whirlwind","floor":1},{"not_picked":["Perfected Strike"],"picked":"Iron Wave","floor":5},{"not_picked":["Body Slam","Dropkick"],"picked":"SKIP","floor":7},{"not_picked":["Twin Strike"],"picked":"Spot Weakness","floor":8},{"not_picked":["Body Slam","Heavy Blade"],"picked":"SKIP","floor":10},{"not_picked":["True Grit"],"picked":"Seeing Red","floor":14},{"not_picked":["Fiend Fire"],"picked":"Impervious","floor":16},{"not_picked":["Clothesline","Hemokinesis"],"picked":"SKIP","floor":18},{"not_picked":["Iron Wave","Perfected Strike"],"picked":"SKIP","floor":19},{"not_picked":["Wild Strike"],"picked":"Shrug It Off","floor":21},{"not_picked":["Fire Breathing"],"picked":"Flame Barrier","floor":23},{"not_picked":["Twin Strike+1"],"picked":"Thunderclap+1","floor":25},{"not_picked":["Carnage+1","Pommel Strike"],"picked":"Singing Bowl","floor":28},{"not_picked":["Fiend Fire"],"picked":"Anger+1","floor":30},{"not_picked":["Exhume","Berserk"],"picked":"Singing Bowl","floor":33},{"not_picked":["Headbutt"],"picked":"Battle Trance","floor":34},{"not_picked":["Sword Boomerang+1","Thunderclap+1"],"picked":"Singing Bowl","floor":35},{"not_picked":["Headbutt+1"],"picked":"Flame Barrier+1","floor":37},{"not_picked":["True Grit+1"],"picked":"Shrug It Off","floor":38},{"not_picked":["Berserk","True Grit+1"],"picked":"Singing Bowl","floor":40},{"not_picked":["Purity"],"picked":"Trip","floor":42},{"not_picked":["Dual Wield"],"picked":"Iron Wave+1","floor":45},{"not_picked":["Armaments"],"picked":"Shrug It Off","floor":48}],"player_experience":268592,"relics_obtained":[{"floor":9,"key":"Whetstone"},{"floor":10,"key":"Bag of Preparation"},{"floor":14,"key":"Boot"},{"floor":23,"key":"Singing Bowl"},{"floor":25,"key":"TungstenRod"},{"floor":26,"key":"Akabeko"},{"floor":40,"key":"The Courier"},{"floor":43,"key":"Bronze Scales"}],"event_choices":[{"cards_removed":["Strike_B"],"damage_healed":0,"gold_gain":0,"player_choice":"Card Removal","damage_taken":0,"max_hp_gain":0,"max_hp_loss":0,"event_name":"The Cleric","floor":2,"gold_loss":50},{"damage_healed":0,"gold_gain":0,"player_choice":"Donut","damage_taken":0,"max_hp_gain":5,"max_hp_loss":0,"event_name":"Big Fish","floor":3,"gold_loss":0},{"damage_healed":0,"gold_gain":0,"player_choice":"Lose Max HP","damage_taken":0,"relics_obtained":["Golden Idol"],"max_hp_gain":0,"max_hp_loss":6,"event_name":"Golden Idol","floor":13,"gold_loss":0},{"damage_healed":0,"gold_gain":0,"player_choice":"Paid Fearfully","damage_taken":0,"max_hp_gain":0,"max_hp_loss":0,"event_name":"Masked Bandits","floor":22,"gold_loss":81},{"damage_healed":0,"gold_gain":0,"player_choice":"Ignored","damage_taken":0,"max_hp_gain":0,"max_hp_loss":0,"event_name":"N\u0027loth","floor":31,"gold_loss":0},{"damage_healed":0,"gold_gain":0,"player_choice":"Max HP","damage_taken":0,"max_hp_gain":0,"max_hp_loss":5,"event_name":"Winding Halls","floor":39,"gold_loss":0},{"damage_healed":0,"gold_gain":0,"player_choice":"Memory 1","damage_taken":0,"max_hp_gain":0,"max_hp_loss":0,"event_name":"SensoryStone","floor":42,"gold_loss":0},{"cards_removed":["Spot Weakness"],"damage_healed":0,"gold_gain":0,"player_choice":"Removed Skill","damage_taken":0,"max_hp_gain":0,"max_hp_loss":0,"event_name":"Falling","floor":46,"gold_loss":0}],"is_beta":false,"boss_relics":[{"not_picked":["SacredBark","Snecko Eye"],"picked":"Sozu"},{"not_picked":["SlaversCollar","Runic Cube"],"picked":"Tiny House"}],"items_purged_floors":[],"is_endless":false,"potions_floor_spawned":[1,10,14,18,25,30,35,37,48],"killed_by":"Awakened One","ascension_level":0}}