{"host":"7js0lodln6rvhp1w","time":1611242311,"event":{"mods":["Act Like it!","Aspiration","BaseMod","Better Match","Better Vampires","BetterRewards","Clockwork Mod","Conspire","Elementarium","Energized Spire","GifTheSpireLib","Hallownest","Hubris","Infinite Spire","Minty Spire (QoL Compilation)","Potionbrewer","Replay The Spire","Spicy Shops","StSLib","Stuff the Spire","The Construct","The Death Knight","The Factory","The Mystic","The Necromancer","vexMod"],"gold_per_floor":[110,129,144,157,157,188,188,204,204,87,100,167,201,212,212,313,363,381,381,398,398,398,482,497,497,546,556,238,238,273,284,284,381,381,396,413,413,213,223,223],"floor_reached":39,"language":"ENG","playtime":1639,"items_purged":[],"score":612,"play_id":"b47127c1-6863-450f-a3c8-3df76bb4854b","local_time":"20210121101831","is_ascension_mode":true,"campfire_choices":[{"data":"StuffTheSpire:Synthwave","floor":7,"key":"SMITH"},{"floor":15,"key":"REST"},{"floor":25,"key":"REST"},{"floor":29,"key":"REST"},{"floor":32,"key":"REST"}],"circlet_count":0,"master_deck":["Strike_B","Strike_B","Strike_B","Strike_B","Defend_B","Defend_B","Defend_B","Defend_B","Zap","Dualcast","Coolheaded","BootSequence","Go for the Eyes","Redo","Storm","StuffTheSpire:Synthwave+1","Rip and Tear","Ball Lightning","Creative AI+1","Ball Lightning","StuffTheSpire:Plugnplay","ReplayTheSpireMod:Omega Cannon","Self Repair","Beam Cell+1","Sweeping Beam","Hello World+1","Defragment","Conserve Battery","Turbo","Mirror Shield","Cold Snap+1","Genetic Algorithm+1","infinitespire:Collect","conspire:SpireCoStock","conspire:SpireCoStock","conspire:SpireCoStock","conspire:SpireCoStock"],"relics":["Cracked Core","Question Card","hubris:MobiusCoin","Chameleon Ring","hubris:BallOfYels","conspire:SlowCooker","hubris:Metronome","vexMod:FocusSash","StuffTheSpire:GrapeVine","Cables","Carrot","Fusion Hammer"],"acts_visited":["Exordium","TheCity","TheBeyond"],"potions_floor_usage":[3,6,13,16,16,20,23,30,33,35],"damage_taken":[{"damage":2,"enemies":"2 Louse","floor":1,"turns":2},{"damage":1,"enemies":"Cultist","floor":2,"turns":4},{"damage":0,"enemies":"Jaw Worm","floor":3,"turns":3},{"damage":0,"enemies":"Exordium Wildlife","floor":4,"turns":4},{"damage":12,"enemies":"Gremlin Nob","floor":6,"turns":2},{"damage":13,"enemies":"Lots of Slimes","floor":8,"turns":4},{"damage":0,"enemies":"Looter","floor":11,"turns":2},{"damage":10,"enemies":"Exordium Thugs","floor":12,"turns":3},{"damage":16,"enemies":"Replay:BlueRogue","floor":13,"turns":5},{"damage":0,"enemies":"Blue Slaver","floor":14,"turns":2},{"damage":0,"enemies":"Slime Boss","floor":16,"turns":3},{"damage":5,"enemies":"Spheric Guardian","floor":18,"turns":3},{"damage":18,"enemies":"Shell Parasite","floor":20,"turns":3},{"damage":44,"enemies":"Slavers","floor":23,"turns":3},{"damage":17,"enemies":"conspire:HollyBat","floor":24,"turns":7},{"damage":24,"enemies":"Sentry and Sphere","floor":27,"turns":4},{"damage":0,"enemies":"conspire:Head Lice","floor":30,"turns":4},{"damage":11,"enemies":"Cultist and Chosen","floor":31,"turns":4},{"damage":69,"enemies":"Automaton","floor":33,"turns":8},{"damage":19,"enemies":"3 Darklings","floor":35,"turns":3},{"damage":38,"enemies":"3 Shapes","floor":36,"turns":4},{"damage":12,"enemies":"3 Darklings","floor":39,"turns":2}],"seed_played":"8345167635547907429","potions_obtained":[{"floor":2,"key":"Fruit Juice"},{"floor":4,"key":"Death Potion"},{"floor":6,"key":"Languid Potion"},{"floor":11,"key":"PowerPotion"},{"floor":13,"key":"FearPotion"},{"floor":14,"key":"Fire Potion"},{"floor":18,"key":"potionbrewer:FreezingPotion"},{"floor":27,"key":"Explosive Potion"},{"floor":31,"key":"Cursed Concoction"},{"floor":33,"key":"AttackPotion"},{"floor":35,"key":"Death Potion"}],"is_trial":false,"path_per_floor":["M","M","M","M","?","E","R","M","T","$","M","M","E","M","R","B",null,"M","?","M","?","AVR","E","M","R","T","M","$","R","E","M","R","B",null,"M","M","?","?","M"],"character_chosen":"DEFECT","items_purchased":["Doom and Gloom","Adrenaline Potion","Cables","Defragment"],"campfire_rested":4,"item_purchase_floors":[10,10,28,28],"current_hp_per_floor":[73,72,77,77,77,65,65,52,52,52,52,42,26,26,50,50,80,75,75,57,80,80,36,26,50,50,33,33,57,57,46,70,1,80,61,30,11,11,0,0],"gold":223,"neow_bonus":"THREE_CARDS","is_daily":false,"chose_seed":false,"campfire_upgraded":1,"win_rate":0.0,"timestamp":1611242311,"path_taken":["M","M","M","M","?","E","R","M","T","?","M","M","E","M","R","BOSS","M","?","?","?","AVR","E","M","R","T","M","?","R","E","M","R","BOSS","M","M","?","?","M"],"items_purchased_type":["Card","Potion","Relic","Card"],"build_version":"2020-12-22","purchased_purges":0,"victory":false,"max_hp_per_floor":[75,75,80,80,80,80,80,80,80,80,80,80,80,80,80,80,80,80,80,80,80,80,80,80,80,80,80,80,80,80,80,80,80,80,80,80,80,80,80,80],"card_choices":[{"not_picked":["Compile Driver","Hologram"],"picked":"Coolheaded","floor":0},{"not_picked":["Fusion","Leap"],"picked":"BootSequence","floor":1},{"not_picked":["Coolheaded","StuffTheSpire:CleanHardDrive"],"picked":"Go for the Eyes","floor":2},{"not_picked":["Time Bomb","conspire:Rain"],"picked":"Redo","floor":3},{"not_picked":["Turbo","Conserve Battery"],"picked":"Storm","floor":4},{"not_picked":["Storm","Tempest","StuffTheSpire:LoadUp"],"picked":"StuffTheSpire:Synthwave","floor":6},{"not_picked":["Blizzard","Go for the Eyes","Barrage"],"picked":"Rip and Tear","floor":8},{"not_picked":["Go for the Eyes","Skim","StuffTheSpire:GlassShard"],"picked":"Ball Lightning","floor":11},{"not_picked":["Conserve Battery","StuffTheSpire:Coldhearted","Redo"],"picked":"Creative AI","floor":12},{"not_picked":["Doom and Gloom","Hologram","Darkness"],"picked":"Ball Lightning","floor":13},{"not_picked":["ReplayTheSpireMod:GoodbyeWorld","StuffTheSpire:GlassShard","Sweeping Beam"],"picked":"StuffTheSpire:Plugnplay","floor":14},{"not_picked":["hubris:DoWhile","Echo Form","Creative AI"],"picked":"ReplayTheSpireMod:Omega Cannon","floor":16},{"not_picked":["Redo","BasicCrystalCard","Stack"],"picked":"Self Repair","floor":18},{"not_picked":["ReplaySort","Leap+1","StuffTheSpire:Plugnplay"],"picked":"Beam Cell+1","floor":20},{"not_picked":["Scrape","Consume","Redo+1"],"picked":"Sweeping Beam","floor":23},{"not_picked":["ReplayTheSpireMod:Repulse+1","Double Energy","hubris:PowerSurge","Hologram"],"picked":"SKIP","floor":24},{"not_picked":["Sweeping Beam","StuffTheSpire:LoadUp+1","Reboot"],"picked":"Hello World+1","floor":27},{"not_picked":["Hologram","Beam Cell","ReplayRNGCard"],"picked":"Conserve Battery","floor":30},{"not_picked":["Leap","Go for the Eyes","Streamline"],"picked":"Turbo","floor":31},{"not_picked":["Multi-Cast","Echo Form","StuffTheSpire:EventHorizon"],"picked":"Mirror Shield","floor":33},{"not_picked":["ReplayTheSpireMod:System Scan+1","BasicCrystalCard","Gash+1"],"picked":"Cold Snap+1","floor":35},{"not_picked":["Steam+1","Streamline","StuffTheSpire:LoadUp+1"],"picked":"Genetic Algorithm+1","floor":36},{"not_picked":["infinitespire:NeuralNetwork","infinitespire:Menacing"],"picked":"infinitespire:Collect","floor":37}],"player_experience":288841,"relics_obtained":[{"floor":5,"key":"Question Card"},{"floor":6,"key":"hubris:MobiusCoin"},{"floor":9,"key":"Chameleon Ring"},{"floor":13,"key":"hubris:BallOfYels"},{"floor":23,"key":"vexMod:FocusSash"},{"floor":26,"key":"StuffTheSpire:GrapeVine"},{"floor":30,"key":"Carrot"}],"event_choices":[{"damage_healed":0,"gold_gain":0,"player_choice":"Relic","damage_taken":0,"max_hp_gain":0,"max_hp_loss":0,"event_name":"Wheel of Change","floor":5,"gold_loss":0},{"damage_healed":0,"gold_gain":0,"player_choice":"Upgraded","damage_taken":0,"max_hp_gain":0,"max_hp_loss":0,"event_name":"Upgrade Shrine","floor":19,"gold_loss":0,"cards_upgraded":["Creative AI"]},{"cards_removed":["Doom and Gloom"],"damage_healed":23,"gold_gain":0,"player_choice":"Offered Uncommon","damage_taken":0,"max_hp_gain":0,"max_hp_loss":0,"event_name":"Bonfire Elementals","floor":21,"gold_loss":0},{"damage_healed":0,"gold_gain":0,"player_choice":"Invest 4","damage_taken":0,"max_hp_gain":0,"max_hp_loss":0,"event_name":"conspire:Investor","floor":38,"gold_loss":0}],"is_beta":false,"boss_relics":[{"not_picked":["Tiny House","infinitespire:Cupcake"],"picked":"conspire:SlowCooker"},{"not_picked":["vexMod:BigBerry","Empty Cage"],"picked":"Fusion Hammer"}],"items_purged_floors":[],"is_endless":false,"potions_floor_spawned":[2,4,6,11,13,14,18,27,31,33,35],"killed_by":"3 Darklings","ascension_level":1}}