{"host":"ipnf7ktf1pyxq9u3","time":1611268744,"event":{"mods":["Act Like it!","Aspiration","BaseMod","BetterRewards","Conspire","Downfall","Gremlin Mod","Hallownest","Hermit","Hubris","Infinite Spire","Lobotomy","Minty Spire (QoL Compilation)","Reworked Bosses","Shade Mod","Shop Mod","StSLib","The Bug Knight","The Construct","The Cursed","The Factory","The Forsaken","The Hierophant","The Jungle","The Necromancer"],"gold_per_floor":[99,110,126,144,244,279,279,292,320,230,260,160,178,193,204,303,303,203,215,215,232,21,21,21,50,50,66,84,110,10,25,39,139,139,139,149,149,149,149,169,169,194,194,204,235,405,405,405,415,415,415,449,277,277,277,277],"floor_reached":57,"language":"ENG","playtime":3474,"items_purged":["bronze:Defend","bronze:Defend","bronze:Strike","bronze:Strike"],"score":1400,"play_id":"1326a123-a084-4f57-8d05-606d90f8fc3e","local_time":"20210122093904","is_ascension_mode":true,"campfire_choices":[{"data":"bronze:Replicate","floor":1.0,"key":"SMITH"},{"floor":12.0,"key":"RECALL"},{"data":"bronze:Boost","floor":18.0,"key":"SMITH"},{"data":"bronze:Boost","floor":26,"key":"SMITH"},{"data":"bronze:Iterate","floor":30,"key":"SMITH"},{"data":"bronze:Verify","floor":35,"key":"SMITH"},{"data":"bronze:Flail","floor":43,"key":"SMITH"},{"data":"bronze:Branch","floor":47,"key":"SMITH"},{"floor":54,"key":"REST"}],"circlet_count":0,"master_deck":["bronze:Defend","bronze:Defend","bronze:Replicate+1","bronze:Goto","bronze:Branch+1","bronze:Boost+1","bronze:Flail+1","bronze:ChildClass","bronze:Boost+1","bronze:Iterate+1","bronze:Verify+1","bronze:Repulsor"],"relics":["bronze:BronzeCore","infinitespire:BottledMercury","Toy Ornithopter","bronze:ProtectiveGoggles","bronze:SilverBullet","downfall:HeartBlessingGreen","bronze:MakeshiftBattery","downfall:HeartBlessingRed","Membership Card","aspiration:StickyExplosives","Pantograph","downfall:HeartBlessingBlue","Cursed Key","Potion Belt","infinitespire:ShieldingShard","Lee\u0027s Waffle","conspire:BottledYoYo","TheAbacus"],"acts_visited":["Exordium","TheCity","TheBeyond","TheEnding"],"potions_floor_usage":[56,56,56,56,56,56,56,56,56,56,56,56,56,56],"damage_taken":[{"damage":0.0,"enemies":"Small Slimes","floor":2.0,"turns":3.0},{"damage":0.0,"enemies":"Cultist","floor":3.0,"turns":3.0},{"damage":0.0,"enemies":"2 Louse","floor":4.0,"turns":3.0},{"damage":15.0,"enemies":"Lagavulin","floor":6.0,"turns":7.0},{"damage":0.0,"enemies":"2 Fungi Beasts","floor":8.0,"turns":3.0},{"damage":6.0,"enemies":"Gremlin Nob","floor":9.0,"turns":4.0},{"damage":0.0,"enemies":"downfall:FleeingMerchant","floor":10.0,"turns":4.0},{"damage":6.0,"enemies":"Lagavulin","floor":11.0,"turns":4.0},{"damage":0.0,"enemies":"Exordium Wildlife","floor":13.0,"turns":2.0},{"damage":0.0,"enemies":"Large Slime","floor":14.0,"turns":3.0},{"damage":0.0,"enemies":"Exordium Wildlife","floor":15.0,"turns":3.0},{"damage":22.0,"enemies":"DF_ARCHETYPE_STREAMLINE","floor":16.0,"turns":9.0},{"damage":0.0,"enemies":"3 Byrds","floor":19.0,"turns":2.0},{"damage":9.0,"enemies":"Snake Plant","floor":21.0,"turns":4.0},{"damage":0.0,"enemies":"downfall:FleeingMerchant","floor":22.0,"turns":4.0},{"damage":0,"enemies":"Slavers","floor":25,"turns":3},{"damage":0,"enemies":"Centurion and Healer","floor":27,"turns":2},{"damage":0,"enemies":"3 Cultists","floor":28,"turns":1},{"damage":0,"enemies":"Gremlin Leader","floor":29,"turns":4},{"damage":0,"enemies":"Snecko","floor":31,"turns":3},{"damage":0,"enemies":"Centurion and Healer","floor":32,"turns":2},{"damage":4,"enemies":"WA_ARCHETYPE_CALM","floor":33,"turns":5},{"damage":0,"enemies":"3 Shapes","floor":36,"turns":1},{"damage":0,"enemies":"3 Darklings","floor":40,"turns":1},{"damage":0,"enemies":"Reptomancer","floor":42,"turns":3},{"damage":17,"enemies":"Writhing Mass","floor":44,"turns":3},{"damage":7,"enemies":"Nemesis","floor":45,"turns":5},{"damage":0,"enemies":"downfall:FleeingMerchant","floor":46,"turns":3},{"damage":0,"enemies":"Jaw Worm Horde","floor":49,"turns":2},{"damage":80,"enemies":"IC_BLOCK_ARCHETYPE","floor":50,"turns":8},{"damage":65,"enemies":"downfall:CharBossMerchant","floor":52,"turns":7},{"damage":34,"enemies":"downfall:NeowBoss","floor":55,"turns":13},{"damage":86,"enemies":"downfall:NeowBossFinal","floor":56,"turns":8}],"seed_played":"3104488181288652066","potions_obtained":[{"floor":3.0,"key":"Block Potion"},{"floor":8.0,"key":"Fire Potion"},{"floor":11.0,"key":"Ancient Potion"},{"floor":16.0,"key":"bronze:FreeFunctionsPotion"},{"floor":32,"key":"EntropicBrew"},{"floor":42,"key":"PowerPotion"}],"is_trial":false,"path_per_floor":["R","M","M","M","?","E","T","M","E","$","E","R","M","M","M","B",null,"R","M","?","M","$","?","T","E","R","M","M","E","R","M","M","B",null,"R","M","?","?","?","M","T","E","R","M","E","$","R","T","M","B",null,"E","$","R","B","B",null],"character_chosen":"THE_AUTOMATON","items_purchased":["Membership Card","SteroidPotion","Lee\u0027s Waffle","TheAbacus","bronze:Repulsor"],"campfire_rested":1,"item_purchase_floors":[22,46,46,53,53],"current_hp_per_floor":[70,70,70,70,70,55,55,55,49,49,43,43,43,43,43,26,70,70,70,70,61,61,61,61,61,61,61,61,61,71,71,71,76,80,80,80,80,80,80,80,80,80,80,63,56,87,87,87,87,7,87,22,22,48,39,56],"gold":277,"neow_bonus":"REMOVE_CARD","is_daily":false,"chose_seed":false,"campfire_upgraded":7,"win_rate":0.0,"timestamp":1611268744,"path_taken":["R","M","M","M","?","E","T","?","E","$","E","R","M","?","M","BOSS","R","M","?","M","$","?","T","E","R","M","M","E","R","M","M","BOSS","R","M","?","?","?","M","T","E","R","M","E","$","R","?","M","BOSS","E","$","R","BOSS","BOSS"],"items_purchased_type":["Relic","Potion","Relic","Relic","Card"],"build_version":"2020-12-22","purchased_purges":4,"victory":true,"max_hp_per_floor":[70,70,70,70,70,70,70,70,70,70,70,70,70,70,70,70,70,70,70,70,70,70,70,70,70,70,70,70,70,80,80,80,80,80,80,80,80,80,80,80,80,80,80,80,80,87,87,87,87,87,87,87,87,87,87,87],"card_choices":[{"not_picked":["bronze:Turbo","bronze:Frontload"],"picked":"bronze:Branch","floor":2.0},{"not_picked":["bronze:DigitalCarnage","bronze:Frontload","bronze:Branch"],"picked":"SKIP","floor":3.0},{"not_picked":["bronze:ForLoop","bronze:Refactor"],"picked":"bronze:Boost","floor":4.0},{"not_picked":["bronze:BugBarrage","bronze:Frontload","bronze:Separator"],"picked":"SKIP","floor":6.0},{"not_picked":["bronze:CutThrough","bronze:ItsAFeature"],"picked":"bronze:Flail","floor":8.0},{"not_picked":["bronze:OilSpill","bronze:GetLatest","bronze:DelayedSlice"],"picked":"SKIP","floor":9.0},{"not_picked":["bronze:Turbo","bronze:Overload","bronze:Mutator"],"picked":"SKIP","floor":10.0},{"not_picked":["bronze:DelayedSlice","bronze:Repulsor","bronze:Deprecate"],"picked":"SKIP","floor":11.0},{"not_picked":["bronze:DelayedSlice","bronze:Repulsor","bronze:Deprecate"],"picked":"SKIP","floor":11.0},{"not_picked":["bronze:NullPointer","bronze:DelayedSlice","bronze:DelayedGuard"],"picked":"SKIP","floor":13.0},{"not_picked":["bronze:WhirlingStrike","bronze:Deprecate","bronze:ForceShield"],"picked":"SKIP","floor":14.0},{"not_picked":["bronze:Shell","bronze:WildBeam","bronze:DelayedSlice"],"picked":"SKIP","floor":15.0},{"not_picked":["bronze:BugBarrage","bronze:DelayedGuard","bronze:Overload"],"picked":"SKIP","floor":19.0},{"not_picked":["bronze:Separator","bronze:DelayedGuard"],"picked":"bronze:ChildClass","floor":21.0},{"not_picked":["bronze:OilSpill","bronze:Overload+1","bronze:DelayedGuard"],"picked":"SKIP","floor":22.0},{"not_picked":["bronze:Frontload+1","bronze:BugBarrage+1"],"picked":"bronze:Boost","floor":25},{"not_picked":["bronze:Branch+1","bronze:Repair+1","bronze:WildBeam+1"],"picked":"SKIP","floor":27},{"not_picked":["bronze:WildBeam","bronze:Overheat","bronze:WhirlingStrike"],"picked":"SKIP","floor":28},{"not_picked":["bronze:Overheat","bronze:WildBeam"],"picked":"bronze:Iterate","floor":29},{"not_picked":["bronze:CutThrough","bronze:Backtrace+1","bronze:DelayedGuard"],"picked":"SKIP","floor":31},{"not_picked":["bronze:BurnOut","bronze:BronzeArmor","bronze:Deprecate"],"picked":"SKIP","floor":32},{"not_picked":["bronze:Break","bronze:Format"],"picked":"bronze:Verify","floor":33},{"not_picked":["bronze:Frontload","bronze:ForceShield","bronze:Branch+1"],"picked":"SKIP","floor":36},{"not_picked":["bronze:Deprecate","bronze:Constructor+1","bronze:FineTuning"],"picked":"SKIP","floor":40},{"not_picked":["bronze:ForceShield","bronze:Overload","bronze:Iterate"],"picked":"SKIP","floor":42},{"not_picked":["bronze:BitShift","bronze:BurnOut","bronze:WhirlingStrike+1"],"picked":"SKIP","floor":44},{"not_picked":["bronze:DelayedSlice+1","bronze:WhirlingStrike+1","bronze:Backtrace"],"picked":"SKIP","floor":45},{"not_picked":["bronze:Turbo","bronze:WhirlingStrike","bronze:DigitalCarnage"],"picked":"SKIP","floor":46},{"not_picked":["bronze:CloningBeam","bronze:Refactor+1","bronze:BuggyMess"],"picked":"SKIP","floor":49},{"not_picked":["bronze:DelayedSlice","bronze:Allocate","bronze:ChosenStrike+1"],"picked":"SKIP","floor":52}],"player_experience":612874,"relics_obtained":[{"floor":6.0,"key":"infinitespire:BottledMercury"},{"floor":7.0,"key":"Toy Ornithopter"},{"floor":9.0,"key":"bronze:ProtectiveGoggles"},{"floor":11.0,"key":"bronze:SilverBullet"},{"floor":25,"key":"aspiration:StickyExplosives"},{"floor":29,"key":"Pantograph"},{"floor":42,"key":"Potion Belt"},{"floor":45,"key":"infinitespire:ShieldingShard"},{"floor":52,"key":"conspire:BottledYoYo"}],"event_choices":[{"damage_healed":0.0,"max_hp_gain":0.0,"max_hp_loss":0.0,"gold_gain":100.0,"event_name":"Wheel of Change","player_choice":"Gold","floor":5.0,"gold_loss":0.0,"damage_taken":0.0},{"damage_healed":0,"gold_gain":0,"player_choice":"Leave","damage_taken":0,"max_hp_gain":0,"max_hp_loss":0,"event_name":"conspire:Investor","floor":39,"gold_loss":0}],"is_beta":false,"boss_relics":[{"not_picked":["hubris:ScarierMask","Pandora\u0027s Box"],"picked":"bronze:MakeshiftBattery"},{"not_picked":["Velvet Choker","Calling Bell"],"picked":"Cursed Key"}],"items_purged_floors":[10,22,46,53],"is_endless":false,"potions_floor_spawned":[3,8,11,15,16,21,25,32,33,40,42,49],"ascension_level":1}}