{"host":"5uvzo7moqy5vd63g","time":1611191205,"event":{"mods":["Aspiration","BaseMod","Conspire","Curses Come First","Dio Mod","Downfall","Hermit","Hubris","Jedi Mod","Mimic Mod","Minty Spire (QoL Compilation)","StSLib","Wandering Minibosses"],"gold_per_floor":[99,112,125,125,140,172,172,192,92,107,125,125,25,44,63,63,63,63],"floor_reached":16,"language":"ENG","playtime":853,"items_purged":[],"score":106,"play_id":"4a7eb96b-270a-4175-a336-6c04b9648bbc","local_time":"20210120200645","is_ascension_mode":false,"campfire_choices":[{"floor":1,"key":"RECALL"},{"data":"bronze:Iterate","floor":9,"key":"SMITH"},{"data":"bronze:FineTuning","floor":13,"key":"SMITH"}],"circlet_count":0,"master_deck":["bronze:Strike","bronze:Strike","bronze:Strike","bronze:Defend","bronze:Defend","bronze:Defend","bronze:Defend","bronze:Replicate","bronze:Goto","bronze:Iterate+1","bronze:Terminator","bronze:FollowUp","bronze:FineTuning+1","bronze:Flail","bronze:Overheat","bronze:CloningBeam","bronze:OilSpill"],"relics":["bronze:BronzeCore","Thread and Needle","bronze:CableSpool","downfall:HeartBlessingRed","downfall:HeartBlessingBlue"],"acts_visited":["Exordium"],"potions_floor_usage":[6,6,16],"damage_taken":[{"damage":0,"enemies":"2 Louse","floor":2,"turns":3},{"damage":0,"enemies":"Cultist","floor":3,"turns":3},{"damage":0,"enemies":"Small Slimes","floor":5,"turns":2},{"damage":14,"enemies":"Lagavulin","floor":6,"turns":6},{"damage":0,"enemies":"Exordium Wildlife","floor":8,"turns":3},{"damage":0,"enemies":"2 Fungi Beasts","floor":10,"turns":3},{"damage":0,"enemies":"Blue Slaver","floor":11,"turns":1},{"damage":20,"enemies":"Large Slime","floor":14,"turns":6},{"damage":15,"enemies":"3 Louse","floor":15,"turns":2},{"damage":27,"enemies":"SI_SHIV_ARCHETYPE","floor":16,"turns":5}],"seed_played":"1567480128580380374","potions_obtained":[{"floor":4,"key":"Energy Potion"},{"floor":4,"key":"hexamod:SoulburnPotion"},{"floor":4,"key":"SteroidPotion"},{"floor":6,"key":"CultistPotion"},{"floor":11,"key":"bronze:BurnAndBuffPotion"}],"is_trial":false,"path_per_floor":["R","M","M","?","M","E","T","M","R","M","M","?","R","M","M","B"],"character_chosen":"THE_AUTOMATON","items_purchased":[],"campfire_rested":0,"item_purchase_floors":[],"current_hp_per_floor":[63,63,63,63,63,49,49,49,49,49,49,49,59,39,24,0,0,0],"gold":63,"neow_bonus":"ONE_RARE_RELIC","is_daily":false,"chose_seed":false,"campfire_upgraded":2,"win_rate":0.0,"timestamp":1611191205,"path_taken":["R","M","M","?","M","E","T","M","R","M","?","?","R","M","M","BOSS"],"items_purchased_type":[],"build_version":"2020-12-22","purchased_purges":0,"victory":false,"max_hp_per_floor":[63,63,63,63,63,63,63,63,63,63,63,63,73,73,73,73,73,73],"card_choices":[{"not_picked":["bronze:FineTuning","bronze:BitShift"],"picked":"bronze:Iterate","floor":2},{"not_picked":["bronze:Deprecate","bronze:Turbo","bronze:WhirlingStrike"],"picked":"SKIP","floor":3},{"not_picked":["bronze:ForLoop","bronze:Shield"],"picked":"bronze:Terminator","floor":5},{"not_picked":["bronze:Return","bronze:Deprecate"],"picked":"bronze:FollowUp","floor":6},{"not_picked":["bronze:Return","bronze:Deprecate"],"picked":"bronze:FineTuning","floor":8},{"not_picked":["bronze:Philosophize","bronze:Separator","bronze:OilSpill"],"picked":"SKIP","floor":10},{"not_picked":["bronze:FollowUp","bronze:Iterate"],"picked":"bronze:Flail","floor":11},{"not_picked":["bronze:BuggyMess","bronze:Terminator"],"picked":"bronze:CloningBeam","floor":14},{"not_picked":["bronze:ForceShield","bronze:Turbo"],"picked":"bronze:OilSpill","floor":15}],"player_experience":599853,"relics_obtained":[{"floor":6,"key":"bronze:CableSpool"}],"event_choices":[{"damage_healed":0,"gold_gain":0,"player_choice":"Got Potions","damage_taken":0,"max_hp_gain":0,"max_hp_loss":0,"event_name":"Lab","floor":4,"gold_loss":0}],"is_beta":false,"boss_relics":[],"items_purged_floors":[],"is_endless":false,"potions_floor_spawned":[6,11,15],"killed_by":"SI_SHIV_ARCHETYPE","ascension_level":0}}