{"host":"wwo1kwxjf4eyz37q","time":1611193634,"event":{"mods":["AchievementEnabler","BaseMod","Colored Map","Minty Spire (QoL Compilation)","Quick Restart","SuperFastMode"],"gold_per_floor":[117,192,215,228,153,153,187,187,211,231,61,61,73,101,101,205,205,218,235,254,274,149,149,149,149,149,163,178,195,209,59,59,158,158,178,278,291,305,319,319,144,144,144,165,165,165,178,101,101,101,101],"floor_reached":50,"language":"KOR","playtime":2158,"items_purged":["Defend_P","Vigilance","Strike_P","Defend_P","Defend_P"],"score":848,"play_id":"1dedee8e-65e5-42cc-8093-7dabbc1c852d","local_time":"20210121104713","is_ascension_mode":true,"campfire_choices":[{"data":"Eruption","floor":6.0,"key":"SMITH"},{"data":"Strike_P","floor":8.0,"key":"SMITH"},{"data":"Adaptation","floor":12.0,"key":"SMITH"},{"data":"TalkToTheHand","floor":15.0,"key":"SMITH"},{"data":"Vault","floor":23.0,"key":"SMITH"},{"floor":25.0,"key":"REST"},{"data":"Adaptation","floor":32.0,"key":"SMITH"},{"data":"Vault","floor":40.0,"key":"SMITH"},{"data":"InnerPeace","floor":42.0,"key":"SMITH"},{"floor":49.0,"key":"REST"}],"circlet_count":0,"master_deck":["Strike_P","Strike_P","Strike_P+1","Defend_P","Eruption+1","InnerPeace+1","Adaptation+1","TalkToTheHand+1","Vault+1","Adaptation+1","Vault+1","Halt+1","MentalFortress+1","Consecrate+1"],"relics":["PureWater","NeowsBlessing","Potion Belt","Kunai","Bag of Preparation","Art of War","Runic Dome","Turnip","SlaversCollar","CeramicFish"],"acts_visited":["Exordium","TheCity","TheBeyond"],"potions_floor_usage":[50],"damage_taken":[{"damage":0.0,"enemies":"Small Slimes","floor":1.0,"turns":1.0},{"damage":0.0,"enemies":"Jaw Worm","floor":4.0,"turns":1.0},{"damage":0.0,"enemies":"3 Sentries","floor":7.0,"turns":1.0},{"damage":0.0,"enemies":"Cultist","floor":10.0,"turns":2.0},{"damage":14.0,"enemies":"Gremlin Gang","floor":13.0,"turns":3.0},{"damage":12.0,"enemies":"Lagavulin","floor":14.0,"turns":5.0},{"damage":0.0,"enemies":"Slime Boss","floor":16.0,"turns":7.0},{"damage":3.0,"enemies":"3 Byrds","floor":18.0,"turns":4.0},{"damage":12.0,"enemies":"Shell Parasite","floor":19.0,"turns":4.0},{"damage":4.0,"enemies":"Snecko","floor":20.0,"turns":4.0},{"damage":15.0,"enemies":"Cultist and Chosen","floor":21.0,"turns":7.0},{"damage":2.0,"enemies":"Centurion and Healer","floor":27.0,"turns":4.0},{"damage":9.0,"enemies":"Snecko","floor":28.0,"turns":5.0},{"damage":8.0,"enemies":"Shelled Parasite and Fungi","floor":29.0,"turns":4.0},{"damage":0.0,"enemies":"3 Cultists","floor":30.0,"turns":3.0},{"damage":0.0,"enemies":"Champ","floor":33.0,"turns":2.0},{"damage":0.0,"enemies":"Orb Walker","floor":35.0,"turns":3.0},{"damage":3.0,"enemies":"3 Shapes","floor":37.0,"turns":4.0},{"damage":18.0,"enemies":"Writhing Mass","floor":38.0,"turns":11.0},{"damage":0.0,"enemies":"4 Shapes","floor":39.0,"turns":4.0},{"damage":10.0,"enemies":"3 Darklings","floor":44.0,"turns":3.0},{"damage":0.0,"enemies":"Transient","floor":47.0,"turns":4.0},{"damage":128,"enemies":"Time Eater","floor":50,"turns":5}],"seed_played":"-6343800274825903661","potions_obtained":[{"floor":1.0,"key":"SteroidPotion"},{"floor":13.0,"key":"SkillPotion"},{"floor":19.0,"key":"SpeedPotion"},{"floor":20.0,"key":"BlessingOfTheForge"},{"floor":33.0,"key":"FearPotion"},{"floor":35.0,"key":"BlessingOfTheForge"},{"floor":37.0,"key":"SkillPotion"}],"is_trial":false,"path_per_floor":["M","?","T","M","$","R","E","R","T","M","$","R","M","E","R","B",null,"M","M","M","M","$","R","$","R","T","M","M","M","M","$","R","B",null,"M","?","M","M","M","R","$","R","T","M","?","$","M","$","R","B"],"character_chosen":"WATCHER","items_purchased":["Adaptation","StancePotion"],"campfire_rested":2,"item_purchase_floors":[11,48],"current_hp_per_floor":[65,54,54,54,54,54,54,54,54,54,54,54,40,28,28,28,61,58,46,42,27,27,27,27,48,48,46,37,29,29,29,29,29,61,61,61,58,40,40,40,40,40,40,30,30,30,30,30,51,0,0],"gold":101,"neow_bonus":"THREE_ENEMY_KILL","is_daily":false,"chose_seed":false,"campfire_upgraded":8,"win_rate":0.0,"timestamp":1611193633,"path_taken":["M","?","?","M","$","R","E","R","T","?","$","R","M","E","R","BOSS","M","?","M","M","$","R","$","R","T","?","M","M","M","$","R","BOSS","M","?","M","M","M","R","$","R","T","?","?","$","M","?","R","BOSS"],"items_purchased_type":["Card","Potion"],"build_version":"2020-12-22","purchased_purges":5,"victory":false,"max_hp_per_floor":[72,72,72,72,72,72,72,72,72,72,72,72,72,72,72,72,72,72,72,72,72,72,72,72,72,72,72,72,72,72,72,72,72,72,72,72,72,72,72,72,72,72,72,72,72,72,72,72,72,72,72],"card_choices":[{"not_picked":["Worship","Sanctity","EmptyBody"],"picked":"SKIP","floor":1.0},{"not_picked":["SashWhip","WindmillStrike","WheelKick"],"picked":"SKIP","floor":4.0},{"not_picked":["SashWhip","Consecrate"],"picked":"InnerPeace","floor":7.0},{"not_picked":["CrushJoints","FollowUp","SashWhip"],"picked":"SKIP","floor":10.0},{"not_picked":["FollowUp","SashWhip"],"picked":"TalkToTheHand","floor":13.0},{"not_picked":["EmptyFist","ThirdEye","MasterReality"],"picked":"SKIP","floor":14.0},{"not_picked":["DeusExMachina","SpiritShield"],"picked":"Vault","floor":16.0},{"not_picked":["BowlingBash","ThirdEye+1","Halt"],"picked":"SKIP","floor":18.0},{"not_picked":["Evaluate+1","PathToVictory","JustLucky"],"picked":"SKIP","floor":19.0},{"not_picked":["EmptyFist","JustLucky+1","SashWhip"],"picked":"SKIP","floor":20.0},{"not_picked":["Prostrate","EmptyBody+1","Meditate"],"picked":"SKIP","floor":21.0},{"not_picked":["SignatureMove","LikeWater+1","Crescendo"],"picked":"SKIP","floor":27.0},{"not_picked":["Study","EmptyMind"],"picked":"Adaptation","floor":28.0},{"not_picked":["Swivel","Weave","ReachHeaven"],"picked":"SKIP","floor":29.0},{"not_picked":["EmptyBody","FollowUp"],"picked":"Vault","floor":30.0},{"not_picked":["Indignation+1","Nirvana"],"picked":"Halt+1","floor":35.0},{"not_picked":["SashWhip+1","BowlingBash+1"],"picked":"MentalFortress+1","floor":37.0},{"not_picked":["CrushJoints+1","SashWhip+1","EmptyBody"],"picked":"SKIP","floor":38.0},{"not_picked":["CarveReality+1","Wish","PathToVictory"],"picked":"SKIP","floor":39.0},{"not_picked":["JustLucky","Halt"],"picked":"Consecrate+1","floor":44.0},{"not_picked":["CutThroughFate+1","CrushJoints","Protect"],"picked":"SKIP","floor":47.0}],"player_experience":248631,"relics_obtained":[{"floor":3.0,"key":"Potion Belt"},{"floor":7.0,"key":"Kunai"},{"floor":9.0,"key":"Bag of Preparation"},{"floor":14.0,"key":"Art of War"},{"floor":26.0,"key":"Turnip"},{"floor":43.0,"key":"CeramicFish"}],"event_choices":[{"damage_healed":0.0,"max_hp_gain":0.0,"max_hp_loss":0.0,"gold_gain":75.0,"event_name":"World of Goop","player_choice":"Gather Gold","floor":2.0,"gold_loss":0.0,"damage_taken":11.0},{"damage_healed":0.0,"max_hp_gain":0.0,"max_hp_loss":0.0,"gold_gain":100.0,"event_name":"Golden Shrine","player_choice":"Pray","floor":36.0,"gold_loss":0.0,"damage_taken":0.0},{"damage_healed":0.0,"max_hp_gain":0.0,"max_hp_loss":0.0,"gold_gain":0.0,"event_name":"Tomb of Lord Red Mask","player_choice":"Ignored","floor":45.0,"gold_loss":0.0,"damage_taken":0.0}],"is_beta":false,"boss_relics":[{"not_picked":["Black Star","Philosopher\u0027s Stone"],"picked":"Runic Dome"},{"not_picked":["Cursed Key","Velvet Choker"],"picked":"SlaversCollar"}],"items_purged_floors":[5,11,22,31,41],"is_endless":false,"potions_floor_spawned":[1,13,19,20,33,35,37,47],"killed_by":"Time Eater","ascension_level":8}}