{"host":"pi8b3ffzwvxqztac","time":1611217139,"event":{"mods":["BaseMod","Colored Map","Downfall","Minty Spire (QoL Compilation)","StSLib","The Jungle"],"gold_per_floor":[99,119,129,146,146,46,96,108,8,8,25,10,10,0,16,16,16,16],"floor_reached":16,"language":"ENG","playtime":919,"items_purged":[],"score":106,"play_id":"412ed2e6-2871-4455-b23f-231c558dda01","local_time":"20210121211859","is_ascension_mode":true,"campfire_choices":[{"floor":1,"key":"RECALL"},{"data":"bronze:Return","floor":6,"key":"SMITH"},{"data":"bronze:InfiniteBeams","floor":9,"key":"SMITH"},{"data":"bronze:Return","floor":13,"key":"SMITH"}],"circlet_count":0,"master_deck":["bronze:Strike","bronze:Strike+1","bronze:Strike+1","bronze:Strike","bronze:Defend+1","bronze:Defend","bronze:Defend","bronze:Defend","bronze:Replicate","bronze:Goto+1","bronze:InfiniteBeams+1","bronze:Shield","bronze:Return+1","downfall:Malfunctioning","bronze:Return+1","Regret","bronze:InfiniteBeams","bronze:ShipIt","bronze:Branch","bronze:Branch"],"relics":["bronze:BronzeCore","downfall:HeartBlessingRed","downfall:HeartBlessingBlue","Pocketwatch"],"acts_visited":["Exordium"],"potions_floor_usage":[11,16,16],"damage_taken":[{"damage":4,"enemies":"Small Slimes","floor":2,"turns":4},{"damage":2,"enemies":"Jaw Worm","floor":3,"turns":3},{"damage":1,"enemies":"2 Louse","floor":4,"turns":3},{"damage":1,"enemies":"Exordium Wildlife","floor":8,"turns":4},{"damage":16,"enemies":"Gremlin Gang","floor":11,"turns":3},{"damage":5,"enemies":"downfall:FleeingMerchant","floor":12,"turns":4},{"damage":11,"enemies":"downfall:FleeingMerchant","floor":14,"turns":4},{"damage":6,"enemies":"3 Louse","floor":15,"turns":4},{"damage":38,"enemies":"SI_SHIV_ARCHETYPE","floor":16,"turns":7}],"seed_played":"9094783015750691617","potions_obtained":[{"floor":2,"key":"champ:CounterPotion"},{"floor":4,"key":"Ancient Potion"},{"floor":11,"key":"SkillPotion"}],"is_trial":false,"path_per_floor":["R","M","M","M","?","R","T","M","R","?","M","$","R","$","M","B"],"character_chosen":"THE_AUTOMATON","items_purchased":[],"campfire_rested":0,"item_purchase_floors":[],"current_hp_per_floor":[70,66,64,63,63,63,63,62,72,72,56,51,51,40,34,0,0,0],"gold":16,"neow_bonus":"UPGRADE_CARD","is_daily":false,"chose_seed":false,"campfire_upgraded":3,"win_rate":0.0,"timestamp":1611217139,"path_taken":["R","M","M","M","?","R","T","M","R","?","M","?","R","$","M","BOSS"],"items_purchased_type":[],"build_version":"2020-12-22","purchased_purges":0,"victory":false,"max_hp_per_floor":[70,70,70,70,70,70,70,70,80,80,80,80,80,80,80,80,80,80],"card_choices":[{"not_picked":["bronze:ForLoop","bronze:CutThrough"],"picked":"bronze:InfiniteBeams","floor":2},{"not_picked":["bronze:WildBeam","bronze:ForLoop"],"picked":"bronze:Shield","floor":3},{"not_picked":["bronze:DelayedSlice","bronze:DarkDash"],"picked":"bronze:Return","floor":4},{"not_picked":["bronze:Flail","bronze:Frontload"],"picked":"bronze:Return","floor":8},{"not_picked":["bronze:WildBeam","bronze:Branch"],"picked":"bronze:InfiniteBeams","floor":11},{"not_picked":["bronze:ChildClass","bronze:CloningBeam"],"picked":"bronze:ShipIt","floor":12},{"not_picked":["bronze:Constructor","bronze:Deprecate"],"picked":"bronze:Branch","floor":14},{"not_picked":["bronze:WildBeam","bronze:Invalidate"],"picked":"bronze:Branch","floor":15}],"player_experience":555204,"relics_obtained":[],"event_choices":[{"damage_healed":0,"gold_gain":0,"player_choice":"Box","damage_taken":0,"relics_obtained":["Pocketwatch"],"max_hp_gain":0,"max_hp_loss":0,"event_name":"Big Fish","floor":10,"gold_loss":0,"cards_obtained":["Regret"]}],"is_beta":false,"boss_relics":[],"items_purged_floors":[],"is_endless":false,"potions_floor_spawned":[2,4,11],"killed_by":"SI_SHIV_ARCHETYPE","ascension_level":3}}