{"host":"c59jaj2b7ki1imdm","time":1611191078,"event":{"mods":["AchievementEnabler","BaseMod","Hermit","Hubris","Minty Spire (QoL Compilation)","StSLib","The Construct","The Hierophant"],"gold_per_floor":[112,125,125,136,13,44,44,44,71,104,118,118,129,129,129,228,228,246,246,246,13,32,32,32],"floor_reached":23,"language":"ENG","playtime":1548,"items_purged":[],"score":199,"play_id":"e3265dc0-aaa7-451d-98ec-56ced87a042b","local_time":"20210121020438","is_ascension_mode":false,"campfire_choices":[{"floor":7,"key":"REST"},{"data":"Eruption","floor":12,"key":"SMITH"},{"floor":15,"key":"REST"}],"circlet_count":0,"master_deck":["Strike_P","Strike_P","Strike_P","Strike_P","Defend_P","Defend_P","Defend_P","Defend_P","Eruption+1","Vigilance","FollowUp","FollowUp","Weave+1","ThirdEye","EmptyBody","Study","InnerPeace","Nirvana","ReachHeaven","JustLucky","DeusExMachina","Halt","ReachHeaven","ThirdEye+1"],"relics":["PureWater","Tiny Chest","PreservedInsect","Kunai","hubris:Stopwatch","hubris:Towel","Toolbox"],"acts_visited":["Exordium","TheCity"],"potions_floor_usage":[10,23],"damage_taken":[{"damage":2,"enemies":"Cultist","floor":1,"turns":3},{"damage":1,"enemies":"Jaw Worm","floor":2,"turns":3},{"damage":0,"enemies":"2 Louse","floor":4,"turns":2},{"damage":18,"enemies":"3 Sentries","floor":6,"turns":9},{"damage":2,"enemies":"Gremlin Nob","floor":10,"turns":3},{"damage":0,"enemies":"Looter","floor":11,"turns":1},{"damage":13,"enemies":"2 Fungi Beasts","floor":13,"turns":3},{"damage":11,"enemies":"Slime Boss","floor":16,"turns":6},{"damage":24,"enemies":"Chosen","floor":18,"turns":4},{"damage":17,"enemies":"Shell Parasite","floor":22,"turns":5},{"damage":18,"enemies":"Book of Stabbing","floor":23,"turns":2}],"seed_played":"-4995760112381486322","potions_obtained":[{"floor":4,"key":"Block Potion"},{"floor":6,"key":"BottledMiracle"},{"floor":10,"key":"SpeedPotion"},{"floor":18,"key":"Strength Potion"}],"is_trial":false,"path_per_floor":["M","M","?","M","$","E","R","?","T","E","M","R","M","T","R","B",null,"M","?","?","$","M","E"],"character_chosen":"WATCHER","items_purchased":["EmptyBody","Study","Toolbox","ReachHeaven"],"campfire_rested":2,"item_purchase_floors":[5,5,21,21],"current_hp_per_floor":[70,69,69,69,69,51,72,72,72,70,70,70,57,57,72,61,72,48,35,35,35,18,0,0],"gold":32,"neow_bonus":"THREE_CARDS","is_daily":false,"chose_seed":false,"campfire_upgraded":1,"win_rate":0.0,"timestamp":1611191078,"path_taken":["M","M","?","M","$","E","R","?","T","E","?","R","?","?","R","BOSS","M","?","?","?","M","E"],"items_purchased_type":["Card","Card","Relic","Card"],"build_version":"2020-12-22","purchased_purges":0,"victory":false,"max_hp_per_floor":[72,72,72,72,72,72,72,72,72,72,72,72,72,72,72,72,72,72,77,77,77,77,77,77],"card_choices":[{"not_picked":["CutThroughFate","Weave"],"picked":"FollowUp","floor":0},{"not_picked":["CutThroughFate","Crescendo"],"picked":"FollowUp","floor":1},{"not_picked":["Nirvana","Evaluate"],"picked":"Weave","floor":2},{"not_picked":["SandsOfTime","CutThroughFate"],"picked":"ThirdEye","floor":4},{"not_picked":["PathToVictory","Omniscience"],"picked":"InnerPeace","floor":6},{"not_picked":["TalkToTheHand","BowlingBash"],"picked":"Nirvana","floor":10},{"not_picked":["EmptyFist","LikeWater"],"picked":"ReachHeaven","floor":11},{"not_picked":["Crescendo","SashWhip"],"picked":"JustLucky","floor":13},{"not_picked":["MasterReality","Establishment"],"picked":"DeusExMachina","floor":16},{"not_picked":["Swivel","TalkToTheHand"],"picked":"Halt","floor":18},{"not_picked":["ClearTheMind","CrushJoints"],"picked":"ThirdEye+1","floor":22}],"player_experience":147047,"relics_obtained":[{"floor":6,"key":"Tiny Chest"},{"floor":9,"key":"PreservedInsect"},{"floor":14,"key":"Kunai"}],"event_choices":[{"damage_healed":0,"gold_gain":0,"player_choice":"Leave","damage_taken":0,"max_hp_gain":0,"max_hp_loss":0,"event_name":"The Cleric","floor":3,"gold_loss":0},{"damage_healed":0,"gold_gain":0,"player_choice":"Forge","damage_taken":0,"max_hp_gain":0,"max_hp_loss":0,"event_name":"Accursed Blacksmith","floor":8,"gold_loss":0,"cards_upgraded":["Weave"]},{"damage_healed":0,"gold_gain":0,"player_choice":"Shed Blood","damage_taken":18,"max_hp_gain":5,"max_hp_loss":0,"event_name":"Forgotten Altar","floor":19,"gold_loss":0}],"is_beta":false,"boss_relics":[{"not_picked":["SacredBark","hubris:GrandSneckoEye"],"picked":"hubris:Stopwatch"}],"items_purged_floors":[],"is_endless":false,"potions_floor_spawned":[4,6,10,18],"killed_by":"Book of Stabbing","ascension_level":0}}