{"host":"rzvepkyh9344fbo1","time":1611227085,"event":{"mods":["AchievementEnabler","Act Like it!","BaseMod","Colored Map","Colored Powertips","Curses Come First","Minty Spire (QoL Compilation)","Replay The Spire","Shop Mod","StSLib","The Cursed"],"gold_per_floor":[369,386,356,374,35,66,66,92,92,92,92,92,92,118,118,223,223,233,253,2,2,15,15,34,133,133,133,165,165,165,165,165,267,267,281,291,301,319,362,362,362,362],"floor_reached":41,"language":"ENG","playtime":4130,"items_purged":[],"score":497,"play_id":"bd838144-08fd-45aa-8a62-9e2f4016561f","local_time":"20210121220445","is_ascension_mode":true,"campfire_choices":[{"floor":7.0,"key":"REST"},{"floor":10.0,"key":"REST"},{"data":"Study","floor":12.0,"key":"SMITH"},{"data":"Eruption","floor":15.0,"key":"SMITH"},{"data":"Halt","floor":23.0,"key":"SMITH"},{"data":"Conclude","floor":27.0,"key":"SMITH"},{"floor":30.0,"key":"REST"},{"floor":32.0,"key":"REST"},{"floor":40,"key":"REST"}],"circlet_count":0,"master_deck":["Strike_P+1","Strike_P+1","Strike_P+1","Defend_P+1","Defend_P+1","Defend_P+1","Defend_P+1","Eruption+1","Vigilance","Hallucinations","FollowUp+1","Consecrate","Replay:Hum","Wallop+1","Study+1","Conclude+1","Prostrate","LessonLearned","FollowUp","Halt+1","SignatureMove+1","SashWhip+1","BowlingBash+1","Pot Of Greed","Pot Of Greed","BowlingBash+1","Pot Of Greed","Devotion","Sanctity","Replay:Battleflow","Protect","ReplayTheSpireMod:Splinters","JustLucky+1"],"relics":["PureWater","ReplayTheSpireMod:TigerMarble","MerchantsRug","HornCleat","Replay:Kaleidoscope","Black Star","Molten Egg 2","Chameleon Ring","Grinning Jar","Enchiridion","Nloth\u0027s Gift","SlaversCollar","Replay:Arrowhead"],"acts_visited":["Exordium","TheCity","TheBeyond"],"potions_floor_usage":[],"damage_taken":[{"damage":12.0,"enemies":"Cultist","floor":1.0,"turns":3.0},{"damage":4.0,"enemies":"Jaw Worm","floor":2.0,"turns":5.0},{"damage":0.0,"enemies":"2 Louse","floor":4.0,"turns":2.0},{"damage":24.0,"enemies":"Gremlin Nob","floor":6.0,"turns":4.0},{"damage":20.0,"enemies":"Lagavulin","floor":8.0,"turns":8.0},{"damage":4.0,"enemies":"Replay:BlueRogue","floor":14.0,"turns":6.0},{"damage":52.0,"enemies":"Hexaghost","floor":16.0,"turns":9.0},{"damage":0.0,"enemies":"Chosen","floor":18.0,"turns":4.0},{"damage":0.0,"enemies":"2 Thieves","floor":19.0,"turns":1.0},{"damage":16.0,"enemies":"3 Cultists","floor":22.0,"turns":7.0},{"damage":1.0,"enemies":"Snake Plant","floor":24.0,"turns":3.0},{"damage":32.0,"enemies":"Replay:Snechameleon","floor":28.0,"turns":8.0},{"damage":34.0,"enemies":"Collector","floor":33.0,"turns":10.0},{"damage":5.0,"enemies":"3 Darklings","floor":35.0,"turns":4.0},{"damage":7.0,"enemies":"3 Shapes","floor":36.0,"turns":2.0},{"damage":50.0,"enemies":"Maw","floor":37.0,"turns":9.0},{"damage":0,"enemies":"Sphere and 2 Shapes","floor":38,"turns":5},{"damage":46,"enemies":"Transient","floor":41,"turns":3}],"seed_played":"5086893730327591023","potions_obtained":[{"floor":2.0,"key":"BottledMiracle"},{"floor":3.0,"key":"LiquidBronze"},{"floor":3.0,"key":"SneckoOil"},{"floor":6.0,"key":"Dexterity Potion"},{"floor":16.0,"key":"Fire Potion"},{"floor":18.0,"key":"AttackPotion"},{"floor":28.0,"key":"Swift Potion"},{"floor":33.0,"key":"SkillPotion"},{"floor":36.0,"key":"LiquidMemories"}],"is_trial":false,"path_per_floor":["M","M","?","M","$","E","R","E","T","R","?","R","?","E","R","B",null,"M","M","$","?","M","R","M","?","T","R","E","?","R","?","R","B",null,"M","M","M","M","?","R","M"],"character_chosen":"WATCHER","items_purchased":["ReplayTheSpireMod:TigerMarble","MerchantsRug","Wallop","Molten Egg 2","SignatureMove+1"],"campfire_rested":5,"item_purchase_floors":[5,5,5,20,20],"current_hp_per_floor":[60,56,56,56,56,32,53,33,33,54,59,59,59,59,59,7,77,77,77,77,77,61,61,60,60,60,60,28,12,35,35,58,24,77,72,65,15,15,15,38,0,0],"gold":362,"neow_bonus":"TWO_FIFTY_GOLD","is_daily":false,"chose_seed":false,"campfire_upgraded":4,"win_rate":0.0,"timestamp":1611227085,"path_taken":["M","M","?","?","$","E","R","E","T","R","?","R","?","E","R","BOSS","M","?","$","?","M","R","M","?","T","R","E","?","R","?","R","BOSS","M","M","M","?","?","R","M"],"items_purchased_type":["Relic","Relic","Card","Relic","Card"],"build_version":"2020-12-22","purchased_purges":0,"victory":false,"max_hp_per_floor":[72,72,72,72,72,72,72,72,72,72,77,77,77,77,77,77,77,77,77,77,77,77,77,77,77,77,77,77,77,77,77,77,77,77,77,77,77,77,77,77,77,77],"card_choices":[{"not_picked":["FearNoEvil","FlyingSleeves"],"picked":"FollowUp","floor":1.0},{"not_picked":["PathToVictory","TalkToTheHand"],"picked":"Consecrate","floor":2.0},{"not_picked":["EmptyFist","WheelKick"],"picked":"Replay:Hum","floor":4.0},{"not_picked":["CrushJoints","FearNoEvil"],"picked":"Study","floor":6.0},{"not_picked":["ThirdEye","EmptyBody"],"picked":"Conclude","floor":8.0},{"not_picked":["Halt","EmptyFist"],"picked":"Prostrate","floor":14.0},{"not_picked":["Replay:AllIn","Scrawl"],"picked":"LessonLearned","floor":16.0},{"not_picked":["CrushJoints","EmptyBody"],"picked":"FollowUp","floor":18.0},{"not_picked":["WaveOfTheHand","Tantrum"],"picked":"Halt","floor":19.0},{"not_picked":["EmptyBody","Omniscience"],"picked":"SashWhip+1","floor":22.0},{"not_picked":["Replay:Cycle","Vengeance+1"],"picked":"BowlingBash+1","floor":24.0},{"not_picked":["Evaluate","Worship"],"picked":"BowlingBash+1","floor":28.0},{"not_picked":["Blasphemy","ConjureBlade"],"picked":"Devotion","floor":33.0},{"not_picked":["Protect+1","SashWhip+1"],"picked":"Sanctity","floor":35.0},{"not_picked":["Crescendo","WheelKick+1"],"picked":"Replay:Battleflow","floor":36.0},{"not_picked":["SandsOfTime+1","ThirdEye+1"],"picked":"Protect","floor":37.0},{"not_picked":["Crescendo","EmptyMind","Replay:AtTheReady+1"],"picked":"SKIP","floor":38},{"not_picked":["WreathOfFlame+1","Replay:AllIn"],"picked":"JustLucky+1","floor":39}],"player_experience":181518,"relics_obtained":[{"floor":6.0,"key":"HornCleat"},{"floor":8.0,"key":"InkBottle"},{"floor":9.0,"key":"Replay:Bottled Flurry"},{"floor":14.0,"key":"Replay:Kaleidoscope"},{"floor":28.0,"key":"Chameleon Ring"},{"floor":28.0,"key":"Grinning Jar"},{"floor":29.0,"key":"Enchiridion"},{"floor":39,"key":"Replay:Arrowhead"}],"event_choices":[{"damage_healed":0.0,"max_hp_gain":0.0,"max_hp_loss":0.0,"gold_gain":0.0,"event_name":"The Woman in Blue","player_choice":"Bought 2 Potions","floor":3.0,"gold_loss":0.0,"damage_taken":0.0},{"damage_healed":0.0,"max_hp_gain":5.0,"max_hp_loss":0.0,"gold_gain":0.0,"event_name":"Big Fish","player_choice":"Donut","floor":11.0,"gold_loss":0.0,"damage_taken":0.0},{"cards_removed":["Strike_P"],"damage_healed":0.0,"max_hp_gain":0.0,"max_hp_loss":0.0,"gold_gain":0.0,"event_name":"Purifier","player_choice":"Purged","floor":13.0,"gold_loss":0.0,"damage_taken":0.0},{"damage_healed":0.0,"max_hp_gain":0.0,"max_hp_loss":0.0,"gold_gain":0.0,"event_name":"Back to Basics","player_choice":"Simplicity","floor":21.0,"gold_loss":0.0,"damage_taken":0.0,"cards_upgraded":["Strike_P","Strike_P","Strike_P","Defend_P","Defend_P","Defend_P","Defend_P"]},{"damage_healed":0.0,"max_hp_gain":0.0,"max_hp_loss":0.0,"gold_gain":99.0,"event_name":"Nest","player_choice":"Stole From Cult","floor":25.0,"gold_loss":0.0,"damage_taken":0.0},{"damage_healed":0.0,"max_hp_gain":0.0,"max_hp_loss":0.0,"gold_gain":0.0,"event_name":"Cursed Tome","player_choice":"Obtained Book","floor":29.0,"gold_loss":0.0,"damage_taken":16.0},{"damage_healed":0.0,"max_hp_gain":0.0,"max_hp_loss":0.0,"gold_gain":0.0,"event_name":"N\u0027loth","player_choice":"Traded Relic","floor":31.0,"relics_lost":["Replay:Bottled Flurry"],"gold_loss":0.0,"damage_taken":0.0,"relics_obtained":["Nloth\u0027s Gift"]}],"is_beta":false,"boss_relics":[{"not_picked":["Painkiller Herb","Snecko Eye"],"picked":"Black Star"},{"not_picked":["Replay:Wanted Poster","Sozu"],"picked":"SlaversCollar"}],"items_purged_floors":[],"is_endless":false,"potions_floor_spawned":[2,6,16,18,28,33,36],"killed_by":"Transient","ascension_level":2}}