{"host":"81vb4cbob60wa1na","time":1611244439,"event":{"mods":["BaseMod","Dio Mod","Downfall","GifTheSpireLib","Hermit","Highlight Path","Minty Spire (QoL Compilation)","StSLib","The Bug Knight","The Cursed","The Disciple"],"gold_per_floor":[99,113,127,137,89,105,105,555,568,568,568,578,578,597,608,608,608,608],"floor_reached":16,"language":"ENG","playtime":406,"items_purged":[],"score":96,"play_id":"48c946cb-1885-407a-8a4b-e213d1e44d7c","local_time":"20210121105359","is_ascension_mode":false,"campfire_choices":[{"data":"bronze:Replicate","floor":1,"key":"SMITH"},{"floor":10,"key":"REST"},{"floor":13,"key":"REST"}],"circlet_count":0,"master_deck":["bronze:Strike","bronze:Strike","bronze:Strike","bronze:Strike","bronze:Defend","bronze:Defend","bronze:Defend","bronze:Defend","bronze:Replicate+1","bronze:Goto","bronze:WhirlingStrike","bronze:Separator","bronze:Overheat","bronze:ClassDefault","bronze:DelayedSlice","downfall:Icky","bronze:WhirlingStrike","bronze:Separator","bronze:ChosenStrike","bronze:CutThrough"],"relics":["bronze:BronzeCore","Omamori","InkBottle","Calipers"],"acts_visited":["Exordium"],"potions_floor_usage":[12,15,16,16],"damage_taken":[{"damage":5,"enemies":"Small Slimes","floor":2,"turns":4},{"damage":3,"enemies":"Jaw Worm","floor":3,"turns":4},{"damage":3,"enemies":"2 Louse","floor":4,"turns":2},{"damage":0,"enemies":"downfall:FleeingMerchant","floor":5,"turns":4},{"damage":13,"enemies":"Red Slaver","floor":6,"turns":2},{"damage":19,"enemies":"Exordium Wildlife","floor":9,"turns":3},{"damage":2,"enemies":"Blue Slaver","floor":12,"turns":2},{"damage":12,"enemies":"2 Fungi Beasts","floor":14,"turns":2},{"damage":16,"enemies":"Lots of Slimes","floor":15,"turns":2},{"damage":24,"enemies":"DF_ARCHETYPE_STREAMLINE","floor":16,"turns":3}],"seed_played":"-8470043475282951527","potions_obtained":[{"floor":2,"key":"Ancient Potion"},{"floor":3,"key":"Ancient Potion"},{"floor":9,"key":"EssenceOfSteel"},{"floor":12,"key":"FairyPotion"},{"floor":15,"key":"Block Potion"}],"is_trial":false,"path_per_floor":["R","M","M","M","$","M","T","?","M","R","?","M","R","M","M","B"],"character_chosen":"THE_AUTOMATON","items_purchased":["bronze:ClassDefault"],"campfire_rested":2,"item_purchase_floors":[5],"current_hp_per_floor":[70,65,62,59,59,46,46,46,27,48,6,4,25,13,21,0,0,0],"gold":608,"neow_bonus":"RANDOM_COMMON_RELIC","is_daily":false,"chose_seed":false,"campfire_upgraded":1,"win_rate":0.0,"timestamp":1611244439,"path_taken":["R","M","M","M","$","M","T","?","M","R","?","M","R","M","M","BOSS"],"items_purchased_type":["Card"],"build_version":"2020-12-22","purchased_purges":0,"victory":false,"max_hp_per_floor":[70,70,70,70,70,70,70,70,70,70,70,70,70,70,70,70,70,70],"card_choices":[{"not_picked":["bronze:NullPointer","bronze:Return"],"picked":"bronze:WhirlingStrike","floor":2},{"not_picked":["bronze:Shield","bronze:Philosophize","bronze:ForceShield"],"picked":"SKIP","floor":3},{"not_picked":["bronze:ForceShield","bronze:Flail"],"picked":"bronze:Separator","floor":4},{"not_picked":["bronze:Branch","bronze:Assembly"],"picked":"bronze:Overheat","floor":5},{"not_picked":["bronze:Optimize","bronze:Overheat"],"picked":"bronze:DelayedSlice","floor":6},{"not_picked":["bronze:Shell","bronze:BugBarrage"],"picked":"bronze:WhirlingStrike","floor":9},{"not_picked":["bronze:FineTuning","bronze:Frontload"],"picked":"bronze:Separator","floor":12},{"not_picked":["bronze:ClassDefault","bronze:CutThrough"],"picked":"bronze:ChosenStrike","floor":14},{"not_picked":["bronze:FineTuning","bronze:Invalidate"],"picked":"bronze:CutThrough","floor":15}],"player_experience":284538,"relics_obtained":[{"floor":7,"key":"InkBottle"}],"event_choices":[{"damage_healed":0,"gold_gain":0,"player_choice":"Success","damage_taken":42,"relics_obtained":["Calipers"],"max_hp_gain":0,"max_hp_loss":0,"event_name":"Scrap Ooze","floor":11,"gold_loss":0}],"is_beta":false,"boss_relics":[],"items_purged_floors":[],"is_endless":false,"potions_floor_spawned":[2,3,9,12,15],"killed_by":"DF_ARCHETYPE_STREAMLINE","ascension_level":0}}