{"host":"ggy1mjjy92c62u6a","time":1611229260,"event":{"mods":["10 clothes from DAL","ATMod(阿瑾Mod)","Act Like it!","BaseMod","Colored Powertips","GifTheSpireLib","GungeonMod","GungeonMod Extend","Minty Spire (QoL Compilation)","Quick Restart","Relic Stats","RumiaBox-露米娅的神秘盒子","Shop Mod","Spicy Shops","StSLib","【功能Mod】混沌之环修复补丁","【遗物Mod】死灵法师NEW","【遗物卡牌】REMEMod"],"gold_per_floor":[-99,-99,-85,-75,15,15,44,44,97,113,113,127,127,147,147,147,147],"floor_reached":16,"language":"ZHS","playtime":434,"items_purged":[],"score":104,"play_id":"ed0bec45-caf1-4211-bf4f-548c2c2d61ca","local_time":"20210121194100","is_ascension_mode":false,"campfire_choices":[{"data":"DemoMod:TripleGun","floor":6,"key":"SMITH"},{"data":"DemoMod:TripleGun","floor":11,"key":"SMITH"},{"floor":15,"key":"REST"}],"circlet_count":0,"master_deck":["DemoMod:Strike_Huntress","DemoMod:Strike_Huntress","DemoMod:Strike_Huntress","DemoMod:Defend_Huntress","DemoMod:Defend_Huntress","DemoMod:Roll","DemoMod:ManualReload","DemoMod:RustySidearm","DemoMod:CrossBow","DemoMod:TripleGun+1","DemoMod:GunShield","DemoMod:CombinedRifle","DemoMod:TripleGun+1","DemoMod:FeignSurrender","DemoMod:GunShield","DemoMod:FastSwitch"],"relics":["DemoMod:Dog","REME_ComplimentaryCards","AT_ATBox","NeowsBlessing","Baka","DemoExt:Lies","MagicDraw2","DemoMod:HoleyGrail"],"acts_visited":["Exordium"],"potions_floor_usage":[16,16],"damage_taken":[{"damage":0,"enemies":"2 Louse","floor":1,"turns":1},{"damage":0,"enemies":"Jaw Worm","floor":3,"turns":1},{"damage":0,"enemies":"Cultist","floor":4,"turns":1},{"damage":2,"enemies":"Looter","floor":5,"turns":3},{"damage":18,"enemies":"Lagavulin","floor":7,"turns":3},{"damage":13,"enemies":"Exordium Wildlife","floor":10,"turns":2},{"damage":19,"enemies":"Exordium Thugs","floor":12,"turns":4},{"damage":0,"enemies":"2 Fungi Beasts","floor":14,"turns":2},{"damage":27,"enemies":"The Guardian","floor":16,"turns":2}],"seed_played":"-6594396551506272352","potions_obtained":[{"floor":5,"key":"Strength Potion"},{"floor":10,"key":"Dexterity Potion"}],"is_trial":false,"path_per_floor":["M","?","M","M","M","R","E","?","T","M","R","M","?","M","R","B"],"character_chosen":"HUNTRESS","items_purchased":[],"campfire_rested":1,"item_purchase_floors":[],"current_hp_per_floor":[70,70,70,70,68,68,50,50,50,37,37,10,3,3,26,0,0],"gold":147,"neow_bonus":"THREE_ENEMY_KILL","is_daily":false,"chose_seed":false,"campfire_upgraded":2,"win_rate":0.0,"timestamp":1611229260,"path_taken":["M","?","M","M","M","R","E","?","T","M","R","?","?","M","R","BOSS"],"items_purchased_type":[],"build_version":"2020-12-22","purchased_purges":0,"victory":false,"max_hp_per_floor":[70,70,70,70,70,70,70,70,70,70,70,78,78,78,78,78,78],"relic_stats":{"counters":[9,19],"obtain_stats":[{"AT_ATBox":0,"DemoMod:Dog":0,"NeowsBlessing":0,"DemoMod:HoleyGrail":9,"DemoExt:Lies":2,"DemoMod:GlassGuonStoneRelic":1,"Baka":1,"MagicDraw2":7,"REME_ComplimentaryCards":0},{"AT_ATBox":0,"DemoMod:Dog":0,"NeowsBlessing":0,"DemoMod:HoleyGrail":5,"DemoExt:Lies":1,"DemoMod:GlassGuonStoneRelic":1,"Baka":1,"MagicDraw2":5,"REME_ComplimentaryCards":0},{"AT_ATBox":0,"DemoMod:Dog":0,"NeowsBlessing":0,"DemoMod:HoleyGrail":9,"DemoExt:Lies":1,"DemoMod:GlassGuonStoneRelic":1,"Baka":1,"MagicDraw2":9,"REME_ComplimentaryCards":0}]},"card_choices":[{"not_picked":["DemoMod:BoxingGlove","DemoMod:MachoBrace"],"picked":"DemoMod:TripleGun","floor":1},{"not_picked":["DemoMod:BattleInHaste","DemoMod:Unmoved"],"picked":"DemoMod:GunShield","floor":3},{"not_picked":["DemoMod:BoxingGlove","DemoMod:Ejector"],"picked":"DemoMod:CombinedRifle","floor":4},{"not_picked":["DemoMod:ProbeStrike","DemoMod:DoubleVision"],"picked":"DemoMod:FeignSurrender","floor":5},{"not_picked":["DemoMod:AC15","DemoMod:Polaris"],"picked":"DemoMod:GunShield","floor":7},{"not_picked":["DemoMod:AbyssalTentacle","DemoMod:AC15","DemoMod:ConditionalReflex"],"picked":"SKIP","floor":10},{"not_picked":["DemoMod:SAA","DemoMod:AC15"],"picked":"DemoMod:FastSwitch","floor":12},{"not_picked":["DemoMod:Camera","DemoMod:JK47","DemoMod:FastSwitch"],"picked":"SKIP","floor":14}],"player_experience":65666,"relics_obtained":[{"floor":1,"key":"Baka"},{"floor":7,"key":"MagicDraw2"},{"floor":9,"key":"DemoMod:HoleyGrail"}],"event_choices":[{"cards_removed":["DemoMod:Defend_Huntress"],"damage_healed":0,"gold_gain":0,"player_choice":"Purged","damage_taken":0,"max_hp_gain":0,"max_hp_loss":0,"event_name":"Purifier","floor":8,"gold_loss":0},{"cards_removed":["DemoMod:Defend_Huntress"],"damage_healed":0,"gold_gain":0,"player_choice":"Card Removal","damage_taken":7,"max_hp_gain":0,"max_hp_loss":0,"event_name":"Golden Wing","floor":13,"gold_loss":0}],"is_beta":false,"boss_relics":[],"items_purged_floors":[],"is_endless":false,"potions_floor_spawned":[1,5,10],"killed_by":"The Guardian","ascension_level":0}}