{"host":"puf131q5awx2h4uh","time":1611225910,"event":{"mods":["BaseMod","Minty Spire (QoL Compilation)","Quick Restart","Shop Mod","StSLib"],"gold_per_floor":[114,125,142,142,67,67,101,101,101,23,23,54,54,54,54,54,54],"floor_reached":16,"language":"ZHS","playtime":324,"items_purged":["Strike_G"],"score":186,"play_id":"24a507b7-4c72-4fb1-8279-ad1b3051be18","local_time":"20210121184510","is_ascension_mode":true,"campfire_choices":[{"data":"Crippling Poison","floor":6.0,"key":"SMITH"},{"data":"Blade Dance","floor":8.0,"key":"SMITH"},{"data":"Accuracy","floor":15,"key":"SMITH"}],"circlet_count":0,"master_deck":["AscendersBane","Strike_G","Strike_G","Strike_G","Defend_G","Defend_G+1","Defend_G","Defend_G+1","Defend_G","Survivor","Neutralize","Poisoned Stab","Crippling Poison+1","Caltrops","Blade Dance+1","Accuracy+1"],"relics":["Ring of the Snake","NeowsBlessing","Shuriken","Meat on the Bone","Omamori","War Paint"],"acts_visited":["Exordium"],"potions_floor_usage":[16],"damage_taken":[{"damage":0.0,"enemies":"Cultist","floor":1.0,"turns":1.0},{"damage":0.0,"enemies":"2 Louse","floor":2.0,"turns":1.0},{"damage":0.0,"enemies":"Jaw Worm","floor":3.0,"turns":1.0},{"damage":24.0,"enemies":"Gremlin Nob","floor":7.0,"turns":4.0},{"damage":18,"enemies":"3 Sentries","floor":12,"turns":8},{"damage":33,"enemies":"Slime Boss","floor":16,"turns":8}],"seed_played":"-6196208955108578370","potions_obtained":[{"floor":2.0,"key":"CunningPotion"},{"floor":7.0,"key":"FairyPotion"},{"floor":12,"key":"DuplicationPotion"}],"is_trial":false,"path_per_floor":["M","M","M","?","$","R","E","R","T","$","?","E","$","?","R","B"],"character_chosen":"THE_SILENT","items_purchased":["Accuracy"],"campfire_rested":0,"item_purchase_floors":[10],"current_hp_per_floor":[59,59,59,59,59,59,35,35,35,35,9,27,27,27,27,0,0],"gold":54,"neow_bonus":"THREE_ENEMY_KILL","is_daily":false,"chose_seed":false,"campfire_upgraded":3,"win_rate":0.0,"timestamp":1611225910,"path_taken":["M","M","?","?","$","R","E","R","T","?","?","E","$","?","R","BOSS"],"items_purchased_type":["Card"],"build_version":"2020-12-22","purchased_purges":1,"victory":false,"max_hp_per_floor":[66,66,66,66,66,66,66,66,66,66,66,66,66,66,66,66,66],"card_choices":[{"not_picked":["Deflect","Quick Slash"],"picked":"Poisoned Stab","floor":1.0},{"not_picked":["Eviscerate","Quick Slash"],"picked":"Crippling Poison","floor":2.0},{"not_picked":["Concentrate","Dodge and Roll"],"picked":"Caltrops","floor":3.0},{"not_picked":["Outmaneuver","Grand Finale"],"picked":"Blade Dance","floor":7.0},{"not_picked":["Distraction","PiercingWail","Sucker Punch"],"picked":"SKIP","floor":12}],"player_experience":328220,"relics_obtained":[{"floor":7.0,"key":"Shuriken"},{"floor":9.0,"key":"Meat on the Bone"},{"floor":12,"key":"War Paint"}],"event_choices":[{"cards_removed":["Strike_G"],"damage_healed":0.0,"max_hp_gain":0.0,"max_hp_loss":0.0,"gold_gain":0.0,"event_name":"Living Wall","player_choice":"Forget","floor":4.0,"gold_loss":0.0,"damage_taken":0.0},{"damage_healed":0.0,"max_hp_gain":0.0,"max_hp_loss":0.0,"gold_gain":0.0,"event_name":"Scrap Ooze","player_choice":"Success","floor":11.0,"gold_loss":0.0,"damage_taken":26.0,"relics_obtained":["Omamori"]},{"damage_healed":0,"gold_gain":0,"player_choice":"Ignored","damage_taken":0,"max_hp_gain":0,"max_hp_loss":0,"event_name":"Shining Light","floor":14,"gold_loss":0}],"is_beta":false,"boss_relics":[],"items_purged_floors":[5],"is_endless":false,"potions_floor_spawned":[2,7,12],"killed_by":"Slime Boss","ascension_level":15}}