{"host":"rhakyh2m1vy6smuu","time":1611243070,"event":{"mods":["BaseMod","Minty Spire (QoL Compilation)","StSLib"],"gold_per_floor":[114,64,41,41,54,54,81,81,134,209,209,227,243,255,255,355,355,373,18,35,47,65,65,65,65,65,65,65],"floor_reached":27,"language":"ENG","playtime":1958,"items_purged":["Pain"],"score":280,"play_id":"9691ed62-92ac-4d78-bdf2-ed413e575a66","local_time":"20210121083110","is_ascension_mode":true,"campfire_choices":[{"data":"Chrysalis","floor":6,"key":"SMITH"},{"data":"Cold Snap","floor":8,"key":"SMITH"},{"data":"Zap","floor":11,"key":"SMITH"},{"floor":15,"key":"REST"},{"data":"Defragment","floor":23,"key":"SMITH"},{"data":"Seek","floor":25,"key":"SMITH"}],"circlet_count":0,"master_deck":["Strike_B","Strike_B","Strike_B","Strike_B","Defend_B","Defend_B","Defend_B","Defend_B","Zap+1","Dualcast","Chrysalis+1","Gash","Gash","Cold Snap+1","Steam","Compile Driver","Go for the Eyes","Gash","Seek+1","FTL","Defragment+1","Coolheaded+1","Go for the Eyes","Beam Cell"],"relics":["Cracked Core","WarpedTongs","Pen Nib","Black Star","Membership Card","Meat on the Bone","Bottled Lightning"],"acts_visited":["Exordium","TheCity"],"potions_floor_usage":[13,14,21,24],"damage_taken":[{"damage":5,"enemies":"Small Slimes","floor":1,"turns":3},{"damage":4,"enemies":"Jaw Worm","floor":5,"turns":3},{"damage":27,"enemies":"3 Sentries","floor":7,"turns":10},{"damage":0,"enemies":"2 Louse","floor":12,"turns":2},{"damage":27,"enemies":"Lots of Slimes","floor":13,"turns":5},{"damage":1,"enemies":"Large Slime","floor":14,"turns":6},{"damage":45,"enemies":"The Guardian","floor":16,"turns":11},{"damage":15,"enemies":"Shell Parasite","floor":18,"turns":7},{"damage":16,"enemies":"3 Byrds","floor":20,"turns":7},{"damage":7,"enemies":"Sentry and Sphere","floor":21,"turns":4},{"damage":32,"enemies":"3 Cultists","floor":22,"turns":7},{"damage":5,"enemies":"Snake Plant","floor":24,"turns":2},{"damage":41,"enemies":"Masked Bandits","floor":27,"turns":3}],"seed_played":"613310887464849641","potions_obtained":[{"floor":5,"key":"FairyPotion"},{"floor":12,"key":"Regen Potion"},{"floor":13,"key":"Block Potion"},{"floor":14,"key":"Swift Potion"},{"floor":16,"key":"FearPotion"},{"floor":20,"key":"SmokeBomb"},{"floor":21,"key":"Ancient Potion"}],"is_trial":false,"path_per_floor":["M","?","$","?","M","R","E","R","T","?","R","M","M","M","R","B",null,"M","$","M","M","M","R","M","R","T","?"],"character_chosen":"DEFECT","items_purchased":["Gash","Membership Card","FTL","Defragment","Meat on the Bone"],"campfire_rested":1,"item_purchase_floors":[3,19,19,19,19],"current_hp_per_floor":[63,63,63,63,59,59,32,32,32,21,21,21,8,7,29,6,58,43,43,39,44,24,24,31,31,31,0,0],"gold":65,"neow_bonus":"RANDOM_COLORLESS_2","is_daily":false,"chose_seed":false,"campfire_upgraded":5,"win_rate":0.0,"timestamp":1611243070,"path_taken":["M","?","?","?","?","R","E","R","T","?","R","M","M","M","R","BOSS","M","$","M","M","M","R","M","R","T","?"],"items_purchased_type":["Card","Relic","Card","Card","Relic"],"build_version":"2020-12-22","purchased_purges":1,"victory":false,"max_hp_per_floor":[75,75,75,75,75,75,75,75,75,75,75,75,75,75,75,75,75,75,75,75,75,75,75,75,75,75,75,75],"card_choices":[{"not_picked":["Secret Technique","Metamorphosis"],"picked":"Chrysalis","floor":0},{"not_picked":["Scrape","Rebound"],"picked":"Gash","floor":1},{"not_picked":["Doom and Gloom","Rebound"],"picked":"Cold Snap","floor":5},{"not_picked":["Meteor Strike","Doom and Gloom"],"picked":"Steam","floor":7},{"not_picked":["Redo","Streamline"],"picked":"Compile Driver","floor":12},{"not_picked":["Ball Lightning","Hologram"],"picked":"Go for the Eyes","floor":13},{"not_picked":["Hello World","Darkness"],"picked":"Gash","floor":14},{"not_picked":["Rainbow","Creative AI"],"picked":"Seek","floor":16},{"not_picked":["Sweeping Beam","Stack+1","Reinforced Body+1"],"picked":"SKIP","floor":18},{"not_picked":["Rebound","Chill"],"picked":"Coolheaded+1","floor":20},{"not_picked":["Fusion","Conserve Battery"],"picked":"Go for the Eyes","floor":21},{"not_picked":["Meteor Strike","Storm+1"],"picked":"Beam Cell","floor":22}],"player_experience":1482742,"relics_obtained":[{"floor":7,"key":"Pen Nib"},{"floor":26,"key":"Bottled Lightning"}],"event_choices":[{"cards_removed":["Writhe"],"damage_healed":0,"gold_gain":0,"player_choice":"Card Removal","damage_taken":0,"max_hp_gain":0,"max_hp_loss":0,"event_name":"The Cleric","floor":2,"gold_loss":50},{"damage_healed":0,"gold_gain":0,"player_choice":"Rummage","damage_taken":0,"relics_obtained":["WarpedTongs"],"max_hp_gain":0,"max_hp_loss":0,"event_name":"Accursed Blacksmith","floor":4,"gold_loss":0,"cards_obtained":["Pain"]},{"damage_healed":0,"gold_gain":75,"player_choice":"Gather Gold","damage_taken":11,"max_hp_gain":0,"max_hp_loss":0,"event_name":"World of Goop","floor":10,"gold_loss":0},{"damage_healed":0,"gold_gain":0,"player_choice":"Fought Bandits","damage_taken":0,"max_hp_gain":0,"max_hp_loss":0,"event_name":"Masked Bandits","floor":27,"gold_loss":0}],"is_beta":false,"boss_relics":[{"not_picked":["Calling Bell","Ectoplasm"],"picked":"Black Star"}],"items_purged_floors":[19],"is_endless":false,"potions_floor_spawned":[5,12,13,14,16,20,21,24],"killed_by":"Masked Bandits","ascension_level":6}}