{"host":"n6qxj7a4gnapjcui","time":1611248607,"event":{"mods":["2.2 Compatiblity","AchievementEnabler","BaseMod","Colored Map","Highlight Path","Minty Spire (QoL Compilation)","Random Character Button","Rare Cards Sparkle"],"gold_per_floor":[117,117,137,137,151,178,178,190,217,217,66,79,79,155,155,252,252,268,268,268,268],"floor_reached":20,"language":"POL","playtime":834,"items_purged":[],"score":240,"play_id":"fcc42a37-9edc-42e2-8949-bb32c0c593fe","local_time":"20210121180327","is_ascension_mode":true,"campfire_choices":[{"data":"Intimidate","floor":7,"key":"SMITH"},{"data":"Power Through","floor":13,"key":"SMITH"},{"floor":15,"key":"REST"}],"circlet_count":0,"master_deck":["Strike_R","Strike_R","Strike_R","Strike_R","Defend_R","Defend_R","Defend_R","Defend_R","Bash","Power Through+1","Intimidate+1","Whirlwind","Cleave","Sentinel","Disarm","Double Tap","Thunderclap+1"],"relics":["Burning Blood","Tiny Chest","Centennial Puzzle","Lantern","Question Card","Runic Pyramid"],"acts_visited":["Exordium","TheCity"],"potions_floor_usage":[16,16],"damage_taken":[{"damage":6,"enemies":"Cultist","floor":1,"turns":3},{"damage":0,"enemies":"Small Slimes","floor":3,"turns":3},{"damage":11,"enemies":"2 Louse","floor":5,"turns":3},{"damage":48,"enemies":"Gremlin Nob","floor":6,"turns":6},{"damage":10,"enemies":"Blue Slaver","floor":8,"turns":6},{"damage":18,"enemies":"Gremlin Gang","floor":12,"turns":2},{"damage":38,"enemies":"Hexaghost","floor":16,"turns":12},{"damage":55,"enemies":"Shell Parasite","floor":18,"turns":14},{"damage":8,"enemies":"Spheric Guardian","floor":20,"turns":3}],"seed_played":"8594211644987425768","potions_obtained":[{"floor":1,"key":"Ancient Potion"},{"floor":6,"key":"ColorlessPotion"},{"floor":8,"key":"LiquidBronze"},{"floor":16,"key":"SteroidPotion"}],"is_trial":false,"path_per_floor":["M","?","M","?","M","E","R","M","T","?","$","M","R","T","R","B",null,"M","?","M"],"character_chosen":"IRONCLAD","items_purchased":["Lantern"],"campfire_rested":1,"item_purchase_floors":[11],"current_hp_per_floor":[88,93,93,86,81,39,39,35,35,35,35,23,23,23,50,18,74,25,7,0,0],"gold":268,"neow_bonus":"TEN_PERCENT_HP_BONUS","is_daily":false,"chose_seed":false,"campfire_upgraded":2,"win_rate":0.0,"timestamp":1611248607,"path_taken":["M","?","M","?","M","E","R","M","T","?","?","?","R","?","R","BOSS","M","?","M"],"items_purchased_type":["Relic"],"build_version":"2020-12-22","purchased_purges":0,"victory":false,"max_hp_per_floor":[88,93,93,93,93,93,93,93,93,93,93,93,93,93,93,93,93,93,98,98,98],"card_choices":[{"not_picked":["Combust","Sever Soul"],"picked":"Power Through","floor":1},{"not_picked":["Twin Strike","Pommel Strike"],"picked":"Intimidate","floor":3},{"not_picked":["Sword Boomerang","Twin Strike"],"picked":"Whirlwind","floor":5},{"not_picked":["Seeing Red","Brutality"],"picked":"Cleave","floor":6},{"not_picked":["Sword Boomerang","Havoc"],"picked":"Sentinel","floor":8},{"not_picked":["Perfected Strike","Headbutt"],"picked":"Disarm","floor":12},{"not_picked":["Limit Break","Exhume","Brutality"],"picked":"Double Tap","floor":16},{"not_picked":["Second Wind+1","True Grit","Dual Wield"],"picked":"Thunderclap+1","floor":18}],"player_experience":278734,"relics_obtained":[{"floor":6,"key":"Tiny Chest"},{"floor":9,"key":"Centennial Puzzle"},{"floor":14,"key":"Question Card"}],"event_choices":[{"damage_healed":0,"gold_gain":0,"player_choice":"Donut","damage_taken":0,"max_hp_gain":5,"max_hp_loss":0,"event_name":"Big Fish","floor":2,"gold_loss":0},{"cards_removed":["Strike_R"],"damage_healed":0,"gold_gain":0,"player_choice":"Card Removal","damage_taken":7,"max_hp_gain":0,"max_hp_loss":0,"event_name":"Golden Wing","floor":4,"gold_loss":0},{"damage_healed":0,"gold_gain":0,"player_choice":"Ignored","damage_taken":0,"max_hp_gain":0,"max_hp_loss":0,"event_name":"Shining Light","floor":10,"gold_loss":0},{"damage_healed":0,"gold_gain":0,"player_choice":"Shed Blood","damage_taken":23,"max_hp_gain":5,"max_hp_loss":0,"event_name":"Forgotten Altar","floor":19,"gold_loss":0}],"is_beta":false,"boss_relics":[{"not_picked":["Velvet Choker","Fusion Hammer"],"picked":"Runic Pyramid"}],"items_purged_floors":[],"is_endless":false,"potions_floor_spawned":[1,6,8,16],"killed_by":"Spheric Guardian","ascension_level":5}}