{"host":"y76clbnovzmw9ubx","time":1611193361,"event":{"mods":["AchievementEnabler","BaseMod","Minty Spire (QoL Compilation)","Permanent Neow","Relic Stats"],"gold_per_floor":[115,115,130,150,167,199,199,233,233,244,0,31,44,5,5,5,5],"floor_reached":16,"language":"ENG","playtime":841,"items_purged":["Strike_G"],"score":244,"play_id":"87887bcd-f518-422a-82c3-06d8992e0d3b","local_time":"20210120204241","is_ascension_mode":true,"campfire_choices":[{"data":"Quick Slash","floor":7,"key":"SMITH"},{"data":"Noxious Fumes","floor":15,"key":"SMITH"}],"circlet_count":0,"master_deck":["AscendersBane","Strike_G","Strike_G","Strike_G","Defend_G","Defend_G","Defend_G","Defend_G","Defend_G","Survivor","Neutralize","Masterful Stab","Quick Slash+1","Poisoned Stab","Dagger Throw","Backflip","Noxious Fumes+1"],"relics":["Ring of the Snake","Anchor","Lizard Tail","Art of War","MealTicket","Membership Card","Gremlin Horn"],"acts_visited":["Exordium"],"potions_floor_usage":[6,6,12,12,16],"damage_taken":[{"damage":0,"enemies":"Small Slimes","floor":1,"turns":4},{"damage":0,"enemies":"Cultist","floor":3,"turns":4},{"damage":0,"enemies":"Jaw Worm","floor":4,"turns":2},{"damage":0,"enemies":"Looter","floor":5,"turns":3},{"damage":47,"enemies":"Lagavulin","floor":6,"turns":6},{"damage":27,"enemies":"3 Sentries","floor":8,"turns":11},{"damage":9,"enemies":"Large Slime","floor":10,"turns":5},{"damage":5,"enemies":"Lagavulin","floor":12,"turns":5},{"damage":2,"enemies":"Exordium Wildlife","floor":13,"turns":5},{"damage":41,"enemies":"Slime Boss","floor":16,"turns":6}],"seed_played":"-2420865776002836020","potions_obtained":[{"floor":1,"key":"LiquidBronze"},{"floor":3,"key":"Swift Potion"},{"floor":10,"key":"SpeedPotion"},{"floor":13,"key":"Block Potion"}],"is_trial":false,"path_per_floor":["M","?","M","M","M","E","R","E","T","M","$","E","M","$","R","B"],"character_chosen":"THE_SILENT","items_purchased":["Membership Card","Backflip","FearPotion","Noxious Fumes"],"campfire_rested":0,"item_purchase_floors":[11,11,11,14],"current_hp_per_floor":[59,59,59,59,59,12,12,18,18,9,24,19,17,32,32,0,0],"gold":5,"neow_bonus":"RANDOM_COMMON_RELIC","is_daily":false,"chose_seed":false,"campfire_upgraded":2,"win_rate":0.0,"timestamp":1611193361,"path_taken":["M","?","?","M","M","E","R","E","T","M","$","E","M","$","R","BOSS"],"items_purchased_type":["Relic","Card","Potion","Card"],"build_version":"2020-12-22","purchased_purges":1,"victory":false,"max_hp_per_floor":[66,66,66,66,66,66,66,66,66,66,66,66,66,66,66,66,66],"relic_stats":{"Lizard Tail":33,"Gremlin Horn":[1,1],"counters":[10,51],"MealTicket":30,"Art of War":[1],"obtain_stats":[{"Anchor":0,"Lizard Tail":6,"Gremlin Horn":12,"MealTicket":9,"Art of War":8,"Membership Card":11,"Ring of the Snake":0},{"Anchor":0,"Lizard Tail":5,"Gremlin Horn":8,"MealTicket":6,"Art of War":6,"Membership Card":7,"Ring of the Snake":0},{"Anchor":0,"Lizard Tail":19,"Gremlin Horn":40,"MealTicket":30,"Art of War":30,"Membership Card":35,"Ring of the Snake":0}],"Ring of the Snake":[20]},"card_choices":[{"not_picked":["Dagger Throw","Reflex"],"picked":"Masterful Stab","floor":1},{"not_picked":["Poisoned Stab","Flechettes"],"picked":"Quick Slash","floor":3},{"not_picked":["Riddle With Holes","Slice"],"picked":"Poisoned Stab","floor":4},{"not_picked":["Masterful Stab","Deadly Poison"],"picked":"Dagger Throw","floor":5},{"not_picked":["Tactician","Setup","Cloak And Dagger"],"picked":"SKIP","floor":6},{"not_picked":["Flying Knee","Calculated Gamble","Heel Hook"],"picked":"SKIP","floor":8},{"not_picked":["Night Terror","Dagger Throw","Outmaneuver"],"picked":"SKIP","floor":10},{"not_picked":["Dagger Throw","Crippling Poison","Bouncing Flask"],"picked":"SKIP","floor":12},{"not_picked":["Acrobatics","Deadly Poison","Riddle With Holes"],"picked":"SKIP","floor":13}],"player_experience":3092062,"relics_obtained":[{"floor":6,"key":"Lizard Tail"},{"floor":8,"key":"Art of War"},{"floor":9,"key":"MealTicket"},{"floor":12,"key":"Gremlin Horn"}],"event_choices":[{"cards_removed":["Strike_G"],"damage_healed":0,"gold_gain":0,"player_choice":"Purged","damage_taken":0,"max_hp_gain":0,"max_hp_loss":0,"event_name":"Purifier","floor":2,"gold_loss":0}],"is_beta":false,"boss_relics":[],"items_purged_floors":[11],"is_endless":false,"potions_floor_spawned":[1,3,10,13],"killed_by":"Slime Boss","ascension_level":20}}