{"host":"840yoaz69lavfcgt","time":1611209149,"event":{"mods":["BaseMod","Colored Powertips","DeckTracker","Highlight Path","Minty Spire (QoL Compilation)","Synergy Search"],"gold_per_floor":[119,119,119,119,134,169,183,203,257,257,1,15,44,64,64,164,164,177,186,111,135,135,135,173,193,216,234,257,266,305,326,335,440,440,463,463,490,517,541,575,584,23,23,57,95,144,177,215,236,248,248],"floor_reached":50,"language":"ENG","playtime":4521,"items_purged":[],"score":709,"play_id":"ebc533bd-9e15-4d26-905c-5e6c9042ff2d","local_time":"20210121010549","is_ascension_mode":false,"campfire_choices":[{"floor":15.0,"key":"REST"},{"data":"Static Discharge","floor":23.0,"key":"SMITH"},{"floor":29.0,"key":"REST"},{"floor":32,"key":"REST"},{"floor":41,"key":"REST"},{"floor":49,"key":"REST"}],"circlet_count":0,"master_deck":["Strike_B","Strike_B","Strike_B","Defend_B+1","Defend_B","Defend_B","Zap+1","Dualcast+1","Static Discharge+1","Cold Snap","Redo","Ball Lightning","Ball Lightning","Consume","Cold Snap","Melter","Loop","Go for the Eyes","Hyperbeam+1","Conserve Battery","Sunder+1","FTL","Ball Lightning","Sweeping Beam","Aggregate","Barrage","Stack+1","Redo","Defragment","Blizzard+1","Buffer","BootSequence+1","Redo+1","Fusion+1","Beam Cell+1","Capacitor","White Noise+1","White Noise","Jack Of All Trades","Conserve Battery+1","Rebound+1","Conserve Battery+1","Force Field","Defragment+1"],"relics":["Cracked Core","Potion Belt","Pen Nib","Bottled Tornado","Dream Catcher","Strawberry","Toolbox","Sundial","SlaversCollar","CeramicFish","Symbiotic Virus","War Paint","Gambling Chip","SacredBark","Pantograph","Ice Cream","Bottled Lightning","MawBank","Centennial Puzzle","Ginger"],"acts_visited":["Exordium","TheCity","TheBeyond"],"potions_floor_usage":[33,33,33,38,40,40,44,44,50,50,50],"damage_taken":[{"damage":1.0,"enemies":"2 Louse","floor":1.0,"turns":3.0},{"damage":0.0,"enemies":"Small Slimes","floor":5.0,"turns":3.0},{"damage":40.0,"enemies":"Lagavulin","floor":6.0,"turns":6.0},{"damage":3.0,"enemies":"Jaw Worm","floor":7.0,"turns":3.0},{"damage":14.0,"enemies":"Exordium Wildlife","floor":8.0,"turns":3.0},{"damage":14.0,"enemies":"3 Louse","floor":12.0,"turns":2.0},{"damage":4.0,"enemies":"Gremlin Nob","floor":13.0,"turns":4.0},{"damage":3.0,"enemies":"Red Slaver","floor":14.0,"turns":2.0},{"damage":36.0,"enemies":"The Guardian","floor":16.0,"turns":8.0},{"damage":0.0,"enemies":"Spheric Guardian","floor":18.0,"turns":2.0},{"damage":0.0,"enemies":"Chosen","floor":21.0,"turns":4.0},{"damage":21.0,"enemies":"Book of Stabbing","floor":24.0,"turns":4.0},{"damage":18.0,"enemies":"Shelled Parasite and Fungi","floor":25.0,"turns":3.0},{"damage":0.0,"enemies":"3 Cultists","floor":28.0,"turns":2.0},{"damage":0.0,"enemies":"Gremlin Leader","floor":30.0,"turns":6.0},{"damage":14,"enemies":"Chosen and Byrds","floor":31,"turns":2},{"damage":16,"enemies":"Collector","floor":33,"turns":6},{"damage":0,"enemies":"3 Shapes","floor":35,"turns":4},{"damage":35,"enemies":"3 Darklings","floor":37,"turns":6},{"damage":30,"enemies":"Transient","floor":38,"turns":5},{"damage":3,"enemies":"4 Shapes","floor":39,"turns":1},{"damage":9,"enemies":"Nemesis","floor":40,"turns":7},{"damage":0,"enemies":"Giant Head","floor":44,"turns":5},{"damage":25,"enemies":"Reptomancer","floor":46,"turns":5},{"damage":21,"enemies":"Writhing Mass","floor":47,"turns":5},{"damage":18,"enemies":"Sphere and 2 Shapes","floor":48,"turns":3},{"damage":74,"enemies":"Awakened One","floor":50,"turns":10}],"seed_played":"9000389151776222513","potions_obtained":[{"floor":1.0,"key":"BlessingOfTheForge"},{"floor":7.0,"key":"SkillPotion"},{"floor":13.0,"key":"FairyPotion"},{"floor":25.0,"key":"Block Potion"},{"floor":28.0,"key":"Fire Potion"},{"floor":30.0,"key":"DistilledChaos"},{"floor":31,"key":"SteroidPotion"},{"floor":33,"key":"FocusPotion"},{"floor":35,"key":"Regen Potion"},{"floor":37,"key":"Dexterity Potion"},{"floor":44,"key":"DistilledChaos"},{"floor":47,"key":"DuplicationPotion"}],"is_trial":false,"path_per_floor":["M","?","?","T","M","E","M","M","T","?","$","M","E","M","R","B",null,"M","?","?","M","?","R","E","M","T","?","M","R","E","M","R","B",null,"M","?","M","M","M","E","R","$","T","E","T","E","M","M","R","B"],"character_chosen":"DEFECT","items_purchased":["Toolbox","PotionOfCapacity","Consume","Ice Cream","DistilledChaos","DuplicationPotion","White Noise","Jack Of All Trades"],"campfire_rested":5,"item_purchase_floors":[11,11,11,42,42,42,42,42],"current_hp_per_floor":[74,74,74,74,74,34,31,17,24,24,24,10,6,3,27,16,82,82,82,82,82,74,74,53,35,35,35,35,59,59,45,69,53,82,82,82,47,17,14,50,74,74,74,74,74,49,28,10,34,0,0],"gold":248,"neow_bonus":"RANDOM_COMMON_RELIC","is_daily":false,"chose_seed":false,"campfire_upgraded":1,"win_rate":0.0,"timestamp":1611209149,"path_taken":["M","?","?","?","?","E","M","M","T","?","$","M","E","M","R","BOSS","M","?","?","M","?","R","E","?","T","?","M","R","E","M","R","BOSS","M","?","M","?","M","E","R","$","T","E","?","E","M","?","R","BOSS"],"items_purchased_type":["Relic","Potion","Card","Relic","Potion","Potion","Card","Card"],"build_version":"2020-12-22","purchased_purges":0,"victory":false,"max_hp_per_floor":[75,75,75,75,75,75,75,75,82,82,82,82,82,82,82,82,82,82,82,82,82,82,82,82,82,82,82,82,82,82,82,82,82,82,82,82,82,82,82,82,82,82,82,82,82,82,82,82,82,82,82],"card_choices":[{"not_picked":["Turbo","Rebound"],"picked":"Static Discharge","floor":1.0},{"not_picked":["Stack","Conserve Battery"],"picked":"Cold Snap","floor":5.0},{"not_picked":["White Noise","Tempest"],"picked":"Redo","floor":6.0},{"not_picked":["Streamline","Echo Form"],"picked":"Ball Lightning","floor":7.0},{"not_picked":["Fusion","Recycle"],"picked":"Ball Lightning","floor":8.0},{"not_picked":["Heatsinks","Skim"],"picked":"Cold Snap","floor":12.0},{"not_picked":["Streamline","Aggregate"],"picked":"Melter","floor":13.0},{"not_picked":["Leap","Defragment"],"picked":"Loop","floor":14.0},{"not_picked":["Leap","Rip and Tear"],"picked":"Go for the Eyes","floor":15.0},{"not_picked":["Rainbow","Fission"],"picked":"Hyperbeam","floor":16.0},{"not_picked":["Compile Driver","Blizzard"],"picked":"Conserve Battery","floor":18.0},{"not_picked":["Capacitor+1","Go for the Eyes"],"picked":"Sunder+1","floor":21.0},{"not_picked":["Steam","Compile Driver"],"picked":"FTL","floor":24.0},{"not_picked":["Barrage","Redo"],"picked":"Ball Lightning","floor":25.0},{"not_picked":["Hologram","Rebound"],"picked":"Barrage","floor":28.0},{"not_picked":["Barrage","Steam"],"picked":"Stack+1","floor":29.0},{"not_picked":["Steam","Force Field"],"picked":"Redo","floor":30.0},{"not_picked":["Streamline","Double Energy"],"picked":"Defragment","floor":31},{"not_picked":["Tempest+1","Rip and Tear+1"],"picked":"Blizzard+1","floor":32},{"not_picked":["Thunder Strike","Creative AI"],"picked":"Buffer","floor":33},{"not_picked":["Consume+1","Hello World+1"],"picked":"BootSequence+1","floor":35},{"not_picked":["Rebound+1","Reinforced Body"],"picked":"Redo+1","floor":37},{"not_picked":["Skim","Ball Lightning"],"picked":"Fusion+1","floor":38},{"not_picked":["Tempest+1","Force Field+1"],"picked":"Beam Cell+1","floor":39},{"not_picked":["Barrage","Skim+1"],"picked":"Capacitor","floor":40},{"not_picked":["Sweeping Beam+1","Amplify"],"picked":"White Noise+1","floor":41},{"not_picked":["Amplify","Turbo+1"],"picked":"Conserve Battery+1","floor":44},{"not_picked":["Sweeping Beam+1","Blizzard+1"],"picked":"Rebound+1","floor":46},{"not_picked":["Go for the Eyes","Rip and Tear+1"],"picked":"Conserve Battery+1","floor":47},{"not_picked":["Hyperbeam","Cold Snap"],"picked":"Force Field","floor":48},{"not_picked":["Go for the Eyes+1","Redo"],"picked":"Defragment+1","floor":49}],"player_experience":239545,"relics_obtained":[{"floor":4.0,"key":"Bottled Tornado"},{"floor":6.0,"key":"Dream Catcher"},{"floor":9.0,"key":"Strawberry"},{"floor":13.0,"key":"Sundial"},{"floor":24.0,"key":"Symbiotic Virus"},{"floor":26.0,"key":"War Paint"},{"floor":30.0,"key":"Gambling Chip"},{"floor":40,"key":"Pantograph"},{"floor":43,"key":"Bottled Lightning"},{"floor":44,"key":"MawBank"},{"floor":45,"key":"Centennial Puzzle"},{"floor":46,"key":"Ginger"}],"event_choices":[{"damage_healed":0.0,"max_hp_gain":0.0,"max_hp_loss":0.0,"gold_gain":0.0,"event_name":"Living Wall","player_choice":"Grow","floor":2.0,"gold_loss":0.0,"damage_taken":0.0,"cards_upgraded":["Zap"]},{"damage_healed":0.0,"max_hp_gain":0.0,"max_hp_loss":0.0,"gold_gain":0.0,"event_name":"Big Fish","player_choice":"Box","floor":3.0,"gold_loss":0.0,"damage_taken":0.0,"relics_obtained":["Pen Nib"],"cards_obtained":["Regret"]},{"cards_removed":["Regret"],"damage_healed":0.0,"max_hp_gain":0.0,"max_hp_loss":0.0,"gold_gain":0.0,"event_name":"Purifier","player_choice":"Purged","floor":10.0,"gold_loss":0.0,"damage_taken":0.0},{"damage_healed":0.0,"max_hp_gain":0.0,"max_hp_loss":0.0,"gold_gain":0.0,"event_name":"The Mausoleum","player_choice":"Opened","floor":19.0,"gold_loss":0.0,"damage_taken":0.0,"relics_obtained":["CeramicFish"],"cards_obtained":["Writhe"]},{"cards_removed":["Writhe"],"damage_healed":0.0,"max_hp_gain":0.0,"max_hp_loss":0.0,"gold_gain":0.0,"event_name":"Beggar","player_choice":"Gave Gold","floor":20.0,"gold_loss":75.0,"damage_taken":0.0},{"damage_healed":0.0,"max_hp_gain":0.0,"max_hp_loss":0.0,"gold_gain":0.0,"event_name":"Wheel of Change","player_choice":"Damaged","floor":22.0,"gold_loss":0.0,"damage_taken":8.0},{"damage_healed":0.0,"max_hp_gain":0.0,"max_hp_loss":0.0,"gold_gain":0.0,"cards_transformed":["Strike_B","Defend_B"],"event_name":"Drug Dealer","player_choice":"Became Test Subject","floor":27.0,"gold_loss":0.0,"damage_taken":0.0,"cards_obtained":["Sweeping Beam","Aggregate"]},{"damage_healed":0,"gold_gain":0,"player_choice":"Forge","damage_taken":0,"max_hp_gain":0,"max_hp_loss":0,"event_name":"Accursed Blacksmith","floor":36,"gold_loss":0,"cards_upgraded":["Hyperbeam"]}],"is_beta":false,"boss_relics":[{"not_picked":["Pandora\u0027s Box","Runic Pyramid"],"picked":"SlaversCollar"},{"not_picked":["Philosopher\u0027s Stone","Empty Cage"],"picked":"SacredBark"}],"items_purged_floors":[],"is_endless":false,"potions_floor_spawned":[1,7,13,25,28,30,31,33,35,37,44,47],"killed_by":"Awakened One","ascension_level":0}}