{"host":"kvo7eymyd21g9abd","time":1611193554,"event":{"mods":["AchievementEnabler","BaseMod","Bestiary","Colored Map","Minty Spire (QoL Compilation)","StSLib"],"gold_per_floor":[17,17,30,30,30,64,64,108,132,132,145,168,168,183,183,309,309,328,328,318,343,19,44,44],"floor_reached":23,"language":"ENG","playtime":988,"items_purged":[],"score":211,"play_id":"da167449-8e2e-4db7-88a3-bd574ed29e05","local_time":"20210120204554","is_ascension_mode":true,"campfire_choices":[{"floor":7.0,"key":"REST"},{"floor":10.0,"key":"REST"},{"floor":13.0,"key":"REST"},{"floor":15,"key":"RECALL"}],"circlet_count":0,"master_deck":["Strike_P","Strike_P","Strike_P","Strike_P","Defend_P","Defend_P","Defend_P","Defend_P","Eruption","Vigilance","ReachHeaven","Evaluate","ClearTheMind","Devotion","EmptyFist","Wish","EmptyMind","Brilliance","Transmutation"],"relics":["PureWater","Dead Branch","Golden Idol","Bronze Scales","Ice Cream","Toy Ornithopter","Philosopher\u0027s Stone","Juzu Bracelet"],"acts_visited":["Exordium","TheCity"],"potions_floor_usage":[16,18,20,23],"damage_taken":[{"damage":15.0,"enemies":"Small Slimes","floor":1.0,"turns":3.0},{"damage":6.0,"enemies":"Jaw Worm","floor":3.0,"turns":3.0},{"damage":29.0,"enemies":"Lagavulin","floor":6.0,"turns":8.0},{"damage":22.0,"enemies":"3 Sentries","floor":8.0,"turns":6.0},{"damage":5.0,"enemies":"2 Louse","floor":11.0,"turns":2.0},{"damage":6.0,"enemies":"Looter","floor":12.0,"turns":3.0},{"damage":11.0,"enemies":"Red Slaver","floor":14.0,"turns":3.0},{"damage":27,"enemies":"The Guardian","floor":16,"turns":6},{"damage":22,"enemies":"Shell Parasite","floor":18,"turns":4},{"damage":22,"enemies":"2 Thieves","floor":20,"turns":4},{"damage":22,"enemies":"Centurion and Healer","floor":21,"turns":6},{"damage":22,"enemies":"Gremlin Leader","floor":23,"turns":2}],"seed_played":"5672705968130576327","potions_obtained":[{"floor":1.0,"key":"SkillPotion"},{"floor":6.0,"key":"FearPotion"},{"floor":8.0,"key":"SteroidPotion"},{"floor":21,"key":"DistilledChaos"}],"is_trial":false,"path_per_floor":["M","?","M","?","?","E","R","E","T","R","M","M","R","M","R","B",null,"M","?","M","M","$","E"],"character_chosen":"WATCHER","items_purchased":["Juzu Bracelet","Transmutation"],"campfire_rested":3,"item_purchase_floors":[22,22],"current_hp_per_floor":[57,57,51,48,48,19,40,18,18,39,34,28,49,38,38,16,72,50,50,33,11,11,0,0],"gold":44,"neow_bonus":"ONE_RARE_RELIC","is_daily":false,"chose_seed":false,"campfire_upgraded":0,"win_rate":0.0,"timestamp":1611193554,"path_taken":["M","?","M","?","?","E","R","E","T","R","M","M","R","M","R","BOSS","M","?","?","M","?","E"],"items_purchased_type":["Relic","Card"],"build_version":"2020-12-22","purchased_purges":0,"victory":false,"max_hp_per_floor":[72,72,72,72,72,72,72,72,72,72,72,72,72,72,72,72,72,72,72,72,72,72,72,72],"card_choices":[{"not_picked":["WreathOfFlame","Fasting2"],"picked":"ReachHeaven","floor":1.0},{"not_picked":["WreathOfFlame","CutThroughFate"],"picked":"Evaluate","floor":3.0},{"not_picked":["ThirdEye","Prostrate"],"picked":"ClearTheMind","floor":6.0},{"not_picked":["Evaluate","LikeWater"],"picked":"Devotion","floor":8.0},{"not_picked":["FlyingSleeves","SashWhip","FlurryOfBlows"],"picked":"SKIP","floor":11.0},{"not_picked":["WreathOfFlame","CrushJoints","FlyingSleeves"],"picked":"SKIP","floor":12.0},{"not_picked":["FlyingSleeves","Ragnarok"],"picked":"EmptyFist","floor":14.0},{"not_picked":["Alpha","Establishment"],"picked":"Wish","floor":16},{"not_picked":["CrushJoints","PathToVictory","Vengeance"],"picked":"SKIP","floor":18},{"not_picked":["CrushJoints","FlyingSleeves"],"picked":"EmptyMind","floor":20},{"not_picked":["SashWhip","Indignation"],"picked":"Brilliance","floor":21}],"player_experience":407968,"relics_obtained":[{"floor":6.0,"key":"Ice Cream"},{"floor":8.0,"key":"Toy Ornithopter"}],"event_choices":[{"damage_healed":0.0,"max_hp_gain":0.0,"max_hp_loss":0.0,"gold_gain":0.0,"event_name":"Golden Idol","player_choice":"Take Wound","floor":2.0,"gold_loss":0.0,"damage_taken":0.0,"relics_obtained":["Golden Idol"],"cards_obtained":["Injury"]},{"damage_healed":0.0,"max_hp_gain":0.0,"max_hp_loss":0.0,"gold_gain":0.0,"event_name":"Scrap Ooze","player_choice":"Success","floor":4.0,"gold_loss":0.0,"damage_taken":3.0,"relics_obtained":["Bronze Scales"]},{"damage_healed":0.0,"max_hp_gain":0.0,"max_hp_loss":0.0,"gold_gain":0.0,"event_name":"Shining Light","player_choice":"Ignored","floor":5.0,"gold_loss":0.0,"damage_taken":0.0},{"cards_removed":["Injury"],"damage_healed":0,"gold_gain":0,"player_choice":"Purged","damage_taken":0,"max_hp_gain":0,"max_hp_loss":0,"event_name":"Purifier","floor":19,"gold_loss":0}],"is_beta":false,"boss_relics":[{"not_picked":["Runic Pyramid","Astrolabe"],"picked":"Philosopher\u0027s Stone"}],"items_purged_floors":[],"is_endless":false,"potions_floor_spawned":[1,6,8,21],"killed_by":"Gremlin Leader","ascension_level":1}}