{"host":"johnydays","time":1611246025,"event":{"mods":["BaseMod","Bestiary","Block Reminder","Colored Map","Colored Powertips","DeckTracker","Highlight Path","Minty Spire (QoL Compilation)","Relic Stats","Slay-I","StSLib","SuperFastMode"],"gold_per_floor":[118,136,68,78,78,78,112,112,160,201,213,239,283,310,322,437,449,475,138,138,138,157,186,186,213,213,233,268,285,300,331,331,429,429,441,441,441,455,473,503,519,538,586,360,395,419,33,33,33,33],"floor_reached":51,"language":"ENG","playtime":3368,"items_purged":["Strike_B","Defend_B","Defend_B"],"score":1122,"play_id":"ac7169fa-5678-4551-b91d-897d372a46d0","local_time":"20210121162025","is_ascension_mode":true,"campfire_choices":[{"data":"Zap","floor":6.0,"key":"SMITH"},{"data":"Dualcast","floor":8.0,"key":"SMITH"},{"data":"Self Repair","floor":11.0,"key":"SMITH"},{"data":"Self Repair","floor":15,"key":"SMITH"},{"data":"Streamline","floor":24,"key":"SMITH"},{"data":"Defragment","floor":32,"key":"SMITH"},{"data":"Echo Form","floor":49,"key":"SMITH"}],"circlet_count":0,"master_deck":["Zap+1","Dualcast+1","Leap","Glacier","Self Repair+1","Self Repair+1","Streamline+1","Glacier","Leap","Echo Form+1","Defragment+1","Redo","FTL","Turbo+1","Streamline+1","Hologram+1","Hologram+1","Steam Power+1","Echo Form+1","CurseOfTheBell","Heatsinks+1","Heatsinks+1","Chill+1","Skim+1","Loop+1","Storm+1","Defragment+1","Redo+1","Reboot+1"],"relics":["Cracked Core","Whetstone","MawBank","Nunchaku","WingedGreaves","Coffee Dripper","Membership Card","Mummified Hand","Tiny Chest","Toxic Egg 2","Strawberry","TungstenRod","Frozen Egg 2","Calling Bell","PreservedInsect","The Courier","CaptainsWheel","Regal Pillow","Pen Nib","Bird Faced Urn","Oddly Smooth Stone","Art of War","Centennial Puzzle","White Beast Statue","Akabeko","Bag of Preparation"],"acts_visited":["Exordium","TheCity","TheBeyond"],"potions_floor_usage":[16,25,40,50,50,50],"damage_taken":[{"damage":0.0,"enemies":"Cultist","floor":1.0,"turns":3.0},{"damage":1.0,"enemies":"Jaw Worm","floor":2.0,"turns":5.0},{"damage":0.0,"enemies":"2 Louse","floor":4.0,"turns":4.0},{"damage":51.0,"enemies":"Gremlin Nob","floor":7.0,"turns":8.0},{"damage":20.0,"enemies":"3 Sentries","floor":10.0,"turns":9.0},{"damage":10.0,"enemies":"Gremlin Gang","floor":12.0,"turns":6.0},{"damage":15.0,"enemies":"Lagavulin","floor":13.0,"turns":6.0},{"damage":12,"enemies":"Exordium Thugs","floor":14,"turns":5},{"damage":6,"enemies":"The Guardian","floor":16,"turns":18},{"damage":18,"enemies":"Chosen","floor":18,"turns":7},{"damage":13,"enemies":"3 Byrds","floor":22,"turns":6},{"damage":43,"enemies":"Gremlin Leader","floor":23,"turns":10},{"damage":3,"enemies":"Book of Stabbing","floor":25,"turns":7},{"damage":14,"enemies":"Cultist and Chosen","floor":27,"turns":7},{"damage":39,"enemies":"Slavers","floor":28,"turns":6},{"damage":0,"enemies":"Snecko","floor":29,"turns":4},{"damage":0,"enemies":"Centurion and Healer","floor":30,"turns":5},{"damage":0,"enemies":"Gremlin Leader","floor":31,"turns":4},{"damage":31,"enemies":"Automaton","floor":33,"turns":10},{"damage":4,"enemies":"Orb Walker","floor":35,"turns":3},{"damage":0,"enemies":"3 Darklings","floor":38,"turns":4},{"damage":0,"enemies":"Jaw Worm Horde","floor":39,"turns":5},{"damage":4,"enemies":"Nemesis","floor":40,"turns":3},{"damage":21,"enemies":"Transient","floor":41,"turns":5},{"damage":3,"enemies":"3 Darklings","floor":42,"turns":4},{"damage":0,"enemies":"Giant Head","floor":45,"turns":4},{"damage":50,"enemies":"Awakened One","floor":50,"turns":6}],"seed_played":"-2471463207919962949","potions_obtained":[{"floor":1.0,"key":"Dexterity Potion"},{"floor":4.0,"key":"LiquidMemories"},{"floor":10.0,"key":"PotionOfCapacity"},{"floor":12.0,"key":"DuplicationPotion"},{"floor":23,"key":"Dexterity Potion"},{"floor":29,"key":"DuplicationPotion"},{"floor":30,"key":"SpeedPotion"},{"floor":31,"key":"SkillPotion"},{"floor":33,"key":"LiquidMemories"},{"floor":45,"key":"PowerPotion"}],"is_trial":false,"path_per_floor":["M","M","$","M","$","R","E","R","T","E","R","M","E","M","R","B",null,"M","$","?","?","M","E","R","E","T","M","E","M","M","E","R","B",null,"M","?","?","M","M","E","M","M","T","$","E","T","$","?","R","B",null],"character_chosen":"DEFECT","items_purchased":["Self Repair","Membership Card","Mummified Hand","Defragment","Bird Faced Urn","Oddly Smooth Stone","Defragment+1","Redo+1","Reboot+1","White Beast Statue","Akabeko","Bag of Preparation"],"campfire_rested":0,"item_purchase_floors":[3,19,19,19,44,44,47,47,47,47,47,47],"current_hp_per_floor":[68,67,67,68,68,68,31,31,31,25,25,32,34,39,39,53,64,66,66,66,66,68,45,45,62,69,75,56,75,75,75,75,74,75,75,75,75,75,75,75,74,75,75,75,75,75,75,66,66,75],"gold":33,"neow_bonus":"REMOVE_TWO","is_daily":false,"chose_seed":false,"campfire_upgraded":7,"win_rate":0.0,"timestamp":1611246025,"path_taken":["M","M","$","M","$","R","E","R","T","E","R","M","E","M","R","BOSS","M","$","?","?","M","E","R","E","T","M","E","M","M","E","R","BOSS","M","?","?","?","M","E","M","M","T","$","E","?","$","?","R","BOSS"],"items_purchased_type":["Card","Relic","Relic","Card","Relic","Relic","Card","Card","Card","Relic","Relic","Relic"],"build_version":"2020-12-18","purchased_purges":3,"victory":true,"max_hp_per_floor":[68,68,68,68,68,68,68,68,68,68,68,68,68,68,68,68,68,68,68,68,68,68,68,68,68,75,75,75,75,75,75,75,75,75,75,75,75,75,75,75,75,75,75,75,75,75,75,75,75,75],"relic_stats":{"Regal Pillow":0,"counters":[27,164],"PreservedInsect":172,"Pen Nib":[2],"Bag of Preparation":[2],"Whetstone":["Streamline","Strike_B"],"MawBank":120,"Nunchaku":[20],"Centennial Puzzle":[3],"Mummified Hand":[151],"Bird Faced Urn":[27],"Tiny Chest":1,"Art of War":[1],"obtain_stats":[{"Regal Pillow":40,"Bag of Preparation":47,"Whetstone":7,"Nunchaku":10,"Centennial Puzzle":46,"Mummified Hand":19,"Strawberry":26,"Tiny Chest":23,"WingedGreaves":13,"Toxic Egg 2":25,"Cracked Core":0,"Oddly Smooth Stone":44,"PreservedInsect":34,"The Courier":34,"Pen Nib":43,"Frozen Egg 2":31,"MawBank":9,"White Beast Statue":47,"Akabeko":47,"Calling Bell":34,"CaptainsWheel":34,"Bird Faced Urn":44,"Coffee Dripper":17,"Art of War":45,"Membership Card":19,"TungstenRod":28},{"Regal Pillow":23,"Bag of Preparation":26,"Whetstone":4,"Nunchaku":5,"Centennial Puzzle":26,"Mummified Hand":10,"Strawberry":13,"Tiny Chest":12,"WingedGreaves":7,"Toxic Egg 2":13,"Cracked Core":0,"Oddly Smooth Stone":25,"PreservedInsect":19,"The Courier":19,"Pen Nib":25,"Frozen Egg 2":18,"MawBank":4,"White Beast Statue":26,"Akabeko":26,"Calling Bell":19,"CaptainsWheel":19,"Bird Faced Urn":25,"Coffee Dripper":9,"Art of War":26,"Membership Card":10,"TungstenRod":15},{"Regal Pillow":145,"Bag of Preparation":158,"Whetstone":20,"Nunchaku":29,"Centennial Puzzle":158,"Mummified Hand":71,"Strawberry":94,"Tiny Chest":87,"WingedGreaves":41,"Toxic Egg 2":94,"Cracked Core":0,"Oddly Smooth Stone":154,"PreservedInsect":130,"The Courier":130,"Pen Nib":154,"Frozen Egg 2":120,"MawBank":20,"White Beast Statue":158,"Akabeko":158,"Calling Bell":130,"CaptainsWheel":130,"Bird Faced Urn":154,"Coffee Dripper":64,"Art of War":158,"Membership Card":71,"TungstenRod":107}],"TungstenRod":11},"card_choices":[{"not_picked":["Recycle","Rebound"],"picked":"Leap","floor":1.0},{"not_picked":["Stack","Gash"],"picked":"Glacier","floor":2.0},{"not_picked":["Static Discharge","Leap"],"picked":"Self Repair","floor":4.0},{"not_picked":["FTL","Steam"],"picked":"Streamline","floor":7.0},{"not_picked":["Compile Driver","Darkness"],"picked":"Glacier","floor":10.0},{"not_picked":["Force Field","Compile Driver"],"picked":"Leap","floor":12.0},{"not_picked":["Ball Lightning","Go for the Eyes","Conserve Battery"],"picked":"SKIP","floor":13},{"not_picked":["Blizzard","Undo","Rebound"],"picked":"SKIP","floor":14},{"not_picked":["Amplify","Fission"],"picked":"Echo Form","floor":16},{"not_picked":["Stack","Steam","Rebound+1"],"picked":"SKIP","floor":18},{"not_picked":["Undo+1","Beam Cell+1"],"picked":"Turbo+1","floor":22},{"not_picked":["Heatsinks+1","Hologram"],"picked":"Streamline","floor":23},{"not_picked":["Sweeping Beam","Chaos+1","Steam+1"],"picked":"SKIP","floor":25},{"not_picked":["Beam Cell","Rainbow+1"],"picked":"Hologram+1","floor":27},{"not_picked":["Static Discharge","Lockon","Hello World+1"],"picked":"SKIP","floor":28},{"not_picked":["Gash","Steam+1"],"picked":"Hologram+1","floor":29},{"not_picked":["Redo+1","Go for the Eyes"],"picked":"Steam Power+1","floor":30},{"not_picked":["BootSequence+1","Leap+1","Doom and Gloom"],"picked":"SKIP","floor":31},{"not_picked":["Thunder Strike","Creative AI+1"],"picked":"Echo Form+1","floor":33},{"not_picked":["Compile Driver","Leap+1"],"picked":"Heatsinks+1","floor":35},{"not_picked":["Genetic Algorithm+1","Steam+1"],"picked":"Chill+1","floor":38},{"not_picked":["Chill+1","Beam Cell+1"],"picked":"Skim+1","floor":39},{"not_picked":["Auto Shields+1","Ball Lightning+1"],"picked":"Loop+1","floor":40},{"not_picked":["Gash+1","Thunder Strike","Skim+1"],"picked":"SKIP","floor":41},{"not_picked":["Ball Lightning+1","Conserve Battery+1","Leap+1"],"picked":"SKIP","floor":42},{"not_picked":["Lockon+1","Core Surge"],"picked":"Storm+1","floor":45}],"player_experience":461305,"relics_obtained":[{"floor":7.0,"key":"Whetstone"},{"floor":9.0,"key":"MawBank"},{"floor":10.0,"key":"Nunchaku"},{"floor":13,"key":"WingedGreaves"},{"floor":23,"key":"Tiny Chest"},{"floor":25,"key":"Toxic Egg 2"},{"floor":26,"key":"Strawberry"},{"floor":28,"key":"TungstenRod"},{"floor":31,"key":"Frozen Egg 2"},{"floor":34,"key":"PreservedInsect"},{"floor":34,"key":"The Courier"},{"floor":34,"key":"CaptainsWheel"},{"floor":40,"key":"Regal Pillow"},{"floor":43,"key":"Pen Nib"},{"floor":45,"key":"Art of War"},{"floor":46,"key":"Centennial Puzzle"}],"event_choices":[{"damage_healed":0,"gold_gain":0,"cards_transformed":["Defend_B","Defend_B"],"player_choice":"Became Test Subject","damage_taken":0,"max_hp_gain":0,"max_hp_loss":0,"event_name":"Drug Dealer","floor":20,"gold_loss":0,"cards_obtained":["Redo","FTL"]},{"cards_removed":["Strike_B"],"damage_healed":0,"gold_gain":0,"player_choice":"Purged","damage_taken":0,"max_hp_gain":0,"max_hp_loss":0,"event_name":"Purifier","floor":21,"gold_loss":0},{"damage_healed":0,"gold_gain":0,"player_choice":"Ignored","damage_taken":0,"max_hp_gain":0,"max_hp_loss":0,"event_name":"Tomb of Lord Red Mask","floor":36,"gold_loss":0},{"damage_healed":0,"gold_gain":0,"player_choice":"Copied","damage_taken":0,"max_hp_gain":0,"max_hp_loss":0,"event_name":"Duplicator","floor":37,"gold_loss":0,"cards_obtained":["Heatsinks"]},{"damage_healed":0,"gold_gain":0,"player_choice":"Memory 3","damage_taken":10,"max_hp_gain":0,"max_hp_loss":0,"event_name":"SensoryStone","floor":48,"gold_loss":0}],"is_beta":true,"boss_relics":[{"not_picked":["Nuclear Battery","Tiny House"],"picked":"Coffee Dripper"},{"not_picked":["SacredBark","Velvet Choker"],"picked":"Calling Bell"}],"items_purged_floors":[19,44,47],"is_endless":false,"potions_floor_spawned":[1,4,10,12,23,29,30,31,33,38,39,45],"ascension_level":6}}