{"host":"szp1d6dso4pv7ddl","time":1611202473,"event":{"mods":["AchievementEnabler","Alarm Clock","BaseMod","Bestiary","Block Reminder","Colored Map","Colored Powertips","Curses Come First","Dark Map","Displayed Cursed Tome","Highlight Path","Minty Spire (QoL Compilation)","Permanent Neow","Quick Restart","Relic Sorter","Relic Stats","StSLib","Synergy Search"],"gold_per_floor":[10,10,10,160,160,160,176,216,292,292,310,310,345,364,364,454,454,474,474,474,474,16,52,52,52,78,78,94,124,224,237,237,313,313,325,225,225,239,114,145,156,175,175,203,53,71,100,116,116,116,116,116,16,42,42,42],"floor_reached":55,"language":"ENG","playtime":3155,"items_purged":["Writhe","Injury","Whirlwind+1"],"score":1489,"play_id":"0029dcec-ed5f-4761-b4ca-72abb4893939","local_time":"20210120201433","is_ascension_mode":true,"campfire_choices":[{"data":"Perfected Strike","floor":6.0,"key":"SMITH"},{"data":"Bash","floor":10.0,"key":"SMITH"},{"data":"Double Tap","floor":15.0,"key":"SMITH"},{"data":"Flame Barrier","floor":25.0,"key":"SMITH"},{"data":"Shrug It Off","floor":27.0,"key":"SMITH"},{"data":"Wild Strike","floor":32.0,"key":"SMITH"},{"floor":49.0,"key":"RECALL"},{"data":"Power Through","floor":52,"key":"SMITH"}],"circlet_count":0,"master_deck":["AscendersBane","Strike_R","Strike_R","Strike_R","Strike_R","Strike_R","Defend_R","Defend_R","Bash+1","Perfected Strike+1","Wild Strike+1","Double Tap+1","Pommel Strike+1","Headbutt+1","Uppercut+1","Bludgeon+1","Flame Barrier+1","Shrug It Off+1","Power Through+1","Battle Trance+1","True Grit","Power Through+1","Battle Trance+1","Sever Soul+1"],"relics":["Burning Blood","Pen Nib","Nunchaku","Happy Flower","StoneCalendar","Mango","HornCleat","Bloody Idol","TungstenRod","Molten Egg 2","Busted Crown","Anchor","StrikeDummy","Bottled Lightning","Omamori","Lantern","Paper Frog","Calling Bell","Red Skull","Meat on the Bone","Calipers","Mercury Hourglass","Self Forming Clay","Boot"],"acts_visited":["Exordium","TheCity","TheBeyond","TheEnding"],"potions_floor_usage":[50,50,54,54,55],"damage_taken":[{"damage":13.0,"enemies":"Jaw Worm","floor":1.0,"turns":4.0},{"damage":7.0,"enemies":"Small Slimes","floor":7.0,"turns":3.0},{"damage":18.0,"enemies":"Gremlin Nob","floor":8.0,"turns":4.0},{"damage":1.0,"enemies":"2 Louse","floor":11.0,"turns":3.0},{"damage":9.0,"enemies":"3 Sentries","floor":13.0,"turns":5.0},{"damage":0.0,"enemies":"2 Fungi Beasts","floor":14.0,"turns":2.0},{"damage":45.0,"enemies":"Hexaghost","floor":16.0,"turns":8.0},{"damage":0.0,"enemies":"Spheric Guardian","floor":18.0,"turns":3.0},{"damage":0.0,"enemies":"Book of Stabbing","floor":23.0,"turns":3.0},{"damage":0.0,"enemies":"Chosen","floor":28.0,"turns":2.0},{"damage":1.0,"enemies":"Slavers","floor":29.0,"turns":5.0},{"damage":0.0,"enemies":"Colosseum Slavers","floor":30.0,"turns":2.0},{"damage":0.0,"enemies":"Colosseum Nobs","floor":30.0,"turns":3.0},{"damage":12.0,"enemies":"3 Cultists","floor":31.0,"turns":4.0},{"damage":0.0,"enemies":"Collector","floor":33.0,"turns":3.0},{"damage":5.0,"enemies":"3 Shapes","floor":35.0,"turns":3.0},{"damage":0.0,"enemies":"Orb Walker","floor":38.0,"turns":2.0},{"damage":0.0,"enemies":"Nemesis","floor":40.0,"turns":5.0},{"damage":12.0,"enemies":"4 Shapes","floor":41.0,"turns":6.0},{"damage":5.0,"enemies":"Jaw Worm Horde","floor":42.0,"turns":4.0},{"damage":37.0,"enemies":"Giant Head","floor":44.0,"turns":7.0},{"damage":0.0,"enemies":"Spire Growth","floor":46.0,"turns":3.0},{"damage":50.0,"enemies":"Reptomancer","floor":47.0,"turns":3.0},{"damage":0.0,"enemies":"3 Darklings","floor":48.0,"turns":3.0},{"damage":48,"enemies":"Donu and Deca","floor":50,"turns":9},{"damage":40,"enemies":"Shield and Spear","floor":54,"turns":8},{"damage":68,"enemies":"The Heart","floor":55,"turns":6}],"seed_played":"7550896058235901506","potions_obtained":[{"floor":11.0,"key":"DistilledChaos"},{"floor":16.0,"key":"SteroidPotion"},{"floor":28.0,"key":"ColorlessPotion"},{"floor":29.0,"key":"PowerPotion"},{"floor":35.0,"key":"FearPotion"},{"floor":40.0,"key":"EssenceOfSteel"},{"floor":42.0,"key":"PowerPotion"},{"floor":48.0,"key":"Dexterity Potion"},{"floor":54,"key":"HeartOfIron"}],"is_trial":false,"path_per_floor":["M","?","T","?","?","R","M","E","T","R","M","?","E","M","R","B",null,"M","?","?","?","$","E","?","R","T","R","M","E","?","M","R","B",null,"M","$","?","M","$","E","M","M","T","E","$","M","E","M","R","B",null,"R","$","E","B"],"character_chosen":"IRONCLAD","items_purchased":["Shrug It Off","Power Through","StrikeDummy","Pen Nib","SpeedPotion","Block Potion"],"campfire_rested":0,"item_purchase_floors":[22,22,22,45,53,53],"current_hp_per_floor":[75,75,75,75,75,75,74,62,62,62,67,61,58,64,64,25,73,79,79,79,79,79,85,85,85,89,89,89,89,89,88,88,89,89,89,89,89,89,89,89,88,89,89,63,63,74,47,58,58,28,74,74,74,57,0,0],"gold":42,"neow_bonus":"ONE_RARE_RELIC","is_daily":false,"chose_seed":false,"campfire_upgraded":7,"win_rate":0.0,"timestamp":1611202473,"path_taken":["M","?","?","?","?","R","M","E","T","R","M","?","E","M","R","BOSS","M","?","?","?","$","E","?","R","T","R","?","E","?","M","R","BOSS","M","$","?","M","?","E","M","M","T","E","$","M","E","M","R","BOSS","R","$","E","BOSS"],"items_purchased_type":["Card","Card","Relic","Relic","Potion","Potion"],"build_version":"2020-12-22","purchased_purges":3,"victory":false,"max_hp_per_floor":[89,89,89,89,89,89,89,89,89,89,89,89,89,89,89,89,89,89,89,89,89,89,89,89,89,89,89,89,89,89,89,89,89,89,89,89,89,89,89,89,89,89,89,89,89,89,89,89,89,89,89,89,89,89,89,89],"relic_stats":{"Happy Flower":[2],"counters":[27,112],"Self Forming Clay":[78],"StoneCalendar":[131],"Pen Nib":[7],"Boot":[4],"Burning Blood":115,"Mercury Hourglass":[188],"Nunchaku":[21],"Busted Crown":36,"Bloody Idol":39,"obtain_stats":[{"Lantern":29,"Calipers":34,"Mango":0,"StoneCalendar":30,"Boot":47,"Burning Blood":0,"Nunchaku":13,"HornCleat":3,"Red Skull":34,"Paper Frog":30,"Happy Flower":54,"Golden Idol":5,"Self Forming Clay":44,"Pen Nib":45,"Omamori":26,"Mercury Hourglass":40,"Calling Bell":34,"Anchor":19,"Busted Crown":17,"Bloody Idol":24,"Molten Egg 2":9,"Bottled Lightning":23,"StrikeDummy":22,"TungstenRod":8,"Meat on the Bone":34},{"Lantern":11,"Calipers":15,"Mango":0,"StoneCalendar":13,"Boot":23,"Burning Blood":0,"Nunchaku":5,"HornCleat":1,"Red Skull":15,"Paper Frog":13,"Happy Flower":26,"Golden Idol":1,"Self Forming Clay":21,"Pen Nib":21,"Omamori":9,"Mercury Hourglass":18,"Calling Bell":15,"Anchor":8,"Busted Crown":7,"Bloody Idol":9,"Molten Egg 2":3,"Bottled Lightning":9,"StrikeDummy":8,"TungstenRod":3,"Meat on the Bone":15},{"Lantern":42,"Calipers":54,"Mango":0,"StoneCalendar":47,"Boot":86,"Burning Blood":0,"Nunchaku":19,"HornCleat":4,"Red Skull":54,"Paper Frog":47,"Happy Flower":106,"Golden Idol":4,"Self Forming Clay":80,"Pen Nib":80,"Omamori":35,"Mercury Hourglass":64,"Calling Bell":54,"Anchor":32,"Busted Crown":29,"Bloody Idol":35,"Molten Egg 2":11,"Bottled Lightning":35,"StrikeDummy":32,"TungstenRod":11,"Meat on the Bone":54}],"TungstenRod":57,"Meat on the Bone":36},"card_choices":[{"not_picked":["Body Slam","Iron Wave"],"picked":"Perfected Strike","floor":1.0},{"not_picked":["Intimidate","Sword Boomerang","Burning Pact"],"picked":"SKIP","floor":7.0},{"not_picked":["Armaments","Entrench"],"picked":"Reckless Charge","floor":8.0},{"not_picked":["Pummel+1","Dark Embrace"],"picked":"Double Tap","floor":11.0},{"not_picked":["Power Through","Entrench"],"picked":"Pommel Strike+1","floor":13.0},{"not_picked":["Clash+1","Blood for Blood+1"],"picked":"Headbutt+1","floor":14.0},{"not_picked":["Corruption","Double Tap"],"picked":"Limit Break","floor":16.0},{"not_picked":[],"picked":"Uppercut+1","floor":18.0},{"not_picked":["Thunderclap+1"],"picked":"SKIP","floor":23.0},{"not_picked":["Disarm"],"picked":"SKIP","floor":28.0},{"not_picked":[],"picked":"Battle Trance+1","floor":29.0},{"not_picked":[],"picked":"True Grit","floor":30.0},{"not_picked":["Anger+1"],"picked":"SKIP","floor":31.0},{"not_picked":[],"picked":"Power Through+1","floor":35.0},{"not_picked":[],"picked":"Battle Trance+1","floor":38.0},{"not_picked":["Clothesline+1"],"picked":"SKIP","floor":40.0},{"not_picked":["Combust+1"],"picked":"SKIP","floor":41.0},{"not_picked":["Havoc"],"picked":"SKIP","floor":42.0},{"not_picked":["Twin Strike+1"],"picked":"SKIP","floor":44.0},{"not_picked":["Burning Pact"],"picked":"SKIP","floor":46.0},{"not_picked":["Sword Boomerang+1"],"picked":"SKIP","floor":47.0},{"not_picked":["Sentinel"],"picked":"SKIP","floor":48.0},{"not_picked":[],"picked":"Sever Soul+1","floor":54}],"player_experience":1249321,"relics_obtained":[{"floor":3.0,"key":"HornCleat"},{"floor":8.0,"key":"TungstenRod"},{"floor":9.0,"key":"Molten Egg 2"},{"floor":13.0,"key":"Nunchaku"},{"floor":23.0,"key":"Bottled Lightning"},{"floor":26.0,"key":"Omamori"},{"floor":29.0,"key":"Lantern"},{"floor":30.0,"key":"StoneCalendar"},{"floor":30.0,"key":"Paper Frog"},{"floor":34.0,"key":"Red Skull"},{"floor":34.0,"key":"Meat on the Bone"},{"floor":34.0,"key":"Calipers"},{"floor":40.0,"key":"Mercury Hourglass"},{"floor":44.0,"key":"Self Forming Clay"},{"floor":47.0,"key":"Boot"},{"floor":54,"key":"Happy Flower"}],"event_choices":[{"damage_healed":0.0,"max_hp_gain":0.0,"max_hp_loss":0.0,"gold_gain":0.0,"cards_transformed":["Defend_R"],"event_name":"Living Wall","player_choice":"Change","floor":2.0,"gold_loss":0.0,"damage_taken":0.0,"cards_obtained":["Wild Strike"]},{"damage_healed":0.0,"max_hp_gain":0.0,"max_hp_loss":0.0,"gold_gain":150.0,"event_name":"Liars Game","player_choice":"AGREE","floor":4.0,"gold_loss":0.0,"damage_taken":0.0,"cards_obtained":["Doubt"]},{"damage_healed":0.0,"max_hp_gain":0.0,"max_hp_loss":0.0,"gold_gain":0.0,"event_name":"Golden Idol","player_choice":"Take Wound","floor":5.0,"gold_loss":0.0,"damage_taken":0.0,"relics_obtained":["Golden Idol"],"cards_obtained":["Injury"]},{"cards_removed":["Doubt"],"damage_healed":0.0,"max_hp_gain":0.0,"max_hp_loss":0.0,"gold_gain":0.0,"event_name":"Golden Wing","player_choice":"Card Removal","floor":12.0,"gold_loss":0.0,"damage_taken":7.0},{"damage_healed":0.0,"max_hp_gain":0.0,"max_hp_loss":0.0,"gold_gain":0.0,"event_name":"The Mausoleum","player_choice":"Opened","floor":19.0,"gold_loss":0.0,"damage_taken":0.0,"relics_obtained":["Anchor"],"cards_obtained":["Writhe"]},{"damage_healed":0.0,"max_hp_gain":0.0,"max_hp_loss":0.0,"gold_gain":0.0,"cards_transformed":["Reckless Charge","Defend_R"],"event_name":"Drug Dealer","player_choice":"Became Test Subject","floor":20.0,"gold_loss":0.0,"damage_taken":0.0,"cards_obtained":["Whirlwind","Bludgeon"]},{"damage_healed":0.0,"max_hp_gain":0.0,"max_hp_loss":0.0,"gold_gain":0.0,"event_name":"The Library","player_choice":"Read","floor":21.0,"gold_loss":0.0,"damage_taken":0.0,"cards_obtained":["Flame Barrier"]},{"damage_healed":0.0,"max_hp_gain":0.0,"max_hp_loss":0.0,"gold_gain":0.0,"event_name":"Forgotten Altar","player_choice":"Gave Idol","floor":24.0,"relics_lost":["Golden Idol"],"gold_loss":0.0,"damage_taken":0.0,"relics_obtained":["Bloody Idol"]},{"damage_healed":0.0,"max_hp_gain":0.0,"max_hp_loss":0.0,"gold_gain":0.0,"event_name":"Colosseum","player_choice":"Fight","floor":30.0,"gold_loss":0.0,"damage_taken":0.0},{"damage_healed":0.0,"max_hp_gain":0.0,"max_hp_loss":0.0,"gold_gain":0.0,"event_name":"Colosseum","player_choice":"Fought Nobs","floor":30.0,"gold_loss":0.0,"damage_taken":0.0},{"cards_removed":["Limit Break"],"damage_healed":0.0,"max_hp_gain":0.0,"max_hp_loss":0.0,"gold_gain":0.0,"event_name":"Purifier","player_choice":"Purged","floor":37.0,"gold_loss":0.0,"damage_taken":0.0}],"is_beta":false,"boss_relics":[{"not_picked":["Astrolabe","Philosopher\u0027s Stone"],"picked":"Busted Crown"},{"not_picked":["Tiny House","Mark of Pain"],"picked":"Calling Bell"}],"items_purged_floors":[22,36,39],"is_endless":false,"potions_floor_spawned":[11,16,28,29,35,40,42,46,48,54],"killed_by":"The Heart","ascension_level":15}}