{"host":"1a3cjta80tad0aqj","time":1611259136,"event":{"mods":["2.2 Compatiblity","AchievementEnabler","BaseMod","Colored Map","DeckTracker","KOR Keyword Fix","Keyboard Shortcuts","Minty Spire (QoL Compilation)","Permanent Neow","Quick Restart","Random Character Button","StSLib","SuperFastMode","everything is the same but u backflip on backflip"],"gold_per_floor":[118,118,20,32,42,67,86,86,86,101,127,127,137,171,171,270,270,288,268,96,109,109,135,155,155,155,189,189,189,189],"floor_reached":29,"language":"KOR","playtime":1170,"items_purged":["Strike_R","Strike_R"],"score":396,"play_id":"fccf9d8f-17ab-46f9-8729-a070f5ab5ac4","local_time":"20210122045856","is_ascension_mode":true,"campfire_choices":[{"floor":8.0,"key":"REST"},{"floor":12.0,"key":"REST"},{"floor":15.0,"key":"REST"},{"floor":25,"key":"REST"}],"circlet_count":0,"master_deck":["Strike_R","Defend_R","Defend_R","Defend_R","Bash","Entrench+1","True Grit","Iron Wave","Hemokinesis","Wild Strike","Spot Weakness","Shrug It Off","Impervious","Offering","Fiend Fire","Ghostly Armor","Inflame","Disarm","Shrug It Off+1","Intimidate","Power Through"],"relics":["Burning Blood","The Courier","Peace Pipe","Torii","Centennial Puzzle","Sozu","Membership Card","Charon\u0027s Ashes","Ancient Tea Set","StrikeDummy"],"acts_visited":["Exordium","TheCity"],"potions_floor_usage":[24,24],"damage_taken":[{"damage":13.0,"enemies":"Jaw Worm","floor":1.0,"turns":4.0},{"damage":0.0,"enemies":"2 Louse","floor":4.0,"turns":5.0},{"damage":1.0,"enemies":"Cultist","floor":5.0,"turns":3.0},{"damage":32.0,"enemies":"3 Sentries","floor":6.0,"turns":13.0},{"damage":17.0,"enemies":"Large Slime","floor":7.0,"turns":6.0},{"damage":2.0,"enemies":"2 Fungi Beasts","floor":10.0,"turns":2.0},{"damage":43.0,"enemies":"Lagavulin","floor":11.0,"turns":6.0},{"damage":8.0,"enemies":"Looter","floor":13.0,"turns":3.0},{"damage":34.0,"enemies":"Gremlin Nob","floor":14.0,"turns":4.0},{"damage":35,"enemies":"The Guardian","floor":16,"turns":11},{"damage":2,"enemies":"Chosen","floor":18,"turns":3},{"damage":7,"enemies":"Spheric Guardian","floor":21,"turns":3},{"damage":59,"enemies":"Gremlin Leader","floor":23,"turns":3},{"damage":31,"enemies":"Snake Plant","floor":24,"turns":4},{"damage":31,"enemies":"Slavers","floor":27,"turns":5},{"damage":13,"enemies":"3 Cultists","floor":29,"turns":4}],"seed_played":"4780725462370955531","potions_obtained":[{"floor":0.0,"key":"Ancient Potion"},{"floor":0.0,"key":"DuplicationPotion"},{"floor":0.0,"key":"BloodPotion"},{"floor":1.0,"key":"SteroidPotion"},{"floor":13.0,"key":"Regen Potion"}],"is_trial":false,"path_per_floor":["M","?","$","M","M","E","M","R","T","M","E","R","M","E","R","B",null,"M","?","$","M","?","E","M","R","T","E","?","M"],"character_chosen":"IRONCLAD","items_purchased":["True Grit","Membership Card"],"campfire_rested":4,"item_purchase_floors":[3,20],"current_hp_per_floor":[65,65,65,71,76,50,39,63,63,67,30,54,52,36,60,31,68,72,72,72,71,71,18,9,33,33,8,8,0,0],"gold":189,"neow_bonus":"THREE_SMALL_POTIONS","is_daily":false,"chose_seed":false,"campfire_upgraded":0,"win_rate":0.0,"timestamp":1611259136,"path_taken":["M","?","$","M","M","E","M","R","T","M","E","R","M","E","R","BOSS","M","?","$","?","?","E","M","R","T","E","?","M"],"items_purchased_type":["Card","Relic"],"build_version":"2020-12-22","purchased_purges":2,"victory":false,"max_hp_per_floor":[80,80,80,80,80,80,80,80,80,80,80,80,80,80,80,80,80,80,80,80,80,80,80,80,80,80,80,80,80,80],"card_choices":[{"not_picked":["Warcry","Wild Strike"],"picked":"Entrench","floor":1.0},{"not_picked":["Wild Strike","Clash"],"picked":"Iron Wave","floor":4.0},{"not_picked":["Power Through","Twin Strike"],"picked":"Hemokinesis","floor":5.0},{"not_picked":["Clash","Flex"],"picked":"Wild Strike","floor":6.0},{"not_picked":["Pommel Strike","Metallicize"],"picked":"Spot Weakness","floor":7.0},{"not_picked":["Perfected Strike","Sword Boomerang"],"picked":"Shrug It Off","floor":10.0},{"not_picked":["Twin Strike","Intimidate"],"picked":"Impervious","floor":11.0},{"not_picked":["Iron Wave","Thunderclap","Uppercut"],"picked":"SKIP","floor":13.0},{"not_picked":["Shrug It Off","Bloodletting"],"picked":"Offering","floor":14.0},{"not_picked":["Brutality","Bludgeon"],"picked":"Fiend Fire","floor":16},{"not_picked":["Anger","Headbutt"],"picked":"Ghostly Armor","floor":18},{"not_picked":["Iron Wave+1","Clothesline"],"picked":"Inflame","floor":21},{"not_picked":["Clothesline+1","Heavy Blade"],"picked":"Disarm","floor":23},{"not_picked":["Headbutt","Berserk","Combust"],"picked":"SKIP","floor":24},{"not_picked":["Reckless Charge+1","Dropkick"],"picked":"Shrug It Off+1","floor":27}],"player_experience":862065,"relics_obtained":[{"floor":6.0,"key":"The Courier"},{"floor":9.0,"key":"Peace Pipe"},{"floor":11.0,"key":"Torii"},{"floor":14.0,"key":"Centennial Puzzle"},{"floor":23,"key":"Charon\u0027s Ashes"},{"floor":26,"key":"Ancient Tea Set"},{"floor":27,"key":"StrikeDummy"}],"event_choices":[{"damage_healed":0.0,"max_hp_gain":0.0,"max_hp_loss":0.0,"gold_gain":0.0,"event_name":"Living Wall","player_choice":"Grow","floor":2.0,"gold_loss":0.0,"damage_taken":0.0,"cards_upgraded":["Entrench"]},{"damage_healed":0,"gold_gain":0,"player_choice":"Bought 1 Potion","damage_taken":0,"max_hp_gain":0,"max_hp_loss":0,"event_name":"The Woman in Blue","floor":19,"gold_loss":0},{"cards_removed":["Defend_R"],"damage_healed":0,"gold_gain":0,"player_choice":"Elegance","damage_taken":0,"max_hp_gain":0,"max_hp_loss":0,"event_name":"Back to Basics","floor":22,"gold_loss":0},{"damage_healed":0,"gold_gain":0,"cards_transformed":["Strike_R","Strike_R"],"player_choice":"Became Test Subject","damage_taken":0,"max_hp_gain":0,"max_hp_loss":0,"event_name":"Drug Dealer","floor":28,"gold_loss":0,"cards_obtained":["Intimidate","Power Through"]}],"is_beta":false,"boss_relics":[{"not_picked":["Velvet Choker","Snecko Eye"],"picked":"Sozu"}],"items_purged_floors":[3,20],"is_endless":false,"potions_floor_spawned":[1,5,13,18,24,27],"killed_by":"3 Cultists","ascension_level":8}}