{"host":"2ccem01eblg14btk","time":1611264391,"event":{"mods":["BaseMod","Colored Map","Minty Spire (QoL Compilation)","Quick Restart","Replay The Spire","StSLib"],"gold_per_floor":[359,370,383,398,413,142,171,188,188,188,188,188,188,207,207,302,302,315,348,57,57,57,85,100,0,0,0,62,78,103,113,113,210,210,228,330,602,621,632,632,649,649,649],"floor_reached":42,"language":"ENG","playtime":1450,"items_purged":["Replay:Hysterical Blindness","Strike_G"],"score":726,"play_id":"8bea0b02-b5f7-49d2-ac75-d7e5258ae57f","local_time":"20210121222631","is_ascension_mode":true,"campfire_choices":[{"floor":11.0,"key":"REST"},{"data":"Dagger Spray","floor":13.0,"key":"SMITH"},{"data":"Catalyst","floor":32.0,"key":"SMITH"},{"floor":40,"key":"REST"}],"circlet_count":0,"master_deck":["AscendersBane","Strike_G","Strike_G","Strike_G","Strike_G","Defend_G","Defend_G","Defend_G","Defend_G","Defend_G","Survivor","Neutralize+1","Poisoned Stab+1","Dagger Spray+1","Backflip","Leg Sweep+1","Dodge and Roll+1","Toxin Wave+1","Parasite","Replay:Bag of Tricks","Calculated Gamble","Skewer","Dagger Spray","Riddle With Holes","Hidden Blade+1","Catalyst+1","Storm of Steel","Riddle With Holes+1","Finisher+1","Parasite"],"relics":["Ring of the Snake","Guide Book","Replay:Mystery Machine","WingedGreaves","ChewingGum","Red Mask","Du-Vu Doll","Lizard Tail","Replay:Towering Pillar of Hats","Replay:Accelerometer","SsserpentHead","InkBottle","HoveringKite","Mango"],"acts_visited":["Exordium","TheCity","TheBeyond"],"potions_floor_usage":[33,33,33],"damage_taken":[{"damage":2.0,"enemies":"Cultist","floor":1.0,"turns":4.0},{"damage":7.0,"enemies":"Jaw Worm","floor":2.0,"turns":4.0},{"damage":4.0,"enemies":"Small Slimes","floor":3.0,"turns":4.0},{"damage":10.0,"enemies":"3 Louse","floor":4.0,"turns":3.0},{"damage":11.0,"enemies":"Blue Slaver","floor":5.0,"turns":4.0},{"damage":18.0,"enemies":"3 Sentries","floor":7.0,"turns":11.0},{"damage":8.0,"enemies":"Large Slime","floor":8.0,"turns":7.0},{"damage":4.0,"enemies":"Exordium Thugs","floor":14.0,"turns":5.0},{"damage":47.0,"enemies":"Hexaghost","floor":16.0,"turns":14.0},{"damage":2.0,"enemies":"Shell Parasite","floor":18.0,"turns":7.0},{"damage":0.0,"enemies":"Masked Bandits","floor":19.0,"turns":2.0},{"damage":15.0,"enemies":"Replay:Snechameleon","floor":23.0,"turns":6.0},{"damage":0.0,"enemies":"3 Byrds","floor":24.0,"turns":3.0},{"damage":0.0,"enemies":"Snake Plant","floor":28.0,"turns":3.0},{"damage":0.0,"enemies":"3 Cultists","floor":29.0,"turns":2.0},{"damage":0.0,"enemies":"Gremlin Leader","floor":30.0,"turns":3.0},{"damage":1.0,"enemies":"Centurion and Healer","floor":31.0,"turns":2.0},{"damage":44,"enemies":"Champ","floor":33,"turns":8},{"damage":0,"enemies":"3 Shapes","floor":35,"turns":2},{"damage":32,"enemies":"2 Orb Walkers","floor":36,"turns":4},{"damage":5,"enemies":"Orb Walker","floor":38,"turns":3},{"damage":8,"enemies":"Jaw Worm Horde","floor":39,"turns":2},{"damage":32,"enemies":"Writhing Mass","floor":41,"turns":6},{"damage":23,"enemies":"R_Hoarder","floor":42,"turns":8}],"seed_played":"7684746914791018387","potions_obtained":[{"floor":1.0,"key":"GamblersBrew"},{"floor":5.0,"key":"LifebloodPotion"},{"floor":7.0,"key":"Strength Potion"},{"floor":8.0,"key":"Strength Potion"},{"floor":16.0,"key":"Poison Potion"},{"floor":18.0,"key":"ColorlessPotion"},{"floor":28.0,"key":"CunningPotion"},{"floor":29.0,"key":"Cursed Concoction"},{"floor":33,"key":"FearPotion"},{"floor":36,"key":"PowerPotion"},{"floor":41,"key":"SteroidPotion"}],"is_trial":false,"path_per_floor":["M","M","M","M","M","$","E","M","T","?","R","?","R","M","R_BF","B",null,"M","?","$","?","T","E","M","$","T","?","M","M","E","M","R","B",null,"M","?","?","M","M","R","M","E"],"character_chosen":"THE_SILENT","items_purchased":["Dodge and Roll+1","Guide Book","Du-Vu Doll"],"campfire_rested":2,"item_purchase_floors":[6,6,20],"current_hp_per_floor":[61,54,50,40,29,29,11,3,3,20,41,41,41,37,58,11,55,53,53,53,53,53,38,38,38,38,38,38,38,38,37,37,35,61,61,43,43,38,30,55,23,0,0],"gold":649,"neow_bonus":"TWO_FIFTY_GOLD","is_daily":false,"chose_seed":false,"campfire_upgraded":2,"win_rate":0.0,"timestamp":1611264391,"path_taken":["M","?","?","M","M","$","E","M","T","?","R","?","R","M","R_BF","BOSS","M","?","$","?","?","E","M","?","T","?","?","M","E","M","R","BOSS","M","?","?","M","M","R","M","E"],"items_purchased_type":["Card","Relic","Relic"],"build_version":"2020-12-22","purchased_purges":2,"victory":false,"max_hp_per_floor":[70,70,70,70,70,70,70,70,70,70,70,70,70,70,70,70,70,70,70,70,70,70,70,70,70,70,70,70,70,70,70,70,70,70,70,84,84,84,84,84,84,84,84],"card_choices":[{"not_picked":["Bane","ReplayTheSpireMod:The Works"],"picked":"Poisoned Stab","floor":1.0},{"not_picked":["Deadly Poison","Hidden Blade"],"picked":"Dagger Spray","floor":2.0},{"not_picked":["Dagger Throw","ReplayTheSpireMod:The Works"],"picked":"Backflip","floor":3.0},{"not_picked":["Flying Knee","Underhanded Strike","Deadly Poison"],"picked":"SKIP","floor":4.0},{"not_picked":["Escape Plan","Dash"],"picked":"Leg Sweep","floor":5.0},{"not_picked":["Grand Finale","Dagger Spray"],"picked":"Toxin Wave","floor":7.0},{"not_picked":["Slice","Flying Knee","Cloak And Dagger"],"picked":"SKIP","floor":8.0},{"not_picked":["Deflect","Flechettes","Replay:Poison Smokescreen"],"picked":"SKIP","floor":14.0},{"not_picked":["ReplayTheSpireMod:Necrosis","Unload"],"picked":"Replay:Bag of Tricks","floor":16.0},{"not_picked":["Backstab","Acrobatics+1","Dodge and Roll"],"picked":"SKIP","floor":18.0},{"not_picked":["Cloak And Dagger","Prepared+1"],"picked":"Calculated Gamble","floor":19.0},{"not_picked":["Grand Finale","Deadly Poison"],"picked":"Skewer","floor":23.0},{"not_picked":["All Out Attack","Flying Knee+1"],"picked":"Dagger Spray","floor":24.0},{"not_picked":["Quick Slash+1","Sucker Punch+1","Prepared"],"picked":"SKIP","floor":28.0},{"not_picked":["Cloak And Dagger","Slice"],"picked":"Riddle With Holes","floor":29.0},{"not_picked":["Dodge and Roll","Prepared"],"picked":"Hidden Blade+1","floor":30.0},{"not_picked":["Bane","Flying Knee"],"picked":"Catalyst","floor":31.0},{"not_picked":["Night Terror","ReplayTheSpireMod:Necrosis"],"picked":"Storm of Steel","floor":33},{"not_picked":["Quick Slash+1","Sucker Punch+1","Acrobatics+1"],"picked":"SKIP","floor":35},{"not_picked":["Poisoned Stab","Deflect+1"],"picked":"Riddle With Holes+1","floor":36},{"not_picked":["Outmaneuver+1","Sucker Punch"],"picked":"Finisher+1","floor":38},{"not_picked":["Dodge and Roll","Hidden Blade+1","Dagger Spray"],"picked":"SKIP","floor":39},{"not_picked":["Bouncing Flask+1","Toxin Wave","Dagger Spray+1"],"picked":"SKIP","floor":41}],"player_experience":123890,"relics_obtained":[{"floor":7.0,"key":"Replay:Mystery Machine"},{"floor":9.0,"key":"WingedGreaves"},{"floor":19.0,"key":"Red Mask"},{"floor":22.0,"key":"Lizard Tail"},{"floor":23.0,"key":"Replay:Towering Pillar of Hats"},{"floor":26.0,"key":"Replay:Accelerometer"},{"floor":30.0,"key":"InkBottle"},{"floor":36,"key":"Mango"}],"event_choices":[{"damage_healed":17.0,"max_hp_gain":0.0,"max_hp_loss":0.0,"gold_gain":0.0,"event_name":"Mushrooms","player_choice":"Healed and dodged fight","floor":10.0,"gold_loss":0.0,"damage_taken":0.0,"cards_obtained":["Parasite"]},{"damage_healed":0.0,"max_hp_gain":0.0,"max_hp_loss":0.0,"gold_gain":0.0,"event_name":"Masked Bandits","player_choice":"Fought Bandits","floor":19.0,"gold_loss":0.0,"damage_taken":0.0},{"damage_healed":0.0,"max_hp_gain":0.0,"max_hp_loss":0.0,"gold_gain":0.0,"event_name":"Ghosts","player_choice":"Ignored","floor":21.0,"gold_loss":0.0,"damage_taken":0.0},{"damage_healed":0.0,"max_hp_gain":0.0,"max_hp_loss":0.0,"gold_gain":0.0,"event_name":"FaceTrader","player_choice":"Trade","floor":27.0,"gold_loss":0.0,"damage_taken":0.0,"relics_obtained":["SsserpentHead"]},{"damage_healed":0,"gold_gain":0,"player_choice":"Fight","damage_taken":0,"max_hp_gain":0,"max_hp_loss":0,"event_name":"Mysterious Sphere","floor":36,"gold_loss":0},{"damage_healed":0,"gold_gain":222,"player_choice":"Wore Mask","damage_taken":0,"max_hp_gain":0,"max_hp_loss":0,"event_name":"Tomb of Lord Red Mask","floor":37,"gold_loss":0}],"is_beta":false,"boss_relics":[{"not_picked":["ReplayTheSpireMod:DimensionalGlitch","Astrolabe"],"picked":"ChewingGum"},{"not_picked":["Philosopher\u0027s Stone","Runic Pyramid"],"picked":"HoveringKite"}],"items_purged_floors":[6,25],"is_endless":false,"potions_floor_spawned":[1,5,7,8,16,18,28,29,30,33,36,41],"killed_by":"R_Hoarder","ascension_level":10}}