{"host":"5sge6gv1nm0vflk2","time":1611240055,"event":{"mods":["AchievementEnabler","Aspiration","Bard","BaseMod","Beaked The Cultist","Better Third Choice","BetterRewards","Challenge The Spire","Colored Powertips","Conspire","Curses Come First","Downfall","Halation","Hubris","Infinite Spire","Minty Spire (QoL Compilation)","Relic Stats","Shade Mod","Shop Mod","Spicy Shops","StSLib","The Construct","The Cursed","The Disciple","The Hierophant","The Runesmith","The Servant 0.9.4"],"gold_per_floor":[118,118,132,144,157,157,232,232,232,262,279,124,124,151,151,253,253,266,206,27,47,99,99,99,117,140,140,155,155,175,189,189,284,284,303,318,318,228,243,274,274,274],"floor_reached":41,"language":"ENG","playtime":5891,"items_purged":["Strike_S"],"score":433,"play_id":"ecd199e1-2324-4ee1-b1db-a765a640f8ad","local_time":"20210121084055","is_ascension_mode":false,"campfire_choices":[{"data":"Defy","floor":6.0,"key":"SMITH"},{"floor":8.0,"key":"REST"},{"data":"BestPractice","floor":13.0,"key":"SMITH"},{"floor":15.0,"key":"REST"},{"floor":23.0,"key":"REST"},{"floor":27.0,"key":"REST"},{"floor":32.0,"key":"REST"}],"circlet_count":0,"master_deck":["Strike_S+1","Strike_S","Defend_S","Defend_S","Defend_S","KidneyShot+1","Exchange","Unruled+1","Advance","LightFlow","Defy+1","BestPractice+1","FlawlessForm","Reset","Dilation","ShatteredReality","Revamp","Luminosity","Revamp","Spin+1","GearUp+1","infinitespire:Collect","TheWorld","Unruled+1","MurderousAura","All For One","Spin","DoubleEdge+1","Sabotage","Shuttle+1"],"relics":["Uniform","halation:AfternoonTea","halation:EternalFortune","halation:BottledLove","Regal Pillow","MerchantsRug","Whetstone","halation:HeavySnake","Happy Flower","Anchor","hubris:SlimyHat","OrangePellets","beaked:SacredDeck","conspire:InfiniteJournal"],"acts_visited":["Exordium","TheCity","TheBeyond"],"potions_floor_usage":[33,33,33,36,39],"damage_taken":[{"damage":0.0,"enemies":"2 Louse","floor":1.0,"turns":3.0},{"damage":3.0,"enemies":"Jaw Worm","floor":3.0,"turns":4.0},{"damage":0.0,"enemies":"Cultist","floor":4.0,"turns":3.0},{"damage":7.0,"enemies":"Large Slime","floor":5.0,"turns":6.0},{"damage":12.0,"enemies":"Gremlin Nob","floor":10.0,"turns":4.0},{"damage":3.0,"enemies":"Gremlin Gang","floor":11.0,"turns":5.0},{"damage":5.0,"enemies":"Lagavulin","floor":14.0,"turns":5.0},{"damage":1.0,"enemies":"Hexaghost","floor":16.0,"turns":10.0},{"damage":3.0,"enemies":"3 Byrds","floor":18.0,"turns":8.0},{"damage":18.0,"enemies":"2 Thieves","floor":19.0,"turns":4.0},{"damage":18.0,"enemies":"Snake Plant","floor":21.0,"turns":5.0},{"damage":37.0,"enemies":"3 Cultists","floor":25.0,"turns":7.0},{"damage":7.0,"enemies":"Snecko","floor":28.0,"turns":8.0},{"damage":3.0,"enemies":"Sentry and Sphere","floor":30.0,"turns":4.0},{"damage":26.0,"enemies":"3 Cultists","floor":31.0,"turns":6.0},{"damage":37,"enemies":"Automaton","floor":33,"turns":9},{"damage":0,"enemies":"Orb Walker","floor":35,"turns":5},{"damage":37,"enemies":"3 Darklings","floor":36,"turns":6},{"damage":18,"enemies":"Transient","floor":39,"turns":5},{"damage":26,"enemies":"Giant Head","floor":40,"turns":8},{"damage":10,"enemies":"4 Shapes","floor":41,"turns":10}],"seed_played":"-2640092565618951734","potions_obtained":[{"floor":3.0,"key":"Block Potion"},{"floor":4.0,"key":"Block Potion"},{"floor":14.0,"key":"Strength Potion"},{"floor":21.0,"key":"bronze:BurnAndBuffPotion"},{"floor":25.0,"key":"Strength Potion"},{"floor":31.0,"key":"Fire Potion"},{"floor":33,"key":"SneckoOil"},{"floor":35,"key":"conspire:TimeTravelPotion"},{"floor":40,"key":"Dexterity Potion"}],"is_trial":false,"path_per_floor":["M","?","M","M","M","R","T","R","T","E","M","$","R","E","R","B",null,"M","M","$","M","T","R","?","M","T","R","M","AVR","M","M","R","B",null,"M","M","?","?","M","E","M"],"character_chosen":"THE_SERVANT","items_purchased":["MerchantsRug","Happy Flower","Luminosity"],"campfire_rested":5,"item_purchase_floors":[12,20,20],"current_hp_per_floor":[65,68,65,65,58,58,58,68,68,59,56,56,56,51,68,67,68,65,47,47,29,29,64,64,37,37,68,64,64,61,35,68,40,71,71,54,54,54,36,10,0,0],"gold":274,"neow_bonus":"RANDOM_COMMON_RELIC","is_daily":false,"chose_seed":false,"campfire_upgraded":2,"win_rate":0.0,"timestamp":1611240055,"path_taken":["M","?","M","M","M","R","?","R","T","E","M","$","R","E","R","BOSS","M","M","$","M","?","R","?","?","T","R","M","AVR","M","M","R","BOSS","M","M","?","?","M","E","?"],"items_purchased_type":["Relic","Relic","Card"],"build_version":"2020-12-22","purchased_purges":1,"victory":false,"max_hp_per_floor":[65,68,68,68,68,68,68,68,68,68,68,68,68,68,68,68,68,68,68,68,68,68,68,68,68,68,68,68,68,68,68,68,71,71,71,71,71,71,71,71,71,71],"relic_stats":{"OrangePellets":[13],"Regal Pillow":46,"Happy Flower":[24],"counters":[32,185],"Whetstone":["Unruled","KidneyShot"],"obtain_stats":[{"MerchantsRug":19,"Regal Pillow":14,"Pear":9,"Happy Flower":20,"aspiration:Nostalgia":0,"halation:BottledLove":7,"aspiration:FetidBarrel":9,"Astrolabe":17,"Eternal Feather":23,"Uniform":0,"Bag of Preparation":22,"hubris:SlimyHat":26,"Whetstone":14,"Bottled Tornado":6,"Orichalcum":10,"halation:HeavySnake":17,"conspire:InfiniteJournal":40,"OrangePellets":29,"infinitespire:DarkRift":0,"Anchor":22,"halation:EternalFortune":2,"beaked:SacredDeck":34,"halation:AfternoonTea":0},{"MerchantsRug":8,"Regal Pillow":6,"Pear":4,"Happy Flower":21,"aspiration:Nostalgia":0,"halation:BottledLove":15,"aspiration:FetidBarrel":15,"Astrolabe":7,"Eternal Feather":10,"Uniform":0,"Bag of Preparation":9,"hubris:SlimyHat":23,"Whetstone":18,"Bottled Tornado":4,"Orichalcum":4,"halation:HeavySnake":19,"conspire:InfiniteJournal":31,"OrangePellets":24,"infinitespire:DarkRift":0,"Anchor":22,"halation:EternalFortune":12,"beaked:SacredDeck":27,"halation:AfternoonTea":11},{"MerchantsRug":47,"Regal Pillow":38,"Pear":23,"Happy Flower":112,"aspiration:Nostalgia":0,"halation:BottledLove":76,"aspiration:FetidBarrel":76,"Astrolabe":43,"Eternal Feather":59,"Uniform":0,"Bag of Preparation":51,"hubris:SlimyHat":124,"Whetstone":90,"Bottled Tornado":23,"Orichalcum":23,"halation:HeavySnake":100,"conspire:InfiniteJournal":175,"OrangePellets":132,"infinitespire:DarkRift":0,"Anchor":117,"halation:EternalFortune":63,"beaked:SacredDeck":151,"halation:AfternoonTea":60}]},"card_choices":[{"not_picked":["FastForward","Starlight"],"picked":"Unruled","floor":1.0},{"not_picked":["TimeWarp","BottledTime"],"picked":"Advance","floor":3.0},{"not_picked":["Starlight","Potential"],"picked":"LightFlow","floor":4.0},{"not_picked":["Replace","Spin"],"picked":"Defy","floor":5.0},{"not_picked":["Collapse","Gouge"],"picked":"BestPractice","floor":10.0},{"not_picked":["Misdirection","Potential"],"picked":"FlawlessForm","floor":11.0},{"not_picked":["Sabotage","Desolation"],"picked":"Reset","floor":14.0},{"not_picked":["Sunlight","FlawlessForm"],"picked":"Dilation","floor":16.0},{"not_picked":["ShiftingGears","BottledTime"],"picked":"ShatteredReality","floor":18.0},{"not_picked":["DoubleEdge","ShatteredReality"],"picked":"Revamp","floor":19.0},{"not_picked":["Snipe","Moondial"],"picked":"Revamp","floor":21.0},{"not_picked":["Rewind","Potential"],"picked":"Spin+1","floor":25.0},{"not_picked":["SilverBlades","Revamp"],"picked":"GearUp+1","floor":28.0},{"not_picked":["Rewind","FastForward"],"picked":"TheWorld","floor":30.0},{"not_picked":["Revamp","Defy"],"picked":"Unruled+1","floor":31.0},{"not_picked":["SoulSculpture","Embodiment"],"picked":"MurderousAura","floor":33},{"not_picked":["Potential+1","TimeWarp"],"picked":"Spin","floor":35},{"not_picked":["TimeWarp","SurpressingFire"],"picked":"DoubleEdge+1","floor":36},{"not_picked":["TimeTheft+1","TimeWarp+1"],"picked":"Sabotage","floor":39},{"not_picked":["TimeTheft","Duplication"],"picked":"Shuttle+1","floor":40}],"player_experience":424103,"relics_obtained":[{"floor":7.0,"key":"halation:BottledLove"},{"floor":9.0,"key":"aspiration:FetidBarrel"},{"floor":10.0,"key":"Regal Pillow"},{"floor":14.0,"key":"Whetstone"},{"floor":22.0,"key":"Anchor"},{"floor":26.0,"key":"hubris:SlimyHat"},{"floor":33,"key":"halation:EternalFortune"},{"floor":40,"key":"conspire:InfiniteJournal"}],"event_choices":[{"cards_removed":["Strike_S"],"damage_healed":0.0,"max_hp_gain":0.0,"max_hp_loss":0.0,"gold_gain":0.0,"event_name":"Bonfire Elementals","player_choice":"Offered Basic","floor":24.0,"gold_loss":0.0,"damage_taken":0.0},{"damage_healed":0,"gold_gain":0,"player_choice":"Ignored","damage_taken":0,"max_hp_gain":0,"max_hp_loss":0,"event_name":"Tomb of Lord Red Mask","floor":37,"gold_loss":0},{"cards_removed":["Defend_S"],"damage_healed":0,"gold_gain":0,"player_choice":"Upgrade and Remove","damage_taken":0,"max_hp_gain":0,"max_hp_loss":0,"event_name":"Designer","floor":38,"gold_loss":90,"cards_upgraded":["Strike_S"]}],"is_beta":false,"boss_relics":[{"not_picked":["halation:CatFaceCupcake","hubris:GrandSneckoEye"],"picked":"halation:HeavySnake"},{"not_picked":["aspiration:FutureDiary","aspiration:RitualDagger"],"picked":"beaked:SacredDeck"}],"items_purged_floors":[12],"is_endless":false,"potions_floor_spawned":[3,4,14,21,25,31,33,35,40],"killed_by":"4 Shapes","ascension_level":0}}