{"host":"e6sgj53qqwx3piqv","time":1611244120,"event":{"mods":["AchievementEnabler","Aspiration","BaseMod","BetterRewards","Colored Powertips","Downfall","Hermit","Highlight Path","Hubris","Infinite Spire","Minty Spire (QoL Compilation)","Quick Restart","Rare Cards Sparkle","Shop Mod","StSLib","The Cursed","The Disciple","The Jungle","The Runesmith"],"gold_per_floor":[118,118,134,161,173,215,237,249,261,273,312,324,69,85,85,159,159,178,178,178,178,198,198,248,248,248,48,66,80,94,94,94],"floor_reached":31,"language":"ENG","playtime":1053,"items_purged":[],"score":536,"play_id":"220d2d74-9d17-493d-98cd-d8d4b23d4994","local_time":"20210121104840","is_ascension_mode":true,"campfire_choices":[{"data":"Fission","floor":8,"key":"SMITH"},{"data":"Double Energy","floor":12,"key":"SMITH"},{"floor":15,"key":"REST"},{"floor":23,"key":"REST"},{"data":"Electrodynamics","floor":25,"key":"SMITH"}],"circlet_count":0,"master_deck":["AscendersBane","Strike_B","Strike_B","Strike_B","Strike_B","Defend_B","Defend_B","Defend_B","Defend_B","Zap","Steam","Double Energy+1","Fission+1","Ball Lightning","Hello World","hubris:SpecializedCircuitry","Dark Shackles","Conserve Battery","Electrodynamics+1","Conserve Battery","Writhe","Normality","Go for the Eyes","BootSequence","hubris:PowerSurge","Cold Snap","Redo+1","FTL","Compile Driver+1"],"relics":["Cracked Core","NeowsBlessing","MawBank","Potion Belt","hubris:TinFlute","aspiration:Lifesprig","infinitespire:Golems Mask","Ancient Tea Set","bronze:MakeshiftBattery","Enchiridion","Torii"],"acts_visited":["Exordium","TheCity"],"potions_floor_usage":[16,16,28],"damage_taken":[{"damage":0,"enemies":"2 Louse","floor":1,"turns":1},{"damage":0,"enemies":"Cultist","floor":3,"turns":1},{"damage":0,"enemies":"Gremlin Nob","floor":6,"turns":1},{"damage":9,"enemies":"Small Slimes","floor":7,"turns":4},{"damage":19,"enemies":"Lagavulin","floor":11,"turns":5},{"damage":0,"enemies":"2 Fungi Beasts","floor":14,"turns":3},{"damage":59,"enemies":"Slime Boss","floor":16,"turns":10},{"damage":27,"enemies":"2 Thieves","floor":18,"turns":4},{"damage":0,"enemies":"Shell Parasite","floor":22,"turns":1},{"damage":23,"enemies":"Shelled Parasite and Fungi","floor":28,"turns":3},{"damage":0,"enemies":"3 Cultists","floor":29,"turns":3},{"damage":0,"enemies":"Snecko","floor":30,"turns":2},{"damage":7,"enemies":"Sentry and Sphere","floor":31,"turns":2}],"seed_played":"-1294421202658162885","potions_obtained":[{"floor":6,"key":"Dexterity Potion"},{"floor":7,"key":"Regen Potion"},{"floor":22,"key":"DistilledChaos"},{"floor":29,"key":"sneckomod:MuddlingPotion"}],"is_trial":false,"path_per_floor":["M","?","M","T","?","E","M","R","T","?","E","R","$","M","R","B",null,"M","?","?","?","M","R","?","R","T","$","M","M","M","M"],"character_chosen":"DEFECT","items_purchased":["Ancient Tea Set","Dark Shackles","BootSequence","hubris:PowerSurge","Cold Snap"],"campfire_rested":2,"item_purchase_floors":[13,13,27,27,27],"current_hp_per_floor":[64,64,64,64,59,59,50,50,50,50,31,31,31,31,52,8,55,28,7,7,7,7,28,28,28,28,28,5,5,5,0,0],"gold":94,"neow_bonus":"THREE_ENEMY_KILL","is_daily":false,"chose_seed":false,"campfire_upgraded":3,"win_rate":0.0,"timestamp":1611244120,"path_taken":["M","?","?","?","?","E","M","R","T","?","E","R","?","M","R","BOSS","M","?","?","?","M","R","?","R","T","$","M","M","M","M"],"items_purchased_type":["Relic","Card","Card","Card","Card"],"build_version":"2020-12-22","purchased_purges":0,"victory":false,"max_hp_per_floor":[71,71,71,71,71,71,71,71,71,71,71,71,71,71,71,71,71,71,71,71,71,71,71,71,71,71,71,71,71,71,71,71],"card_choices":[{"not_picked":["Hologram","Cold Snap"],"picked":"Steam","floor":1},{"not_picked":["Go for the Eyes","Barrage"],"picked":"Double Energy","floor":3},{"not_picked":["Barrage","hubris:Prefetch"],"picked":"Fission","floor":6},{"not_picked":["Compile Driver","Stack"],"picked":"Ball Lightning","floor":7},{"not_picked":["Hologram","Consume"],"picked":"hubris:SpecializedCircuitry","floor":11},{"not_picked":["Compile Driver","Cold Snap"],"picked":"Conserve Battery","floor":14},{"not_picked":["Creative AI","Thunder Strike"],"picked":"Electrodynamics","floor":16},{"not_picked":["Coolheaded","Hello World"],"picked":"Conserve Battery","floor":18},{"not_picked":["infinitespire:TheBestDefense","infinitespire:UltimateForm"],"picked":"infinitespire:SealOfDarkness+","floor":21},{"not_picked":["Ball Lightning","Cold Snap"],"picked":"Go for the Eyes","floor":22},{"not_picked":["Blizzard","Skim"],"picked":"Redo+1","floor":28},{"not_picked":["Fusion","Doom and Gloom"],"picked":"FTL","floor":29},{"not_picked":["FTL","aspiration:Polymerization"],"picked":"Compile Driver+1","floor":30}],"player_experience":208245,"relics_obtained":[{"floor":4,"key":"MawBank"},{"floor":6,"key":"hubris:TinFlute"},{"floor":9,"key":"aspiration:Lifesprig"},{"floor":11,"key":"infinitespire:Golems Mask"},{"floor":19,"key":"Enchiridion"},{"floor":26,"key":"Torii"}],"event_choices":[{"cards_removed":["Dualcast"],"damage_healed":0,"gold_gain":0,"player_choice":"Offered Basic","damage_taken":0,"max_hp_gain":0,"max_hp_loss":0,"event_name":"Bonfire Elementals","floor":2,"gold_loss":0},{"damage_healed":0,"gold_gain":0,"player_choice":"Success","damage_taken":5,"relics_obtained":["Potion Belt"],"max_hp_gain":0,"max_hp_loss":0,"event_name":"Scrap Ooze","floor":5,"gold_loss":0},{"damage_healed":0,"gold_gain":0,"player_choice":"Obtained Book","damage_taken":21,"max_hp_gain":0,"max_hp_loss":0,"event_name":"Cursed Tome","floor":19,"gold_loss":0},{"damage_healed":0,"gold_gain":0,"player_choice":"Ignored","damage_taken":0,"max_hp_gain":0,"max_hp_loss":0,"event_name":"Ghosts","floor":20,"gold_loss":0},{"damage_healed":0,"gold_gain":50,"player_choice":"Pray","damage_taken":0,"max_hp_gain":0,"max_hp_loss":0,"event_name":"Golden Shrine","floor":24,"gold_loss":0}],"is_beta":false,"boss_relics":[{"not_picked":["Philosopher\u0027s Stone","Snecko Eye"],"picked":"bronze:MakeshiftBattery"}],"items_purged_floors":[],"is_endless":false,"potions_floor_spawned":[6,7,22,29],"killed_by":"Sentry and Sphere","ascension_level":20}}