{"host":"sc0o2qwpf9j16a4i","time":1611261891,"event":{"mods":["AchievementEnabler","BaseMod","BetterRewards","Block Reminder","Colored Map","Colored Powertips","Custom Start","Highlight Path","Minty Spire (QoL Compilation)","Relic Stats"],"gold_per_floor":[116,41,57,68,82,82,94,123,146,146,146,180,180,199,199,277,277,289,308,321,333,8,8,23,23,102,102,114,114,125,160,160,238,238,253,253,273,6,6,39,52,78,78,22,37,65,81,81,81,81,81,81,81,28,53,53,53],"floor_reached":56,"language":"ENG","playtime":2713,"items_purged":["Strike_R"],"score":1992,"play_id":"40e86adc-5a7f-48cd-beca-e6aada7e2c2d","local_time":"20210121224451","is_ascension_mode":true,"campfire_choices":[{"floor":6.0,"key":"REST"},{"floor":10.0,"key":"REST"},{"floor":15.0,"key":"REST"},{"floor":23,"key":"REST"},{"floor":25,"key":"REST"},{"floor":27,"key":"REST"},{"floor":32,"key":"REST"},{"floor":49,"key":"RECALL"},{"floor":53,"key":"REST"}],"circlet_count":0,"master_deck":["AscendersBane","Defend_R","Defend_R","Defend_R","Bash","Combust","Disarm","Pommel Strike","Twin Strike","Fiend Fire","Clothesline","Shockwave","Feel No Pain","Impervious","Spot Weakness","Shrug It Off","Pommel Strike","Havoc","Rupture","Shrug It Off","Rupture","Havoc","Bite","Bite","Bite","Bite","Bite","Armaments","Feel No Pain","Exhume","Feel No Pain","Flame Barrier","Evolve","Entrench","Dark Embrace"],"relics":["SlaversCollar","Strawberry","Orichalcum","Anchor","Smiling Mask","Fusion Hammer","Mummified Hand","PreservedInsect","Snecko Eye","Red Skull","Lantern","Nunchaku","Centennial Puzzle","Torii"],"acts_visited":["Exordium","TheCity","TheBeyond","TheEnding"],"potions_floor_usage":[21,31,35,40,41,41,46,50,51,56],"damage_taken":[{"damage":4.0,"enemies":"2 Louse","floor":1.0,"turns":4.0},{"damage":10.0,"enemies":"Cultist","floor":3.0,"turns":5.0},{"damage":13.0,"enemies":"Jaw Worm","floor":4.0,"turns":6.0},{"damage":16.0,"enemies":"Blue Slaver","floor":5.0,"turns":6.0},{"damage":15.0,"enemies":"Red Slaver","floor":7.0,"turns":4.0},{"damage":20.0,"enemies":"Lagavulin","floor":8.0,"turns":7.0},{"damage":13.0,"enemies":"3 Sentries","floor":12.0,"turns":5.0},{"damage":0.0,"enemies":"2 Fungi Beasts","floor":14.0,"turns":3.0},{"damage":48.0,"enemies":"The Guardian","floor":16.0,"turns":11.0},{"damage":20.0,"enemies":"Spheric Guardian","floor":18.0,"turns":6.0},{"damage":18.0,"enemies":"Chosen","floor":19.0,"turns":6.0},{"damage":7.0,"enemies":"Centurion and Healer","floor":20.0,"turns":8.0},{"damage":14,"enemies":"Snake Plant","floor":21,"turns":5},{"damage":19,"enemies":"3 Cultists","floor":24,"turns":7},{"damage":4,"enemies":"Snecko","floor":28,"turns":5},{"damage":15,"enemies":"Centurion and Healer","floor":30,"turns":6},{"damage":22,"enemies":"Slavers","floor":31,"turns":6},{"damage":66,"enemies":"Automaton","floor":33,"turns":11},{"damage":34,"enemies":"3 Darklings","floor":35,"turns":6},{"damage":27,"enemies":"Orb Walker","floor":37,"turns":5},{"damage":10,"enemies":"Giant Head","floor":40,"turns":7},{"damage":2,"enemies":"Sphere and 2 Shapes","floor":41,"turns":7},{"damage":30,"enemies":"Reptomancer","floor":42,"turns":5},{"damage":13,"enemies":"Spire Growth","floor":45,"turns":4},{"damage":3,"enemies":"Giant Head","floor":46,"turns":7},{"damage":5,"enemies":"3 Darklings","floor":47,"turns":6},{"damage":51,"enemies":"Time Eater","floor":50,"turns":8},{"damage":17,"enemies":"Donu and Deca","floor":51,"turns":14},{"damage":38,"enemies":"Shield and Spear","floor":55,"turns":7},{"damage":45,"enemies":"The Heart","floor":56,"turns":6}],"seed_played":"2407038028766574253","potions_obtained":[{"floor":1.0,"key":"ElixirPotion"},{"floor":4.0,"key":"SpeedPotion"},{"floor":8.0,"key":"SkillPotion"},{"floor":13.0,"key":"Block Potion"},{"floor":13.0,"key":"DuplicationPotion"},{"floor":18.0,"key":"CultistPotion"},{"floor":20.0,"key":"ElixirPotion"},{"floor":24,"key":"DuplicationPotion"},{"floor":33,"key":"SkillPotion"},{"floor":40,"key":"BloodPotion"},{"floor":45,"key":"HeartOfIron"},{"floor":46,"key":"SkillPotion"}],"is_trial":false,"path_per_floor":["M","?","M","M","M","R","M","E","T","R","?","E","?","M","R","B",null,"M","M","M","M","$","R","M","R","T","R","M","?","M","E","R","B",null,"M","?","M","$","?","E","M","E","T","$","M","E","M","?","R","B","B",null,"R","$","E","B"],"character_chosen":"IRONCLAD","items_purchased":["Rupture","Blood Vial","Shrug It Off","Red Skull","Feel No Pain","BloodPotion","BloodPotion","BloodPotion"],"campfire_rested":8,"item_purchase_floors":[22,22,22,38,38,38,44,54],"current_hp_per_floor":[64,64,54,41,25,47,32,19,19,43,38,25,25,25,49,1,62,42,24,17,3,3,27,10,34,34,58,56,56,53,43,67,26,68,42,42,19,19,19,30,55,36,36,36,29,55,64,64,64,17,44,70,78,78,55,35,35],"gold":53,"neow_bonus":"BOSS_RELIC","is_daily":false,"chose_seed":false,"campfire_upgraded":0,"win_rate":0.0,"timestamp":1611261891,"path_taken":["M","?","M","M","M","R","M","E","T","R","?","E","?","?","R","BOSS","M","M","?","M","$","R","M","R","T","R","M","?","M","E","R","BOSS","M","?","M","$","?","E","M","E","T","$","?","E","M","?","R","BOSS","BOSS","R","$","E","BOSS"],"items_purchased_type":["Card","Relic","Card","Relic","Card","Potion","Potion","Potion"],"build_version":"2020-12-22","purchased_purges":1,"victory":false,"max_hp_per_floor":[75,75,75,75,75,75,75,82,82,82,82,82,82,82,82,82,82,82,82,82,82,82,82,82,82,82,82,82,82,82,82,82,82,82,82,78,78,78,78,78,78,78,78,78,78,78,78,78,78,78,78,78,78,78,78,78,78],"relic_stats":{"Nunchaku":[10],"Centennial Puzzle":[15],"Torii":0,"counters":[30,193],"Mummified Hand":[176],"Snecko Eye":[165,171,184,175],"PreservedInsect":396,"Orichalcum":[192],"Smiling Mask":25,"obtain_stats":[{"Lantern":40,"Torii":55,"PreservedInsect":31,"Orichalcum":9,"Smiling Mask":12,"Burning Blood":0,"Blood Vial":22,"SlaversCollar":0,"Anchor":11,"Nunchaku":42,"Centennial Puzzle":46,"Mummified Hand":26,"Strawberry":8,"Snecko Eye":34,"Fusion Hammer":17,"Red Skull":38},{"Lantern":21,"Torii":29,"PreservedInsect":17,"Orichalcum":6,"Smiling Mask":7,"Burning Blood":0,"Blood Vial":13,"SlaversCollar":0,"Anchor":6,"Nunchaku":23,"Centennial Puzzle":25,"Mummified Hand":14,"Strawberry":6,"Snecko Eye":18,"Fusion Hammer":9,"Red Skull":20},{"Lantern":129,"Torii":187,"PreservedInsect":100,"Orichalcum":32,"Smiling Mask":37,"Burning Blood":0,"Blood Vial":76,"SlaversCollar":0,"Anchor":32,"Nunchaku":141,"Centennial Puzzle":152,"Mummified Hand":83,"Strawberry":32,"Snecko Eye":111,"Fusion Hammer":51,"Red Skull":122}]},"card_choices":[{"not_picked":["Shockwave","Perfected Strike"],"picked":"Combust","floor":1.0},{"not_picked":["Feel No Pain","Armaments"],"picked":"Disarm","floor":3.0},{"not_picked":["Rage","Dropkick"],"picked":"Pommel Strike","floor":4.0},{"not_picked":["Thunderclap","Combust"],"picked":"Twin Strike","floor":5.0},{"not_picked":["Pommel Strike","Thunderclap"],"picked":"Fiend Fire","floor":7.0},{"not_picked":["Dropkick","Cleave"],"picked":"Clothesline","floor":8.0},{"not_picked":["Clothesline","Twin Strike"],"picked":"Shockwave","floor":12.0},{"not_picked":["Second Wind","Fire Breathing"],"picked":"Feel No Pain","floor":14.0},{"not_picked":["Fiend Fire","Berserk"],"picked":"Impervious","floor":16.0},{"not_picked":["Clothesline","Twin Strike"],"picked":"Spot Weakness","floor":18.0},{"not_picked":["Clothesline","Rupture"],"picked":"Shrug It Off","floor":19.0},{"not_picked":["Twin Strike","Wild Strike+1"],"picked":"Pommel Strike","floor":20.0},{"not_picked":["Thunderclap","Heavy Blade"],"picked":"Havoc","floor":21},{"not_picked":["Clash","Immolate"],"picked":"Rupture","floor":24},{"not_picked":["Fire Breathing","Metallicize"],"picked":"Havoc","floor":28},{"not_picked":["Perfected Strike","True Grit"],"picked":"Armaments","floor":30},{"not_picked":["Shrug It Off","Ghostly Armor"],"picked":"Feel No Pain","floor":31},{"not_picked":["Juggernaut","Berserk"],"picked":"Exhume","floor":33},{"not_picked":["Clothesline","Wild Strike","Power Through"],"picked":"SKIP","floor":35},{"not_picked":["Uppercut","Heavy Blade+1","Thunderclap"],"picked":"SKIP","floor":37},{"not_picked":["Searing Blow","Infernal Blade","Twin Strike"],"picked":"SKIP","floor":40},{"not_picked":["Headbutt","Bloodletting"],"picked":"Flame Barrier","floor":41},{"not_picked":["Clash+1","Dropkick+1"],"picked":"Evolve","floor":42},{"not_picked":["Clash","Blood for Blood+1","Flex"],"picked":"SKIP","floor":45},{"not_picked":["Body Slam","Feed"],"picked":"Entrench","floor":46},{"not_picked":["Headbutt","Warcry"],"picked":"Dark Embrace","floor":47},{"not_picked":["Iron Wave","Immolate","Pommel Strike"],"picked":"SKIP","floor":55}],"player_experience":858953,"relics_obtained":[{"floor":8.0,"key":"Strawberry"},{"floor":9.0,"key":"Orichalcum"},{"floor":12.0,"key":"Smiling Mask"},{"floor":26,"key":"Mummified Hand"},{"floor":31,"key":"PreservedInsect"},{"floor":40,"key":"Lantern"},{"floor":42,"key":"Nunchaku"},{"floor":46,"key":"Centennial Puzzle"},{"floor":55,"key":"Torii"}],"event_choices":[{"cards_removed":["Strike_R"],"damage_healed":0.0,"max_hp_gain":0.0,"max_hp_loss":0.0,"gold_gain":0.0,"event_name":"The Cleric","player_choice":"Card Removal","floor":2.0,"gold_loss":75.0,"damage_taken":0.0},{"damage_healed":0.0,"max_hp_gain":0.0,"max_hp_loss":0.0,"gold_gain":0.0,"event_name":"Scrap Ooze","player_choice":"Success","floor":11.0,"gold_loss":0.0,"damage_taken":5.0,"relics_obtained":["Anchor"]},{"damage_healed":0.0,"max_hp_gain":0.0,"max_hp_loss":0.0,"gold_gain":0.0,"event_name":"Lab","player_choice":"Got Potions","floor":13.0,"gold_loss":0.0,"damage_taken":0.0},{"damage_healed":0,"gold_gain":0,"player_choice":"Became a vampire (Vial)","damage_taken":0,"max_hp_gain":0,"max_hp_loss":0,"event_name":"Vampires","floor":29,"relics_lost":["Blood Vial"],"gold_loss":0,"cards_obtained":["Bite","Bite","Bite","Bite","Bite"]},{"damage_healed":0,"gold_gain":0,"player_choice":"Max HP","damage_taken":0,"max_hp_gain":0,"max_hp_loss":4,"event_name":"Winding Halls","floor":36,"gold_loss":0},{"damage_healed":0,"gold_gain":0,"player_choice":"Ignored","damage_taken":0,"max_hp_gain":0,"max_hp_loss":0,"event_name":"SecretPortal","floor":39,"gold_loss":0},{"cards_removed":["Defend_R"],"damage_healed":0,"gold_gain":0,"player_choice":"Offered Basic","damage_taken":0,"max_hp_gain":0,"max_hp_loss":0,"event_name":"Bonfire Elementals","floor":48,"gold_loss":0}],"is_beta":false,"boss_relics":[{"not_picked":["SacredBark","Empty Cage"],"picked":"Fusion Hammer"},{"not_picked":["Mark of Pain","Astrolabe"],"picked":"Snecko Eye"}],"items_purged_floors":[22],"is_endless":false,"potions_floor_spawned":[1,4,8,18,20,24,28,33,40,45,46,47],"killed_by":"The Heart","ascension_level":20}}