{"host":"qhhcmep1unj6mpf7","time":1611223362,"event":{"mods":["2.2 Compatiblity","AchievementEnabler","BaseMod","Colored Map","DeckTracker","Highlight Path","Keyboard Shortcuts","Minty Spire (QoL Compilation)","Permanent Neow","Quick Restart","Random Character Button","StSLib","SuperFastMode","everything is the same but u backflip on backflip"],"gold_per_floor":[15,35,53,72,83,83,83,95,163,196,207,225,225,241,241,241,241],"floor_reached":16,"language":"KOR","playtime":458,"items_purged":[],"score":113,"play_id":"3c61a407-236d-4570-85a9-62d2a87091a0","local_time":"20210121190242","is_ascension_mode":true,"campfire_choices":[{"data":"Coolheaded","floor":6,"key":"SMITH"},{"data":"Undo","floor":13,"key":"SMITH"},{"data":"Zap","floor":15,"key":"SMITH"}],"circlet_count":0,"master_deck":["Strike_B","Strike_B","Strike_B","Strike_B","Defend_B","Defend_B","Defend_B","Defend_B","Zap+1","Dualcast","Meteor Strike","Coolheaded+1","Compile Driver","Rebound","Undo+1","Fusion+1","Coolheaded+1"],"relics":["Cracked Core","Emotion Chip","Toxic Egg 2","Incense Burner"],"acts_visited":["Exordium"],"potions_floor_usage":[10,12],"damage_taken":[{"damage":1,"enemies":"Cultist","floor":1,"turns":4},{"damage":3,"enemies":"Small Slimes","floor":2,"turns":3},{"damage":0,"enemies":"2 Louse","floor":3,"turns":1},{"damage":1,"enemies":"Large Slime","floor":4,"turns":6},{"damage":7,"enemies":"2 Fungi Beasts","floor":5,"turns":5},{"damage":9,"enemies":"Blue Slaver","floor":8,"turns":3},{"damage":28,"enemies":"Gremlin Nob","floor":10,"turns":4},{"damage":8,"enemies":"Red Slaver","floor":11,"turns":4},{"damage":2,"enemies":"Gremlin Gang","floor":12,"turns":3},{"damage":6,"enemies":"2 Fungi Beasts","floor":14,"turns":5},{"damage":0,"enemies":"The Guardian","floor":16,"turns":2}],"seed_played":"998024511242306815","potions_obtained":[{"floor":2,"key":"Swift Potion"},{"floor":8,"key":"Regen Potion"},{"floor":10,"key":"Ancient Potion"},{"floor":11,"key":"ColorlessPotion"}],"is_trial":false,"path_per_floor":["M","M","M","M","M","R","?","M","T","E","M","M","R","M","R","B"],"character_chosen":"DEFECT","items_purchased":[],"campfire_rested":0,"item_purchase_floors":[],"current_hp_per_floor":[74,71,71,70,63,63,51,42,42,26,18,16,16,10,10,10,10],"gold":241,"neow_bonus":"THREE_RARE_CARDS","is_daily":false,"chose_seed":false,"campfire_upgraded":3,"win_rate":0.0,"timestamp":1611223362,"path_taken":["M","M","?","M","M","R","?","M","T","E","M","M","R","M","R","BOSS"],"items_purchased_type":[],"build_version":"2020-12-22","purchased_purges":0,"victory":false,"max_hp_per_floor":[75,75,75,75,75,75,75,75,75,75,75,75,75,75,75,75,75],"card_choices":[{"not_picked":["Multi-Cast","Fission"],"picked":"Meteor Strike","floor":0},{"not_picked":["Streamline","Barrage"],"picked":"Coolheaded","floor":1},{"not_picked":["Scrape","Heatsinks"],"picked":"Compile Driver","floor":2},{"not_picked":["Compile Driver","Go for the Eyes","Rip and Tear"],"picked":"SKIP","floor":3},{"not_picked":["Auto Shields","Melter","Streamline"],"picked":"SKIP","floor":4},{"not_picked":["Hyperbeam","Compile Driver"],"picked":"Rebound","floor":5},{"not_picked":["Steam Power","Consume"],"picked":"Undo","floor":8},{"not_picked":["Gash","Chill+1","Compile Driver"],"picked":"SKIP","floor":10},{"not_picked":["Gash","Leap+1"],"picked":"Fusion+1","floor":11},{"not_picked":["Thunder Strike","Turbo+1"],"picked":"Coolheaded+1","floor":12},{"not_picked":["Streamline","Redo+1","All For One"],"picked":"SKIP","floor":14}],"player_experience":318825,"relics_obtained":[{"floor":9,"key":"Toxic Egg 2"},{"floor":10,"key":"Incense Burner"}],"event_choices":[{"damage_healed":0,"gold_gain":0,"player_choice":"Success","damage_taken":12,"relics_obtained":["Emotion Chip"],"max_hp_gain":0,"max_hp_loss":0,"event_name":"Scrap Ooze","floor":7,"gold_loss":0}],"is_beta":false,"boss_relics":[],"items_purged_floors":[],"is_endless":false,"potions_floor_spawned":[2,8,10,11],"killed_by":"The Guardian","ascension_level":1}}