{"host":"hzinic87vu8p95wn","time":1611237453,"event":{"mods":["BaseMod","Minty Spire (QoL Compilation)"],"gold_per_floor":[113,73,87,87,36,36,64,75,75,100,100,100,25,39,39,113,113,131,131,131,46,46,46,46],"floor_reached":23,"language":"ENG","playtime":471,"items_purged":["Strike_B"],"score":466,"play_id":"25d247e0-3e00-4d92-bcda-72e516410e26","local_time":"20210122005733","is_ascension_mode":true,"campfire_choices":[{"data":"Sweeping Beam","floor":6.0,"key":"SMITH"},{"data":"Hologram","floor":11.0,"key":"SMITH"},{"data":"Loop","floor":15.0,"key":"SMITH"}],"circlet_count":0,"master_deck":["AscendersBane","Strike_B","Strike_B","Strike_B","Defend_B","Defend_B","Defend_B","Defend_B","Zap","Dualcast","Sweeping Beam+1","Loop+1","Reinforced Body","Ball Lightning","Hologram+1","Cold Snap","Creative AI","CurseOfTheBell"],"relics":["Cracked Core","NeowsBlessing","CaptainsWheel","FossilizedHelix","Ginger","Calling Bell","Vajra","Sundial","Bird Faced Urn","Bag of Preparation"],"acts_visited":["Exordium","TheCity"],"potions_floor_usage":[23],"damage_taken":[{"damage":0.0,"enemies":"Small Slimes","floor":1.0,"turns":1.0},{"damage":0.0,"enemies":"Jaw Worm","floor":3.0,"turns":1.0},{"damage":0.0,"enemies":"Gremlin Nob","floor":7.0,"turns":1.0},{"damage":16.0,"enemies":"2 Louse","floor":8.0,"turns":2.0},{"damage":0.0,"enemies":"Lagavulin","floor":10.0,"turns":5.0},{"damage":0.0,"enemies":"Looter","floor":14.0,"turns":2.0},{"damage":12.0,"enemies":"Slime Boss","floor":16.0,"turns":8.0},{"damage":9,"enemies":"Spheric Guardian","floor":18,"turns":5},{"damage":0,"enemies":"Gremlin Leader","floor":23,"turns":2}],"seed_played":"1483648043454971970","potions_obtained":[{"floor":3.0,"key":"SpeedPotion"},{"floor":7.0,"key":"Regen Potion"},{"floor":8.0,"key":"FocusPotion"},{"floor":10.0,"key":"SkillPotion"},{"floor":18,"key":"FairyPotion"}],"is_trial":false,"path_per_floor":["M","$","M","?","$","R","E","M","T","E","R","?","$","M","R","B",null,"M","$","?","?","$","E"],"character_chosen":"DEFECT","items_purchased":["Loop","Ball Lightning"],"campfire_rested":0,"item_purchase_floors":[2,5],"current_hp_per_floor":[64,64,64,69,69,69,69,53,53,53,53,53,53,53,53,41,67,60,60,38,38,38,43,43],"gold":46,"neow_bonus":"THREE_ENEMY_KILL","is_daily":false,"chose_seed":false,"campfire_upgraded":3,"win_rate":0.0,"timestamp":1611237453,"path_taken":["M","$","M","?","?","R","E","M","T","E","R","?","$","M","R","BOSS","M","$","?","?","$","E"],"items_purchased_type":["Card","Card"],"build_version":"2020-12-22","purchased_purges":1,"victory":false,"max_hp_per_floor":[71,71,71,76,76,76,76,76,76,76,76,76,76,76,76,76,76,76,76,81,81,81,81,81],"card_choices":[{"not_picked":["Turbo","Darkness"],"picked":"Sweeping Beam","floor":1.0},{"not_picked":["Reprogram","Fusion"],"picked":"Reinforced Body","floor":3.0},{"not_picked":["Fusion","Blizzard"],"picked":"Hologram","floor":7.0},{"not_picked":["Tempest","Redo","Barrage"],"picked":"SKIP","floor":8.0},{"not_picked":["Leap","Beam Cell","Go for the Eyes"],"picked":"SKIP","floor":10.0},{"not_picked":["Doom and Gloom","Loop"],"picked":"Cold Snap","floor":14.0},{"not_picked":["Meteor Strike","Biased Cognition"],"picked":"Creative AI","floor":16.0},{"not_picked":["Hello World","Turbo+1","Gash"],"picked":"SKIP","floor":18}],"player_experience":1590571,"relics_obtained":[{"floor":7.0,"key":"CaptainsWheel"},{"floor":9.0,"key":"FossilizedHelix"},{"floor":10.0,"key":"Ginger"},{"floor":17,"key":"Vajra"},{"floor":17,"key":"Sundial"},{"floor":17,"key":"Bird Faced Urn"}],"event_choices":[{"damage_healed":0.0,"max_hp_gain":5.0,"max_hp_loss":0.0,"gold_gain":0.0,"event_name":"Big Fish","player_choice":"Donut","floor":4.0,"gold_loss":0.0,"damage_taken":0.0},{"damage_healed":0.0,"max_hp_gain":0.0,"max_hp_loss":0.0,"gold_gain":0.0,"event_name":"Dead Adventurer","player_choice":"Searched \u00270\u0027 times","floor":12.0,"gold_loss":0.0,"damage_taken":0.0},{"damage_healed":0,"gold_gain":0,"player_choice":"Shed Blood","damage_taken":27,"max_hp_gain":5,"max_hp_loss":0,"event_name":"Forgotten Altar","floor":20,"gold_loss":0},{"damage_healed":0,"gold_gain":0,"player_choice":"Obtained Relic","damage_taken":0,"relics_obtained":["Bag of Preparation"],"max_hp_gain":0,"max_hp_loss":0,"event_name":"Addict","floor":21,"gold_loss":85}],"is_beta":false,"boss_relics":[{"not_picked":["Cursed Key","Runic Dome"],"picked":"Calling Bell"}],"items_purged_floors":[13],"is_endless":false,"potions_floor_spawned":[3,7,8,10,18],"killed_by":"Gremlin Leader","ascension_level":18}}