{"host":"scy0o1xotfn36lpl","time":1611187553,"event":{"mods":["AchievementEnabler","Aspiration","BaseMod","Better Altar","Better Note","Better Sensory Stone","Better Skull","Better Third Choice","Colored Map","Curses Come First","Downfall","GifTheSpireLib","Googly Eyes","Highlight Path","Minty Spire (QoL Compilation)","Permanent Neow","Spicy Shops","StSLib","everything is the same but u backflip on backflip"],"gold_per_floor":[113,127,147,165,183,183,215,229,229,404,83,138,154,171,171,269,269,287,303,116,133,83,83,117,117,188,188,215,16,16,32,32,128,128,145,0,50,50,70,103,103,29,29,29,29,42,42,42],"floor_reached":47,"language":"ENG","playtime":2770,"items_purged":["Doubt","downfall:Icky","Strike_B","Parasite"],"score":545,"play_id":"b33e4afd-937c-44b7-b6be-8e07b0cf36bb","local_time":"20210120160553","is_ascension_mode":false,"campfire_choices":[{"data":"Ball Lightning","floor":6,"key":"SMITH"},{"floor":15,"key":"REST"},{"data":"1","floor":23,"key":"LIFT"},{"floor":25,"key":"REST"},{"data":"2","floor":30,"key":"LIFT"},{"floor":32,"key":"REST"},{"floor":41,"key":"REST"},{"floor":45,"key":"REST"}],"circlet_count":0,"master_deck":["Strike_B","Strike_B","Strike_B","Defend_B","Defend_B","Defend_B","Zap","Dualcast+1","Ball Lightning","Ball Lightning+1","aspiration:Polymerization","Electrodynamics+1","Ball Lightning","Ball Lightning","Thunder Strike+1","Double Energy+1","Conserve Battery","Chill"],"relics":["Cracked Core","TungstenRod","aspiration:HatOfInfinitePower","Frozen Egg 2","Girya","aspiration:IroncladSkillbook","Membership Card","StoneCalendar","Bottled Lightning","Bottled Flame","Orichalcum","aspiration:FaultyCoupler","aspiration:Stellarator","Red Mask","Mango","Pantograph","Bronze Scales","Toxic Egg 2"],"acts_visited":["Exordium","TheCity","TheBeyond"],"potions_floor_usage":[7,16,16,16,24,28,28,33,33,37],"damage_taken":[{"damage":0,"enemies":"2 Louse","floor":1,"turns":3},{"damage":2,"enemies":"Small Slimes","floor":2,"turns":3},{"damage":0,"enemies":"Cultist","floor":3,"turns":3},{"damage":9,"enemies":"Exordium Wildlife","floor":4,"turns":4},{"damage":10,"enemies":"3 Louse","floor":5,"turns":3},{"damage":25,"enemies":"Gremlin Nob","floor":7,"turns":4},{"damage":2,"enemies":"Blue Slaver","floor":8,"turns":3},{"damage":0,"enemies":"Gremlin Nob","floor":12,"turns":3},{"damage":0,"enemies":"2 Fungi Beasts","floor":13,"turns":2},{"damage":10,"enemies":"Large Slime","floor":14,"turns":3},{"damage":18,"enemies":"Hexaghost","floor":16,"turns":9},{"damage":4,"enemies":"Chosen","floor":18,"turns":3},{"damage":0,"enemies":"Shell Parasite","floor":19,"turns":3},{"damage":14,"enemies":"Snecko","floor":21,"turns":3},{"damage":38,"enemies":"Slavers","floor":24,"turns":3},{"damage":12,"enemies":"Gremlin Leader","floor":28,"turns":5},{"damage":20,"enemies":"Shelled Parasite and Fungi","floor":31,"turns":3},{"damage":20,"enemies":"Champ","floor":33,"turns":7},{"damage":4,"enemies":"Orb Walker","floor":35,"turns":2},{"damage":20,"enemies":"Mind Bloom Boss Battle","floor":37,"turns":5},{"damage":10,"enemies":"3 Darklings","floor":39,"turns":3},{"damage":47,"enemies":"Nemesis","floor":40,"turns":5},{"damage":13,"enemies":"Sphere and 2 Shapes","floor":46,"turns":3},{"damage":75,"enemies":"Reptomancer","floor":47,"turns":2}],"seed_played":"-3320264687688232163","potions_obtained":[{"floor":3,"key":"Guardian:BlockOnCardUsePotion"},{"floor":5,"key":"LiquidBronze"},{"floor":13,"key":"SpeedPotion"},{"floor":14,"key":"LiquidBronze"},{"floor":16,"key":"hexamod:SoulburnPotion"},{"floor":18,"key":"champ:CounterPotion"},{"floor":21,"key":"Weak Potion"},{"floor":24,"key":"DuplicationPotion"},{"floor":28,"key":"SkillPotion"},{"floor":35,"key":"Fruit Juice"},{"floor":46,"key":"sneckomod:MuddlingPotion"}],"is_trial":false,"path_per_floor":["M","M","M","M","M","R","E","M","T","?","$","?","M","M","R","B",null,"M","M","$","M","?","R","E","R","T","?","E","$","R","M","R","B",null,"M","?","?","?","M","E","R","$","T","?","R","M","E"],"character_chosen":"DEFECT","items_purchased":["Electrodynamics+1","Membership Card","Orichalcum","aspiration:FaultyCoupler","Bronze Scales"],"campfire_rested":5,"item_purchase_floors":[11,20,29,29,42],"current_hp_per_floor":[75,73,73,64,54,54,29,27,27,27,27,27,27,17,39,21,75,75,75,75,65,65,65,31,53,53,53,45,45,45,29,50,34,72,72,72,75,75,69,26,53,53,53,53,80,71,0,0],"gold":42,"neow_bonus":"ONE_RARE_RELIC","is_daily":false,"chose_seed":false,"campfire_upgraded":1,"win_rate":0.0,"timestamp":1611187553,"path_taken":["M","M","M","M","M","R","E","M","T","?","$","?","M","M","R","BOSS","M","M","$","M","?","R","E","R","T","?","E","$","R","M","R","BOSS","M","?","?","?","M","E","R","$","T","?","R","M","E"],"items_purchased_type":["Card","Relic","Relic","Relic","Relic"],"build_version":"2020-12-22","purchased_purges":4,"victory":false,"max_hp_per_floor":[75,75,75,75,75,75,75,75,75,75,75,75,75,75,75,75,75,75,75,75,75,75,75,75,75,75,75,75,72,72,72,72,72,72,72,72,91,91,91,91,91,91,91,91,91,91,91,91],"card_choices":[{"not_picked":["Barrage","Redo"],"picked":"Ball Lightning","floor":1},{"not_picked":["Steam","Stack","Go for the Eyes"],"picked":"SKIP","floor":2},{"not_picked":["Static Discharge","Barrage"],"picked":"Ball Lightning","floor":3},{"not_picked":["Consume","Meteor Strike","Beam Cell"],"picked":"SKIP","floor":4},{"not_picked":["Beam Cell","Go for the Eyes","Undo"],"picked":"SKIP","floor":5},{"not_picked":["Go for the Eyes","Consume","Chaos"],"picked":"SKIP","floor":7},{"not_picked":["Leap","Go for the Eyes"],"picked":"aspiration:Polymerization","floor":8},{"not_picked":["Turbo","Double Energy"],"picked":"Ball Lightning","floor":13},{"not_picked":["Rebound","Stack"],"picked":"Ball Lightning","floor":14},{"not_picked":["Meteor Strike","Multi-Cast"],"picked":"Thunder Strike","floor":16},{"not_picked":["Barrage+1","Go for the Eyes","Thunderclap"],"picked":"Double Energy+1","floor":18},{"not_picked":["Ball Lightning","Armaments","Compile Driver+1","Warcry"],"picked":"SKIP","floor":19},{"not_picked":["Beam Cell","Capacitor+1","Sword Boomerang","Compile Driver"],"picked":"SKIP","floor":21},{"not_picked":["Shrug It Off","Hologram","Turbo","Heavy Blade"],"picked":"SKIP","floor":24},{"not_picked":["Corruption+1","Headbutt","Warcry","Fusion"],"picked":"SKIP","floor":28},{"not_picked":["Shrug It Off","Perfected Strike","Body Slam"],"picked":"Conserve Battery","floor":31},{"not_picked":["Pommel Strike+1","Go for the Eyes","Anger+1"],"picked":"Chill","floor":35},{"not_picked":["Turbo","Go for the Eyes","Perfected Strike+1","Streamline"],"picked":"SKIP","floor":39},{"not_picked":["Havoc+1","Go for the Eyes","Aggregate","Immolate"],"picked":"SKIP","floor":40},{"not_picked":["Carnage+1","Beam Cell","Disarm+1","Flex+1"],"picked":"SKIP","floor":46}],"player_experience":39566,"relics_obtained":[{"floor":7,"key":"aspiration:HatOfInfinitePower"},{"floor":9,"key":"Frozen Egg 2"},{"floor":12,"key":"Girya"},{"floor":24,"key":"StoneCalendar"},{"floor":26,"key":"Bottled Lightning"},{"floor":28,"key":"Bottled Flame"},{"floor":37,"key":"Mango"},{"floor":40,"key":"Pantograph"},{"floor":43,"key":"Toxic Egg 2"}],"event_choices":[{"damage_healed":0,"gold_gain":175,"player_choice":"AGREE","damage_taken":229,"max_hp_gain":0,"max_hp_loss":0,"event_name":"betterThird:BetterSerpent","floor":10,"gold_loss":0},{"damage_healed":0,"gold_gain":0,"player_choice":"Searched \u00272\u0027 times","damage_taken":0,"max_hp_gain":0,"max_hp_loss":0,"event_name":"Dead Adventurer","floor":12,"gold_loss":0},{"damage_healed":0,"gold_gain":0,"player_choice":"Bet on Owner","damage_taken":0,"max_hp_gain":0,"max_hp_loss":0,"event_name":"The Joust","floor":22,"gold_loss":50},{"damage_healed":0,"gold_gain":0,"player_choice":"Upgraded","damage_taken":0,"max_hp_gain":0,"max_hp_loss":0,"event_name":"Upgrade Shrine","floor":27,"gold_loss":0,"cards_upgraded":["Dualcast"]},{"damage_healed":0,"gold_gain":0,"player_choice":"Paid","damage_taken":0,"relics_obtained":["Red Mask"],"max_hp_gain":0,"max_hp_loss":0,"event_name":"Tomb of Lord Red Mask","floor":36,"gold_loss":145},{"damage_healed":0,"gold_gain":0,"player_choice":"Fight","damage_taken":0,"max_hp_gain":0,"max_hp_loss":0,"event_name":"MindBloom","floor":37,"gold_loss":0},{"cards_removed":["Defend_B"],"damage_healed":0,"gold_gain":0,"player_choice":"Removed Skill","damage_taken":0,"max_hp_gain":0,"max_hp_loss":0,"event_name":"Falling","floor":38,"gold_loss":0},{"damage_healed":0,"gold_gain":0,"player_choice":"Upgraded","damage_taken":0,"max_hp_gain":0,"max_hp_loss":0,"event_name":"Upgrade Shrine","floor":44,"gold_loss":0,"cards_upgraded":["Thunder Strike"]}],"is_beta":false,"boss_relics":[{"not_picked":["aspiration:BursterCore","Snecko Eye"],"picked":"aspiration:IroncladSkillbook"},{"not_picked":["SacredBark","FrozenCore"],"picked":"aspiration:Stellarator"}],"items_purged_floors":[11,20,20,29],"is_endless":false,"potions_floor_spawned":[3,5,13,14,16,18,21,24,28,35,46],"killed_by":"Reptomancer","ascension_level":0}}