{"host":"b78s5rp3ow4b1syk","time":1611191553,"event":{"mods":["AchievementEnabler","BaseMod","DeckTracker","Keyboard Shortcuts","Marisa£¨Ùöéë¡¡Øª×âÞÞ£©","Minty Spire (QoL Compilation)","Permanent Neow","Quick Restart","StSLib","SuperFastMode","The Cursed","everything is the same but u backflip on backflip"],"gold_per_floor":[111,111,122,122,122,122,138,166,166,166,166,198,217,217,217,312,312,325,354,17,17,17,17,17,32,32,32,32,49,62,90,90,195,195,206,206,226,3,225,225,257,274,298,310,341,94,94,114,114,114,114,114,42,69,69],"floor_reached":56,"language":"KOR","playtime":4222,"items_purged":["Strike_B"],"score":1274,"play_id":"f9d4466e-7bc5-4f4f-af02-7f0543ef6251","local_time":"20210121101233","is_ascension_mode":true,"campfire_choices":[{"data":"Defragment","floor":6.0,"key":"SMITH"},{"data":"Dualcast","floor":10.0,"key":"SMITH"},{"floor":15.0,"key":"REST"},{"data":"Creative AI","floor":24.0,"key":"SMITH"},{"floor":32.0,"key":"REST"},{"data":"Seek","floor":40,"key":"SMITH"},{"floor":49,"key":"RECALL"},{"data":"Defragment","floor":52,"key":"SMITH"}],"circlet_count":0,"master_deck":["Strike_B","Defend_B","Defend_B","Defend_B","Zap","Dualcast+1","Defragment+1","Steam","Hologram+1","Compile Driver","Reboot","Coolheaded","Conserve Battery","Creative AI+1","BootSequence","Barrage+1","Defragment+1","Beam Cell","Jack Of All Trades","Biased Cognition","Compile Driver+1","Barrage","Seek+1","Go for the Eyes+1","Loop+1","Thunder Strike","Melter","Stack+1","Capacitor","Coolheaded+1"],"relics":["Cracked Core","Mummified Hand","Oddly Smooth Stone","Busted Crown","Red Mask","Question Card","Peace Pipe","Blue Candle","Sozu","Membership Card","Bronze Scales","HornCleat","Boot","Happy Flower","Singing Bowl","Sling","ClockworkSouvenir","TungstenRod"],"acts_visited":["Exordium","TheCity","TheBeyond","TheEnding"],"potions_floor_usage":[42],"damage_taken":[{"damage":1.0,"enemies":"Jaw Worm","floor":1.0,"turns":5.0},{"damage":0.0,"enemies":"2 Louse","floor":3.0,"turns":3.0},{"damage":0.0,"enemies":"Cultist","floor":7.0,"turns":3.0},{"damage":15.0,"enemies":"Gremlin Nob","floor":8.0,"turns":3.0},{"damage":17.0,"enemies":"Lagavulin","floor":12.0,"turns":6.0},{"damage":5.0,"enemies":"Large Slime","floor":13.0,"turns":5.0},{"damage":17.0,"enemies":"The Guardian","floor":16.0,"turns":13.0},{"damage":0.0,"enemies":"Shell Parasite","floor":18.0,"turns":7.0},{"damage":15.0,"enemies":"Masked Bandits","floor":19.0,"turns":4.0},{"damage":0.0,"enemies":"Slavers","floor":23.0,"turns":1.0},{"damage":9.0,"enemies":"2 Thieves","floor":25.0,"turns":4.0},{"damage":21.0,"enemies":"Snake Plant","floor":29.0,"turns":5.0},{"damage":20.0,"enemies":"Sentry and Sphere","floor":30.0,"turns":4.0},{"damage":1.0,"enemies":"Book of Stabbing","floor":31.0,"turns":5.0},{"damage":15.0,"enemies":"Champ","floor":33.0,"turns":11.0},{"damage":12,"enemies":"Orb Walker","floor":35,"turns":3},{"damage":5,"enemies":"3 Shapes","floor":37,"turns":4},{"damage":0,"enemies":"Giant Head","floor":41,"turns":7},{"damage":1,"enemies":"Jaw Worm Horde","floor":42,"turns":3},{"damage":0,"enemies":"Writhing Mass","floor":44,"turns":4},{"damage":19,"enemies":"Nemesis","floor":45,"turns":6},{"damage":0,"enemies":"3 Darklings","floor":48,"turns":6},{"damage":37,"enemies":"Time Eater","floor":50,"turns":15},{"damage":37,"enemies":"Shield and Spear","floor":54,"turns":6},{"damage":9,"enemies":"The Heart","floor":55,"turns":10}],"seed_played":"-4447760068936651996","potions_obtained":[{"floor":7.0,"key":"FairyPotion"},{"floor":8.0,"key":"EssenceOfSteel"},{"floor":12.0,"key":"LiquidBronze"},{"floor":16.0,"key":"GamblersBrew"},{"floor":19.0,"key":"SmokeBomb"},{"floor":29.0,"key":"Explosive Potion"}],"is_trial":false,"path_per_floor":["M","?","M","?","?","R","M","E","T","R","?","E","M","?","R","B",null,"M","?","$","?","$","E","R","M","T","?","?","M","M","E","R","B",null,"M","?","M","$","?","R","E","M","T","M","E","$","?","M","R","B",null,"R","$","E","B",null],"character_chosen":"DEFECT","items_purchased":["Defragment","Question Card","Membership Card","Bronze Scales","Singing Bowl","Sling","ClockworkSouvenir"],"campfire_rested":2,"item_purchase_floors":[20,20,38,38,46,46,53],"current_hp_per_floor":[53,46,46,51,51,51,51,36,36,36,36,19,14,14,38,21,80,80,65,65,65,65,65,65,56,56,41,41,20,25,24,49,34,85,73,73,68,68,68,68,68,67,67,67,48,48,48,48,48,11,81,81,81,44,35],"gold":69,"neow_bonus":"TRANSFORM_TWO_CARDS","is_daily":false,"chose_seed":false,"campfire_upgraded":5,"win_rate":0.0,"timestamp":1611191553,"path_taken":["M","?","M","?","?","R","?","E","T","R","?","E","M","?","R","BOSS","M","?","$","?","?","E","R","M","T","?","?","?","M","E","R","BOSS","M","?","M","$","?","R","E","M","T","M","E","$","?","?","R","BOSS","R","$","E","BOSS"],"items_purchased_type":["Card","Relic","Relic","Relic","Relic","Relic","Relic"],"build_version":"2020-12-22","purchased_purges":1,"victory":true,"max_hp_per_floor":[75,75,75,80,80,80,80,80,80,80,80,80,80,80,80,80,80,80,80,80,80,80,80,80,80,80,85,85,85,85,85,85,85,85,85,85,85,85,85,85,85,85,85,85,85,85,81,81,81,81,81,81,81,81,81],"card_choices":[{"not_picked":["Gash","Sweeping Beam","Force Field"],"picked":"SKIP","floor":1.0},{"not_picked":["Go for the Eyes","Leap"],"picked":"Hologram","floor":3.0},{"not_picked":["Go for the Eyes","Reinforced Body"],"picked":"Compile Driver","floor":7.0},{"not_picked":["Hello World","Conserve Battery"],"picked":"Reboot","floor":8.0},{"not_picked":["BootSequence","Sweeping Beam"],"picked":"Coolheaded","floor":12.0},{"not_picked":["Rebound","Chill"],"picked":"Conserve Battery","floor":13.0},{"not_picked":["Amplify","Rainbow"],"picked":"Creative AI","floor":16.0},{"not_picked":[],"picked":"BootSequence","floor":18.0},{"not_picked":[],"picked":"Barrage+1","floor":19.0},{"not_picked":["Rip and Tear"],"picked":"Beam Cell","floor":25.0},{"not_picked":["Sweeping Beam+1"],"picked":"Compile Driver+1","floor":29.0},{"not_picked":["Double Energy","Gash+1"],"picked":"SKIP","floor":30.0},{"not_picked":["Stack"],"picked":"Barrage","floor":31.0},{"not_picked":["Buffer"],"picked":"Seek","floor":33.0},{"not_picked":["Cold Snap"],"picked":"Go for the Eyes+1","floor":35},{"not_picked":["Rebound+1"],"picked":"Loop+1","floor":37},{"not_picked":["Sweeping Beam+1"],"picked":"Thunder Strike","floor":41},{"not_picked":["Hello World"],"picked":"Melter","floor":42},{"not_picked":["Rebound+1"],"picked":"Stack+1","floor":44},{"not_picked":["Barrage","Hello World"],"picked":"SKIP","floor":45},{"not_picked":["Reprogram+1"],"picked":"Capacitor","floor":48},{"not_picked":["Go for the Eyes"],"picked":"Coolheaded+1","floor":54}],"player_experience":57164,"relics_obtained":[{"floor":8.0,"key":"Mummified Hand"},{"floor":12.0,"key":"Oddly Smooth Stone"},{"floor":19.0,"key":"Red Mask"},{"floor":26.0,"key":"Peace Pipe"},{"floor":31.0,"key":"Blue Candle"},{"floor":41,"key":"HornCleat"},{"floor":43,"key":"Boot"},{"floor":45,"key":"Happy Flower"},{"floor":54,"key":"TungstenRod"}],"event_choices":[{"cards_removed":["Defend_B"],"damage_healed":0.0,"max_hp_gain":0.0,"max_hp_loss":0.0,"gold_gain":0.0,"event_name":"Golden Wing","player_choice":"Card Removal","floor":2.0,"gold_loss":0.0,"damage_taken":7.0},{"damage_healed":0.0,"max_hp_gain":5.0,"max_hp_loss":0.0,"gold_gain":0.0,"event_name":"Big Fish","player_choice":"Donut","floor":4.0,"gold_loss":0.0,"damage_taken":0.0},{"damage_healed":0.0,"max_hp_gain":0.0,"max_hp_loss":0.0,"gold_gain":0.0,"event_name":"Upgrade Shrine","player_choice":"Upgraded","floor":5.0,"gold_loss":0.0,"damage_taken":0.0,"cards_upgraded":["Hologram"]},{"damage_healed":0.0,"max_hp_gain":0.0,"max_hp_loss":0.0,"gold_gain":0.0,"event_name":"Liars Game","player_choice":"Ignored","floor":11.0,"gold_loss":0.0,"damage_taken":0.0},{"damage_healed":0.0,"max_hp_gain":0.0,"max_hp_loss":0.0,"gold_gain":0.0,"event_name":"Dead Adventurer","player_choice":"Searched \u00270\u0027 times","floor":14.0,"gold_loss":0.0,"damage_taken":0.0},{"damage_healed":0.0,"max_hp_gain":0.0,"max_hp_loss":0.0,"gold_gain":0.0,"event_name":"Masked Bandits","player_choice":"Fought Bandits","floor":19.0,"gold_loss":0.0,"damage_taken":0.0},{"damage_healed":0.0,"max_hp_gain":0.0,"max_hp_loss":0.0,"gold_gain":0.0,"event_name":"Vampires","player_choice":"Ignored","floor":21.0,"gold_loss":0.0,"damage_taken":0.0},{"damage_healed":0.0,"max_hp_gain":5.0,"max_hp_loss":0.0,"gold_gain":0.0,"event_name":"Forgotten Altar","player_choice":"Shed Blood","floor":27.0,"gold_loss":0.0,"damage_taken":20.0},{"damage_healed":0.0,"max_hp_gain":0.0,"max_hp_loss":0.0,"gold_gain":0.0,"event_name":"Match and Keep!","player_choice":"2 cards matched","floor":28.0,"gold_loss":0.0,"damage_taken":0.0,"cards_obtained":["Jack Of All Trades","Biased Cognition"]},{"damage_healed":0,"gold_gain":0,"player_choice":"Ignored","damage_taken":0,"max_hp_gain":0,"max_hp_loss":0,"event_name":"Mysterious Sphere","floor":36,"gold_loss":0},{"damage_healed":0,"gold_gain":222,"player_choice":"Wore Mask","damage_taken":0,"max_hp_gain":0,"max_hp_loss":0,"event_name":"Tomb of Lord Red Mask","floor":39,"gold_loss":0},{"damage_healed":0,"gold_gain":0,"player_choice":"Max HP","damage_taken":0,"max_hp_gain":0,"max_hp_loss":4,"event_name":"Winding Halls","floor":47,"gold_loss":0}],"is_beta":false,"boss_relics":[{"not_picked":["Inserter","Cursed Key"],"picked":"Busted Crown"},{"not_picked":["SlaversCollar","Fusion Hammer"],"picked":"Sozu"}],"items_purged_floors":[46],"is_endless":false,"potions_floor_spawned":[7,8,12,16,19,23,29,37,41,44,45],"ascension_level":1}}