{"host":"ndpbn7fqb3wjbd7p","time":1611198222,"event":{"mods":["AchievementEnabler","Act Like it!","AlwaysNeverKeys","BaseMod","Better Vampires","Block Reminder","Colored Powertips","DeckTracker","Defuse TimeMaze Blight","Friendly Minions","Hallownest","Hermit","Highlight Path","MarisaÅiñ∂âJÅ@ñÇóùçπÅj","Minty Spire (QoL Compilation)","Permanent Neow","Shade Mod","StSLib","SuperFastMode","Synergy Search","The Mystic","Unceasing Turn Reminder","egg"],"gold_per_floor":[117,117,130,143,68,68,68,68,68,85,120,139,139,139,139,139,139],"floor_reached":16,"language":"ENG","playtime":791,"items_purged":["Strike_G"],"score":293,"play_id":"60f146aa-359d-4e23-b3f3-40f6dbbbd6e0","local_time":"20210121040342","is_ascension_mode":true,"campfire_choices":[{"data":"Blade Dance","floor":6,"key":"SMITH"},{"data":"Neutralize","floor":13,"key":"SMITH"},{"data":"Blade Dance","floor":15,"key":"SMITH"}],"circlet_count":0,"master_deck":["AscendersBane","Strike_G","Strike_G","Strike_G","Strike_G","Defend_G","Defend_G","Defend_G","Defend_G","Survivor","Neutralize+1","Blade Dance+1","Cloak And Dagger","Cloak And Dagger","Caltrops","Blade Dance+1"],"relics":["Ring of the Snake","Gambling Chip","Pocketwatch","Mummified Hand","Letter Opener"],"acts_visited":["Exordium"],"potions_floor_usage":[16],"damage_taken":[{"damage":3,"enemies":"Small Slimes","floor":1,"turns":5},{"damage":1,"enemies":"2 Louse","floor":3,"turns":3},{"damage":0,"enemies":"Cultist","floor":4,"turns":3},{"damage":7,"enemies":"3 Louse","floor":10,"turns":4},{"damage":17,"enemies":"3 Sentries","floor":11,"turns":9},{"damage":8,"enemies":"Large Slime","floor":12,"turns":5}],"seed_played":"7715164915254325586","potions_obtained":[{"floor":3,"key":"Fire Potion"},{"floor":11,"key":"AttackPotion"},{"floor":12,"key":"SpeedPotion"}],"is_trial":false,"path_per_floor":["M","?","M","M","$","R","?","?","T","M","E","M","R","?","R","B"],"character_chosen":"THE_SILENT","items_purchased":[],"campfire_rested":0,"item_purchase_floors":[],"current_hp_per_floor":[41,63,62,62,62,62,62,62,62,55,38,30,30,30,30,0,0],"gold":139,"neow_bonus":"ONE_RARE_RELIC","is_daily":false,"chose_seed":false,"campfire_upgraded":3,"win_rate":0.0,"timestamp":1611198222,"path_taken":["M","?","M","M","$","R","?","?","T","?","E","M","R","?","R","BOSS"],"items_purchased_type":[],"build_version":"2020-12-22","purchased_purges":1,"victory":false,"max_hp_per_floor":[66,66,66,66,66,66,66,66,66,66,66,66,66,66,66,66,66],"card_choices":[{"not_picked":["Dagger Spray","Bane"],"picked":"Blade Dance","floor":1},{"not_picked":["Expertise","Distraction"],"picked":"Cloak And Dagger","floor":3},{"not_picked":["Flying Knee","Sucker Punch"],"picked":"Cloak And Dagger","floor":4},{"not_picked":["Storm of Steel","Prepared","Outmaneuver"],"picked":"SKIP","floor":10},{"not_picked":["Masterful Stab","Sucker Punch"],"picked":"Caltrops","floor":11},{"not_picked":["Quick Slash","Dagger Throw"],"picked":"Blade Dance","floor":12}],"player_experience":1172099,"relics_obtained":[{"floor":9,"key":"Mummified Hand"},{"floor":11,"key":"Letter Opener"}],"event_choices":[{"damage_healed":22,"gold_gain":0,"player_choice":"Banana","damage_taken":0,"max_hp_gain":0,"max_hp_loss":0,"event_name":"Big Fish","floor":2,"gold_loss":0},{"cards_removed":["Defend_G"],"damage_healed":0,"gold_gain":0,"player_choice":"Forget","damage_taken":0,"max_hp_gain":0,"max_hp_loss":0,"event_name":"Living Wall","floor":7,"gold_loss":0},{"damage_healed":0,"gold_gain":0,"player_choice":"Gave Potion","damage_taken":0,"relics_obtained":["Pocketwatch"],"max_hp_gain":0,"max_hp_loss":0,"event_name":"WeMeetAgain","floor":8,"gold_loss":0},{"damage_healed":0,"gold_gain":0,"player_choice":"Ignored","damage_taken":0,"max_hp_gain":0,"max_hp_loss":0,"event_name":"Liars Game","floor":14,"gold_loss":0}],"is_beta":false,"boss_relics":[],"items_purged_floors":[5],"is_endless":false,"potions_floor_spawned":[3,11,12],"killed_by":"The Guardian","ascension_level":19}}