{"host":"3h5qf14xt40jhha0","time":1611205908,"event":{"mods":["AlwaysNeverKeys","BaseMod","Colored Powertips","Minty Spire (QoL Compilation)","Permanent Neow","Relic Stats","StSLib"],"gold_per_floor":[119,138,138,155,167,167,167,167],"floor_reached":7,"language":"ENG","playtime":356,"items_purged":[],"score":86,"play_id":"91cfb4ff-98d4-4753-9de5-56784502c964","local_time":"20210121001148","is_ascension_mode":true,"campfire_choices":[{"data":"Calculated Gamble","floor":6.0,"key":"SMITH"}],"circlet_count":0,"master_deck":["AscendersBane","Strike_G","Strike_G","Strike_G","Strike_G","Strike_G","Defend_G","Defend_G","Defend_G","Defend_G","Defend_G","Survivor","Neutralize","Endless Agony","Calculated Gamble+1","Slice","Endless Agony"],"relics":["SlaversCollar","CultistMask"],"acts_visited":["Exordium"],"potions_floor_usage":[7,7],"damage_taken":[{"damage":2.0,"enemies":"Small Slimes","floor":1.0,"turns":4.0},{"damage":6.0,"enemies":"Cultist","floor":2.0,"turns":5.0},{"damage":0.0,"enemies":"2 Louse","floor":4.0,"turns":4.0},{"damage":4.0,"enemies":"Blue Slaver","floor":5.0,"turns":6.0},{"damage":49,"enemies":"Lagavulin","floor":7,"turns":10}],"seed_played":"1696130990482557812","potions_obtained":[{"floor":1.0,"key":"SneckoOil"},{"floor":5.0,"key":"DistilledChaos"}],"is_trial":false,"path_per_floor":["M","M","?","M","M","R","E"],"character_chosen":"THE_SILENT","items_purchased":[],"campfire_rested":0,"item_purchase_floors":[],"current_hp_per_floor":[57,51,51,51,47,47,0,0],"gold":167,"neow_bonus":"BOSS_RELIC","is_daily":false,"chose_seed":false,"campfire_upgraded":1,"win_rate":0.0,"timestamp":1611205908,"path_taken":["M","M","?","M","M","R","E"],"items_purchased_type":[],"build_version":"2020-12-22","purchased_purges":0,"victory":false,"max_hp_per_floor":[66,66,66,66,66,66,66,66],"relic_stats":{"counters":[5,29],"obtain_stats":[{"SlaversCollar":0,"CultistMask":3,"Ring of the Snake":0},{"SlaversCollar":0,"CultistMask":2,"Ring of the Snake":0},{"SlaversCollar":0,"CultistMask":9,"Ring of the Snake":0}]},"card_choices":[{"not_picked":["Escape Plan","Bane"],"picked":"Endless Agony","floor":1.0},{"not_picked":["Cloak And Dagger","Outmaneuver"],"picked":"Calculated Gamble","floor":2.0},{"not_picked":["Deflect","Flying Knee"],"picked":"Slice","floor":4.0},{"not_picked":["Sucker Punch","Dodge and Roll"],"picked":"Endless Agony","floor":5.0}],"player_experience":1365599,"relics_obtained":[],"event_choices":[{"damage_healed":0.0,"max_hp_gain":0.0,"max_hp_loss":0.0,"gold_gain":0.0,"event_name":"FaceTrader","player_choice":"Trade","floor":3.0,"gold_loss":0.0,"damage_taken":0.0,"relics_obtained":["CultistMask"]}],"is_beta":false,"boss_relics":[],"items_purged_floors":[],"is_endless":false,"potions_floor_spawned":[1,5],"killed_by":"Lagavulin","ascension_level":20}}