{"host":"7tvb1em0d2fx72q7","time":1611260264,"event":{"mods":["BaseMod","Challenge The Spire","Minty Spire (QoL Compilation)","StSLib","everything is the same but u backflip on backflip"],"gold_per_floor":[114,114,135,156,156,156,176,189,189,233,233,251,251,251],"floor_reached":13,"language":"ENG","playtime":655,"items_purged":[],"score":174,"play_id":"82559163-8df0-466f-846c-9e66e9c465b7","local_time":"20210121151744","is_ascension_mode":true,"campfire_choices":[{"data":"Ball Lightning","floor":6,"key":"SMITH"},{"data":"Cold Snap","floor":11,"key":"SMITH"}],"circlet_count":0,"master_deck":["AscendersBane","Strike_B","Strike_B","Defend_B","Defend_B","Defend_B","Defend_B","Zap","Dualcast","BootSequence","Reboot","Ball Lightning+1","FTL","Gash","Decay","Rip and Tear","Conserve Battery","Cold Snap+1","Sweeping Beam"],"relics":["Cracked Core","Golden Idol","Pocketwatch","Bird Faced Urn"],"acts_visited":["Exordium"],"potions_floor_usage":[10],"damage_taken":[{"damage":0,"enemies":"Jaw Worm","floor":1,"turns":3},{"damage":1,"enemies":"Cultist","floor":3,"turns":3},{"damage":0,"enemies":"2 Louse","floor":4,"turns":2},{"damage":0,"enemies":"Blue Slaver","floor":7,"turns":2},{"damage":0,"enemies":"Red Slaver","floor":8,"turns":2},{"damage":10,"enemies":"Gremlin Nob","floor":10,"turns":3},{"damage":5,"enemies":"Gremlin Gang","floor":12,"turns":4},{"damage":26,"enemies":"3 Sentries","floor":13,"turns":4}],"seed_played":"5272188671072374570","potions_obtained":[{"floor":1,"key":"SpeedPotion"},{"floor":8,"key":"Strength Potion"}],"is_trial":false,"path_per_floor":["M","?","M","M","?","R","M","M","T","E","R","M","E"],"character_chosen":"DEFECT","items_purchased":[],"campfire_rested":0,"item_purchase_floors":[],"current_hp_per_floor":[64,42,41,41,41,41,41,41,41,31,31,26,0,0],"gold":251,"neow_bonus":"TRANSFORM_TWO_CARDS","is_daily":false,"chose_seed":false,"campfire_upgraded":2,"win_rate":0.0,"timestamp":1611260264,"path_taken":["M","?","M","M","?","R","M","M","T","E","R","?","E"],"items_purchased_type":[],"build_version":"2020-12-22","purchased_purges":0,"victory":false,"max_hp_per_floor":[64,64,64,64,64,64,64,64,64,64,64,64,64,64],"card_choices":[{"not_picked":["Chaos","Steam"],"picked":"Ball Lightning","floor":1},{"not_picked":["Barrage","Rebound"],"picked":"FTL","floor":3},{"not_picked":["Streamline","Steam Power"],"picked":"Gash","floor":4},{"not_picked":["Streamline","Barrage"],"picked":"Rip and Tear","floor":7},{"not_picked":["Compile Driver","Turbo"],"picked":"Conserve Battery","floor":8},{"not_picked":["Thunder Strike","Conserve Battery"],"picked":"Cold Snap","floor":10},{"not_picked":["Leap","Double Energy"],"picked":"Sweeping Beam","floor":12}],"player_experience":1945676,"relics_obtained":[{"floor":9,"key":"Pocketwatch"},{"floor":10,"key":"Bird Faced Urn"}],"event_choices":[{"damage_healed":0,"gold_gain":0,"player_choice":"Take Damage","damage_taken":22,"relics_obtained":["Golden Idol"],"max_hp_gain":0,"max_hp_loss":0,"event_name":"Golden Idol","floor":2,"gold_loss":0},{"damage_healed":0,"gold_gain":0,"player_choice":"Cursed","damage_taken":0,"max_hp_gain":0,"max_hp_loss":0,"event_name":"Wheel of Change","floor":5,"gold_loss":0,"cards_obtained":["Decay"]}],"is_beta":false,"boss_relics":[],"items_purged_floors":[],"is_endless":false,"potions_floor_spawned":[1,8],"killed_by":"3 Sentries","ascension_level":20}}