{"host":"98zq812qbocdqs0d","time":1611255264,"event":{"mods":["BaseMod","GifTheSpireLib","Minty Spire (QoL Compilation)","Replay The Spire","StSLib","The Cursed","The Hierophant"],"gold_per_floor":[113,127,127,88,107,107,107,134,134,144,164,89,108,283,283,378,378,358,374,274,293,293,293],"floor_reached":22,"language":"ITA","playtime":1608,"items_purged":["Strike_R","Doubt"],"score":291,"play_id":"55b7a378-bd3b-4ee0-b763-b01b8c702e4b","local_time":"20210121195424","is_ascension_mode":true,"campfire_choices":[{"data":"Inflame","floor":6,"key":"SMITH"},{"floor":15,"key":"REST"}],"circlet_count":0,"master_deck":["AscendersBane","Strike_R","Strike_R","Strike_R","Strike_R","Defend_R","Defend_R+1","Defend_R","Defend_R","Bash","Twin Strike+1","Inflame+1","ReplayTheSpireMod:Muscle Training","Replay:Undeath\u0027s Touch","Dual Wield","Berserk","Uppercut"],"relics":["Burning Blood","NeowsBlessing","Replay:WaspNest","Kunai","Mark of Pain"],"acts_visited":["Exordium","TheCity"],"potions_floor_usage":[8,11,16,18,19,21,22],"damage_taken":[{"damage":0,"enemies":"Cultist","floor":1,"turns":1},{"damage":0,"enemies":"2 Louse","floor":2,"turns":1},{"damage":0,"enemies":"Small Slimes","floor":5,"turns":1},{"damage":22,"enemies":"3 Sentries","floor":8,"turns":6},{"damage":16,"enemies":"Exordium Thugs","floor":10,"turns":3},{"damage":3,"enemies":"Large Slime","floor":11,"turns":5},{"damage":12,"enemies":"Looter","floor":13,"turns":3},{"damage":67,"enemies":"Fading Forest","floor":16,"turns":11},{"damage":3,"enemies":"2 Thieves","floor":18,"turns":4},{"damage":29,"enemies":"Shell Parasite","floor":19,"turns":5},{"damage":37,"enemies":"Snake Plant","floor":21,"turns":3},{"damage":29,"enemies":"Snecko","floor":22,"turns":3}],"seed_played":"-3640931589930248749","potions_obtained":[{"floor":7,"key":"BlessingOfTheForge"},{"floor":7,"key":"Strength Potion"},{"floor":10,"key":"SpeedPotion"},{"floor":11,"key":"Languid Potion"},{"floor":13,"key":"Ancient Potion"},{"floor":16,"key":"AttackPotion"},{"floor":19,"key":"Strength Potion"},{"floor":21,"key":"LiquidMemories"}],"is_trial":false,"path_per_floor":["M","M","?","$","M","R","?","E","T","M","M","$","M","?","R","B",null,"M","M","$","M","M"],"character_chosen":"IRONCLAD","items_purchased":["Inflame"],"campfire_rested":1,"item_purchase_floors":[4],"current_hp_per_floor":[78,80,64,64,70,70,70,54,54,44,47,47,41,41,65,12,63,66,43,43,12,0,0],"gold":293,"neow_bonus":"THREE_ENEMY_KILL","is_daily":false,"chose_seed":false,"campfire_upgraded":1,"win_rate":0.0,"timestamp":1611255264,"path_taken":["M","?","?","$","M","R","?","E","T","?","M","$","M","?","R","BOSS","M","M","$","M","M"],"items_purchased_type":["Card"],"build_version":"2020-12-22","purchased_purges":2,"victory":false,"max_hp_per_floor":[80,80,80,80,80,80,80,80,80,80,80,80,80,80,80,80,80,80,80,80,80,80,80],"card_choices":[{"not_picked":["Wild Strike","Seeing Red"],"picked":"Twin Strike","floor":1},{"not_picked":["Metallicize","Clothesline","Combust"],"picked":"SKIP","floor":2},{"not_picked":["Wild Strike","Havoc"],"picked":"ReplayTheSpireMod:Muscle Training","floor":5},{"not_picked":["Perfected Strike","Evolve"],"picked":"Replay:Undeath\u0027s Touch","floor":8},{"not_picked":["Pommel Strike","Thunderclap","Eclipse"],"picked":"SKIP","floor":10},{"not_picked":["Replay:Undeath\u0027s Touch","Wild Strike"],"picked":"Dual Wield","floor":11},{"not_picked":["Rage","Havoc","Pommel Strike"],"picked":"SKIP","floor":13},{"not_picked":["Brutality","Exhume"],"picked":"Berserk","floor":16},{"not_picked":["Headbutt","Entrench","Anger"],"picked":"SKIP","floor":18},{"not_picked":["Armaments","Thunderclap","ReplayTheSpireMod:Strike From Hell"],"picked":"SKIP","floor":19},{"not_picked":["Seeing Red","Body Slam"],"picked":"Uppercut","floor":21}],"player_experience":917956,"relics_obtained":[{"floor":8,"key":"Replay:WaspNest"},{"floor":9,"key":"Kunai"}],"event_choices":[{"damage_healed":0,"gold_gain":0,"player_choice":"Entered Light","damage_taken":16,"max_hp_gain":0,"max_hp_loss":0,"event_name":"Shining Light","floor":3,"gold_loss":0,"cards_upgraded":["Defend_R","Twin Strike"]},{"damage_healed":0,"gold_gain":0,"player_choice":"Got Potions","damage_taken":0,"max_hp_gain":0,"max_hp_loss":0,"event_name":"Lab","floor":7,"gold_loss":0},{"damage_healed":0,"gold_gain":175,"player_choice":"AGREE","damage_taken":0,"max_hp_gain":0,"max_hp_loss":0,"event_name":"Liars Game","floor":14,"gold_loss":0,"cards_obtained":["Doubt"]}],"is_beta":false,"boss_relics":[{"not_picked":["Tiny House","SacredBark"],"picked":"Mark of Pain"}],"items_purged_floors":[12,20],"is_endless":false,"potions_floor_spawned":[10,11,13,16,19,21],"killed_by":"Snecko","ascension_level":11}}