{"host":"54jr43vd79817238","time":1611195848,"event":{"mods":["100% Spire Juice","ATMod(°¢èªMod)","Act Like it!","Arknights The Spire","Aspiration","BaseMod","CapriCore","Dota2Spire","Friendly Minions","Gensokyo","Hallownest","Hermit","Jedi Mod","KinomotoSakuraMod(Ä¾Ö®±¾Ó£)","Koishi","Lobotomy","LobotomyExtend","Mari Mod (Legacy)","Mari\u0027s V1 Patch","Marisa£¨ìFÓê¡¡Ä§ÀíÉ³£©","Minty Spire (QoL Compilation)","MostiFishMod","Quarter Circle Forward PUNCH!","Replay The Spire","Robot Space Explorer","RumiaBox-Â¶Ã×æ«µÄÉñÃØºÐ×Ó","Spicy Shops","StSLib","TestMod","The Dragon Tamer","The Marked","WarShipGirlsR/Õ½½¢ÉÙÅ®R mod","Yakumo Yukari mod","Youmu£¨»êÆÇÑýÃÎ£©","vexMod","¡¾ÒÅÎï¿¨ÅÆ¡¿REMEMod"],"gold_per_floor":[118,118,118,136,16,16,43,43,43,70,70,104,104,135,135,237,117,16,16,35,35,49,49,84,84,108,108,138,156,156,68,68,169,49,62,77,0,19,19,51,51,80,80,96,96,108,139,139,139,139,139,139,139,139,167,167],"floor_reached":57,"language":"ZHS","playtime":2631,"items_purged":[],"score":1967,"play_id":"cd509f11-7a7d-4c0b-9e73-ea2b773e8645","local_time":"20210121102408","is_ascension_mode":true,"campfire_choices":[{"floor":6,"key":"RECALL"},{"data":"Moonworks:GoAway","floor":13,"key":"SMITH"},{"data":"Moonworks:AccelHyper","floor":15,"key":"SMITH"},{"data":"Body Slam","floor":23,"key":"SMITH"},{"data":"Moonworks:Encore","floor":30,"key":"SMITH"},{"data":"Moonworks:UnpaidWork","floor":32,"key":"SMITH"},{"data":"Moonworks:MetallicMonocoque","floor":41,"key":"SMITH"},{"data":"SoundOfStar","floor":45,"key":"SMITH"},{"data":"Moonworks:RagingMadness","floor":49,"key":"SMITH"},{"data":"AT_FamilyPortrait","floor":53,"key":"SMITH"}],"circlet_count":0,"master_deck":["Moonworks:Strike+1","Moonworks:Strike","Moonworks:Strike+1","Moonworks:Strike","Moonworks:Defend","Moonworks:Defend","Moonworks:Defend","Moonworks:Defend","Moonworks:Ambush","Moonworks:LongDistanceShot","AT_FamilyPortrait+1","Moonworks:RagingMadness+1","Moonworks:GoAway+1","Moonworks:UnpaidWork+1","Moonworks:AccelHyper+1","Moonworks:NicePresent","Moonworks:EvilSpyWorkPreparation","Moonworks:Encore+1","Judgement","Moonworks:TacticalRetreat+1","Body Slam+1","Moonworks:UnluckyCharm","Moonworks:EvilMastermind","Hallownest:pwrSporeShroom","Moonworks:DeployBits+1","Moonworks:StiffCrystal+1","Moonworks:MetallicMonocoque+1","Moonworks:UnpaidWork+1","Moonworks:EvilSpyWorkPreparation","Moonworks:Flamethrower+1","Moonworks:EvilSpyWorkPreparation+1","Moonworks:WindyEnchantment","Moonworks:OutOfAmmo"],"relics":["Moonworks:BrokenBomb","Moonworks:Homemark","testmod-TestBox","DaveBox","REME_ComplimentaryCards","AT_ATBox","testmod-SaigiyounoYou","BirthdayGift-Tetrahedron","NeowsBlessing","SynthV:TestCard","Hallownest:DreamNailRelic","Hallownest:SalubrasBlessingRelic","DianDianMeat","AT_LudenTempest","qcfpunch:School_Backpack","ThornShield","FeatherPendant","testmod-Antiphasic","Replay:Mystery Machine","Whetstone","MealTicket","Replay:Bronze Core","Red Mask","testmod-FatalChain","testmod-ArcanaOfDestiny","Bronze Scales","testmod-AssaultLearning"],"acts_visited":["Hallownest:Greenpath","Hallownest:CityofTears","TheBeyond","TheEnding"],"potions_floor_usage":[16,16,20,29,56,56],"damage_taken":[{"damage":0,"enemies":"2_ Uuma","floor":1,"turns":1},{"damage":0,"enemies":"Hallownest:monsterHuskGuard","floor":4,"turns":1},{"damage":0,"enemies":"Hallownest:eliteMossKnight","floor":7,"turns":1},{"damage":4,"enemies":"Hallownest:eliteVengeflyKing","floor":10,"turns":3},{"damage":4,"enemies":"Hallownest:eliteMossKnight","floor":12,"turns":3},{"damage":15,"enemies":"Hallownest:eliteCrystalGuardian","floor":14,"turns":3},{"damage":6,"enemies":"Hallownest:BossHornet","floor":16,"turns":4},{"damage":2,"enemies":"Hallownest:3_Youths","floor":18,"turns":2},{"damage":6,"enemies":"Hallownest:2_Mistakes","floor":20,"turns":2},{"damage":3,"enemies":"Hallownest:2_Husk_Sentries","floor":22,"turns":2},{"damage":2,"enemies":"Hallownest:Nosk","floor":24,"turns":2},{"damage":2,"enemies":"Hallownest:eliteSoulWarrior","floor":28,"turns":2},{"damage":8,"enemies":"Hallownest:3_Mistakes","floor":29,"turns":3},{"damage":4,"enemies":"Hallownest:Nosk","floor":31,"turns":3},{"damage":5,"enemies":"Hallownest:BossMantisLord","floor":33,"turns":3},{"damage":0,"enemies":"3 Shapes","floor":35,"turns":1},{"damage":5,"enemies":"Orb Walker","floor":36,"turns":2},{"damage":2,"enemies":"3 Darklings","floor":38,"turns":2},{"damage":0,"enemies":"R_Hoarder","floor":40,"turns":3},{"damage":2,"enemies":"Giant Head","floor":42,"turns":2},{"damage":0,"enemies":"Maw","floor":44,"turns":1},{"damage":10,"enemies":"Sphere and 2 Shapes","floor":46,"turns":2},{"damage":2,"enemies":"R_Hoarder","floor":47,"turns":2},{"damage":0,"enemies":"Awakened One","floor":50,"turns":2},{"damage":2,"enemies":"Shield and Spear","floor":55,"turns":3},{"damage":20,"enemies":"The Heart","floor":56,"turns":3}],"seed_played":"7161836214198495725","potions_obtained":[{"floor":1,"key":"GamblersBrew"},{"floor":3,"key":"Flashbang"},{"floor":10,"key":"Block Potion"},{"floor":16,"key":"SteroidPotion"},{"floor":18,"key":"Elixir"},{"floor":24,"key":"jedi:StrikingPotion"},{"floor":33,"key":"ColorlessPotion"},{"floor":46,"key":"FairyPotion"}],"is_trial":false,"path_per_floor":["M","?","?","M","?","R","E","?","T","E","$","E","R","E","R","B",null,"M","?","M","?","M","R","E","?","T","?","E","M","R","E","R","B",null,"M","M","?","M","?","E","R","E","T","M","R","M","E","?","R","B",null,null,"R","$","E","B",null],"character_chosen":"THE_STARBREAKER","items_purchased":[],"campfire_rested":0,"item_purchase_floors":[],"current_hp_per_floor":[60,60,60,60,60,60,61,61,61,63,63,64,64,57,57,75,75,88,88,105,105,105,105,115,126,126,126,138,150,150,151,151,165,165,165,178,178,196,196,213,213,231,231,250,250,250,250,250,250,250,250,250,250,250,270,270],"gold":167,"neow_bonus":"THREE_ENEMY_KILL","is_daily":false,"chose_seed":false,"campfire_upgraded":9,"win_rate":0.0,"timestamp":1611195848,"path_taken":["M","?","?","M","?","R","E","?","T","E","?","E","R","E","R","BOSS","M","?","M","?","?","R","E","?","T","?","E","M","R","E","R","BOSS","M","M","?","M","?","E","R","E","T","?","R","M","E","?","R","BOSS","R","$","E","BOSS"],"items_purchased_type":[],"build_version":"2020-12-22","purchased_purges":0,"victory":true,"max_hp_per_floor":[60,60,60,60,60,60,61,61,61,63,63,66,66,70,70,75,75,88,88,105,105,105,105,115,126,126,126,138,151,151,151,151,165,165,165,180,180,196,196,213,213,231,231,250,250,250,250,250,250,250,250,250,250,250,270,270],"card_choices":[{"not_picked":["Moonworks:NicePresent","Moonworks:FinalSurgery"],"picked":"Moonworks:RagingMadness","floor":1},{"not_picked":["Moonworks:Dash","Moonworks:BigMagnum","Moonworks:DeployBits","Moonworks:SealedMemories"],"picked":"Moonworks:GoAway","floor":4},{"not_picked":["Moonworks:NicePresent","Moonworks:JonathanRush","Moonworks:SakisCookie","Moonworks:UnluckyCharm"],"picked":"Moonworks:UnpaidWork","floor":7},{"not_picked":["Moonworks:CloudOfSeagulls","Moonworks:IntelligenceOfficer","Moonworks:BigMagnum","Moonworks:SakisCookie"],"picked":"Moonworks:AccelHyper","floor":10},{"not_picked":["Moonworks:ReproductionOfRecords","Moonworks:UnluckyCharm","Moonworks:CookingTime","Moonworks:CastOff"],"picked":"Moonworks:NicePresent","floor":12},{"not_picked":["Moonworks:CompletionReward","Moonworks:BigMagnum","Moonworks:JonathanRush","Moonworks:ImOnFire"],"picked":"Moonworks:EvilSpyWorkPreparation","floor":14},{"not_picked":["Dagger Spray","Poisoned Stab","Flying Knee"],"picked":"SKIP","floor":14},{"not_picked":["Moonworks:GoAway","Moonworks:SubspaceTunnel","Moonworks:Accelerator","Moonworks:WeAreWaruda"],"picked":"Moonworks:Encore","floor":16},{"not_picked":["Replay:BluntJabs","REME_MusicOfDeath"],"picked":"Judgement","floor":18},{"not_picked":["Moonworks:ImOnFire+1","Moonworks:SweetBattle+1","Moonworks:UnluckyCharm","Moonworks:IndiscriminateFireSupport"],"picked":"Moonworks:TacticalRetreat+1","floor":18},{"not_picked":["Run Through","Sword Boomerang"],"picked":"Body Slam","floor":20},{"not_picked":["Moonworks:BigMagnum","Moonworks:ImOnFire","Moonworks:NicePresent","Moonworks:IndiscriminateFireSupport"],"picked":"Moonworks:UnluckyCharm","floor":20},{"not_picked":["Catalyst","Bouncing Flask","Dodge and Roll+1"],"picked":"SKIP","floor":22},{"not_picked":["Moonworks:DevilHand","Moonworks:Assault","Moonworks:BigBangBell","Moonworks:AwakeningOfTalent","Moonworks:BigMagnum"],"picked":"SKIP","floor":22},{"not_picked":["Moonworks:ImmovableObject+1","Moonworks:DeployBits","Moonworks:SealedMemories","Moonworks:EvilSpyWorkPreparation+1"],"picked":"Moonworks:EvilMastermind","floor":24},{"not_picked":["Moonworks:CloudOfSeagulls","Moonworks:ScrambledEve+1","Moonworks:SweetBattle","Moonworks:BigMagnum"],"picked":"Moonworks:DeployBits+1","floor":28},{"not_picked":["Moonworks:BeyondHell+1","Moonworks:MiracleWalker","Moonworks:NicePresent","Moonworks:JonathanRush"],"picked":"Moonworks:StiffCrystal+1","floor":29},{"not_picked":["Moonworks:IndiscriminateFireSupport","Moonworks:BigMagnum+1","Moonworks:BackdoorTrade","Moonworks:ReproductionOfRecords+1","Moonworks:DeployBits"],"picked":"SKIP","floor":31},{"not_picked":["Moonworks:FinalBattle","Moonworks:RocketCannon","Moonworks:EvilMastermind","Moonworks:Wanted"],"picked":"Moonworks:MetallicMonocoque","floor":33},{"not_picked":["Moonworks:IndiscriminateFireSupport","Moonworks:FinalSurgery","Moonworks:EvilSpyWorkPreparation+1","Moonworks:SelfDestruct","Moonworks:CloudOfSeagulls+1"],"picked":"SKIP","floor":35},{"not_picked":["Moonworks:EvilSpyWorkPreparation","Moonworks:BindingChains+1","Moonworks:IndiscriminateFireSupport+1","Moonworks:CloudOfSeagulls"],"picked":"Moonworks:UnpaidWork+1","floor":36},{"not_picked":["Moonworks:NicePresent+1","Moonworks:ImOnFire","Moonworks:LulusLuckyEgg","Moonworks:DeployBits"],"picked":"Moonworks:EvilSpyWorkPreparation","floor":38},{"not_picked":["Moonworks:Assault+1","Moonworks:LuckyCharm","Moonworks:Heat300Percent+1","Moonworks:BigMagnum"],"picked":"Moonworks:Flamethrower+1","floor":40},{"not_picked":["Moonworks:DeployBits","Moonworks:CloudOfSeagulls+1","Moonworks:JonathanRush+1","Moonworks:Assault+1"],"picked":"Moonworks:EvilSpyWorkPreparation+1","floor":42},{"not_picked":["Moonworks:MiracleWalker+1","Moonworks:ImmovableObject","Moonworks:BindingChains+1","Moonworks:TacticalRetreat"],"picked":"Moonworks:WindyEnchantment","floor":44},{"not_picked":["Moonworks:SweetBattle+1","Moonworks:ReproductionOfRecords","Moonworks:ImOnFire+1","Moonworks:JonathanRush+1","Moonworks:UnluckyCharm+1"],"picked":"SKIP","floor":46},{"not_picked":["Moonworks:IndiscriminateFireSupport","Moonworks:Assault","Moonworks:SakisCookie","Moonworks:LulusLuckyEgg","Moonworks:TacticalRetreat+1"],"picked":"SKIP","floor":47},{"not_picked":["Moonworks:CookingTime","Moonworks:ImmovableObject+1","Moonworks:StiffCrystal","Moonworks:x16BigRocket"],"picked":"Moonworks:OutOfAmmo","floor":55}],"player_experience":262038,"relics_obtained":[{"floor":1,"key":"SynthV:TestCard"},{"floor":7,"key":"DianDianMeat"},{"floor":10,"key":"AT_LudenTempest"},{"floor":12,"key":"qcfpunch:School_Backpack"},{"floor":14,"key":"ThornShield"},{"floor":24,"key":"testmod-Antiphasic"},{"floor":26,"key":"Replay:Mystery Machine"},{"floor":28,"key":"Whetstone"},{"floor":31,"key":"MealTicket"},{"floor":40,"key":"testmod-FatalChain"},{"floor":43,"key":"testmod-ArcanaOfDestiny"},{"floor":47,"key":"Bronze Scales"},{"floor":55,"key":"testmod-AssaultLearning"}],"event_choices":[{"damage_healed":0,"gold_gain":0,"player_choice":"Paid","damage_taken":0,"relics_obtained":["Red Mask"],"max_hp_gain":0,"max_hp_loss":0,"event_name":"Tomb of Lord Red Mask","floor":37,"gold_loss":77},{"cards_removed":["SoundOfStar"],"damage_healed":0,"gold_gain":0,"player_choice":"Purged","damage_taken":0,"max_hp_gain":0,"max_hp_loss":0,"event_name":"Purifier","floor":48,"gold_loss":0}],"is_beta":false,"boss_relics":[{"not_picked":["testmod-IncinerationGenerator","Ring of Chaos"],"picked":"FeatherPendant"},{"not_picked":["jedi:hotpepper","testmod-NegativeEmotionEnhancer"],"picked":"Replay:Bronze Core"}],"items_purged_floors":[],"is_endless":false,"potions_floor_spawned":[1,10,16,18,24,33,36,42,46,47],"ascension_level":1}}