{"host":"fkig9nrckec4xsh0","time":1611269999,"event":{"mods":["BaseMod","Colored Map","Minty Spire (QoL Compilation)","Quick Restart","Replay The Spire","StSLib"],"gold_per_floor":[11,30,30,30,48,48,78,101,156,2,33,33,99,125,125,129,129,143,143,58,58,157,192,204,204,229,258,258,458,473,38,38,134,134,144,160,177,177,177,177,190,190,190,206,216,250,250,1,1,1],"floor_reached":51,"language":"ENG","playtime":3237,"items_purged":["Strike_G","Strike_G"],"score":1144,"play_id":"629b83c6-a6c9-4818-8994-640f86ce531a","local_time":"20210121175959","is_ascension_mode":true,"campfire_choices":[{"data":"Crow Ritual","floor":6.0,"key":"SMITH"},{"data":"A Thousand Cuts","floor":12.0,"key":"SMITH"},{"data":"Choke","floor":15.0,"key":"SMITH"},{"floor":25.0,"key":"REST"},{"data":"Endless Agony","floor":28.0,"key":"SMITH"},{"floor":32.0,"key":"REST"},{"data":"After Image","floor":40,"key":"SMITH"},{"data":"A Thousand Cuts","floor":42,"key":"SMITH"},{"data":"Calculated Gamble","floor":47,"key":"SMITH"},{"data":"Secret Technique","floor":49,"key":"SMITH"}],"circlet_count":0,"master_deck":["AscendersBane","Survivor","Neutralize","Crow Ritual+1","Choke+1","Endless Agony+1","Noxious Fumes","PiercingWail","Noxious Fumes","A Thousand Cuts+1","Backflip+1","Tools of the Trade","CurseOfTheBell","Dagger Throw","Acrobatics","Expertise","Crippling Poison+1","Catalyst","Setup","After Image+1","Backflip","A Thousand Cuts+1","Calculated Gamble+1","Flying Knee","Wraith Form v2","Dagger Throw","Sneak Up","Setup","Outmaneuver","Backflip+1","Cloak And Dagger+1","Caltrops","Parasite","Acrobatics","Hidden Blade+1","ReplayTheSpireMod:Scrap Shanks+1","Secret Technique+1"],"relics":["Ring of the Snake","FaceOfCleric","Art of War","TungstenRod","Replay:Wax Seal","Toy Ornithopter","Nunchaku","Replay:Grab Bag","Philosopher\u0027s Stone","Busted Crown","Calling Bell","Boot","Onion Ring","Incense Burner","Letter Opener","Replay:Rubber Ducky","Simple Rune","Kunai","Oddly Smooth Stone","Pandora\u0027s Box","StoneCalendar","Strawberry"],"acts_visited":["Exordium","TheCity","TheBeyond"],"potions_floor_usage":[50,50,50,50,50],"damage_taken":[{"damage":1.0,"enemies":"Jaw Worm","floor":1.0,"turns":6.0},{"damage":0.0,"enemies":"Cultist","floor":2.0,"turns":3.0},{"damage":7.0,"enemies":"Small Slimes","floor":5.0,"turns":3.0},{"damage":21.0,"enemies":"Gremlin Nob","floor":7.0,"turns":5.0},{"damage":18.0,"enemies":"3 Sentries","floor":11.0,"turns":6.0},{"damage":1.0,"enemies":"Lagavulin","floor":14.0,"turns":7.0},{"damage":8.0,"enemies":"Fading Forest","floor":16.0,"turns":11.0},{"damage":6.0,"enemies":"Chosen","floor":18.0,"turns":6.0},{"damage":50.0,"enemies":"Book of Stabbing","floor":23.0,"turns":6.0},{"damage":9.0,"enemies":"3 Byrds","floor":24.0,"turns":3.0},{"damage":13.0,"enemies":"Slavers","floor":27.0,"turns":4.0},{"damage":16.0,"enemies":"Shelled Parasite and Fungi","floor":30.0,"turns":4.0},{"damage":4,"enemies":"Collector","floor":33,"turns":7},{"damage":1,"enemies":"Orb Walker","floor":35,"turns":4},{"damage":0,"enemies":"3 Shapes","floor":36,"turns":3},{"damage":0,"enemies":"3 Darklings","floor":37,"turns":5},{"damage":3,"enemies":"Jaw Worm Horde","floor":41,"turns":3},{"damage":7,"enemies":"Writhing Mass","floor":44,"turns":6},{"damage":0,"enemies":"Transient","floor":45,"turns":5},{"damage":7,"enemies":"Giant Head","floor":46,"turns":8},{"damage":34,"enemies":"Time Eater","floor":50,"turns":9}],"seed_played":"1673166139639284593","potions_obtained":[{"floor":5.0,"key":"Poison Potion"},{"floor":7.0,"key":"Regen Potion"},{"floor":11.0,"key":"Elixir"},{"floor":16.0,"key":"Elixir"},{"floor":27.0,"key":"AttackPotion"},{"floor":33,"key":"Dexterity Potion"},{"floor":37,"key":"Fire Potion"},{"floor":44,"key":"EntropicBrew"},{"floor":46,"key":"Block Potion"}],"is_trial":false,"path_per_floor":["M","M","?","$","M","R","E","?","T","$","E","R","$","E","R_BF","B",null,"M","?","?","?","?","E","M","R","T","E","R","?","M","$","R_BF","B",null,"M","M","M","?","?","R","M","R","T","M","M","E","R","$","R","B",null],"character_chosen":"THE_SILENT","items_purchased":["Noxious Fumes","Backflip+1","After Image","Backflip","Oddly Smooth Stone","ReplayTheSpireMod:Scrap Shanks+1","Secret Technique"],"campfire_rested":2,"item_purchase_floors":[10,13,31,31,31,48,48],"current_hp_per_floor":[62,62,62,62,56,56,36,36,36,36,34,34,34,34,34,35,65,60,60,60,60,60,16,8,31,31,19,19,19,9,9,33,30,68,68,69,70,70,70,70,68,68,68,62,63,64,64,64,64,56],"gold":1,"neow_bonus":"RANDOM_COLORLESS_2","is_daily":false,"chose_seed":false,"campfire_upgraded":8,"win_rate":0.0,"timestamp":1611269999,"path_taken":["M","M","?","?","M","R","E","?","T","?","E","R","$","E","R_BF","BOSS","M","?","?","?","?","E","?","R","T","E","R","?","M","$","R_BF","BOSS","M","?","?","?","?","R","?","R","T","M","M","E","R","$","R","BOSS"],"items_purchased_type":["Card","Card","Card","Card","Relic","Card","Card"],"build_version":"2020-12-22","purchased_purges":2,"victory":true,"max_hp_per_floor":[70,70,70,70,71,71,72,72,72,72,73,73,73,74,74,75,75,76,76,76,76,76,77,78,78,78,79,79,79,80,80,80,81,81,82,83,84,84,84,84,85,85,85,86,87,95,95,95,95,96],"card_choices":[{"not_picked":["Apotheosis","Midas Touch"],"picked":"Crow Ritual","floor":0.0},{"not_picked":["Dagger Spray","Fluid Movement"],"picked":"Choke","floor":1.0},{"not_picked":["Deadly Poison","Dagger Throw"],"picked":"Endless Agony","floor":2.0},{"not_picked":["Bane","Deflect"],"picked":"Noxious Fumes","floor":5.0},{"not_picked":["Underhanded Strike","Deflect","Dagger Spray"],"picked":"SKIP","floor":7.0},{"not_picked":["Deflect","ReplayTheSpireMod:Exploit Weakness"],"picked":"PiercingWail","floor":8.0},{"not_picked":["Expertise","Dagger Throw"],"picked":"A Thousand Cuts","floor":11.0},{"not_picked":["Dodge and Roll","PiercingWail","Bane"],"picked":"SKIP","floor":14.0},{"not_picked":["ReplayTheSpireMod:Necrosis","Burst"],"picked":"Tools of the Trade","floor":16.0},{"not_picked":[],"picked":"Dagger Throw","floor":18.0},{"not_picked":[],"picked":"Expertise","floor":23.0},{"not_picked":[],"picked":"Crippling Poison+1","floor":24.0},{"not_picked":[],"picked":"Catalyst","floor":27.0},{"not_picked":[],"picked":"Setup","floor":30.0},{"not_picked":[],"picked":"A Thousand Cuts","floor":33},{"not_picked":[],"picked":"Backflip+1","floor":35},{"not_picked":[],"picked":"Cloak And Dagger+1","floor":36},{"not_picked":["Blade Dance"],"picked":"SKIP","floor":37},{"not_picked":["Sneak Up"],"picked":"SKIP","floor":41},{"not_picked":[],"picked":"Acrobatics","floor":44},{"not_picked":[],"picked":"Hidden Blade+1","floor":45},{"not_picked":["Quick Slash+1"],"picked":"SKIP","floor":46}],"player_experience":383217,"relics_obtained":[{"floor":7.0,"key":"Art of War"},{"floor":8.0,"key":"TungstenRod"},{"floor":9.0,"key":"Replay:Wax Seal"},{"floor":11.0,"key":"Toy Ornithopter"},{"floor":14.0,"key":"Nunchaku"},{"floor":17.0,"key":"Boot"},{"floor":17.0,"key":"Onion Ring"},{"floor":17.0,"key":"Incense Burner"},{"floor":23.0,"key":"Replay:Rubber Ducky"},{"floor":26.0,"key":"Simple Rune"},{"floor":27.0,"key":"Kunai"},{"floor":43,"key":"StoneCalendar"},{"floor":46,"key":"Strawberry"}],"event_choices":[{"damage_healed":0.0,"max_hp_gain":0.0,"max_hp_loss":0.0,"gold_gain":0.0,"event_name":"FaceTrader","player_choice":"Trade","floor":3.0,"gold_loss":0.0,"damage_taken":0.0,"relics_obtained":["FaceOfCleric"]},{"damage_healed":0.0,"max_hp_gain":0.0,"max_hp_loss":0.0,"gold_gain":0.0,"event_name":"The Library","player_choice":"Read","floor":19.0,"gold_loss":0.0,"damage_taken":0.0,"cards_obtained":["Acrobatics"]},{"damage_healed":0.0,"max_hp_gain":0.0,"max_hp_loss":0.0,"gold_gain":0.0,"event_name":"Addict","player_choice":"Obtained Relic","floor":20.0,"gold_loss":85.0,"damage_taken":0.0,"relics_obtained":["Letter Opener"]},{"damage_healed":0.0,"max_hp_gain":0.0,"max_hp_loss":0.0,"gold_gain":0.0,"event_name":"Ghosts","player_choice":"Ignored","floor":21.0,"gold_loss":0.0,"damage_taken":0.0},{"damage_healed":0.0,"max_hp_gain":0.0,"max_hp_loss":0.0,"gold_gain":99.0,"event_name":"Nest","player_choice":"Stole From Cult","floor":22.0,"gold_loss":0.0,"damage_taken":0.0},{"damage_healed":0.0,"max_hp_gain":0.0,"max_hp_loss":0.0,"gold_gain":200.0,"event_name":"Wheel of Change","player_choice":"Gold","floor":29.0,"gold_loss":0.0,"damage_taken":0.0},{"damage_healed":0,"gold_gain":0,"player_choice":"Ignored","damage_taken":0,"max_hp_gain":0,"max_hp_loss":0,"event_name":"Tomb of Lord Red Mask","floor":38,"gold_loss":0},{"damage_healed":0,"gold_gain":0,"cards_transformed":["Bullet Time"],"player_choice":"Transformed","damage_taken":0,"max_hp_gain":0,"max_hp_loss":0,"event_name":"Transmorgrifier","floor":39,"gold_loss":0,"cards_obtained":["Caltrops"]}],"is_beta":false,"boss_relics":[{"not_picked":["Ring of Chaos","Replay:Bronze Core"],"picked":"Replay:Grab Bag"},{"not_picked":["Replay:Wanted Poster","Cursed Key"],"picked":"Philosopher\u0027s Stone"},{"not_picked":["Painkiller Herb","Runic Dome"],"picked":"Busted Crown"},{"not_picked":["SlaversCollar","Empty Cage"],"picked":"Calling Bell"},{"not_picked":["WristBlade","Tiny House"],"picked":"Pandora\u0027s Box"}],"items_purged_floors":[10,31],"is_endless":false,"potions_floor_spawned":[5,7,11,16,27,33,37,44,46],"ascension_level":10}}