{"host":"j4g6ia6asvpyu2b0","time":1611246057,"event":{"mods":["BaseMod","Colored Map","Minty Spire (QoL Compilation)","Permanent Neow","Quick Restart","Relic Stats","StSLib","Unceasing Turn Reminder"],"gold_per_floor":[215,215,215,234,10,35,35,70,95,130,143,157,167,193,193,271,271,285,302,327,327,327,327,327],"floor_reached":23,"language":"ENG","playtime":823,"items_purged":["Pain"],"score":397,"play_id":"5483e206-18d7-444e-9101-481e620bf651","local_time":"20210121092057","is_ascension_mode":true,"campfire_choices":[{"data":"Bash","floor":15,"key":"SMITH"}],"circlet_count":0,"master_deck":["AscendersBane","Defend_R","Defend_R","Defend_R","Defend_R+1","Bash+1","Uppercut+1","Infernal Blade","Metallicize","Twin Strike","Shrug It Off","Thunderclap","Intimidate","Reaper","Dropkick","Pommel Strike","Iron Wave","Armaments","Barricade","Evolve","Shockwave","Anger","Bite","Bite","Bite","Bite","Bite"],"relics":["Burning Blood","WarpedTongs","Juzu Bracelet","Bottled Tornado","Omamori","Orichalcum","Philosopher\u0027s Stone","Red Mask"],"acts_visited":["Exordium","TheCity"],"potions_floor_usage":[12,18,20,23],"damage_taken":[{"damage":4.0,"enemies":"Jaw Worm","floor":1.0,"turns":4.0},{"damage":3.0,"enemies":"Cultist","floor":4.0,"turns":3.0},{"damage":9.0,"enemies":"3 Sentries","floor":6.0,"turns":13.0},{"damage":17.0,"enemies":"Lagavulin","floor":8.0,"turns":6.0},{"damage":14.0,"enemies":"3 Sentries","floor":10.0,"turns":7.0},{"damage":0.0,"enemies":"2 Louse","floor":11.0,"turns":4.0},{"damage":12,"enemies":"Exordium Thugs","floor":12,"turns":4},{"damage":3,"enemies":"Looter","floor":13,"turns":3},{"damage":12,"enemies":"Lagavulin","floor":14,"turns":5},{"damage":14,"enemies":"Hexaghost","floor":16,"turns":11},{"damage":21,"enemies":"2 Thieves","floor":18,"turns":4},{"damage":12,"enemies":"Spheric Guardian","floor":19,"turns":5},{"damage":88,"enemies":"Masked Bandits","floor":20,"turns":6},{"damage":18,"enemies":"Slavers","floor":23,"turns":1}],"seed_played":"-8415895759661011075","potions_obtained":[{"floor":1.0,"key":"BloodPotion"},{"floor":4.0,"key":"PowerPotion"},{"floor":10.0,"key":"Weak Potion"},{"floor":12,"key":"Fire Potion"},{"floor":14,"key":"BloodPotion"},{"floor":18,"key":"Dexterity Potion"},{"floor":20,"key":"FearPotion"}],"is_trial":false,"path_per_floor":["M","?","?","M","$","E","?","E","T","E","M","M","M","E","R","B",null,"M","M","?","?","?","E"],"character_chosen":"IRONCLAD","items_purchased":["Metallicize","Twin Strike","Shrug It Off"],"campfire_rested":0,"item_purchase_floors":[5,5,5],"current_hp_per_floor":[70,63,63,66,66,63,48,37,37,29,39,37,40,35,35,34,65,75,69,8,8,8,0,0],"gold":327,"neow_bonus":"HUNDRED_GOLD","is_daily":false,"chose_seed":false,"campfire_upgraded":1,"win_rate":0.0,"timestamp":1611246057,"path_taken":["M","?","?","M","$","E","?","E","T","E","M","M","M","E","R","BOSS","M","M","?","?","?","E"],"items_purchased_type":["Card","Card","Card"],"build_version":"2020-12-22","purchased_purges":1,"victory":false,"max_hp_per_floor":[75,75,75,75,75,75,75,75,75,75,75,75,75,75,75,75,75,75,75,75,75,52,52,52],"relic_stats":{"counters":[14,76],"Juzu Bracelet":2,"Orichalcum":[72],"obtain_stats":[{"Philosopher\u0027s Stone":17,"Juzu Bracelet":6,"Omamori":10,"Red Mask":20,"Bottled Tornado":8,"Orichalcum":14,"Burning Blood":0,"WarpedTongs":3},{"Philosopher\u0027s Stone":10,"Juzu Bracelet":3,"Omamori":5,"Red Mask":13,"Bottled Tornado":4,"Orichalcum":9,"Burning Blood":0,"WarpedTongs":1},{"Philosopher\u0027s Stone":60,"Juzu Bracelet":20,"Omamori":33,"Red Mask":75,"Bottled Tornado":26,"Orichalcum":49,"Burning Blood":0,"WarpedTongs":4}],"Burning Blood":78,"WarpedTongs":[70]},"card_choices":[{"not_picked":["Combust","Dropkick"],"picked":"Uppercut","floor":1.0},{"not_picked":["Perfected Strike","Twin Strike"],"picked":"Infernal Blade","floor":4.0},{"not_picked":["Dual Wield","Bloodletting"],"picked":"Thunderclap","floor":6.0},{"not_picked":["Clash","Thunderclap"],"picked":"Intimidate","floor":8.0},{"not_picked":["Reckless Charge","Battle Trance"],"picked":"Reaper","floor":10.0},{"not_picked":["Second Wind","Wild Strike"],"picked":"Dropkick","floor":11.0},{"not_picked":["True Grit","Sword Boomerang"],"picked":"Pommel Strike","floor":12},{"not_picked":["Bloodletting","Clash"],"picked":"Iron Wave","floor":13},{"not_picked":["Reckless Charge","Twin Strike"],"picked":"Armaments","floor":14},{"not_picked":["Double Tap","Bludgeon"],"picked":"Barricade","floor":16},{"not_picked":["Blood for Blood","Headbutt","Perfected Strike"],"picked":"SKIP","floor":18},{"not_picked":["Perfected Strike","Shrug It Off"],"picked":"Evolve","floor":19},{"not_picked":["Thunderclap","Flex"],"picked":"Shockwave","floor":20}],"player_experience":907174,"relics_obtained":[{"floor":6.0,"key":"Juzu Bracelet"},{"floor":8.0,"key":"Bottled Tornado"},{"floor":10.0,"key":"Omamori"},{"floor":14,"key":"Orichalcum"},{"floor":20,"key":"Red Mask"}],"event_choices":[{"cards_removed":["Strike_R"],"damage_healed":0.0,"max_hp_gain":0.0,"max_hp_loss":0.0,"gold_gain":0.0,"event_name":"Golden Wing","player_choice":"Card Removal","floor":2.0,"gold_loss":0.0,"damage_taken":7.0},{"damage_healed":0.0,"max_hp_gain":0.0,"max_hp_loss":0.0,"gold_gain":0.0,"event_name":"Accursed Blacksmith","player_choice":"Rummage","floor":3.0,"gold_loss":0.0,"damage_taken":0.0,"relics_obtained":["WarpedTongs"],"cards_obtained":["Pain"]},{"damage_healed":0.0,"max_hp_gain":0.0,"max_hp_loss":0.0,"gold_gain":0.0,"event_name":"Shining Light","player_choice":"Entered Light","floor":7.0,"gold_loss":0.0,"damage_taken":15.0,"cards_upgraded":["Uppercut","Defend_R"]},{"damage_healed":0,"gold_gain":0,"player_choice":"Fought Bandits","damage_taken":0,"max_hp_gain":0,"max_hp_loss":0,"event_name":"Masked Bandits","floor":20,"gold_loss":0},{"damage_healed":0,"gold_gain":0,"cards_transformed":["Strike_R"],"player_choice":"Transformed","damage_taken":0,"max_hp_gain":0,"max_hp_loss":0,"event_name":"Transmorgrifier","floor":21,"gold_loss":0,"cards_obtained":["Anger"]},{"damage_healed":0,"gold_gain":0,"player_choice":"Became a vampire","damage_taken":0,"max_hp_gain":0,"max_hp_loss":23,"event_name":"Vampires","floor":22,"gold_loss":0,"cards_obtained":["Bite","Bite","Bite","Bite","Bite"]}],"is_beta":false,"boss_relics":[{"not_picked":["Black Blood","SacredBark"],"picked":"Philosopher\u0027s Stone"}],"items_purged_floors":[5],"is_endless":false,"potions_floor_spawned":[1,4,10,12,14,18,19,20],"killed_by":"Slavers","ascension_level":14}}