{"host":"sdjng9zhqonqi3uc","time":1611264947,"event":{"mods":["2.2 Compatiblity","AchievementEnabler","BaseMod","Better Note","Better Third Choice","BetterRewards","Colored Map","Colored Powertips","Downfall","Hero for Fun","Hubris","Minty Spire (QoL Compilation)","Quick Restart","Relic Stats","Shop Mod","Spicy Shops","StSLib","Td1madao Mod","The Animator","The Cursed","The Servant 0.9.4"],"gold_per_floor":[109,140,196,225,240,240,265,265,335,335,345,375,398,398,398,495,495,515,14,14,14,14,14,39,64,111,138,203,263,1,82,82,86,86],"floor_reached":33,"language":"ENG","playtime":2659,"items_purged":["Pain"],"score":462,"play_id":"5b77255f-9feb-4412-8c07-db92f66786e8","local_time":"20210121223547","is_ascension_mode":true,"campfire_choices":[{"data":"animator:ElricEdward","floor":6,"key":"SMITH"},{"floor":8,"key":"REST"},{"data":"animator:ElricAlphonse","floor":15,"key":"SMITH"},{"data":"animator:HigakiRinne","floor":23,"key":"SMITH"},{"floor":32,"key":"REST"}],"circlet_count":0,"master_deck":["animator:Strike_FullmetalAlchemist","animator:Defend_FullmetalAlchemist","animator:Strike","animator:Strike","animator:Defend","animator:Defend","animator:Defend","animator:ElricEdward+1","animator:ElricAlphonse+1","animator:Scar","animator:Darkness","animator:MaesHughes","animator:Megumin+8","animator:MaesHughes","animator:WinryRockbell","animator:YunYun","animator:HigakiRinne+1","CurseOfTheBell","hubris:Greed","hubris:Greed","hubris:Greed","animator:GuildGirl","hubris:Greed","hubris:Greed","hubris:Greed","hubris:Greed","hubris:Greed","hubris:Greed","hubris:Greed","hubris:Greed","animator:Sloth+1","hubris:Greed"],"relics":["animator:LivingPicture","animator:TheMissingPiece","animator:PurgingStone","Blood Vial","Gremlin Horn","animator:HallowedScabbard","MerchantsRug","Dead Branch","WarpedTongs","Akabeko","hubris:Reverence","hubris:MedicalManual","Medical Kit","Regal Pillow","Molten Egg 2","MutagenicStrength","Red Skull","Juzu Bracelet","Toxic Egg 2"],"acts_visited":["Exordium","TheCity"],"potions_floor_usage":[7,12,16,33,33,33],"damage_taken":[{"damage":4,"enemies":"2 Louse","floor":1,"turns":2},{"damage":3,"enemies":"Small Slimes","floor":2,"turns":3},{"damage":0,"enemies":"Cultist","floor":4,"turns":4},{"damage":9,"enemies":"Looter","floor":5,"turns":4},{"damage":18,"enemies":"3 Sentries","floor":7,"turns":6},{"damage":0,"enemies":"Red Slaver","floor":11,"turns":4},{"damage":10,"enemies":"Lagavulin","floor":12,"turns":5},{"damage":10,"enemies":"Large Slime","floor":13,"turns":5},{"damage":18,"enemies":"Hexaghost","floor":16,"turns":9},{"damage":16,"enemies":"Shell Parasite","floor":18,"turns":5},{"damage":8,"enemies":"Chosen","floor":24,"turns":3},{"damage":11,"enemies":"Shelled Parasite and Fungi","floor":25,"turns":4},{"damage":14,"enemies":"Cultist and Chosen","floor":28,"turns":6},{"damage":18,"enemies":"Snecko","floor":29,"turns":4},{"damage":0,"enemies":"Snake Plant","floor":31,"turns":2},{"damage":67,"enemies":"Automaton","floor":33,"turns":7}],"seed_played":"2409124710122394531","potions_obtained":[{"floor":4,"key":"CultistPotion"},{"floor":7,"key":"SteroidPotion"},{"floor":13,"key":"GamblersBrew"},{"floor":16,"key":"Strength Potion"},{"floor":29,"key":"Block Potion"},{"floor":31,"key":"SkillPotion"}],"is_trial":false,"path_per_floor":["M","M","?","M","M","R","E","R","T","?","M","E","M","?","R","B",null,"M","$","?","?","?","R","M","M","T","T","M","M","$","M","R","B"],"character_chosen":"THE_ANIMATOR","items_purchased":["Blood Vial","Gremlin Horn","animator:HallowedScabbard","MerchantsRug","animator:Scar","Medical Kit","Regal Pillow","Molten Egg 2","Toxic Egg 2"],"campfire_rested":2,"item_purchase_floors":[0,0,0,0,0,19,19,19,30],"current_hp_per_floor":[26,25,25,27,21,21,12,32,32,32,34,27,19,19,19,13,54,44,44,44,44,44,44,38,29,29,29,21,5,5,7,42,0,0],"gold":86,"neow_bonus":"","is_daily":false,"chose_seed":false,"campfire_upgraded":3,"win_rate":0.0,"timestamp":1611264947,"path_taken":["M","M","?","M","M","R","E","R","T","?","M","E","?","?","R","BOSS","M","$","?","?","?","R","M","?","T","?","M","M","$","M","R","BOSS"],"items_purchased_type":["Relic","Relic","Relic","Relic","Card","Relic","Relic","Relic","Relic"],"build_version":"2020-12-22","purchased_purges":1,"victory":false,"max_hp_per_floor":[66,66,66,66,67,67,67,67,67,67,67,68,68,68,68,68,68,68,68,68,68,68,68,68,68,68,68,68,68,68,68,68,68,68],"relic_stats":{"Blood Vial":32,"Regal Pillow":15,"Gremlin Horn":[9,9],"counters":[23,102],"Dead Branch":[69],"Juzu Bracelet":0,"Medical Kit":[7],"obtain_stats":[{"Regal Pillow":19,"hubris:CrystalStatue":9,"Gremlin Horn":0,"animator:TheMissingPiece":0,"Juzu Bracelet":27,"Blood Vial":7,"animator:PurgingStone":0,"Strawberry":0,"hubris:CuriousFeather":0,"animator:HallowedScabbard":0,"Toxic Egg 2":30,"Red Skull":26,"Potion Belt":12,"MerchantsRug":0,"hubris:DuctTape":9,"Dead Branch":7,"hubris:MedicalManual":17,"Medical Kit":19,"Akabeko":7,"animator:CerealBox":0,"WarpedTongs":14,"Calling Bell":17,"Strange Spoon":0,"MutagenicStrength":21,"Molten Egg 2":19,"animator:LivingPicture":0,"Membership Card":2,"hubris:Reverence":17},{"Regal Pillow":17,"hubris:CrystalStatue":12,"Gremlin Horn":7,"animator:TheMissingPiece":0,"Juzu Bracelet":19,"Blood Vial":5,"animator:PurgingStone":0,"Strawberry":0,"hubris:CuriousFeather":0,"animator:HallowedScabbard":7,"Toxic Egg 2":21,"Red Skull":19,"Potion Belt":14,"MerchantsRug":0,"hubris:DuctTape":6,"Dead Branch":12,"hubris:MedicalManual":16,"Medical Kit":17,"Akabeko":5,"animator:CerealBox":0,"WarpedTongs":15,"Calling Bell":16,"Strange Spoon":0,"MutagenicStrength":17,"Molten Egg 2":17,"animator:LivingPicture":0,"Membership Card":1,"hubris:Reverence":16},{"Regal Pillow":76,"hubris:CrystalStatue":48,"Gremlin Horn":31,"animator:TheMissingPiece":0,"Juzu Bracelet":83,"Blood Vial":24,"animator:PurgingStone":0,"Strawberry":0,"hubris:CuriousFeather":0,"animator:HallowedScabbard":31,"Toxic Egg 2":93,"Red Skull":83,"Potion Belt":57,"MerchantsRug":0,"hubris:DuctTape":27,"Dead Branch":48,"hubris:MedicalManual":71,"Medical Kit":76,"Akabeko":24,"animator:CerealBox":0,"WarpedTongs":62,"Calling Bell":71,"Strange Spoon":0,"MutagenicStrength":76,"Molten Egg 2":76,"animator:LivingPicture":0,"Membership Card":5,"hubris:Reverence":71}],"WarpedTongs":[38]},"card_choices":[{"not_picked":["animator:Spearman","animator:Kuribayashi","animator:Evileye"],"picked":"SKIP","floor":1},{"not_picked":["animator:Kazuma","animator:OrikoMikuni"],"picked":"animator:Darkness","floor":2},{"not_picked":["animator:Chung","animator:Laby"],"picked":"animator:MaesHughes","floor":4},{"not_picked":["animator:Mitsurugi","animator:Kazuma"],"picked":"animator:Megumin","floor":5},{"not_picked":["animator:Millim","animator:Souei"],"picked":"animator:MaesHughes","floor":7},{"not_picked":["animator:Vanir","animator:YaoHaDucy","animator:OrikoMikuni"],"picked":"SKIP","floor":11},{"not_picked":["animator:Ciel","animator:DwarfShaman"],"picked":"animator:WinryRockbell","floor":12},{"not_picked":["animator:Kazuma","animator:Vanir"],"picked":"animator:YunYun","floor":13},{"not_picked":["animator:PinaCoLada","animator:SwordMaiden"],"picked":"animator:HigakiRinne","floor":16},{"not_picked":["animator:Entoma","animator:ElricEdward","animator:WinryRockbell"],"picked":"SKIP","floor":18},{"not_picked":["animator:Konayuki","animator:Biyorigo","animator:Laby"],"picked":"SKIP","floor":24},{"not_picked":["animator:Ciel","animator:YunYun+1"],"picked":"animator:GuildGirl","floor":25},{"not_picked":["animator:Mitsurugi+1","animator:Wiz"],"picked":"animator:Megumin+1","floor":28},{"not_picked":["animator:Rena","animator:Millim+1","animator:GuildGirl"],"picked":"SKIP","floor":29},{"not_picked":["animator:Ciel+1","animator:YaoHaDucy+1"],"picked":"animator:Sloth+1","floor":31}],"player_experience":352804,"relics_obtained":[{"floor":7,"key":"Dead Branch"},{"floor":9,"key":"hubris:CrystalStatue"},{"floor":12,"key":"Potion Belt"},{"floor":17,"key":"Akabeko"},{"floor":17,"key":"hubris:Reverence"},{"floor":17,"key":"hubris:MedicalManual"},{"floor":26,"key":"Red Skull"},{"floor":27,"key":"Juzu Bracelet"}],"event_choices":[{"damage_healed":0,"gold_gain":56,"player_choice":"Gained Gold","damage_taken":0,"max_hp_gain":0,"max_hp_loss":0,"event_name":"Golden Wing","floor":3,"gold_loss":0},{"cards_removed":["animator:Strike"],"damage_healed":0,"gold_gain":0,"player_choice":"Offered Basic","damage_taken":0,"max_hp_gain":0,"max_hp_loss":0,"event_name":"Bonfire Elementals","floor":10,"gold_loss":0},{"damage_healed":0,"gold_gain":0,"player_choice":"Rummage","damage_taken":0,"relics_obtained":["WarpedTongs"],"max_hp_gain":0,"max_hp_loss":0,"event_name":"Accursed Blacksmith","floor":14,"gold_loss":0,"cards_obtained":["Pain"]},{"damage_healed":0,"gold_gain":0,"player_choice":"Inject Mutagens","damage_taken":0,"relics_obtained":["MutagenicStrength"],"max_hp_gain":0,"max_hp_loss":0,"event_name":"Drug Dealer","floor":21,"gold_loss":0},{"damage_healed":0,"gold_gain":0,"player_choice":"1 cards matched","damage_taken":0,"max_hp_gain":0,"max_hp_loss":0,"event_name":"Match and Keep!","floor":22,"gold_loss":0,"cards_obtained":["hubris:Greed"]}],"is_beta":false,"boss_relics":[{"not_picked":["animator:HolyGrailRelic","Coffee Dripper"],"picked":"Calling Bell"}],"items_purged_floors":[19],"is_endless":false,"potions_floor_spawned":[4,7,13,16,29,31],"killed_by":"Automaton","ascension_level":6}}