{"host":"dlqyscxstsnu98l1","time":1611243707,"event":{"mods":["AchievementEnabler","BaseMod","Bestiary","Colored Map","Colored Powertips","Conspire","GifTheSpireLib","Highlight Path","Minty Spire (QoL Compilation)","Random Character Button","Replay The Spire","SacredBarkPlus","StSLib"],"gold_per_floor":[115,40,40,40,63,99,99,134,158,192,213,226,226,242,242,373,373,387,357,357],"floor_reached":19,"language":"ENG","playtime":1323,"items_purged":["Defend_P"],"score":288,"play_id":"097a868e-175c-4197-8d72-1bb52c7d1e95","local_time":"20210121094147","is_ascension_mode":true,"campfire_choices":[{"data":"WindmillStrike","floor":7,"key":"SMITH"},{"data":"Eruption","floor":13,"key":"SMITH"},{"floor":15,"key":"RECALL"}],"circlet_count":0,"master_deck":["Defend_P","Defend_P","Eruption+1","Vigilance","ForeignInfluence","Steam","EmptyBody","WindmillStrike+1","Consecrate","Devotion"],"relics":["Replay:Drink Me","Golden Idol","Damaru","ReplayFunnel","The Courier","Replay:Grab Bag","Coffee Dripper","Philosopher\u0027s Stone","SlaversCollar"],"acts_visited":["Exordium","TheCity"],"potions_floor_usage":[6],"damage_taken":[{"damage":1,"enemies":"conspire:RoseBush","floor":1,"turns":6},{"damage":0,"enemies":"Jaw Worm","floor":5,"turns":7},{"damage":0,"enemies":"3 Sentries","floor":6,"turns":14},{"damage":0,"enemies":"Gremlin Nob","floor":8,"turns":5},{"damage":0,"enemies":"Lagavulin","floor":10,"turns":6},{"damage":0,"enemies":"Cultist","floor":11,"turns":3},{"damage":0,"enemies":"Blue Slaver","floor":12,"turns":3},{"damage":6,"enemies":"3 Louse","floor":14,"turns":3},{"damage":8,"enemies":"Hexaghost","floor":16,"turns":8},{"damage":2,"enemies":"Chosen","floor":18,"turns":4},{"damage":29,"enemies":"2 Thieves","floor":19,"turns":2}],"seed_played":"6550760690273938219","potions_obtained":[{"floor":1,"key":"Block Potion"},{"floor":8,"key":"GamblersBrew"},{"floor":14,"key":"Languid Potion"}],"is_trial":false,"path_per_floor":["M","$","?","?","M","E","R","E","T","E","M","M","R","M","R_BF","B",null,"M","M"],"character_chosen":"WATCHER","items_purchased":[],"campfire_rested":0,"item_purchase_floors":[],"current_hp_per_floor":[53,53,53,50,50,50,50,50,50,50,50,50,50,44,44,36,50,48,19,19],"gold":357,"neow_bonus":"BOSS_RELIC","is_daily":false,"chose_seed":false,"campfire_upgraded":2,"win_rate":0.0,"timestamp":1611243707,"path_taken":["M","$","?","?","?","E","R","E","T","E","M","M","R","M","R_BF","BOSS","M","M"],"items_purchased_type":[],"build_version":"2020-12-22","purchased_purges":1,"victory":false,"max_hp_per_floor":[54,54,54,50,50,50,50,50,50,50,50,50,50,50,50,50,50,50,50,50],"card_choices":[{"not_picked":["Wallop","Crescendo","Wireheading"],"picked":"SKIP","floor":1},{"not_picked":["FollowUp","Replay:ManipulateFuture"],"picked":"EmptyBody","floor":5},{"not_picked":["Replay:BluntJabs","Replay:Cycle"],"picked":"WindmillStrike","floor":6},{"not_picked":["Conclude","Replay:Hum","Evaluate"],"picked":"SKIP","floor":8},{"not_picked":["ThirdEye","ConjureBlade","DeceiveReality"],"picked":"SKIP","floor":10},{"not_picked":["Replay:BluntJabs","ClearTheMind","CarveReality"],"picked":"SKIP","floor":11},{"not_picked":["BattleHymn","InnerPeace","FlurryOfBlows"],"picked":"SKIP","floor":12},{"not_picked":["Protect","Worship"],"picked":"Consecrate","floor":14},{"not_picked":["Ragnarok","Brilliance"],"picked":"Devotion","floor":16},{"not_picked":["PathToVictory","TalkToTheHand","ClearTheMind"],"picked":"SKIP","floor":18}],"player_experience":93919,"relics_obtained":[{"floor":6,"key":"Damaru"},{"floor":8,"key":"ReplayFunnel"},{"floor":10,"key":"The Courier"}],"event_choices":[{"damage_healed":0,"gold_gain":0,"player_choice":"Lose Max HP","damage_taken":0,"relics_obtained":["Golden Idol"],"max_hp_gain":0,"max_hp_loss":4,"event_name":"Golden Idol","floor":4,"gold_loss":0}],"is_beta":false,"boss_relics":[{"not_picked":["ReplayTheSpireMod:DimensionalGlitch","Painkiller Herb"],"picked":"Replay:Grab Bag"},{"not_picked":["Replay:Bronze Core","conspire:SlowCooker"],"picked":"Coffee Dripper"},{"not_picked":["Ectoplasm","Busted Crown"],"picked":"Philosopher\u0027s Stone"},{"not_picked":["Snecko Eye","Runic Pyramid"],"picked":"SlaversCollar"}],"items_purged_floors":[2],"is_endless":false,"potions_floor_spawned":[1,8,14],"killed_by":"2 Thieves","ascension_level":2}}