{"host":"l9yshwnp37vxhsgm","time":1611266480,"event":{"mods":["BaseMod","Block Reminder","Colored Map","Colored Powertips","DeckTracker","Highlight Path","Minty Spire (QoL Compilation)","Quick Restart","Relic Stats","StSLib","The Cursed"],"gold_per_floor":[111,124,124,124,137,137,62,56,56,75,91,41,54,54,54,177,240,253,274,189,189,189,189,209,209,209,209,232,232,52,72,72,197,197,210,210,163,226,242,242,242,265,265,288,302,302,302,302,302],"floor_reached":48,"language":"ITA","playtime":2851,"items_purged":[],"score":479,"play_id":"8d8560a1-25e2-4d05-832d-e7b125e096e9","local_time":"20210121230120","is_ascension_mode":false,"campfire_choices":[{"data":"TheCursedMod:Stigma","floor":6,"key":"SMITH"},{"data":"TheCursedMod:VitalStrike","floor":15,"key":"SMITH"},{"floor":23,"key":"REST"},{"data":"TheCursedMod:CircleOfFlame","floor":25,"key":"SMITH"},{"floor":32,"key":"REST"},{"floor":41,"key":"REST"}],"circlet_count":0,"master_deck":["TheCursedMod:Strike_TheCursed+1","TheCursedMod:Strike_TheCursed+1","TheCursedMod:Strike_TheCursed+1","TheCursedMod:Strike_TheCursed+1","TheCursedMod:Defend_TheCursed+1","TheCursedMod:Defend_TheCursed+1","TheCursedMod:Defend_TheCursed+1","TheCursedMod:Defend_TheCursed+1","TheCursedMod:CursedWand","TheCursedMod:CleanUpWorkshop+1","TheCursedMod:Dregs","TheCursedMod:SpitefulPray","TheCursedMod:Stigma+1","Injury","TheCursedMod:Torture","TheCursedMod:Stigma","TheCursedMod:SurpriseAttack","TheCursedMod:VitalStrike+1","TheCursedMod:WearCloak+1","TheCursedMod:CircleOfFlame+1","TheCursedMod:RapidMovement","TheCursedMod:CursedShiv+1","TheCursedMod:Stigma","TheCursedMod:Obscuration+1","TheCursedMod:TacticalStrike+1","TheCursedMod:SmokeScreen","TheCursedMod:CursedBoomerang+1","TheCursedMod:TacticalStrike","TheCursedMod:FleshFromBone+1","TheCursedMod:TacticalStrike+1","TheCursedMod:ReleasedStrength","Deep Breath"],"relics":["TheCursedMod:BlackMagic101","NeowsBlessing","Golden Idol","Matryoshka","Mummified Hand","Question Card","Tiny House","TheCursedMod:DemonicMark","Centennial Puzzle","Bottled Flame","MealTicket","SlaversCollar","TungstenRod","Bird Faced Urn"],"acts_visited":["Exordium","TheCity","TheBeyond"],"potions_floor_usage":[28,33,33,38,40,48],"damage_taken":[{"damage":0,"enemies":"Small Slimes","floor":1,"turns":1},{"damage":0,"enemies":"2 Louse","floor":2,"turns":1},{"damage":0,"enemies":"Cultist","floor":5,"turns":1},{"damage":7,"enemies":"Exordium Thugs","floor":8,"turns":4},{"damage":8,"enemies":"3 Louse","floor":10,"turns":4},{"damage":13,"enemies":"2 Fungi Beasts","floor":11,"turns":4},{"damage":2,"enemies":"Large Slime","floor":13,"turns":7},{"damage":36,"enemies":"The Guardian","floor":16,"turns":8},{"damage":39,"enemies":"Spheric Guardian","floor":18,"turns":6},{"damage":5,"enemies":"Shell Parasite","floor":19,"turns":5},{"damage":8,"enemies":"Centurion and Healer","floor":24,"turns":5},{"damage":15,"enemies":"Snecko","floor":28,"turns":4},{"damage":1,"enemies":"Snake Plant","floor":31,"turns":3},{"damage":56,"enemies":"Collector","floor":33,"turns":13},{"damage":6,"enemies":"Orb Walker","floor":35,"turns":3},{"damage":12,"enemies":"Mind Bloom Boss Battle","floor":38,"turns":7},{"damage":38,"enemies":"3 Darklings","floor":39,"turns":6},{"damage":0,"enemies":"Nemesis","floor":40,"turns":1},{"damage":39,"enemies":"4 Shapes","floor":42,"turns":12},{"damage":14,"enemies":"Jaw Worm Horde","floor":44,"turns":6},{"damage":22,"enemies":"3 Darklings","floor":45,"turns":6},{"damage":15,"enemies":"Transient","floor":48,"turns":3}],"seed_played":"-5161560888538616277","potions_obtained":[{"floor":5,"key":"FairyPotion"},{"floor":8,"key":"BlessingOfTheForge"},{"floor":10,"key":"CultistPotion"},{"floor":19,"key":"DuplicationPotion"},{"floor":31,"key":"Dexterity Potion"},{"floor":33,"key":"BlessingOfTheForge"},{"floor":35,"key":"SmokeBomb"},{"floor":45,"key":"Explosive Potion"}],"is_trial":false,"path_per_floor":["M","M","?","?","M","R","?","M","T","M","M","$","M","?","R","B",null,"M","M","?","?","?","R","M","R","T","?","M","?","$","M","R","B",null,"M","?","$","?","M","E","R","M","T","M","M","?","?","M"],"character_chosen":"THE_CURSED","items_purchased":["TheCursedMod:SurpriseAttack","MealTicket","TheCursedMod:Stigma","TheCursedMod:SmokeScreen"],"campfire_rested":3,"item_purchase_floors":[12,30,30,37],"current_hp_per_floor":[75,75,75,75,75,75,75,68,68,60,47,47,45,70,70,34,80,41,36,36,36,62,80,72,72,72,72,57,57,57,56,80,24,80,74,74,80,68,30,30,54,15,15,1,7,7,7,0,0],"gold":302,"neow_bonus":"THREE_ENEMY_KILL","is_daily":false,"chose_seed":false,"campfire_upgraded":3,"win_rate":0.0,"timestamp":1611266480,"path_taken":["M","M","?","?","M","R","?","M","T","?","M","?","M","?","R","BOSS","M","M","?","?","?","R","M","R","T","?","M","?","$","?","R","BOSS","M","?","$","?","M","E","R","M","T","M","?","?","?","M"],"items_purchased_type":["Card","Relic","Card","Card"],"build_version":"2020-12-22","purchased_purges":0,"victory":false,"max_hp_per_floor":[75,75,75,75,75,75,75,75,75,75,75,75,75,75,75,75,80,80,80,80,80,80,80,80,80,80,80,80,80,80,80,80,80,80,80,80,80,80,80,80,80,80,80,80,80,80,80,80,80],"relic_stats":{"Centennial Puzzle":[27],"counters":[22,110],"Golden Idol":140,"Mummified Hand":[0],"Bird Faced Urn":[0],"MealTicket":6,"Question Card":18,"obtain_stats":[{"TheCursedMod:BlackMagic101":0,"Tiny House":17,"NeowsBlessing":0,"Golden Idol":3,"Question Card":9,"TheCursedMod:DemonicMark":20,"SlaversCollar":34,"Centennial Puzzle":26,"Bottled Flame":26,"Matryoshka":7,"Mummified Hand":9,"Bird Faced Urn":43,"MealTicket":30,"TungstenRod":38},{"TheCursedMod:BlackMagic101":0,"Tiny House":8,"NeowsBlessing":0,"Golden Idol":2,"Question Card":4,"TheCursedMod:DemonicMark":10,"SlaversCollar":14,"Centennial Puzzle":11,"Bottled Flame":11,"Matryoshka":3,"Mummified Hand":4,"Bird Faced Urn":19,"MealTicket":12,"TungstenRod":16},{"TheCursedMod:BlackMagic101":0,"Tiny House":30,"NeowsBlessing":0,"Golden Idol":2,"Question Card":7,"TheCursedMod:DemonicMark":41,"SlaversCollar":66,"Centennial Puzzle":46,"Bottled Flame":46,"Matryoshka":3,"Mummified Hand":7,"Bird Faced Urn":95,"MealTicket":50,"TungstenRod":76}],"TungstenRod":22},"card_choices":[{"not_picked":["TheCursedMod:CircleOfCorruption","TheCursedMod:SpreadPlague"],"picked":"TheCursedMod:SpitefulPray","floor":1},{"not_picked":["TheCursedMod:RavingStaff","TheCursedMod:VitalStrike"],"picked":"TheCursedMod:Stigma","floor":2},{"not_picked":["TheCursedMod:ReleasedKnowledge","TheCursedMod:Wield","TheCursedMod:Evocation"],"picked":"SKIP","floor":5},{"not_picked":["TheCursedMod:Neurasthenia","TheCursedMod:RavingStaff"],"picked":"TheCursedMod:Torture","floor":8},{"not_picked":["TheCursedMod:SaltUponWound","TheCursedMod:Grudge","TheCursedMod:CircleOfFlame","TheCursedMod:RavingStaff"],"picked":"SKIP","floor":10},{"not_picked":["TheCursedMod:Torture","TheCursedMod:CursedAmulet","TheCursedMod:ParallelWorld"],"picked":"TheCursedMod:Stigma","floor":11},{"not_picked":["TheCursedMod:CursedShiv","TheCursedMod:Obscuration","TheCursedMod:Torture"],"picked":"TheCursedMod:VitalStrike","floor":13},{"not_picked":["TheCursedMod:Wield","TheCursedMod:StingEye","TheCursedMod:SpitefulStrike"],"picked":"TheCursedMod:Mangle","floor":17},{"not_picked":["TheCursedMod:Torture","TheCursedMod:CircleOfAmplification","TheCursedMod:CursedRelics"],"picked":"TheCursedMod:WearCloak+1","floor":18},{"not_picked":["TheCursedMod:Wield","TheCursedMod:CursedAmulet","TheCursedMod:RavingStaff+1"],"picked":"TheCursedMod:CircleOfFlame","floor":19},{"not_picked":["TheCursedMod:RavingStaff+1","TheCursedMod:CircleOfCorruption","TheCursedMod:SurpriseAttack"],"picked":"TheCursedMod:RapidMovement","floor":24},{"not_picked":["TheCursedMod:Mangle","TheCursedMod:Wield","TheCursedMod:RavingStaff+1"],"picked":"TheCursedMod:CursedShiv+1","floor":28},{"not_picked":["TheCursedMod:CircleOfCorruption","TheCursedMod:RavingStaff","TheCursedMod:CursedBlade"],"picked":"TheCursedMod:Obscuration+1","floor":31},{"not_picked":["TheCursedMod:RapidMovement+1","TheCursedMod:HellfireBreathing","TheCursedMod:AbyssShockwave+1"],"picked":"TheCursedMod:TacticalStrike+1","floor":35},{"not_picked":["TheCursedMod:SaltUponWound","TheCursedMod:ManaBullet","TheCursedMod:SpreadPlague+1"],"picked":"TheCursedMod:CursedBoomerang+1","floor":38},{"not_picked":["TheCursedMod:BloodBarrier+1","TheCursedMod:Wield","TheCursedMod:CircleOfFlame+1"],"picked":"TheCursedMod:TacticalStrike","floor":39},{"not_picked":["TheCursedMod:TacticalStrike+1","TheCursedMod:Obscuration","TheCursedMod:WearCloak"],"picked":"TheCursedMod:FleshFromBone+1","floor":42},{"not_picked":["TheCursedMod:HellsGateOpen+1","TheCursedMod:RavingStaff+1","TheCursedMod:VitalStrike"],"picked":"TheCursedMod:TacticalStrike+1","floor":44},{"not_picked":["TheCursedMod:CursedArmor+1","TheCursedMod:WearCloak+1","TheCursedMod:CircleOfCorruption+1"],"picked":"TheCursedMod:ReleasedStrength","floor":45},{"not_picked":["Violence","Transmutation","Panacea"],"picked":"Deep Breath","floor":46}],"player_experience":123663,"relics_obtained":[{"floor":9,"key":"Mummified Hand"},{"floor":9,"key":"Question Card"},{"floor":26,"key":"Centennial Puzzle"},{"floor":26,"key":"Bottled Flame"},{"floor":38,"key":"TungstenRod"},{"floor":43,"key":"Bird Faced Urn"}],"event_choices":[{"damage_healed":0,"gold_gain":0,"player_choice":"Take Wound","damage_taken":0,"relics_obtained":["Golden Idol"],"max_hp_gain":0,"max_hp_loss":0,"event_name":"Golden Idol","floor":3,"gold_loss":0,"cards_obtained":["Injury"]},{"damage_healed":0,"gold_gain":0,"player_choice":"Ignored","damage_taken":0,"max_hp_gain":0,"max_hp_loss":0,"event_name":"Golden Wing","floor":4,"gold_loss":0},{"damage_healed":0,"gold_gain":0,"player_choice":"Paid Gold","damage_taken":0,"relics_obtained":["Matryoshka"],"max_hp_gain":0,"max_hp_loss":0,"event_name":"WeMeetAgain","floor":7,"gold_loss":75},{"damage_healed":25,"gold_gain":0,"player_choice":"Banana","damage_taken":0,"max_hp_gain":0,"max_hp_loss":0,"event_name":"Big Fish","floor":14,"gold_loss":0},{"damage_healed":0,"gold_gain":0,"player_choice":"Obtained Relic","damage_taken":0,"relics_obtained":["TheCursedMod:DemonicMark"],"max_hp_gain":0,"max_hp_loss":0,"event_name":"Addict","floor":20,"gold_loss":85},{"damage_healed":0,"gold_gain":0,"player_choice":"Simplicity","damage_taken":0,"max_hp_gain":0,"max_hp_loss":0,"event_name":"Back to Basics","floor":21,"gold_loss":0,"cards_upgraded":["TheCursedMod:Strike_TheCursed","TheCursedMod:Strike_TheCursed","TheCursedMod:Strike_TheCursed","TheCursedMod:Strike_TheCursed","TheCursedMod:Defend_TheCursed","TheCursedMod:Defend_TheCursed","TheCursedMod:Defend_TheCursed"]},{"damage_healed":26,"gold_gain":0,"player_choice":"Heal","damage_taken":0,"max_hp_gain":0,"max_hp_loss":0,"event_name":"The Library","floor":22,"gold_loss":0},{"damage_healed":0,"gold_gain":0,"player_choice":"Ignored","damage_taken":0,"max_hp_gain":0,"max_hp_loss":0,"event_name":"Ghosts","floor":27,"gold_loss":0},{"damage_healed":0,"gold_gain":0,"player_choice":"Upgraded","damage_taken":0,"max_hp_gain":0,"max_hp_loss":0,"event_name":"Upgrade Shrine","floor":29,"gold_loss":0,"cards_upgraded":["TheCursedMod:CleanUpWorkshop"]},{"cards_removed":["TheCursedMod:Mangle"],"damage_healed":0,"gold_gain":0,"player_choice":"Removed Attack","damage_taken":0,"max_hp_gain":0,"max_hp_loss":0,"event_name":"Falling","floor":36,"gold_loss":0},{"damage_healed":0,"gold_gain":0,"player_choice":"Fight","damage_taken":0,"max_hp_gain":0,"max_hp_loss":0,"event_name":"MindBloom","floor":38,"gold_loss":0},{"damage_healed":0,"gold_gain":0,"player_choice":"Memory 1","damage_taken":0,"max_hp_gain":0,"max_hp_loss":0,"event_name":"SensoryStone","floor":46,"gold_loss":0},{"damage_healed":0,"gold_gain":0,"player_choice":"Ignored","damage_taken":0,"max_hp_gain":0,"max_hp_loss":0,"event_name":"Fountain of Cleansing","floor":47,"gold_loss":0}],"is_beta":false,"boss_relics":[{"not_picked":["Runic Dome","Snecko Eye"],"picked":"Tiny House"},{"not_picked":["Sozu","Pandora\u0027s Box"],"picked":"SlaversCollar"}],"items_purged_floors":[],"is_endless":false,"potions_floor_spawned":[5,8,10,16,19,31,33,35,40,45],"killed_by":"Transient","ascension_level":0}}