{"host":"gqhy17d1xpb1p3ki","time":1611211903,"event":{"mods":["2.2 Compatiblity","AchievementEnabler","BaseMod","Bestiary","Colored Map","Colored Powertips","Curses Come First","Downfall","Duelist Mod","Hermit","Marisa????????","Minty Spire (QoL Compilation)","Rare Cards Sparkle","Shop Mod","StSLib","The Animator","The Bug Knight","The Cursed","The Disciple","The Hierophant","The Necromancer","The Runesmith","The Servant 0.9.4","Yuri Mod"],"gold_per_floor":[125,135,235,247,55,55,55,71,71,32,65,75,101,130,147,147,147],"floor_reached":16,"language":"ENG","playtime":1518,"items_purged":["theDuelist:CurseAging"],"score":160,"play_id":"7471802b-c655-42f7-ba11-f706e313324e","local_time":"20210121015143","is_ascension_mode":false,"campfire_choices":[{"data":"theDuelist:LesserDragon","floor":1,"key":"SMITH"},{"data":"theDuelist:Terraforming","floor":6,"key":"SMITH"},{"data":"theDuelist:BeserkDragon","floor":9,"key":"SMITH"}],"circlet_count":0,"master_deck":["theDuelist:BabyDragon","theDuelist:CastleWalls","theDuelist:CastleWalls","theDuelist:CaveDragon","theDuelist:CaveDragon","theDuelist:LesserDragon","theDuelist:LesserDragon+1","theDuelist:Sparks","theDuelist:Sparks","theDuelist:YamataDragon","theDuelist:BeserkDragon+1","theDuelist:Hinotama","theDuelist:Terraforming+1","theDuelist:TwinBarrelDragon","theDuelist:WhiteNightDragon","theDuelist:TwinBarrelDragon","theDuelist:CyberDragonCore","theDuelist:TwinBarrelDragon","theDuelist:BerserkScales","theDuelist:SmashingGround","theDuelist:DarkfireDragon","theDuelist:SilverWing","theDuelist:ForbiddenLance"],"relics":["theDuelist:MillenniumPuzzle","theDuelist:CardPoolRelic","theDuelist:CardPoolBasicRelic","theDuelist:BoosterPackPoolRelic","theDuelist:CardPoolAddRelic","theDuelist:CardPoolMinusRelic","theDuelist:CardPoolSaveRelic","theDuelist:CardPoolOptionsRelic","theDuelist:MillenniumCoin","theDuelist:GiftAnubis","Incense Burner","Runesmith:Nanobots","Odd Mushroom"],"acts_visited":["Exordium"],"potions_floor_usage":[15,16],"damage_taken":[{"damage":0,"enemies":"2 Louse","floor":2,"turns":2},{"damage":1,"enemies":"Cultist","floor":4,"turns":2},{"damage":2,"enemies":"downfall:FleeingMerchant","floor":5,"turns":4},{"damage":4,"enemies":"Small Slimes","floor":8,"turns":2},{"damage":5,"enemies":"downfall:FleeingMerchant","floor":10,"turns":4},{"damage":0,"enemies":"Gremlin Nob","floor":11,"turns":2},{"damage":12,"enemies":"3 Louse","floor":12,"turns":2},{"damage":22,"enemies":"3 Sentries","floor":13,"turns":4},{"damage":14,"enemies":"The Mushroom Lair","floor":14,"turns":3},{"damage":3,"enemies":"Exordium Thugs","floor":15,"turns":2},{"damage":40,"enemies":"DF_ARCHETYPE_STREAMLINE","floor":16,"turns":6}],"seed_played":"-8204424593142403755","potions_obtained":[{"floor":2,"key":"theDuelist:TokenPotion"},{"floor":8,"key":"theDuelist:IcePotion"},{"floor":11,"key":"theDuelist:LavaBottle"},{"floor":13,"key":"theDuelist:DestructPotionPot"},{"floor":15,"key":"theDuelist:TributeBottle"}],"is_trial":false,"path_per_floor":["R","M","?","M","$","R","T","M","R","$","E","M","E","?","M","B"],"character_chosen":"THE_DUELIST","items_purchased":["theDuelist:TwinBarrelDragon","theDuelist:WhiteNightDragon","theDuelist:TwinBarrelDragon"],"campfire_rested":0,"item_purchase_floors":[5,5,10],"current_hp_per_floor":[88,88,88,87,85,85,85,81,81,76,76,64,42,28,29,0,0],"gold":147,"neow_bonus":"TEN_PERCENT_HP_BONUS","is_daily":false,"chose_seed":false,"campfire_upgraded":3,"win_rate":0.0,"timestamp":1611211903,"path_taken":["R","M","?","M","$","R","T","M","R","?","E","M","E","?","M","BOSS"],"items_purchased_type":["Card","Card","Card"],"build_version":"2020-12-22","purchased_purges":1,"victory":false,"max_hp_per_floor":[88,88,88,88,88,88,88,88,88,88,88,88,88,88,88,98,98],"card_choices":[{"not_picked":["theDuelist:LesserDragon","theDuelist:Beatraptor","theDuelist:BlueEyesUltimate","theDuelist:AncientGearGadjiltron"],"picked":"theDuelist:BeserkDragon","floor":2},{"not_picked":["theDuelist:BattleguardKing","theDuelist:LightningDarts","theDuelist:RainbowOverdragon","theDuelist:BigFire"],"picked":"theDuelist:Hinotama","floor":4},{"not_picked":["theDuelist:RainbowOverdragon","theDuelist:DarkCreator","theDuelist:BigEye","theDuelist:HaneHane"],"picked":"theDuelist:Terraforming","floor":5},{"not_picked":["theDuelist:StarlightRoad","theDuelist:TwinHeadedFire","theDuelist:Earthquake","theDuelist:CyberDragonDrei"],"picked":"theDuelist:TwinBarrelDragon","floor":8},{"not_picked":["theDuelist:ViceDragon","theDuelist:SafeZone","theDuelist:Freezadon","theDuelist:SnowdustDragon"],"picked":"theDuelist:CyberDragonCore","floor":10},{"not_picked":["theDuelist:VoidOgreDragon","theDuelist:Scapegoat","theDuelist:FiveHeaded","theDuelist:BlueDuston"],"picked":"theDuelist:BerserkScales","floor":11},{"not_picked":["theDuelist:BattleguardKing","theDuelist:BigFire","theDuelist:Hinotama","theDuelist:RainbowOverdragon"],"picked":"theDuelist:SmashingGround","floor":12},{"not_picked":["theDuelist:Kabazauls","theDuelist:Hydrogeddon","theDuelist:DragonPiper","theDuelist:AquaDolphin"],"picked":"theDuelist:DarkfireDragon","floor":13},{"not_picked":["theDuelist:StampingDestruction","theDuelist:Earthquake","theDuelist:EvolutionBurst","theDuelist:AncientRules"],"picked":"theDuelist:SilverWing","floor":14},{"not_picked":["theDuelist:BigFire","theDuelist:Hinotama","theDuelist:LightningDarts","theDuelist:SmashingGround"],"picked":"theDuelist:ForbiddenLance","floor":15}],"player_experience":416717,"relics_obtained":[{"floor":7,"key":"theDuelist:GiftAnubis"},{"floor":11,"key":"Incense Burner"},{"floor":13,"key":"Runesmith:Nanobots"},{"floor":14,"key":"Odd Mushroom"}],"event_choices":[{"damage_healed":0,"gold_gain":0,"player_choice":"Took item - Received: Millennium Coin","duelist":true,"damage_taken":0,"max_hp_gain":0,"max_hp_loss":0,"event_name":"Millennium Items","floor":3,"gold_loss":0},{"damage_healed":0,"gold_gain":0,"player_choice":"Fought Mushrooms","damage_taken":0,"max_hp_gain":0,"max_hp_loss":0,"event_name":"Mushrooms","floor":14,"gold_loss":0}],"is_beta":false,"boss_relics":[],"items_purged_floors":[5],"is_endless":false,"potions_floor_spawned":[2,8,11,13,14,15],"killed_by":"DF_ARCHETYPE_STREAMLINE","ascension_level":0}}