{"host":"sn3z3ri9wzge00zg","time":1611254707,"event":{"mods":["Aspiration","BaseMod","Better Altar","Better Match","Better Sensory Stone","Better Skull","BetterRewards","Colored Map","Colored Powertips","Conspire","Hubris","Infinite Spire","Minty Spire (QoL Compilation)","Rare Cards Sparkle","Replay The Spire","Shop Mod","StSLib","SuperFastMode","The Animator","The Construct","The Runesmith"],"gold_per_floor":[112,127,146,166,966,991,1007,1007,1033,1044,510,510,607,619,619,719,719,733,748,762,780,780,812,912,968,968,1002,1012,1012,1028,1054,1054,1151,1151,1161,1176,1190,1203,1217,1233,1247,1247,1247,1247,854,854,854,871,871,871],"floor_reached":51,"language":"RUS","playtime":2045,"items_purged":["Strike_G","Envenom","Defend_G"],"score":1042,"play_id":"55038a02-5942-4dbc-82ad-34a929eb7043","local_time":"20210121224507","is_ascension_mode":false,"campfire_choices":[{"data":"Blade Dance","floor":8,"key":"SMITH"},{"data":"Apotheosis","floor":15,"key":"SMITH"},{"data":"Tactician","floor":29,"key":"SMITH"},{"data":"ReplayTheSpireMod:Scrap Shanks","floor":32,"key":"SMITH"},{"data":"A Thousand Cuts","floor":42,"key":"SMITH"},{"data":"Panache","floor":46,"key":"SMITH"},{"data":"ReplayTheSpireMod:The Works","floor":49,"key":"SMITH"}],"circlet_count":0,"master_deck":["Strike_G","Defend_G+1","Defend_G","Survivor","Neutralize","Blade Dance+1","Endless Agony","Calculated Gamble","ReplayTheSpireMod:Shiv Toss","Prepared","Underhanded Strike","Choke","Apotheosis+1","Warcry","Backstab","Hidden Blade","Infinite Blades","Slice","hubris:EnhanceAbility","Panache+1","ReplayTheSpireMod:Scrap Shanks+1","Escape Plan+1","Escape Plan","Tactician+1","Footwork","Hidden Blade","Eviscerate","A Thousand Cuts+1","Terror+1","Tactician+1","Tactician+1","Acrobatics+1","Flying Knee+1","Acrobatics+1","Underhanded Strike","ReplayTheSpireMod:The Works+1","Well Laid Plans"],"relics":["Ring of the Snake","Kintsugi","Honey Jar","Centennial Puzzle","Bag of Marbles","Onion Ring","ReplayTheSpireMod:TigerMarble","Cauldron","aspiration:Nostalgia","Iron Core","Dream Catcher","Runesmith:AutoHammer","Sozu","infinitespire:CursedDice","Paper Crane","Replay:Lucky Slots","War Paint","Pantograph","infinitespire:WardingShard","infinitespire:FocusingShard","HoveringKite","Toy Ornithopter","Membership Card","infinitespire:PuzzleCube","conspire:TopHat","hubris:Icosahedron"],"acts_visited":["Exordium","TheCity","TheBeyond"],"potions_floor_usage":[],"damage_taken":[{"damage":0.0,"enemies":"2 Louse","floor":1.0,"turns":3.0},{"damage":0,"enemies":"Cultist","floor":2,"turns":2},{"damage":0,"enemies":"Small Slimes","floor":3,"turns":2},{"damage":4,"enemies":"Gremlin Gang","floor":4,"turns":3},{"damage":1,"enemies":"3 Sentries","floor":6,"turns":5},{"damage":0,"enemies":"Large Slime","floor":7,"turns":2},{"damage":0,"enemies":"2 Fungi Beasts","floor":10,"turns":2},{"damage":0,"enemies":"Gremlin Gang","floor":14,"turns":1},{"damage":2,"enemies":"Hexaghost","floor":16,"turns":3},{"damage":0,"enemies":"Shell Parasite","floor":18,"turns":1},{"damage":0,"enemies":"Spheric Guardian","floor":19,"turns":1},{"damage":0,"enemies":"Snake Plant","floor":20,"turns":1},{"damage":0,"enemies":"Chosen and Byrds","floor":21,"turns":2},{"damage":0,"enemies":"Gremlin Leader","floor":23,"turns":1},{"damage":0,"enemies":"conspire:SneckoGhost","floor":27,"turns":2},{"damage":0,"enemies":"Sentry and Sphere","floor":28,"turns":1},{"damage":0,"enemies":"Centurion and Healer","floor":30,"turns":1},{"damage":0,"enemies":"Book of Stabbing","floor":31,"turns":1},{"damage":0,"enemies":"Collector","floor":33,"turns":3},{"damage":0,"enemies":"3 Darklings","floor":35,"turns":1},{"damage":3,"enemies":"Orb Walker","floor":36,"turns":2},{"damage":0,"enemies":"Sphere and 2 Shapes","floor":37,"turns":1},{"damage":0,"enemies":"Spire Growth","floor":38,"turns":1},{"damage":10,"enemies":"3 Darklings","floor":39,"turns":2},{"damage":0,"enemies":"Jaw Worm Horde","floor":40,"turns":1},{"damage":3,"enemies":"Sphere and 2 Shapes","floor":41,"turns":1},{"damage":0,"enemies":"Maw","floor":48,"turns":3},{"damage":9,"enemies":"hubris:GrandSnecko","floor":50,"turns":2}],"seed_played":"-234163860053963608","potions_obtained":[{"floor":3,"key":"AttackPotion"},{"floor":4,"key":"Dexterity Potion"},{"floor":7,"key":"construct:ShiftPotion"},{"floor":10,"key":"Strength Potion"},{"floor":11,"key":"Venom Potion"},{"floor":11,"key":"SteroidPotion"},{"floor":11,"key":"DistilledChaos"},{"floor":11,"key":"Swift Potion"},{"floor":11,"key":"Death Potion"},{"floor":12,"key":"CunningPotion"},{"floor":12,"key":"SpeedPotion"},{"floor":12,"key":"BlessingOfTheForge"}],"is_trial":false,"path_per_floor":["M","M","M","M","?","E","M","R","T","M","$","?","$","M","R","B",null,"M","M","M","M","?","E","?","$","T","E","M","R","M","E","R","B",null,"M","M","M","M","M","M","M","R","T","?","$","R","?","M","R","B",null],"character_chosen":"THE_SILENT","items_purchased":["Onion Ring","ReplayTheSpireMod:TigerMarble","Cauldron","aspiration:Nostalgia","Dream Catcher","Apotheosis","Runesmith:AutoHammer","Escape Plan","Paper Crane","Replay:Lucky Slots","War Paint","Membership Card","infinitespire:PuzzleCube","conspire:TopHat","ReplayTheSpireMod:The Works"],"campfire_rested":0,"item_purchase_floors":[11,11,11,13,13,13,13,25,25,25,25,45,45,45,45],"current_hp_per_floor":[70,70,70,66,66,65,65,65,65,65,65,65,65,65,65,63,67,68,68,68,68,68,68,68,68,68,68,68,68,68,68,68,68,68,68,65,65,65,55,55,52,52,52,52,52,52,52,52,52,59],"gold":871,"neow_bonus":"DOUBLE_BOSS_RELIC","is_daily":false,"chose_seed":false,"campfire_upgraded":7,"win_rate":0.0,"timestamp":1611254707,"path_taken":["M","M","M","M","?","E","M","R","T","?","$","?","$","M","R","BOSS","M","M","?","M","?","E","?","$","T","E","M","R","M","E","R","BOSS","M","M","M","?","M","M","M","R","T","?","$","R","?","M","R","BOSS"],"items_purchased_type":["Relic","Relic","Relic","Relic","Relic","Card","Relic","Card","Relic","Relic","Relic","Relic","Relic","Relic","Card"],"build_version":"2020-12-22","purchased_purges":3,"victory":true,"max_hp_per_floor":[70,70,70,70,67,67,67,67,67,67,67,67,67,67,67,67,67,68,68,68,68,68,68,68,68,68,68,68,68,68,68,68,68,68,68,68,68,68,68,68,68,68,68,68,68,68,68,68,68,68],"card_choices":[{"not_picked":["Outmaneuver","Dodge and Roll","Slice"],"picked":"Blade Dance","floor":1},{"not_picked":["Sucker Punch","Doppelganger","hubris:TrickCloak"],"picked":"Endless Agony","floor":2},{"not_picked":["Well Laid Plans","Slice","Terror"],"picked":"Calculated Gamble","floor":3},{"not_picked":["Deadly Poison","Dagger Spray","Fluid Movement"],"picked":"ReplayTheSpireMod:Shiv Toss","floor":4},{"not_picked":["Expertise","Skewer","Die Die Die"],"picked":"Prepared","floor":6},{"not_picked":["Prepared","Deadly Poison","hubris:TrickCloak"],"picked":"Underhanded Strike","floor":7},{"not_picked":["Dagger Spray","Sucker Punch","Prepared"],"picked":"Choke","floor":10},{"not_picked":["Dagger Throw","Firewall","Dual Wield"],"picked":"Warcry","floor":14},{"not_picked":["Phantasmal Killer","Reaper","Atom Bomb"],"picked":"Envenom","floor":16},{"not_picked":["Backflip","Eviscerate","Poisoned Stab"],"picked":"Backstab","floor":18},{"not_picked":["Slice+1","Dagger Throw","Catalyst+1"],"picked":"Hidden Blade","floor":19},{"not_picked":["Predator","Hidden Blade","Deflect+1"],"picked":"Infinite Blades","floor":20},{"not_picked":["Sucker Punch+1","Prepared+1","Dodge and Roll"],"picked":"Slice","floor":21},{"not_picked":["Panacea","Forethought","Replay:BasicMightCard"],"picked":"hubris:EnhanceAbility","floor":22},{"not_picked":["Replay:BasicMightCard","Transmutation","Bandage Up"],"picked":"Panache","floor":22},{"not_picked":["Fluid Movement","Quick Slash","ReplayTheSpireMod:Necrosis"],"picked":"ReplayTheSpireMod:Scrap Shanks","floor":23},{"not_picked":["hubris:SlightOfHand","ReplayTheSpireMod:Exploit Weakness","Sucker Punch"],"picked":"Tactician","floor":27},{"not_picked":["Deflect+1","PiercingWail","Dagger Spray"],"picked":"Footwork","floor":28},{"not_picked":["Bane","Sucker Punch","Acrobatics+1"],"picked":"Hidden Blade","floor":30},{"not_picked":["Dash","Deadly Poison","Choke"],"picked":"Eviscerate","floor":31},{"not_picked":["Tools of the Trade","Die Die Die","Envenom"],"picked":"A Thousand Cuts","floor":33},{"not_picked":["Poisoned Stab+1","Outmaneuver+1","Bane"],"picked":"Terror+1","floor":35},{"not_picked":["Dagger Spray","Sucker Punch","Predator"],"picked":"Tactician+1","floor":36},{"not_picked":["Endless Agony","Deflect+1","Terror+1"],"picked":"Tactician+1","floor":37},{"not_picked":["conspire:PoisonWeapons+1","Masterful Stab","Backstab"],"picked":"Acrobatics+1","floor":38},{"not_picked":["Night Terror","Quick Slash+1","Bane"],"picked":"Flying Knee+1","floor":39},{"not_picked":["Calculated Gamble","Flying Knee","PiercingWail+1"],"picked":"Acrobatics+1","floor":40},{"not_picked":["Sucker Punch","Quick Slash","Bouncing Flask"],"picked":"Underhanded Strike","floor":41},{"not_picked":["Quick Slash","Choke+1","Poisoned Stab+1"],"picked":"Well Laid Plans","floor":48}],"player_experience":26813,"relics_obtained":[{"floor":6,"key":"Centennial Puzzle"},{"floor":9,"key":"Bag of Marbles"},{"floor":23,"key":"infinitespire:CursedDice"},{"floor":26,"key":"Pantograph"},{"floor":27,"key":"infinitespire:WardingShard"},{"floor":31,"key":"infinitespire:FocusingShard"},{"floor":43,"key":"Toy Ornithopter"}],"event_choices":[{"cards_removed":["Writhe","Parasite"],"damage_healed":0,"gold_gain":0,"player_choice":"Removed Curses","damage_taken":0,"max_hp_gain":0,"max_hp_loss":0,"event_name":"Fountain of Cleansing","floor":5,"gold_loss":0},{"damage_healed":0,"gold_gain":0,"player_choice":"Got Potions","damage_taken":0,"max_hp_gain":0,"max_hp_loss":0,"event_name":"Lab","floor":12,"gold_loss":0},{"damage_healed":0,"gold_gain":2,"player_choice":"1","damage_taken":0,"max_hp_gain":0,"max_hp_loss":0,"event_name":"betterStone:BetterStone","floor":22,"gold_loss":0},{"damage_healed":0,"gold_gain":100,"player_choice":"Pray","damage_taken":0,"max_hp_gain":0,"max_hp_loss":0,"event_name":"Golden Shrine","floor":24,"gold_loss":0},{"damage_healed":0,"gold_gain":0,"player_choice":"Leave","damage_taken":0,"max_hp_gain":0,"max_hp_loss":0,"event_name":"conspire:Investor","floor":44,"gold_loss":0}],"is_beta":false,"boss_relics":[{"not_picked":["Fusion Hammer","aspiration:SecretTechniqueScroll"],"picked":"Sozu"},{"not_picked":["hubris:RunicObelisk","Snecko Eye"],"picked":"HoveringKite"}],"items_purged_floors":[13,25,45],"is_endless":false,"potions_floor_spawned":[3,4,7,10,18,19,20,30,31,36,39,40],"ascension_level":0}}