{"host":"vb9tx51ayxprrw9u","time":1611267231,"event":{"mods":["AchievementEnabler","BaseMod","Colored Map","Colored Powertips","Highlight Path","Minty Spire (QoL Compilation)","StSLib"],"gold_per_floor":[365,384,384,400,69,95,95,108,163,163,203,203,212,246,246,246,246],"floor_reached":16,"language":"ENG","playtime":790,"items_purged":["Strike_R"],"score":116,"play_id":"2fef127a-bf78-4af5-a3a8-2297b9a70d42","local_time":"20210121161351","is_ascension_mode":true,"campfire_choices":[{"data":"Armaments","floor":7,"key":"SMITH"},{"data":"Entrench","floor":10,"key":"SMITH"},{"data":"Metallicize","floor":12,"key":"SMITH"},{"data":"Body Slam","floor":15,"key":"SMITH"}],"circlet_count":0,"master_deck":["Strike_R","Strike_R","Strike_R","Defend_R","Defend_R","Defend_R","Defend_R","Bash","Metallicize+1","Cleave","Cleave","Armaments+1","Entrench+1","Iron Wave","Injury","Body Slam+1"],"relics":["Burning Blood","Mercury Hourglass","Letter Opener","PreservedInsect","CeramicFish","Golden Idol"],"acts_visited":["Exordium"],"potions_floor_usage":[11,14,14],"damage_taken":[{"damage":0,"enemies":"2 Louse","floor":1,"turns":4},{"damage":1,"enemies":"Cultist","floor":2,"turns":4},{"damage":4,"enemies":"Jaw Worm","floor":4,"turns":5},{"damage":14,"enemies":"Gremlin Nob","floor":6,"turns":4},{"damage":6,"enemies":"Large Slime","floor":8,"turns":6},{"damage":12,"enemies":"Lagavulin","floor":11,"turns":6},{"damage":11,"enemies":"Gremlin Gang","floor":14,"turns":4},{"damage":50,"enemies":"Hexaghost","floor":16,"turns":14}],"seed_played":"-7563459182625576995","potions_obtained":[{"floor":2,"key":"AttackPotion"},{"floor":4,"key":"Energy Potion"},{"floor":8,"key":"PowerPotion"}],"is_trial":false,"path_per_floor":["M","M","?","M","$","E","R","M","T","R","E","R","?","M","R","B"],"character_chosen":"IRONCLAD","items_purchased":["Mercury Hourglass"],"campfire_rested":0,"item_purchase_floors":[5],"current_hp_per_floor":[62,67,67,69,69,61,61,61,61,61,55,55,55,50,50,0,0],"gold":246,"neow_bonus":"TWO_FIFTY_GOLD","is_daily":false,"chose_seed":false,"campfire_upgraded":4,"win_rate":0.0,"timestamp":1611267231,"path_taken":["M","M","?","M","$","E","R","?","T","R","E","R","?","M","R","BOSS"],"items_purchased_type":["Relic"],"build_version":"2020-12-22","purchased_purges":1,"victory":false,"max_hp_per_floor":[80,80,80,80,80,80,80,80,80,80,80,80,80,80,80,80,80],"card_choices":[{"not_picked":["Clothesline","Searing Blow"],"picked":"Metallicize","floor":1},{"not_picked":["Sword Boomerang","Iron Wave"],"picked":"Cleave","floor":2},{"not_picked":["Perfected Strike","Disarm"],"picked":"Cleave","floor":4},{"not_picked":["Hemokinesis","Headbutt"],"picked":"Armaments","floor":6},{"not_picked":["Intimidate","Dropkick"],"picked":"Entrench","floor":8},{"not_picked":["Reaper","Perfected Strike"],"picked":"Iron Wave","floor":11},{"not_picked":["Combust","Warcry"],"picked":"Body Slam","floor":14}],"player_experience":149786,"relics_obtained":[{"floor":6,"key":"Letter Opener"},{"floor":9,"key":"PreservedInsect"},{"floor":11,"key":"CeramicFish"}],"event_choices":[{"cards_removed":["Strike_R"],"damage_healed":0,"gold_gain":0,"player_choice":"Card Removal","damage_taken":0,"max_hp_gain":0,"max_hp_loss":0,"event_name":"Wheel of Change","floor":3,"gold_loss":0},{"damage_healed":0,"gold_gain":0,"player_choice":"Take Wound","damage_taken":0,"relics_obtained":["Golden Idol"],"max_hp_gain":0,"max_hp_loss":0,"event_name":"Golden Idol","floor":13,"gold_loss":0,"cards_obtained":["Injury"]}],"is_beta":false,"boss_relics":[],"items_purged_floors":[5],"is_endless":false,"potions_floor_spawned":[2,4,8],"killed_by":"Hexaghost","ascension_level":1}}