{"host":"6jrd8fn9k88n08be","time":1611267060,"event":{"mods":["BaseMod","Minty Spire (QoL Compilation)","StSLib"],"gold_per_floor":[115,0,0,13,13,47,68,111,111,164,191,191,200,218,218,352,361,385,400,148,166,166,215,65,65,90,90,112,112,134,161,161,296,296,319,337,83,104,122,122,422,422,447,489,514,527,543,571,571,571,571,571,23,23,23],"floor_reached":54,"language":"ENG","playtime":2396,"items_purged":["Strike_R","Infernal Blade","Strike_R"],"score":913,"play_id":"b885337a-1ea0-4213-96ff-f991d8e8b9d9","local_time":"20210121171100","is_ascension_mode":true,"campfire_choices":[{"data":"Berserk","floor":12.0,"key":"SMITH"},{"data":"Flame Barrier","floor":15.0,"key":"SMITH"},{"floor":25.0,"key":"REST"},{"data":"Double Tap","floor":27.0,"key":"SMITH"},{"data":"Bloodletting","floor":32.0,"key":"SMITH"},{"floor":40.0,"key":"RECALL"},{"data":"Limit Break","floor":42.0,"key":"SMITH"},{"floor":49.0,"key":"REST"},{"data":"Shrug It Off","floor":52.0,"key":"SMITH"}],"circlet_count":0,"master_deck":["Defend_R+1","Defend_R","Defend_R+1","Defend_R","Bash+1","Hemokinesis+1","Inflame","Seeing Red","Hemokinesis+1","Headbutt+1","Flame Barrier+1","Berserk+1","Impervious","Cleave+1","Double Tap+1","CurseOfTheBell","Carnage+1","Seeing Red","Uppercut+1","Shrug It Off+1","Metallicize","Bloodletting+1","Limit Break+1","Flash of Steel+1","Heavy Blade+1","Metallicize+1","Heavy Blade+1","Rupture","Mayhem","Immolate+1"],"relics":["Burning Blood","NeowsBlessing","Golden Idol","Molten Egg 2","CeramicFish","Matryoshka","Strawberry","Calling Bell","Happy Flower","Pantograph","Ginger","Vajra","Orichalcum","ClockworkSouvenir","Whetstone","Blood Vial","Potion Belt","Busted Crown","Bottled Lightning","Red Skull","Centennial Puzzle"],"acts_visited":["Exordium","TheCity","TheBeyond","TheEnding"],"potions_floor_usage":[54],"damage_taken":[{"damage":0.0,"enemies":"Jaw Worm","floor":1.0,"turns":1.0},{"damage":0.0,"enemies":"Small Slimes","floor":4.0,"turns":1.0},{"damage":0.0,"enemies":"Lagavulin","floor":6.0,"turns":1.0},{"damage":10.0,"enemies":"2 Louse","floor":7.0,"turns":2.0},{"damage":17.0,"enemies":"3 Sentries","floor":8.0,"turns":8.0},{"damage":14.0,"enemies":"Lagavulin","floor":10.0,"turns":3.0},{"damage":4.0,"enemies":"Red Slaver","floor":11.0,"turns":2.0},{"damage":4.0,"enemies":"Slime Boss","floor":16.0,"turns":3.0},{"damage":14.0,"enemies":"3 Byrds","floor":18.0,"turns":3.0},{"damage":14.0,"enemies":"Chosen","floor":19.0,"turns":4.0},{"damage":52.0,"enemies":"Slavers","floor":23.0,"turns":6.0},{"damage":5.0,"enemies":"Centurion and Healer","floor":28.0,"turns":7.0},{"damage":7.0,"enemies":"Sentry and Sphere","floor":30.0,"turns":3.0},{"damage":1.0,"enemies":"Shelled Parasite and Fungi","floor":31.0,"turns":3.0},{"damage":41.0,"enemies":"Collector","floor":33.0,"turns":9.0},{"damage":30.0,"enemies":"3 Darklings","floor":35.0,"turns":6.0},{"damage":14.0,"enemies":"Orb Walker","floor":38.0,"turns":2.0},{"damage":40.0,"enemies":"Sphere and 2 Shapes","floor":39.0,"turns":6.0},{"damage":6.0,"enemies":"Giant Head","floor":44.0,"turns":5.0},{"damage":8.0,"enemies":"Writhing Mass","floor":45.0,"turns":3.0},{"damage":3.0,"enemies":"Jaw Worm Horde","floor":46.0,"turns":2.0},{"damage":18.0,"enemies":"Sphere and 2 Shapes","floor":47.0,"turns":4.0},{"damage":5.0,"enemies":"3 Darklings","floor":48.0,"turns":2.0},{"damage":56.0,"enemies":"Donu and Deca","floor":50.0,"turns":7.0},{"damage":112,"enemies":"Shield and Spear","floor":54,"turns":5}],"seed_played":"-4856276089885703504","potions_obtained":[{"floor":4.0,"key":"Fire Potion"},{"floor":6.0,"key":"BlessingOfTheForge"},{"floor":7.0,"key":"Dexterity Potion"},{"floor":11.0,"key":"Dexterity Potion"},{"floor":16.0,"key":"SkillPotion"},{"floor":23.0,"key":"BloodPotion"},{"floor":28.0,"key":"BloodPotion"},{"floor":30.0,"key":"SteroidPotion"},{"floor":33.0,"key":"HeartOfIron"},{"floor":44.0,"key":"SneckoOil"},{"floor":45.0,"key":"PowerPotion"},{"floor":46.0,"key":"SteroidPotion"},{"floor":47.0,"key":"Block Potion"}],"is_trial":false,"path_per_floor":["M","$","?","M","?","E","M","E","T","E","M","R","?","?","R","B",null,"M","M","$","?","?","E","$","R","T","R","M","?","M","M","R","B",null,"M","?","$","M","M","R","?","R","T","E","M","M","M","M","R","B",null,"R","$","E"],"character_chosen":"IRONCLAD","items_purchased":["Inflame","Vajra","ClockworkSouvenir","Bottled Lightning","Rupture","Mayhem","Immolate+1","FearPotion"],"campfire_rested":2,"item_purchase_floors":[2,20,24,37,53,53,53,53],"current_hp_per_floor":[80,80,64,70,50,56,52,41,41,40,42,42,42,42,42,44,87,79,71,71,71,54,8,8,35,35,35,38,38,39,46,46,56,92,68,68,68,62,30,30,30,30,30,32,32,37,27,30,57,34,92,92,92,0,0],"gold":23,"neow_bonus":"THREE_ENEMY_KILL","is_daily":false,"chose_seed":false,"campfire_upgraded":6,"win_rate":0.0,"timestamp":1611267060,"path_taken":["M","$","?","M","?","E","?","E","T","E","M","R","?","?","R","BOSS","M","M","$","?","?","E","$","R","T","R","M","?","M","M","R","BOSS","M","?","$","?","M","R","?","R","T","E","M","M","M","?","R","BOSS","R","$","E"],"items_purchased_type":["Card","Relic","Relic","Relic","Card","Card","Card","Potion"],"build_version":"2020-12-22","purchased_purges":3,"victory":false,"max_hp_per_floor":[80,80,80,80,80,80,80,80,80,87,87,87,87,87,87,87,87,87,87,87,87,92,92,92,92,92,92,92,92,92,92,92,92,92,92,92,92,92,92,92,92,92,92,92,92,92,92,92,92,92,92,92,92,92,92],"card_choices":[{"not_picked":["Body Slam","Ghostly Armor"],"picked":"Hemokinesis","floor":1.0},{"not_picked":["Pummel","Rupture"],"picked":"Seeing Red","floor":4.0},{"not_picked":["Wild Strike+1","Armaments","Infernal Blade"],"picked":"SKIP","floor":6.0},{"not_picked":["Feel No Pain","Burning Pact"],"picked":"Hemokinesis+1","floor":7.0},{"not_picked":["Armaments","Second Wind"],"picked":"Headbutt+1","floor":8.0},{"not_picked":["Body Slam+1","Rupture"],"picked":"Flame Barrier","floor":10.0},{"not_picked":["Flex","Shrug It Off"],"picked":"Berserk","floor":11.0},{"not_picked":["Berserk","Exhume"],"picked":"Double Tap","floor":16.0},{"not_picked":["Wild Strike+1","Anger+1","Havoc"],"picked":"SKIP","floor":18.0},{"not_picked":["Feel No Pain","Flex","Infernal Blade+1"],"picked":"SKIP","floor":19.0},{"not_picked":["Shrug It Off+1","Armaments+1"],"picked":"Uppercut+1","floor":23.0},{"not_picked":["Perfected Strike+1","Iron Wave+1"],"picked":"Shrug It Off","floor":28.0},{"not_picked":["Iron Wave+1","Sever Soul+1"],"picked":"Metallicize","floor":30.0},{"not_picked":["Ghostly Armor","Warcry"],"picked":"Bloodletting","floor":31.0},{"not_picked":["Fiend Fire+1","Exhume"],"picked":"Limit Break","floor":33.0},{"not_picked":["Clash+1"],"picked":"SKIP","floor":35.0},{"not_picked":["Clothesline+1"],"picked":"SKIP","floor":38.0},{"not_picked":["Wild Strike+1"],"picked":"SKIP","floor":39.0},{"not_picked":[],"picked":"Metallicize+1","floor":44.0},{"not_picked":["Body Slam+1"],"picked":"SKIP","floor":45.0},{"not_picked":["Cleave+1"],"picked":"SKIP","floor":46.0},{"not_picked":["Clash+1"],"picked":"SKIP","floor":47.0},{"not_picked":[],"picked":"Heavy Blade+1","floor":48.0}],"player_experience":108176,"relics_obtained":[{"floor":6.0,"key":"Molten Egg 2"},{"floor":8.0,"key":"CeramicFish"},{"floor":9.0,"key":"Matryoshka"},{"floor":10.0,"key":"Strawberry"},{"floor":17.0,"key":"Happy Flower"},{"floor":17.0,"key":"Pantograph"},{"floor":17.0,"key":"Ginger"},{"floor":23.0,"key":"Orichalcum"},{"floor":26.0,"key":"Whetstone"},{"floor":26.0,"key":"Blood Vial"},{"floor":43.0,"key":"Red Skull"},{"floor":44.0,"key":"Centennial Puzzle"}],"event_choices":[{"damage_healed":0.0,"max_hp_gain":0.0,"max_hp_loss":0.0,"gold_gain":0.0,"event_name":"Shining Light","player_choice":"Entered Light","floor":3.0,"gold_loss":0.0,"damage_taken":16.0,"cards_upgraded":["Defend_R","Defend_R"]},{"damage_healed":0.0,"max_hp_gain":0.0,"max_hp_loss":0.0,"gold_gain":0.0,"event_name":"Golden Idol","player_choice":"Take Damage","floor":5.0,"gold_loss":0.0,"damage_taken":20.0,"relics_obtained":["Golden Idol"]},{"damage_healed":0.0,"max_hp_gain":0.0,"max_hp_loss":0.0,"gold_gain":0.0,"cards_transformed":["Strike_R"],"event_name":"Living Wall","player_choice":"Change","floor":13.0,"gold_loss":0.0,"damage_taken":0.0,"cards_obtained":["Infernal Blade"]},{"damage_healed":0.0,"max_hp_gain":0.0,"max_hp_loss":0.0,"gold_gain":0.0,"event_name":"Match and Keep!","player_choice":"2 cards matched","floor":14.0,"gold_loss":0.0,"damage_taken":0.0,"cards_obtained":["Impervious","Cleave"]},{"damage_healed":0.0,"max_hp_gain":0.0,"max_hp_loss":0.0,"gold_gain":0.0,"cards_transformed":["Strike_R","Strike_R"],"event_name":"Drug Dealer","player_choice":"Became Test Subject","floor":21.0,"gold_loss":0.0,"damage_taken":0.0,"cards_obtained":["Carnage","Seeing Red"]},{"damage_healed":0.0,"max_hp_gain":5.0,"max_hp_loss":0.0,"gold_gain":0.0,"event_name":"Forgotten Altar","player_choice":"Shed Blood","floor":22.0,"gold_loss":0.0,"damage_taken":22.0},{"damage_healed":0.0,"max_hp_gain":0.0,"max_hp_loss":0.0,"gold_gain":0.0,"event_name":"The Mausoleum","player_choice":"Opened","floor":29.0,"gold_loss":0.0,"damage_taken":0.0,"relics_obtained":["Potion Belt"]},{"damage_healed":0.0,"max_hp_gain":0.0,"max_hp_loss":0.0,"gold_gain":0.0,"event_name":"Match and Keep!","player_choice":"2 cards matched","floor":36.0,"gold_loss":0.0,"damage_taken":0.0,"cards_obtained":["Flash of Steel","Heavy Blade"]},{"damage_healed":0.0,"max_hp_gain":0.0,"max_hp_loss":0.0,"gold_gain":300.0,"event_name":"Wheel of Change","player_choice":"Gold","floor":41.0,"gold_loss":0.0,"damage_taken":0.0}],"is_beta":false,"boss_relics":[{"not_picked":["Ectoplasm","Runic Pyramid"],"picked":"Calling Bell"},{"not_picked":["SacredBark","Cursed Key"],"picked":"Busted Crown"}],"items_purged_floors":[2,20,53],"is_endless":false,"potions_floor_spawned":[4,6,7,11,16,23,28,30,33,44,45,46,47],"killed_by":"Shield and Spear","ascension_level":2}}