{"host":"kh6fvhxn285ncg0o","time":1611197912,"event":{"mods":["Act Like it!","BaseMod","Colored Map","Friendly Minions","Keyboard Shortcuts","Minty Spire (QoL Compilation)","Quick Restart","Relic Stats","StSLib","SuperFastMode"],"gold_per_floor":[119,136,155,205,215,215,242,242,242,273,273,273,304,318,318,393,393,393,393,27,27,27,27,27,27,27,27,27,27,27,27,27,27,27,27,27,27,27,27,27,27,27,27,27,27,27,27,27,27,27,27,27,27,27,27,27],"floor_reached":55,"language":"KOR","playtime":1663,"items_purged":["Strike_R"],"score":2023,"play_id":"cfc74020-4f30-4edd-b8f9-1a51b7dfe360","local_time":"20210121115832","is_ascension_mode":true,"campfire_choices":[{"data":"Anger","floor":6.0,"key":"SMITH"},{"floor":8.0,"key":"REST"},{"data":"Battle Trance","floor":12.0,"key":"SMITH"},{"data":"Armaments","floor":15.0,"key":"SMITH"},{"data":"Immolate","floor":23.0,"key":"SMITH"},{"data":"Fiend Fire","floor":29.0,"key":"SMITH"},{"data":"Burning Pact","floor":32.0,"key":"SMITH"},{"data":"Power Through","floor":40.0,"key":"SMITH"},{"floor":46,"key":"REST"},{"floor":49,"key":"RECALL"},{"floor":53,"key":"REST"}],"circlet_count":0,"master_deck":["AscendersBane","Strike_R","Defend_R","Defend_R","Defend_R","Defend_R","Bash","Anger+1","Battle Trance+1","Shockwave","Seeing Red","Shrug It Off","Armaments+1","Immolate+1","Burning Pact+1","Fiend Fire+1","Pain","Power Through+1","Second Wind","Barricade","Body Slam","Clash","Impervious"],"relics":["Burning Blood","Ginger","Ornamental Fan","Anchor","Ectoplasm","Membership Card","Red Skull","Potion Belt","WarpedTongs","Akabeko","Singing Bowl","Red Mask","Dream Catcher","Oddly Smooth Stone","SlaversCollar","HornCleat","Champion Belt","Paper Frog","Gremlin Horn"],"acts_visited":["TheCity","TheBeyond","TheEnding"],"potions_floor_usage":[41,45],"damage_taken":[{"damage":7.0,"enemies":"Jaw Worm","floor":1.0,"turns":4.0},{"damage":0.0,"enemies":"Cultist","floor":2.0,"turns":2.0},{"damage":1.0,"enemies":"Small Slimes","floor":3.0,"turns":3.0},{"damage":29.0,"enemies":"Gremlin Gang","floor":5.0,"turns":4.0},{"damage":35.0,"enemies":"3 Sentries","floor":7.0,"turns":8.0},{"damage":20.0,"enemies":"Lagavulin","floor":10.0,"turns":6.0},{"damage":23.0,"enemies":"Gremlin Nob","floor":13.0,"turns":4.0},{"damage":0.0,"enemies":"Red Slaver","floor":14.0,"turns":2.0},{"damage":26.0,"enemies":"Hexaghost","floor":16.0,"turns":8.0},{"damage":9.0,"enemies":"Chosen","floor":18.0,"turns":3.0},{"damage":18.0,"enemies":"Spheric Guardian","floor":19.0,"turns":4.0},{"damage":0.0,"enemies":"Snake Plant","floor":22.0,"turns":2.0},{"damage":7.0,"enemies":"Gremlin Leader","floor":24.0,"turns":5.0},{"damage":2.0,"enemies":"Masked Bandits","floor":27.0,"turns":2.0},{"damage":4.0,"enemies":"Slavers","floor":28.0,"turns":4.0},{"damage":12.0,"enemies":"Book of Stabbing","floor":30.0,"turns":4.0},{"damage":0.0,"enemies":"Cultist and Chosen","floor":31.0,"turns":2.0},{"damage":64.0,"enemies":"Champ","floor":33.0,"turns":15.0},{"damage":16.0,"enemies":"Orb Walker","floor":35.0,"turns":4.0},{"damage":2.0,"enemies":"Mind Bloom Boss Battle","floor":39.0,"turns":3.0},{"damage":26,"enemies":"Nemesis","floor":41,"turns":9},{"damage":2,"enemies":"3 Darklings","floor":45,"turns":6},{"damage":12,"enemies":"Reptomancer","floor":47,"turns":4},{"damage":1,"enemies":"Sphere and 2 Shapes","floor":48,"turns":4},{"damage":64,"enemies":"Time Eater","floor":50,"turns":22},{"damage":8,"enemies":"Donu and Deca","floor":51,"turns":10},{"damage":66,"enemies":"Shield and Spear","floor":55,"turns":6}],"seed_played":"-6372856544296902975","potions_obtained":[{"floor":3.0,"key":"Fruit Juice"},{"floor":5.0,"key":"Explosive Potion"},{"floor":10.0,"key":"Explosive Potion"},{"floor":14.0,"key":"Dexterity Potion"},{"floor":18.0,"key":"ColorlessPotion"},{"floor":22.0,"key":"FearPotion"},{"floor":28.0,"key":"BloodPotion"},{"floor":31.0,"key":"GamblersBrew"},{"floor":35.0,"key":"Explosive Potion"},{"floor":39.0,"key":"SpeedPotion"}],"is_trial":false,"path_per_floor":["M","M","M","?","M","R","E","R","T","E","?","R","E","M","R","B",null,"M","M","$","?","M","R","E","$","T","?","E","R","E","M","R","B",null,"M","?","$","T","?","R","E","?","T","$","M","R","E","M","R","B","B",null,"R","$","E"],"character_chosen":"IRONCLAD","items_purchased":["Membership Card","Red Skull","Potion Belt"],"campfire_rested":3,"item_purchase_floors":[20,20,20],"current_hp_per_floor":[67,73,75,75,52,52,23,52,52,38,38,38,21,27,27,7,62,59,47,47,47,53,53,52,52,52,58,62,62,58,66,66,25,72,62,62,62,62,68,68,48,48,48,48,54,83,79,86,86,28,26,80,100,100,34,34],"gold":27,"neow_bonus":"TRANSFORM_CARD","is_daily":false,"chose_seed":false,"campfire_upgraded":7,"win_rate":0.0,"timestamp":1611197912,"path_taken":["M","M","M","?","M","R","E","R","T","E","?","R","E","M","R","BOSS","M","?","$","?","?","R","E","?","T","?","E","R","E","M","R","BOSS","M","?","?","?","?","R","E","?","T","$","M","R","E","M","R","BOSS","BOSS","R","$","E"],"items_purchased_type":["Relic","Relic","Relic"],"build_version":"2020-12-22","purchased_purges":1,"victory":false,"max_hp_per_floor":[75,75,75,75,75,75,75,80,80,80,80,80,80,80,80,80,80,80,80,80,80,80,80,80,80,80,82,84,84,86,88,88,88,88,88,88,88,88,90,90,90,90,90,90,92,94,96,98,98,98,98,98,100,100,100,100],"relic_stats":{"Dream Catcher":2,"Singing Bowl":20,"Gremlin Horn":[2,3],"counters":[27,150],"Ornamental Fan":[92],"Ectoplasm":398,"Ginger":[13],"Champion Belt":[15],"obtain_stats":[{"Potion Belt":20,"Singing Bowl":26,"Gremlin Horn":47,"Oddly Smooth Stone":30,"Ginger":7,"Burning Blood":0,"Akabeko":24,"WarpedTongs":21,"SlaversCollar":34,"Anchor":13,"Dream Catcher":28,"HornCleat":38,"Ornamental Fan":9,"Ectoplasm":17,"Red Mask":27,"Membership Card":20,"Champion Belt":39,"Red Skull":20,"Paper Frog":41},{"Potion Belt":11,"Singing Bowl":13,"Gremlin Horn":23,"Oddly Smooth Stone":16,"Ginger":5,"Burning Blood":0,"Akabeko":13,"WarpedTongs":11,"SlaversCollar":18,"Anchor":7,"Dream Catcher":15,"HornCleat":19,"Ornamental Fan":5,"Ectoplasm":9,"Red Mask":14,"Membership Card":11,"Champion Belt":20,"Red Skull":11,"Paper Frog":21},{"Potion Belt":48,"Singing Bowl":55,"Gremlin Horn":108,"Oddly Smooth Stone":65,"Ginger":21,"Burning Blood":0,"Akabeko":55,"WarpedTongs":48,"SlaversCollar":82,"Anchor":31,"Dream Catcher":61,"HornCleat":86,"Ornamental Fan":21,"Ectoplasm":41,"Red Mask":57,"Membership Card":48,"Champion Belt":89,"Red Skull":48,"Paper Frog":98}],"Burning Blood":153,"WarpedTongs":[73]},"card_choices":[{"not_picked":["True Grit","Armaments"],"picked":"Battle Trance","floor":2.0},{"not_picked":["Sentinel","Clash"],"picked":"Shockwave","floor":3.0},{"not_picked":["Cleave","Headbutt"],"picked":"Seeing Red","floor":5.0},{"not_picked":["Iron Wave","Reckless Charge"],"picked":"Shrug It Off","floor":7.0},{"not_picked":["Ghostly Armor","Twin Strike"],"picked":"Armaments","floor":10.0},{"not_picked":["Searing Blow","Ghostly Armor"],"picked":"Immolate","floor":13.0},{"not_picked":["Armaments","Sword Boomerang"],"picked":"Burning Pact","floor":14.0},{"not_picked":["Reaper","Brutality"],"picked":"Fiend Fire","floor":16.0},{"not_picked":["Rampage","Pommel Strike","Twin Strike"],"picked":"SKIP","floor":18.0},{"not_picked":["Twin Strike","Anger","Searing Blow"],"picked":"SKIP","floor":19.0},{"not_picked":["Clash","Havoc+1"],"picked":"Power Through","floor":22.0},{"not_picked":["Shockwave","Entrench"],"picked":"Second Wind","floor":24.0},{"not_picked":["Rampage","Cleave+1","Inflame"],"picked":"Singing Bowl","floor":27.0},{"not_picked":["Clash","Rampage","Seeing Red"],"picked":"Singing Bowl","floor":28.0},{"not_picked":["Armaments","Twin Strike+1","Intimidate"],"picked":"Singing Bowl","floor":30.0},{"not_picked":["True Grit","Armaments+1","Warcry"],"picked":"Singing Bowl","floor":31.0},{"not_picked":["Fiend Fire","Immolate"],"picked":"Barricade","floor":33.0},{"not_picked":["Sever Soul","Havoc+1"],"picked":"Body Slam","floor":35.0},{"not_picked":["Headbutt","Anger","Sever Soul"],"picked":"Singing Bowl","floor":39.0},{"not_picked":["Rage","Clash+1"],"picked":"Impervious","floor":41},{"not_picked":["Blood for Blood","Sword Boomerang","Pommel Strike"],"picked":"Singing Bowl","floor":45},{"not_picked":["True Grit","Anger","Clash"],"picked":"Singing Bowl","floor":46},{"not_picked":["Inflame","Spot Weakness","Hemokinesis"],"picked":"Singing Bowl","floor":47},{"not_picked":["Pommel Strike","Sword Boomerang","Anger"],"picked":"Singing Bowl","floor":48},{"not_picked":["Reaper","Seeing Red","Ghostly Armor+1"],"picked":"Singing Bowl","floor":53}],"player_experience":3482163,"relics_obtained":[{"floor":7.0,"key":"Ginger"},{"floor":9.0,"key":"Ornamental Fan"},{"floor":13.0,"key":"Anchor"},{"floor":24.0,"key":"Akabeko"},{"floor":26.0,"key":"Singing Bowl"},{"floor":27.0,"key":"Red Mask"},{"floor":28.0,"key":"Dream Catcher"},{"floor":30.0,"key":"Oddly Smooth Stone"},{"floor":38.0,"key":"HornCleat"},{"floor":39.0,"key":"Champion Belt"},{"floor":41,"key":"Paper Frog"},{"floor":47,"key":"Gremlin Horn"}],"event_choices":[{"damage_healed":0.0,"max_hp_gain":0.0,"max_hp_loss":0.0,"gold_gain":50.0,"event_name":"Golden Shrine","player_choice":"Pray","floor":4.0,"gold_loss":0.0,"damage_taken":0.0},{"cards_removed":["Strike_R"],"damage_healed":0.0,"max_hp_gain":0.0,"max_hp_loss":0.0,"gold_gain":0.0,"event_name":"Purifier","player_choice":"Purged","floor":11.0,"gold_loss":0.0,"damage_taken":0.0},{"damage_healed":0.0,"max_hp_gain":0.0,"max_hp_loss":0.0,"gold_gain":0.0,"event_name":"Accursed Blacksmith","player_choice":"Rummage","floor":21.0,"gold_loss":0.0,"damage_taken":0.0,"relics_obtained":["WarpedTongs"],"cards_obtained":["Pain"]},{"damage_healed":0.0,"max_hp_gain":0.0,"max_hp_loss":0.0,"gold_gain":0.0,"event_name":"Masked Bandits","player_choice":"Fought Bandits","floor":27.0,"gold_loss":0.0,"damage_taken":0.0},{"damage_healed":0.0,"max_hp_gain":0.0,"max_hp_loss":0.0,"gold_gain":0.0,"cards_transformed":["Strike_R"],"event_name":"Transmorgrifier","player_choice":"Transformed","floor":36.0,"gold_loss":0.0,"damage_taken":0.0,"cards_obtained":["Clash"]},{"damage_healed":0.0,"max_hp_gain":0.0,"max_hp_loss":0.0,"gold_gain":0.0,"event_name":"MindBloom","player_choice":"Fight","floor":39.0,"gold_loss":0.0,"damage_taken":0.0},{"damage_healed":0,"gold_gain":0,"player_choice":"Ignored","damage_taken":0,"max_hp_gain":0,"max_hp_loss":0,"event_name":"SecretPortal","floor":42,"gold_loss":0}],"is_beta":false,"boss_relics":[{"not_picked":["Calling Bell","SacredBark"],"picked":"Ectoplasm"},{"not_picked":["Busted Crown","Black Star"],"picked":"SlaversCollar"}],"items_purged_floors":[20],"is_endless":false,"potions_floor_spawned":[3,5,10,14,18,19,22,28,31,35,39],"killed_by":"Shield and Spear","ascension_level":20}}