{"host":"9slw7l0ws16384qq","time":1611244377,"event":{"mods":["A Penny For Your Troubles","BaseMod","Colored Map","Evolution","Hubris","Minty Spire (QoL Compilation)","Replay The Spire","Shedinja","StS++","StSLib","The Dragon Tamer","The Marked"],"gold_per_floor":[211,30,49,61,61,78,96,96,123,123,70,70,84,84,84,210,210,233,267,288,130,45,45,45,45,45,57,83,95,7,28,28,157,157,180,180,55,388,388,388,408,421,421,432,432,279,309,321,321,322],"floor_reached":51,"language":"FRA","playtime":1568,"items_purged":["theMarked:Defend","StSpp:Unbreakable","theMarked:UnarmedFury"],"score":885,"play_id":"e15a1764-d8c8-4258-ae17-6d0921a10589","local_time":"20210121165257","is_ascension_mode":false,"campfire_choices":[{"data":"Mayhem","floor":8,"key":"SMITH"},{"data":"theMarked:WastefulDefense","floor":10,"key":"SMITH"},{"data":"theMarked:WastefulDefense","floor":12,"key":"SMITH"},{"data":"theMarked:WastefulAttack","floor":15,"key":"SMITH"},{"data":"theMarked:Strike","floor":23,"key":"PURGE"},{"data":"theMarked:SummonStrength","floor":27,"key":"SMITH"},{"data":"theMarked:SoldierOfQuellstein","floor":32,"key":"SMITH"},{"data":"theMarked:WastefulAttack","floor":40,"key":"SMITH"},{"floor":45,"key":"REST"},{"floor":49,"key":"REST"}],"circlet_count":0,"master_deck":["theMarked:WastefulAttack+1","theMarked:WastefulAttack","theMarked:WastefulAttack","theMarked:Defend","theMarked:Defend","theMarked:SoldierOfQuellstein+1","Mayhem+1","theMarked:WastefulDefense+1","theMarked:WastefulAttack+1","theMarked:WastefulDefense+1","theMarked:SummonStrength+1","theMarked:AttractMetal+1","Mayhem+1","ReplayTheSpireMod:Splinters","theMarked:WastefulAttack+1"],"relics":["theMarked:ArtifactOfAir","EVO:Axolotl","Pet Ghost","Empty Cage","Red Mask","Replay:Multitool","MawBank","MutagenicStrength","theMarked:SpiritSword","hubris:Towel","Ginger","DollysMirror"],"acts_visited":["Exordium","TheCity","TheBeyond"],"potions_floor_usage":[19,42,50,50,50],"damage_taken":[{"damage":0,"enemies":"Cultist","floor":1,"turns":2},{"damage":0,"enemies":"Small Slimes","floor":3,"turns":2},{"damage":0,"enemies":"2 Louse","floor":4,"turns":1},{"damage":0,"enemies":"Lots of Slimes","floor":6,"turns":3},{"damage":2,"enemies":"3 Louse","floor":7,"turns":3},{"damage":0,"enemies":"Looter","floor":13,"turns":3},{"damage":27,"enemies":"Fading Forest","floor":16,"turns":11},{"damage":0,"enemies":"Chosen","floor":18,"turns":4},{"damage":28,"enemies":"Masked Bandits","floor":19,"turns":5},{"damage":3,"enemies":"Shell Parasite","floor":20,"turns":5},{"damage":9,"enemies":"Sentry and Sphere","floor":28,"turns":4},{"damage":4,"enemies":"Snake Plant","floor":31,"turns":4},{"damage":14,"enemies":"Pondfish","floor":33,"turns":6},{"damage":0,"enemies":"3 Shapes","floor":35,"turns":4},{"damage":2,"enemies":"3 Darklings","floor":41,"turns":5},{"damage":24,"enemies":"Transient","floor":42,"turns":5},{"damage":2,"enemies":"Jaw Worm Horde","floor":44,"turns":4},{"damage":1,"enemies":"3 Darklings","floor":48,"turns":6},{"damage":54,"enemies":"Time Eater","floor":50,"turns":5}],"seed_played":"4256898869004574951","potions_obtained":[{"floor":6,"key":"CultistPotion"},{"floor":13,"key":"GamblersBrew"},{"floor":16,"key":"CultistPotion"},{"floor":20,"key":"ColorlessPotion"},{"floor":42,"key":"Ancient Potion"},{"floor":44,"key":"StSpp:InhibitionPotion"},{"floor":48,"key":"CultistPotion"}],"is_trial":false,"path_per_floor":["M","$","M","M","?","M","M","R","T","R","$","R","M","?","R","B",null,"M","?","M","$","?","R","?","$","T","R","M","?","$","M","R","B",null,"M","?","$","?","?","R","M","M","T","M","R","$","?","M","R","B",null],"character_chosen":"THE_DEFAULT","items_purchased":["Mayhem","theMarked:WastefulDefense","StSpp:Unbreakable","DollysMirror"],"campfire_rested":2,"item_purchase_floors":[2,11,21,46],"current_hp_per_floor":[70,70,70,70,70,70,68,68,68,68,68,68,68,51,51,34,70,70,42,39,39,39,39,39,39,39,39,30,30,30,26,26,12,70,70,70,70,70,70,70,68,44,44,42,63,63,63,62,70,16],"gold":322,"neow_bonus":"HUNDRED_GOLD","is_daily":false,"chose_seed":false,"campfire_upgraded":7,"win_rate":0.0,"timestamp":1611244377,"path_taken":["M","?","?","M","?","M","M","R","T","R","$","R","?","?","R","BOSS","M","?","M","$","?","R","?","$","T","R","M","?","?","M","R","BOSS","M","?","$","?","?","R","M","M","T","M","R","$","?","M","R","BOSS"],"items_purchased_type":["Card","Card","Card","Relic"],"build_version":"2020-12-22","purchased_purges":3,"victory":true,"max_hp_per_floor":[70,70,70,70,70,70,70,70,70,70,70,70,70,70,70,70,70,70,70,70,70,70,70,70,70,70,70,70,70,70,70,70,70,70,70,70,70,70,70,70,70,70,70,70,70,70,70,70,70,70],"card_choices":[{"not_picked":["theMarked:Aftermath","theMarked:EmpowerWeapon","theMarked:HeightenedSenses"],"picked":"SKIP","floor":1},{"not_picked":["theMarked:Polarize","theMarked:MaelstromOfLightning","theMarked:SelfDefenseTraining"],"picked":"SKIP","floor":3},{"not_picked":["theMarked:Levitate","theMarked:EmpowerWeapon"],"picked":"theMarked:WastefulDefense","floor":4},{"not_picked":["theMarked:HeightenedSenses","theMarked:WardOff","theMarked:ElectricStrings"],"picked":"SKIP","floor":6},{"not_picked":["theMarked:Standoff","theMarked:Indomitable"],"picked":"theMarked:WastefulAttack","floor":7},{"not_picked":["theMarked:Overcharge","theMarked:ContemptForTheProud","theMarked:Panic"],"picked":"SKIP","floor":13},{"not_picked":["theMarked:ChannelForce","theMarked:DispelDoubt"],"picked":"theMarked:SummonStrength","floor":16},{"not_picked":["theMarked:EmpowerWeapon+1","theMarked:ElementalBlade+1","theMarked:HeightenedSenses"],"picked":"SKIP","floor":18},{"not_picked":["theMarked:Parkour","theMarked:ResourceFulStrike+1","theMarked:Parry"],"picked":"SKIP","floor":20},{"not_picked":["theMarked:WastefulAttack","theMarked:StartUp","theMarked:AttractMetal+1"],"picked":"SKIP","floor":28},{"not_picked":["theMarked:WastefulAttack","theMarked:StartUp"],"picked":"theMarked:AttractMetal+1","floor":28},{"not_picked":["theMarked:Static","theMarked:Electrocute","theMarked:ElectricStrings+1"],"picked":"SKIP","floor":31},{"not_picked":["theMarked:Levitate","theMarked:BindingBlade"],"picked":"theMarked:UnarmedFury","floor":33},{"not_picked":["theMarked:HeightenedSenses+1","theMarked:SwordAndMagic","theMarked:PowerFlow+1"],"picked":"SKIP","floor":35},{"not_picked":["theMarked:WastefulAttack","theMarked:Improvise+1","theMarked:EmpowerWeapon"],"picked":"SKIP","floor":41},{"not_picked":["theMarked:BanishingStrike+1","theMarked:ElementalBlade+1","theMarked:ShockingTouch"],"picked":"SKIP","floor":42},{"not_picked":["theMarked:Overcharge","theMarked:Electrocute+1","theMarked:RepellingDischarge"],"picked":"SKIP","floor":44},{"not_picked":["theMarked:ShockingTouch+1","theMarked:Overthink+1"],"picked":"theMarked:WastefulAttack+1","floor":47},{"not_picked":["theMarked:HeightenedSenses+1","theMarked:MysticalArsenal+1","theMarked:SwordAndMagic+1"],"picked":"SKIP","floor":48}],"player_experience":1644718,"relics_obtained":[{"floor":9,"key":"Pet Ghost"},{"floor":19,"key":"Red Mask"},{"floor":26,"key":"MawBank"},{"floor":43,"key":"Ginger"}],"event_choices":[{"damage_healed":0,"gold_gain":0,"player_choice":"Ignored","damage_taken":0,"max_hp_gain":0,"max_hp_loss":0,"event_name":"NoteForYourself","floor":5,"gold_loss":0},{"damage_healed":0,"gold_gain":0,"player_choice":"Take Damage","damage_taken":17,"relics_obtained":["Golden Idol"],"max_hp_gain":0,"max_hp_loss":0,"event_name":"Golden Idol","floor":14,"gold_loss":0},{"damage_healed":0,"gold_gain":0,"player_choice":"Fought Bandits","damage_taken":0,"max_hp_gain":0,"max_hp_loss":0,"event_name":"Masked Bandits","floor":19,"gold_loss":0},{"damage_healed":0,"gold_gain":0,"player_choice":"Obtained Relic","damage_taken":0,"relics_obtained":["Replay:Multitool"],"max_hp_gain":0,"max_hp_loss":0,"event_name":"Addict","floor":22,"gold_loss":85},{"damage_healed":0,"gold_gain":0,"player_choice":"Inject Mutagens","damage_taken":0,"relics_obtained":["MutagenicStrength"],"max_hp_gain":0,"max_hp_loss":0,"event_name":"Drug Dealer","floor":29,"gold_loss":0},{"damage_healed":0,"gold_gain":333,"player_choice":"Gave Idol","damage_taken":0,"max_hp_gain":0,"max_hp_loss":0,"event_name":"The Moai Head","floor":38,"relics_lost":["Golden Idol"],"gold_loss":0}],"is_beta":false,"boss_relics":[{"not_picked":["Busted Crown","StSpp:Balance"],"picked":"Empty Cage"},{"not_picked":["Black Star","Calling Bell"],"picked":"theMarked:SpiritSword"}],"items_purged_floors":[21,30,37],"is_endless":false,"potions_floor_spawned":[6,13,16,20,31,42,44,48],"ascension_level":0}}