{"host":"xu4bnwtq7hv5gr1m","time":1611235272,"event":{"mods":["Act Like it!","Aspiration","BaseMod","Conspire","Hermit","Hubris","Marked Mod","Minty Spire (QoL Compilation)","Pale of the Ancients","Replay The Spire","StSLib","vexMod","¡¾ÒÅÎï¿¨ÅÆ¡¿REMEMod"],"gold_per_floor":[112,122,135,135,150,185,201,201,201,201,236,236,161,187,187,327,327,376,376,320,374,374,487,487,533,533,567,567,624,624,645,645,747,747,771,806,425,425,425,487,487,487,511,558,558,604,630,301,301,340,349,397,437,437,163,163,193,193,43,43,76],"floor_reached":62,"language":"ZHS","playtime":3193,"items_purged":["Injury"],"score":3226,"play_id":"348752d1-9813-4741-9b59-4c96e616dca3","local_time":"20210121212112","is_ascension_mode":true,"campfire_choices":[{"data":"Immolate","floor":10.0,"key":"SMITH"},{"data":"Reaper","floor":12.0,"key":"SMITH"},{"data":"Battle Trance","floor":15.0,"key":"SMITH"},{"data":"Havoc","floor":24.0,"key":"SMITH"},{"data":"Havoc","floor":32.0,"key":"SMITH"},{"data":"Panacea","floor":41,"key":"SMITH"},{"floor":45,"key":"RECALL"},{"data":"Seeing Red","floor":49,"key":"SMITH"},{"data":"REME_ACTH","floor":56,"key":"SMITH"},{"data":"ReplayReversal","floor":58,"key":"SMITH"}],"circlet_count":0,"master_deck":["AscendersBane","conspire:GhostlyStrike","conspire:GhostlyStrike","conspire:GhostlyStrike","conspire:GhostlyStrike","conspire:GhostlyStrike","conspire:GhostlyDefend","conspire:GhostlyDefend","conspire:GhostlyDefend","conspire:GhostlyDefend","Bash+1","Havoc+1","Immolate+1","ReplayTheSpireMod:Strike From Hell","Reaper+1","Shrug It Off","Battle Trance+1","Whirlwind+1","Feed+1","Seeing Red+1","Hemokinesis+1","Shockwave+1","Havoc+1","ReplayTheSpireMod:Stacked","Havoc+1","ReplayReversal+1","REME_ACTH+1","ReplayTheSpireMod:Corrosion Curse+1","Infernal Blade+1","Replay:Undeath\u0027s Touch+1","REME_Flogging+1","Panache+1","Bandage Up","Panacea+1","Warcry","ReplayTheSpireMod:Muscle Training","REME_FearOfPain+1","Brutality+1"],"relics":["Burning Blood","REME_ComplimentaryCards","Prayer Wheel","Molten Egg 2","CaptainsWheel","Eternal Feather","Self Forming Clay","REME_ArchaeologicalTools","hubris:Backtick","Dead Branch","StoneCalendar","Frozen Egg 2","aspiration:RitualStick","REME_IWantAll","REME_ChargedStone","Quantum Egg","ClockworkSouvenir","hubris:Towel","Toy Ornithopter","hubris:Icosahedron","Anchor","REME_HandOfSuture","Replay:Rubber Ducky","Red Skull","paleoftheancients:Timepiece","paleoftheancients:KeyRelic","Ice Cream","CultistMask","paleoftheancients:SoulOfTheWokeBloke","Replay:WaspNest"],"acts_visited":["Exordium","TheCity","TheBeyond","paleoftheancients:PaleOfTheAncients"],"potions_floor_usage":[51,61,61],"damage_taken":[{"damage":6.0,"enemies":"Cultist","floor":1.0,"turns":3.0},{"damage":16.0,"enemies":"Jaw Worm","floor":2.0,"turns":6.0},{"damage":0.0,"enemies":"Small Slimes","floor":3.0,"turns":2.0},{"damage":9.0,"enemies":"2 Fungi Beasts","floor":5.0,"turns":2.0},{"damage":33.0,"enemies":"Gremlin Nob","floor":6.0,"turns":5.0},{"damage":36.0,"enemies":"Large Slime","floor":7.0,"turns":8.0},{"damage":17.0,"enemies":"3 Sentries","floor":11.0,"turns":4.0},{"damage":14.0,"enemies":"Lagavulin","floor":14.0,"turns":5.0},{"damage":46.0,"enemies":"The Guardian","floor":16.0,"turns":8.0},{"damage":26.0,"enemies":"2 Thieves","floor":18.0,"turns":3.0},{"damage":11.0,"enemies":"conspire:FuzzyDice","floor":21.0,"turns":2.0},{"damage":5.0,"enemies":"Book of Stabbing","floor":23.0,"turns":4.0},{"damage":4.0,"enemies":"Centurion and Healer","floor":25.0,"turns":3.0},{"damage":0.0,"enemies":"Cultist and Chosen","floor":27.0,"turns":3.0},{"damage":6.0,"enemies":"conspire:MimicChest","floor":29.0,"turns":3.0},{"damage":8.0,"enemies":"Snecko","floor":31.0,"turns":1.0},{"damage":16.0,"enemies":"hubris:MusketHawk","floor":33.0,"turns":6.0},{"damage":2,"enemies":"3 Darklings","floor":35,"turns":2},{"damage":9,"enemies":"Nemesis","floor":40,"turns":5},{"damage":1,"enemies":"Reptomancer","floor":44,"turns":2},{"damage":33,"enemies":"Nemesis","floor":46,"turns":3},{"damage":3,"enemies":"Orb Walker","floor":47,"turns":2},{"damage":24,"enemies":"Time Eater","floor":50,"turns":5},{"damage":49,"enemies":"Awakened One","floor":51,"turns":5},{"damage":102,"enemies":"Awakened One","floor":52,"turns":3},{"damage":21,"enemies":"Awakened One","floor":53,"turns":5},{"damage":29,"enemies":"Awakened One","floor":57,"turns":5},{"damage":60,"enemies":"paleoftheancients:N","floor":61,"turns":7}],"seed_played":"-6232730681911123222","potions_obtained":[{"floor":2.0,"key":"Ancient Potion"},{"floor":3.0,"key":"BloodPotion"},{"floor":11.0,"key":"ColorlessPotion"},{"floor":18.0,"key":"REME_GoldPotion"},{"floor":23.0,"key":"Elixir"},{"floor":29.0,"key":"AttackPotion"},{"floor":33.0,"key":"FearPotion"},{"floor":40,"key":"AttackPotion"},{"floor":46,"key":"GamblersBrew"},{"floor":53,"key":"Dexterity Potion"}],"is_trial":false,"path_per_floor":["M","M","M","?","M","E","M","?","T","R","E","R","$","E","R","B",null,"M","?","$","M","$","E","R","M","T","M","?","?","?","M","R","B",null,"M","?","$","?","?","E","R","?","T","E","R","E","M","$","R","B","B","M","M","?","$","R","M","R","$","?","B",null],"character_chosen":"IRONCLAD","items_purchased":["Shockwave+1","REME_Flogging+1","ClockworkSouvenir","Replay:Rubber Ducky","Red Skull","Replay:WaspNest","Brutality+1"],"campfire_rested":0,"item_purchase_floors":[20,37,37,48,48,55,59],"current_hp_per_floor":[68,58,64,64,65,42,15,15,15,24,13,22,22,21,30,12,59,51,51,51,56,56,71,83,89,89,93,70,74,69,70,85,75,94,102,69,69,59,59,76,94,94,94,102,102,75,81,81,102,97,99,109,103,103,103,109,109,109,109,109,87],"gold":76,"neow_bonus":"UPGRADE_CARD","is_daily":false,"chose_seed":false,"campfire_upgraded":9,"win_rate":0.0,"timestamp":1611235272,"path_taken":["M","?","M","?","M","E","M","?","T","R","E","R","$","E","R","BOSS","M","?","$","M","$","E","R","M","T","M","?","?","?","M","R","BOSS","M","?","$","?","?","E","R","?","T","E","R","E","M","$","R","BOSS","BOSS","M","M","?","$","R","M","R","$","?","BOSS"],"items_purchased_type":["Card","Card","Relic","Relic","Relic","Relic","Card"],"build_version":"2020-12-22","purchased_purges":1,"victory":true,"max_hp_per_floor":[75,75,75,75,75,75,75,75,75,75,75,75,75,75,75,75,75,75,75,75,85,85,89,89,93,93,93,93,97,97,100,100,100,100,102,102,102,102,102,102,102,102,102,102,102,102,105,105,105,105,109,109,109,109,109,109,109,109,109,109,109],"card_choices":[{"not_picked":["True Grit","Clothesline"],"picked":"Havoc","floor":1.0},{"not_picked":["Headbutt","Rupture"],"picked":"Immolate","floor":2.0},{"not_picked":["Body Slam","Perfected Strike","Replay:Undeath\u0027s Touch"],"picked":"SKIP","floor":2.0},{"not_picked":["Sentinel","Sword Boomerang"],"picked":"ReplayTheSpireMod:Strike From Hell","floor":3.0},{"not_picked":["Wild Strike","REME_SingleHolding"],"picked":"Reaper","floor":3.0},{"not_picked":["Heavy Blade+1","Body Slam+1"],"picked":"Shrug It Off","floor":5.0},{"not_picked":["Disarm","Replay:Undeath\u0027s Touch+1","Life Link"],"picked":"SKIP","floor":5.0},{"not_picked":["hubris:SharpeningStone","Clothesline+1","Iron Wave+1"],"picked":"SKIP","floor":6.0},{"not_picked":["Body Slam+1","REME_Scribble"],"picked":"Battle Trance","floor":7.0},{"not_picked":["Shrug It Off","conspire:HitWhereItHurts+1","Warcry"],"picked":"SKIP","floor":7.0},{"not_picked":["Dropkick+1","Clothesline+1","Thunderclap+1"],"picked":"SKIP","floor":11.0},{"not_picked":["Seeing Red","Wild Strike+1"],"picked":"Whirlwind+1","floor":14.0},{"not_picked":["Corruption","Replay:Many Hands"],"picked":"Feed+1","floor":16.0},{"not_picked":["Sword Boomerang+1","Thunderclap+1"],"picked":"Seeing Red","floor":18.0},{"not_picked":["True Grit","ReplayTheSpireMod:Stacked"],"picked":"Hemokinesis+1","floor":18.0},{"not_picked":["Uppercut+1","Hemokinesis+1","Twin Strike+1"],"picked":"SKIP","floor":21.0},{"not_picked":["Flex","Anger+1","Havoc"],"picked":"SKIP","floor":21.0},{"not_picked":["Wild Strike+1","Cleave+1"],"picked":"Havoc+1","floor":23.0},{"not_picked":["Pommel Strike+1","Flex","conspire:Charge+1"],"picked":"SKIP","floor":25.0},{"not_picked":["Body Slam+1","Shrug It Off","Twin Strike+1"],"picked":"SKIP","floor":25.0},{"not_picked":["Clothesline+1","Replay:Many Hands","ReplayTheSpireMod:Strike From Hell+1"],"picked":"SKIP","floor":27.0},{"not_picked":["Whirlwind+1","Iron Wave+1","Flex"],"picked":"SKIP","floor":27.0},{"not_picked":["ReplayTheSpireMod:Stacked","Havoc","ReplayReversal"],"picked":"Singing Bowl","floor":31.0},{"not_picked":["Run Through+1","Headbutt+1","Clash+1"],"picked":"SKIP","floor":31.0},{"not_picked":["Limit Break","Eclipse"],"picked":"REME_ACTH","floor":33.0},{"not_picked":["Shrug It Off","Hemokinesis+1"],"picked":"ReplayTheSpireMod:Corrosion Curse+1","floor":35},{"not_picked":["Life Link+1","Fire Breathing+1","Run Through+1"],"picked":"SKIP","floor":35},{"not_picked":["Heavy Blade+1","Sword Boomerang+1"],"picked":"Infernal Blade+1","floor":36},{"not_picked":["Sword Boomerang+1","Body Slam+1"],"picked":"Replay:Undeath\u0027s Touch+1","floor":36},{"not_picked":["REME_MagicPocketWatch","Replay:BasicMightCard+1"],"picked":"Panache+1","floor":38},{"not_picked":["Impatience","Violence"],"picked":"Bandage Up","floor":38},{"not_picked":["Jack Of All Trades","Discovery"],"picked":"Panacea","floor":38},{"not_picked":["Double Tap","REME_FearOfPain+1","REME_SingleHolding"],"picked":"SKIP","floor":40},{"not_picked":["Cleave+1","Massacre+1","Juggernaut+1"],"picked":"SKIP","floor":44},{"not_picked":["Rampage+1","Perfected Strike+1","Havoc"],"picked":"SKIP","floor":46},{"not_picked":["Infernal Blade","Sword Boomerang+1"],"picked":"Warcry","floor":47},{"not_picked":["Abandon","Armaments","hubris:ReadiedAction"],"picked":"SKIP","floor":47},{"not_picked":["Wild Strike+1","Sword Boomerang+1","conspire:HitWhereItHurts+1"],"picked":"SKIP","floor":53},{"not_picked":["True Grit","Uppercut+1","Ghostly Armor"],"picked":"SKIP","floor":53},{"not_picked":["Warcry","Pommel Strike+1"],"picked":"REME_FearOfPain+1","floor":57},{"not_picked":["Anger+1","Havoc","Heavy Blade+1"],"picked":"SKIP","floor":57}],"player_experience":742516,"relics_obtained":[{"floor":6.0,"key":"CaptainsWheel"},{"floor":9.0,"key":"Eternal Feather"},{"floor":11.0,"key":"Self Forming Clay"},{"floor":14.0,"key":"REME_ArchaeologicalTools"},{"floor":23.0,"key":"StoneCalendar"},{"floor":26.0,"key":"Frozen Egg 2"},{"floor":29.0,"key":"REME_IWantAll"},{"floor":36,"key":"Quantum Egg"},{"floor":40,"key":"Toy Ornithopter"},{"floor":44,"key":"Anchor"},{"floor":46,"key":"REME_HandOfSuture"},{"floor":53,"key":"paleoftheancients:SoulOfTheWokeBloke"}],"event_choices":[{"damage_healed":0.0,"max_hp_gain":0.0,"max_hp_loss":0.0,"gold_gain":0.0,"event_name":"conspire:LoneGhost","player_choice":"Agree","floor":8.0,"gold_loss":0.0,"damage_taken":0.0},{"damage_healed":0.0,"max_hp_gain":0.0,"max_hp_loss":0.0,"gold_gain":0.0,"event_name":"conspire:Investor","player_choice":"Leave","floor":30.0,"gold_loss":0.0,"damage_taken":0.0},{"damage_healed":0,"gold_gain":0,"player_choice":"Memory 3","damage_taken":10,"max_hp_gain":0,"max_hp_loss":0,"event_name":"SensoryStone","floor":38,"gold_loss":0}],"is_beta":false,"boss_relics":[{"not_picked":["Runic Cube","aspiration:SecretTechniqueScroll"],"picked":"hubris:Backtick"},{"not_picked":["SacredBark","Replay:Grab Bag"],"picked":"REME_ChargedStone"}],"items_purged_floors":[13],"is_endless":false,"potions_floor_spawned":[2,3,11,14,18,23,29,33,40,46,53,57],"ascension_level":20}}