{"host":"uabq0byp3phfkda1","time":1611248427,"event":{"mods":["2.2 Compatiblity","AchievementEnabler","BaseMod","Colored Map","DeckTracker","Highlight Path","Minty Spire (QoL Compilation)","Random Character Button","Rare Cards Sparkle"],"gold_per_floor":[116,132,51,77,77,77,90,100,125,53,53,87,52,69,69,174,174,193,118,129,129,144,159,187,187,187,205,239,239,58,74,74,171,171,185,235,66,80,97,126,126,145,145,145,162,162,162,162],"floor_reached":47,"language":"ENG","playtime":3246,"items_purged":[],"score":597,"play_id":"5e5bb108-264b-4b33-a6db-65df8e02ce69","local_time":"20210121180027","is_ascension_mode":false,"campfire_choices":[{"data":"Bash","floor":6,"key":"SMITH"},{"data":"Metallicize","floor":11,"key":"SMITH"},{"data":"Anger","floor":15,"key":"SMITH"},{"floor":25,"key":"REST"},{"floor":29,"key":"REST"},{"floor":32,"key":"REST"},{"floor":41,"key":"REST"},{"floor":44,"key":"REST"}],"circlet_count":0,"master_deck":["Strike_R","Strike_R","Strike_R","Strike_R","Strike_R","Defend_R+1","Defend_R","Defend_R","Defend_R","Bash+1","Dropkick","Clash","Dark Shackles+1","Carnage","Immolate","Metallicize+1","Perfected Strike","Anger+1","Flame Barrier+1","Headbutt","Infernal Blade","Headbutt","Rampage+1","Flex","Clash+1","Double Tap","Flex+1","Metamorphosis","Anger","Uppercut+1","Immolate","Ghostly Armor+1","Disarm+1","Magnetism","Combust","Flame Barrier+1","Clothesline+1","Armaments","Warcry","Rage+1"],"relics":["Burning Blood","War Paint","Toy Ornithopter","MealTicket","Black Star","Nloth\u0027s Gift","Happy Flower","Dream Catcher","Shuriken","Bottled Tornado","Vajra","SlaversCollar","Du-Vu Doll","Pear","FossilizedHelix","Ancient Tea Set"],"acts_visited":["Exordium","TheCity","TheBeyond"],"potions_floor_usage":[16,24,24,27,28,33,38,39,40,45],"damage_taken":[{"damage":1,"enemies":"Cultist","floor":1,"turns":4},{"damage":3,"enemies":"2 Louse","floor":2,"turns":4},{"damage":0,"enemies":"Small Slimes","floor":7,"turns":3},{"damage":5,"enemies":"Gremlin Gang","floor":8,"turns":4},{"damage":17,"enemies":"Gremlin Nob","floor":12,"turns":4},{"damage":0,"enemies":"2 Fungi Beasts","floor":14,"turns":2},{"damage":0,"enemies":"Slime Boss","floor":16,"turns":5},{"damage":16,"enemies":"Shell Parasite","floor":18,"turns":5},{"damage":0,"enemies":"3 Byrds","floor":20,"turns":3},{"damage":21,"enemies":"Centurion and Healer","floor":22,"turns":5},{"damage":36,"enemies":"Cultist and Chosen","floor":23,"turns":7},{"damage":21,"enemies":"Slavers","floor":24,"turns":3},{"damage":23,"enemies":"Sentry and Sphere","floor":27,"turns":7},{"damage":26,"enemies":"Book of Stabbing","floor":28,"turns":6},{"damage":17,"enemies":"Snake Plant","floor":31,"turns":3},{"damage":101,"enemies":"Collector","floor":33,"turns":10},{"damage":19,"enemies":"3 Shapes","floor":35,"turns":3},{"damage":22,"enemies":"Mind Bloom Boss Battle","floor":36,"turns":5},{"damage":14,"enemies":"Orb Walker","floor":38,"turns":3},{"damage":35,"enemies":"Transient","floor":39,"turns":5},{"damage":27,"enemies":"Nemesis","floor":40,"turns":7},{"damage":31,"enemies":"Jaw Worm Horde","floor":42,"turns":5},{"damage":43,"enemies":"Maw","floor":45,"turns":10},{"damage":51,"enemies":"Giant Head","floor":47,"turns":7}],"seed_played":"-8078678122440601973","potions_obtained":[{"floor":1,"key":"AttackPotion"},{"floor":2,"key":"PowerPotion"},{"floor":14,"key":"Swift Potion"},{"floor":23,"key":"HeartOfIron"},{"floor":27,"key":"CultistPotion"},{"floor":28,"key":"BloodPotion"},{"floor":33,"key":"FearPotion"},{"floor":36,"key":"FearPotion"},{"floor":38,"key":"HeartOfIron"},{"floor":42,"key":"Fruit Juice"}],"is_trial":false,"path_per_floor":["M","M","$","T","?","R","M","M","T","$","R","E","?","M","R","B",null,"M","?","M","?","M","M","E","R","T","M","E","R","$","M","R","B",null,"M","?","$","M","M","E","R","M","T","R","M","?","E"],"character_chosen":"IRONCLAD","items_purchased":["Dark Shackles","Metallicize","Metamorphosis","Magnetism"],"campfire_rested":5,"item_purchase_floors":[3,10,30,37],"current_hp_per_floor":[88,88,88,88,85,85,88,88,88,88,88,77,88,88,88,88,88,78,78,84,84,69,39,34,60,60,48,33,59,74,63,88,15,88,75,59,74,71,47,41,70,45,45,74,47,47,0,0],"gold":162,"neow_bonus":"TEN_PERCENT_HP_BONUS","is_daily":false,"chose_seed":false,"campfire_upgraded":3,"win_rate":0.0,"timestamp":1611248427,"path_taken":["M","M","$","?","?","R","M","M","T","$","R","E","?","M","R","BOSS","M","?","M","?","?","M","E","R","T","M","E","R","$","M","R","BOSS","M","?","$","M","M","E","R","M","T","R","M","?","E"],"items_purchased_type":["Card","Card","Card","Card"],"build_version":"2020-12-22","purchased_purges":0,"victory":false,"max_hp_per_floor":[88,88,88,88,88,88,88,88,88,88,88,88,88,88,88,88,88,88,88,88,88,88,88,88,88,88,88,88,88,88,88,88,88,88,88,88,88,88,88,98,98,98,98,98,103,103,103,103],"card_choices":[{"not_picked":["Heavy Blade","Seeing Red"],"picked":"Dropkick","floor":1},{"not_picked":["Iron Wave","Spot Weakness"],"picked":"Clash","floor":2},{"not_picked":["Wild Strike","Reckless Charge"],"picked":"Carnage","floor":7},{"not_picked":["Clothesline","Warcry"],"picked":"Immolate","floor":8},{"not_picked":["Barricade","Fiend Fire"],"picked":"Perfected Strike","floor":12},{"not_picked":["True Grit","Clothesline"],"picked":"Anger","floor":14},{"not_picked":["Feed","Corruption"],"picked":"Fiend Fire","floor":16},{"not_picked":["True Grit","Clothesline+1"],"picked":"Flame Barrier+1","floor":18},{"not_picked":["Twin Strike","Flex"],"picked":"Headbutt","floor":20},{"not_picked":["Clothesline","Flame Barrier+1"],"picked":"Infernal Blade","floor":22},{"not_picked":["True Grit+1","Wild Strike"],"picked":"Headbutt","floor":23},{"not_picked":["Evolve","Power Through"],"picked":"Rampage+1","floor":24},{"not_picked":["Reckless Charge","Perfected Strike"],"picked":"Flex","floor":25},{"not_picked":["Sword Boomerang","Evolve"],"picked":"Clash+1","floor":27},{"not_picked":["Dual Wield+1","Blood for Blood+1"],"picked":"Double Tap","floor":28},{"not_picked":["Pommel Strike","Perfected Strike"],"picked":"Flex+1","floor":29},{"not_picked":["Twin Strike","Intimidate"],"picked":"Anger","floor":31},{"not_picked":["Berserk","Searing Blow"],"picked":"Uppercut+1","floor":32},{"not_picked":["Brutality","Barricade"],"picked":"Immolate","floor":33},{"not_picked":["Feel No Pain+1","Power Through"],"picked":"Ghostly Armor+1","floor":35},{"not_picked":["Blood for Blood+1","Carnage"],"picked":"Disarm+1","floor":36},{"not_picked":["Heavy Blade+1","Offering"],"picked":"Combust","floor":38},{"not_picked":["Second Wind+1","Thunderclap"],"picked":"Flame Barrier+1","floor":39},{"not_picked":["Anger","Evolve+1"],"picked":"Clothesline+1","floor":40},{"not_picked":["Pommel Strike","Clothesline"],"picked":"Armaments","floor":41},{"not_picked":["Heavy Blade","Twin Strike+1"],"picked":"Bludgeon","floor":42},{"not_picked":["Iron Wave","Wild Strike+1"],"picked":"Warcry","floor":44},{"not_picked":["Headbutt+1","Battle Trance"],"picked":"Rage+1","floor":45}],"player_experience":41262,"relics_obtained":[{"floor":4,"key":"War Paint"},{"floor":9,"key":"MealTicket"},{"floor":12,"key":"Torii"},{"floor":24,"key":"Happy Flower"},{"floor":24,"key":"Dream Catcher"},{"floor":26,"key":"Shuriken"},{"floor":28,"key":"Bottled Tornado"},{"floor":28,"key":"Vajra"},{"floor":36,"key":"Du-Vu Doll"},{"floor":40,"key":"Pear"},{"floor":40,"key":"FossilizedHelix"},{"floor":43,"key":"Ancient Tea Set"}],"event_choices":[{"damage_healed":0,"gold_gain":0,"player_choice":"Success","damage_taken":3,"relics_obtained":["Toy Ornithopter"],"max_hp_gain":0,"max_hp_loss":0,"event_name":"Scrap Ooze","floor":5,"gold_loss":0},{"damage_healed":22,"gold_gain":0,"player_choice":"Healed","damage_taken":0,"max_hp_gain":0,"max_hp_loss":0,"event_name":"The Cleric","floor":13,"gold_loss":35},{"cards_removed":["Fiend Fire"],"damage_healed":0,"gold_gain":0,"player_choice":"Gave Gold","damage_taken":0,"max_hp_gain":0,"max_hp_loss":0,"event_name":"Beggar","floor":19,"gold_loss":75},{"damage_healed":0,"gold_gain":0,"player_choice":"Traded Relic","damage_taken":0,"relics_obtained":["Nloth\u0027s Gift"],"max_hp_gain":0,"max_hp_loss":0,"event_name":"N\u0027loth","floor":21,"relics_lost":["Torii"],"gold_loss":0},{"damage_healed":0,"gold_gain":0,"player_choice":"Fight","damage_taken":0,"max_hp_gain":0,"max_hp_loss":0,"event_name":"MindBloom","floor":36,"gold_loss":0},{"cards_removed":["Bludgeon"],"damage_healed":0,"gold_gain":0,"player_choice":"Purged","damage_taken":0,"max_hp_gain":0,"max_hp_loss":0,"event_name":"Purifier","floor":46,"gold_loss":0}],"is_beta":false,"boss_relics":[{"not_picked":["Runic Pyramid","Runic Dome"],"picked":"Black Star"},{"not_picked":["Empty Cage","Astrolabe"],"picked":"SlaversCollar"}],"items_purged_floors":[],"is_endless":false,"potions_floor_spawned":[1,2,14,23,27,28,33,36,38,42],"killed_by":"Giant Head","ascension_level":0}}