{"host":"z9mq1tf06lkrncmk","time":1611246760,"event":{"mods":["BaseMod","Downfall","Minty Spire (QoL Compilation)","StSLib"],"gold_per_floor":[119,38,38,38,61,61,35,35,81,99,143,143,213,226,226,350,350,364,213,233,79,79,122,122,122,197,211,232,232,331,362,362,362,362],"floor_reached":33,"language":"ENG","playtime":893,"items_purged":[],"score":397,"play_id":"4db0b6ee-6274-451a-b5b9-e7356cef2e78","local_time":"20210121113240","is_ascension_mode":true,"campfire_choices":[{"data":"Uppercut","floor":6,"key":"SMITH"},{"data":"Demon Form","floor":8,"key":"SMITH"},{"data":"Seeing Red","floor":12,"key":"SMITH"},{"floor":15,"key":"REST"},{"data":"Limit Break","floor":24,"key":"SMITH"},{"floor":32,"key":"REST"}],"circlet_count":0,"master_deck":["Strike_R","Strike_R","Strike_R","Strike_R","Strike_R","Defend_R","Defend_R","Defend_R","Defend_R","Bash","Demon Form+1","Iron Wave","Uppercut+1","Flex","Seeing Red+1","Cleave","Limit Break+1","Shrug It Off","Heavy Blade+1"],"relics":["Burning Blood","Golden Idol","Lantern","PreservedInsect","SlaversCollar","Tiny Chest","Lee\u0027s Waffle","Centennial Puzzle","Paper Frog","Darkstone Periapt","Ancient Tea Set"],"acts_visited":["Exordium","TheCity"],"potions_floor_usage":[13,16,16,20,23,31,31],"damage_taken":[{"damage":7,"enemies":"Small Slimes","floor":1,"turns":3},{"damage":1,"enemies":"Cultist","floor":5,"turns":3},{"damage":2,"enemies":"2 Louse","floor":10,"turns":3},{"damage":35,"enemies":"3 Sentries","floor":11,"turns":8},{"damage":20,"enemies":"Gremlin Nob","floor":13,"turns":4},{"damage":4,"enemies":"Blue Slaver","floor":14,"turns":3},{"damage":0,"enemies":"Slime Boss","floor":16,"turns":4},{"damage":36,"enemies":"Spheric Guardian","floor":18,"turns":5},{"damage":37,"enemies":"3 Byrds","floor":20,"turns":8},{"damage":5,"enemies":"Slavers","floor":23,"turns":3},{"damage":33,"enemies":"Snake Plant","floor":27,"turns":4},{"damage":8,"enemies":"Sentry and Sphere","floor":28,"turns":4},{"damage":24,"enemies":"Book of Stabbing","floor":31,"turns":4},{"damage":74,"enemies":"Champ","floor":33,"turns":7}],"seed_played":"-6684293131248342879","potions_obtained":[{"floor":5,"key":"SteroidPotion"},{"floor":10,"key":"GamblersBrew"},{"floor":13,"key":"Weak Potion"},{"floor":14,"key":"AttackPotion"},{"floor":20,"key":"AttackPotion"},{"floor":27,"key":"FearPotion"},{"floor":28,"key":"BloodPotion"}],"is_trial":false,"path_per_floor":["M","$","?","$","M","R","$","R","T","M","E","R","?","M","R","B",null,"M","$","M","$","?","E","R","?","T","M","M","T","?","E","R","B"],"character_chosen":"IRONCLAD","items_purchased":["Uppercut","Flex","Tiny Chest","Lee\u0027s Waffle"],"campfire_rested":2,"item_purchase_floors":[2,7,19,21],"current_hp_per_floor":[79,79,74,74,74,74,74,74,74,74,45,45,31,33,55,61,74,44,44,13,81,81,81,81,81,81,54,52,52,52,50,74,0,0],"gold":362,"neow_bonus":"ONE_RANDOM_RARE_CARD","is_daily":false,"chose_seed":false,"campfire_upgraded":4,"win_rate":0.0,"timestamp":1611246760,"path_taken":["M","$","?","$","M","R","$","R","T","M","E","R","?","M","R","BOSS","M","$","M","$","?","E","R","?","T","?","M","?","?","E","R","BOSS"],"items_purchased_type":["Card","Card","Relic","Relic"],"build_version":"2020-12-22","purchased_purges":0,"victory":false,"max_hp_per_floor":[80,80,74,74,74,74,74,74,74,74,74,74,74,74,74,74,74,74,74,74,81,81,81,81,81,81,81,81,81,81,81,81,81,81],"card_choices":[{"not_picked":["Clothesline","Anger"],"picked":"Iron Wave","floor":1},{"not_picked":["Anger","Uppercut","Flame Barrier"],"picked":"SKIP","floor":5},{"not_picked":["Dark Embrace","Perfected Strike"],"picked":"Seeing Red","floor":10},{"not_picked":["Rage","True Grit"],"picked":"Cleave","floor":11},{"not_picked":["Sentinel","Wild Strike"],"picked":"Limit Break","floor":14},{"not_picked":["Shrug It Off","Thunderclap+1","Wild Strike"],"picked":"SKIP","floor":18},{"not_picked":["True Grit","Iron Wave"],"picked":"Shrug It Off","floor":20},{"not_picked":["Burning Pact","Ghostly Armor"],"picked":"Heavy Blade","floor":23},{"not_picked":["Havoc","Body Slam","Dropkick"],"picked":"SKIP","floor":27},{"not_picked":["Body Slam","Power Through","Rage"],"picked":"SKIP","floor":28},{"not_picked":["Fire Breathing","Intimidate+1","Flex"],"picked":"SKIP","floor":31}],"player_experience":375260,"relics_obtained":[{"floor":11,"key":"Lantern"},{"floor":13,"key":"PreservedInsect"},{"floor":23,"key":"Centennial Puzzle"},{"floor":26,"key":"Paper Frog"},{"floor":29,"key":"Darkstone Periapt"},{"floor":31,"key":"Ancient Tea Set"}],"event_choices":[{"damage_healed":0,"gold_gain":0,"player_choice":"Lose Max HP","damage_taken":0,"relics_obtained":["Golden Idol"],"max_hp_gain":0,"max_hp_loss":6,"event_name":"Golden Idol","floor":3,"gold_loss":0},{"damage_healed":0,"gold_gain":0,"player_choice":"Searched \u00271\u0027 times","damage_taken":0,"max_hp_gain":0,"max_hp_loss":0,"event_name":"Dead Adventurer","floor":13,"gold_loss":0},{"damage_healed":0,"gold_gain":0,"player_choice":"Upgraded","damage_taken":0,"max_hp_gain":0,"max_hp_loss":0,"event_name":"Upgrade Shrine","floor":25,"gold_loss":0,"cards_upgraded":["Heavy Blade"]},{"damage_healed":0,"gold_gain":99,"player_choice":"Stole From Cult","damage_taken":0,"max_hp_gain":0,"max_hp_loss":0,"event_name":"Nest","floor":30,"gold_loss":0}],"is_beta":false,"boss_relics":[{"not_picked":["Runic Pyramid","Philosopher\u0027s Stone"],"picked":"SlaversCollar"}],"items_purged_floors":[],"is_endless":false,"potions_floor_spawned":[5,10,13,14,20,27,28],"killed_by":"Champ","ascension_level":4}}