{"host":"clf2hd4adhiiw0zf","time":1611223061,"event":{"mods":["AchievementEnabler","BaseMod","Beaked The Cultist","Bestiary","Dark Map","Downfall","Gremlin Mod","Hermit","Jorbs\u0027s Wanderer Trilogy","Marisa????????","Minty Spire (QoL Compilation)","Shop Mod","StSLib","The Cursed","The Servant 0.9.4","UnlockEverythingMod"],"gold_per_floor":[99,160,260,280,280,180,207,221,221,251,270,219,233,233,251,356,356,156,170,170,170,187,187,187,187,187,200,226,239,265,277,293,392,392,392,421,439,448,458,467,537,49,77,77,77,94,94,118,135,135,135,164,19,19,19,19,19],"floor_reached":56,"language":"ENG","playtime":3265,"items_purged":[],"score":719,"play_id":"e0e30040-9ea8-4738-a41d-36f968cae15f","local_time":"20210121025741","is_ascension_mode":false,"campfire_choices":[{"floor":1.0,"key":"RECALL"},{"data":"Gremlin:RageBreak","floor":47,"key":"SMITH"}],"circlet_count":0,"master_deck":["Gremlin:Strike+1","Gremlin:Strike+1","Gremlin:Strike+1","Gremlin:Defend+1","Gremlin:Defend+1","Gremlin:Defend+1","Gremlin:Defend+1","Gremlin:TagTeam","Gremlin:GremlinDance","Gremlin:Kablamo","Gremlin:Pretaliation","Gremlin:BulkUp","Gremlin:Scatter","Gremlin:Rhythm","Gremlin:GlitterGuard","Gremlin:Enthusiasm+1","Gremlin:RageBreak+1","Gremlin:IrksomeBlow","Gremlin:ProperTools","Gremlin:BubbleBarrier","Gremlin:Dazzle","Gremlin:InfiniteBlocks+1","Gremlin:Wizardry+1","Gremlin:DaggerDance","Gremlin:ShankStone+1","Gremlin:Nob+1","CurseOfTheBell","Gremlin:Presto+1","Gremlin:Patsy","hexamod:Strike","Gremlin:MakeshiftArmor+1","Gremlin:FlipOut","expansioncontent:DashGenerateEvil+1","Gremlin:ShadowShiv+1"],"relics":["Gremlin:GremlinKnob","Frozen Egg 2","downfall:HeartBlessingRed","Gremlin:WizardStaff","Bottled Lightning","Philosopher\u0027s Stone","downfall:HeartBlessingGreen","downfall:HeartBlessingBlue","Mercury Hourglass","Enchiridion","Orichalcum","Blood Vial","Calling Bell","CeramicFish","White Beast Statue","Dead Branch","Bottled Tornado","Lee\u0027s Waffle","Gremlin Horn","Regal Pillow","HornCleat","Pen Nib"],"acts_visited":["Exordium","TheCity","TheBeyond","TheEnding"],"potions_floor_usage":[55,56,56,56,56],"damage_taken":[{"damage":45.0,"enemies":"Gremlin Nob","floor":2.0,"turns":6.0},{"damage":0.0,"enemies":"Small Slimes","floor":4.0,"turns":2.0},{"damage":1.0,"enemies":"Jaw Worm","floor":8.0,"turns":3.0},{"damage":8.0,"enemies":"3 Sentries","floor":10.0,"turns":4.0},{"damage":0.0,"enemies":"2 Louse","floor":11.0,"turns":2.0},{"damage":5.0,"enemies":"downfall:FleeingMerchant","floor":12.0,"turns":4.0},{"damage":0.0,"enemies":"Lots of Slimes","floor":13.0,"turns":2.0},{"damage":0.0,"enemies":"3 Louse","floor":15.0,"turns":2.0},{"damage":110.0,"enemies":"IC_STATUS_ARCHETYPE","floor":16.0,"turns":19.0},{"damage":0.0,"enemies":"Spheric Guardian","floor":19.0,"turns":4.0},{"damage":0.0,"enemies":"Chosen","floor":22.0,"turns":5.0},{"damage":0.0,"enemies":"Centurion and Healer","floor":27.0,"turns":3.0},{"damage":0.0,"enemies":"3 Cultists","floor":29.0,"turns":3.0},{"damage":14.0,"enemies":"Gremlin Leader","floor":30.0,"turns":6.0},{"damage":10.0,"enemies":"Shelled Parasite and Fungi","floor":31.0,"turns":5.0},{"damage":4.0,"enemies":"Snecko","floor":32.0,"turns":4.0},{"damage":0.0,"enemies":"WA_ARCHETYPE_CALM","floor":33.0,"turns":5.0},{"damage":0.0,"enemies":"Orb Walker","floor":36.0,"turns":4.0},{"damage":1.0,"enemies":"3 Shapes","floor":37.0,"turns":3.0},{"damage":17,"enemies":"Transient","floor":39,"turns":5},{"damage":0,"enemies":"downfall:FleeingMerchant","floor":42,"turns":4},{"damage":0,"enemies":"Maw","floor":43,"turns":6},{"damage":0,"enemies":"Sphere and 2 Shapes","floor":46,"turns":3},{"damage":0,"enemies":"3 Darklings","floor":49,"turns":3},{"damage":37,"enemies":"DF_ARCHETYPE_ORBS","floor":50,"turns":6},{"damage":34,"enemies":"downfall:CharBossMerchant","floor":52,"turns":8},{"damage":0,"enemies":"downfall:NeowBoss","floor":55,"turns":8},{"damage":160,"enemies":"downfall:NeowBossFinal","floor":56,"turns":8}],"seed_played":"-9222173790390719548","potions_obtained":[{"floor":4.0,"key":"hexamod:SoulburnPotion"},{"floor":13.0,"key":"Block Potion"},{"floor":15.0,"key":"Fruit Juice"},{"floor":16.0,"key":"Block Potion"},{"floor":22.0,"key":"EntropicBrew"},{"floor":29.0,"key":"EssenceOfSteel"},{"floor":30.0,"key":"hexamod:SoulburnPotion"},{"floor":31.0,"key":"AttackPotion"},{"floor":36.0,"key":"DuplicationPotion"},{"floor":37.0,"key":"DuplicationPotion"},{"floor":39,"key":"SmokeBomb"},{"floor":43,"key":"EntropicBrew"},{"floor":49,"key":"FairyPotion"},{"floor":52,"key":"ColorlessPotion"}],"is_trial":false,"path_per_floor":["R","?","?","M","?","R","T","M","?","E","M","$","M","?","M","B",null,"R","M","?","?","M","R","T","R","?","M","T","M","E","M","M","B",null,"R","M","M","?","M","?","T","$","M","?","T","M","R","T","M","B",null,"E","$","R","B","B"],"character_chosen":"GREMLIN","items_purchased":["Gremlin:Enthusiasm+1","Lee\u0027s Waffle","Gremlin:FlipOut","expansioncontent:DashGenerateEvil+1","Pen Nib"],"campfire_rested":0,"item_purchase_floors":[12,42,42,42,53],"current_hp_per_floor":[20,5,5,20,20,19,19,13,11,3,9,9,9,10,19,4,21,22,22,22,22,22,21,21,20,4,20,20,20,6,20,1,4,20,19,19,19,19,19,19,19,21,21,21,21,21,21,21,21,5,21,21,21,20,20,0,0],"gold":19,"neow_bonus":"THREE_CARDS","is_daily":false,"chose_seed":false,"campfire_upgraded":1,"win_rate":0.0,"timestamp":1611223061,"path_taken":["R","?","?","M","?","R","T","M","?","E","M","?","?","?","M","BOSS","R","M","?","?","M","R","T","R","?","M","?","?","E","M","M","BOSS","R","M","M","?","?","?","T","$","?","?","?","M","R","?","M","BOSS","E","$","R","BOSS","BOSS"],"items_purchased_type":["Card","Relic","Card","Card","Relic"],"build_version":"2020-12-22","purchased_purges":0,"victory":false,"max_hp_per_floor":[20,20,20,20,20,19,19,19,19,19,19,19,19,20,21,21,21,22,22,22,22,22,21,21,20,20,20,20,20,20,20,20,20,20,19,19,19,19,19,19,19,21,21,21,21,21,21,21,21,21,21,21,21,20,20,20,20],"card_choices":[{"not_picked":["Gremlin:Revel","Gremlin:Irritability"],"picked":"Gremlin:Kablamo","floor":0.0},{"not_picked":["Gremlin:BubbleBarrier","Gremlin:IrksomeBlow"],"picked":"Gremlin:Pretaliation","floor":2.0},{"not_picked":["Gremlin:GremlinMeal","Gremlin:Pinprick"],"picked":"Gremlin:ToeStub","floor":4.0},{"not_picked":["Gremlin:EdibleArmor","Gremlin:Tadah"],"picked":"Gremlin:BulkUp","floor":8.0},{"not_picked":["Gremlin:SharpenBlades","Gremlin:Stupend"],"picked":"Gremlin:Scatter","floor":10.0},{"not_picked":["Gremlin:ToeStub","Gremlin:FeelTheAudience"],"picked":"Gremlin:Rhythm","floor":11.0},{"not_picked":["Gremlin:CatScratch","Gremlin:PourSalt"],"picked":"Gremlin:GlitterGuard","floor":12.0},{"not_picked":["Gremlin:Patsy","Gremlin:BubbleBarrier"],"picked":"Gremlin:RageBreak","floor":13.0},{"not_picked":["Gremlin:Presto","Gremlin:GlitterGuard"],"picked":"Gremlin:IrksomeBlow","floor":15.0},{"not_picked":["Gremlin:SecondVolley","Gremlin:Fury"],"picked":"Gremlin:CongaLine+1","floor":16.0},{"not_picked":["Gremlin:PourSalt+1","Gremlin:GlitterGuard"],"picked":"Gremlin:ProperTools","floor":19.0},{"not_picked":["Gremlin:PourSalt+1","Gremlin:TwistTheKnife+1"],"picked":"Gremlin:BubbleBarrier","floor":22.0},{"not_picked":["Gremlin:GremlinMeal","Gremlin:DaggerDance"],"picked":"Gremlin:Dazzle","floor":27.0},{"not_picked":["Gremlin:BulkUp","Gremlin:GremlinMeal+1"],"picked":"Gremlin:InfiniteBlocks+1","floor":29.0},{"not_picked":["Gremlin:Dazzle","Gremlin:Mockery"],"picked":"Gremlin:Wizardry+1","floor":30.0},{"not_picked":["Gremlin:Patsy","Gremlin:Tricksy"],"picked":"Gremlin:DaggerDance","floor":31.0},{"not_picked":["Gremlin:Changeo","Gremlin:Patsy"],"picked":"Gremlin:ShankStone+1","floor":32.0},{"not_picked":["Gremlin:Fury","Gremlin:CongaLine+1"],"picked":"Gremlin:Nob+1","floor":33.0},{"not_picked":["Gremlin:GlitterGuard","Gremlin:Wizardry+1"],"picked":"Gremlin:Presto+1","floor":36.0},{"not_picked":["Gremlin:CatScratch","Gremlin:Rhythm+1","Gremlin:Jeer"],"picked":"SKIP","floor":37.0},{"not_picked":["Gremlin:BulkUp","Gremlin:Jeer+1","Gremlin:Tadah"],"picked":"SKIP","floor":39},{"not_picked":["Gremlin:Glimmer","Gremlin:PartyStick"],"picked":"Gremlin:MakeshiftArmor+1","floor":42},{"not_picked":["Gremlin:Changeo","Gremlin:DaggerDance"],"picked":"Gremlin:ShadowShiv+1","floor":43},{"not_picked":["Gremlin:Rhythm","Gremlin:Presto","Gremlin:Jeer"],"picked":"SKIP","floor":46},{"not_picked":["Gremlin:GremlinArms","Gremlin:IrksomeBlow","Gremlin:Glimmer"],"picked":"SKIP","floor":49},{"not_picked":["Gremlin:Mockery","Gremlin:Stupend","Gremlin:CounterStrike"],"picked":"SKIP","floor":52}],"player_experience":72312,"relics_obtained":[{"floor":2.0,"key":"Frozen Egg 2"},{"floor":10.0,"key":"Bottled Lightning"},{"floor":24.0,"key":"Mercury Hourglass"},{"floor":26.0,"key":"Enchiridion"},{"floor":28.0,"key":"Orichalcum"},{"floor":30.0,"key":"Blood Vial"},{"floor":34.0,"key":"CeramicFish"},{"floor":34.0,"key":"White Beast Statue"},{"floor":34.0,"key":"Dead Branch"},{"floor":41,"key":"Bottled Tornado"},{"floor":45,"key":"Gremlin Horn"},{"floor":48,"key":"Regal Pillow"},{"floor":52,"key":"HornCleat"}],"event_choices":[{"damage_healed":0.0,"max_hp_gain":0.0,"max_hp_loss":0.0,"gold_gain":0.0,"event_name":"Scrap Ooze","player_choice":"Success","floor":9.0,"gold_loss":0.0,"damage_taken":2.0,"relics_obtained":["Gremlin:WizardStaff"]},{"damage_healed":0.0,"max_hp_gain":5.0,"max_hp_loss":0.0,"gold_gain":0.0,"event_name":"Big Fish","player_choice":"Donut","floor":14.0,"gold_loss":0.0,"damage_taken":0.0},{"damage_healed":0.0,"max_hp_gain":0.0,"max_hp_loss":0.0,"gold_gain":0.0,"event_name":"Back to Basics","player_choice":"Simplicity","floor":20.0,"gold_loss":0.0,"damage_taken":0.0,"cards_upgraded":["Gremlin:Strike","Gremlin:Strike","Gremlin:Strike","Gremlin:Defend","Gremlin:Defend","Gremlin:Defend","Gremlin:Defend"]},{"damage_healed":0.0,"max_hp_gain":0.0,"max_hp_loss":0.0,"gold_gain":0.0,"event_name":"Vampires","player_choice":"Ignored","floor":21.0,"gold_loss":0.0,"damage_taken":0.0},{"cards_removed":["Gremlin:CongaLine"],"damage_healed":0,"gold_gain":0,"player_choice":"Took Card","damage_taken":0,"max_hp_gain":0,"max_hp_loss":0,"event_name":"NoteForYourself","floor":40,"gold_loss":0,"cards_obtained":["hexamod:Strike"]}],"is_beta":false,"boss_relics":[{"not_picked":["Gremlin:GremlinBomb","Snecko Eye"],"picked":"Philosopher\u0027s Stone"},{"not_picked":["bronze:MakeshiftBattery","Busted Crown"],"picked":"Calling Bell"}],"items_purged_floors":[],"is_endless":false,"potions_floor_spawned":[4,13,15,16,22,29,30,31,36,37,39,42,43,46,49,52],"killed_by":"downfall:NeowBossFinal","ascension_level":0}}