{"host":"4myl0piycjadqnwl","time":1611189569,"event":{"mods":["BaseMod","Colored Map","Downfall","Minty Spire (QoL Compilation)","StSLib"],"gold_per_floor":[99,99,99,199,90,90,90,107,7,17,17,31,46,80,98,98,98,98],"floor_reached":16,"language":"ENG","playtime":1054,"items_purged":["downfall:Bewildered"],"score":105,"play_id":"01a6afb2-5704-4592-a2a7-a3b3a80962a1","local_time":"20210121013929","is_ascension_mode":true,"campfire_choices":[{"floor":1.0,"key":"RECALL"},{"data":"bronze:ForLoop","floor":9.0,"key":"SMITH"}],"circlet_count":0,"master_deck":["bronze:Strike","bronze:Strike","bronze:Strike","bronze:Strike","bronze:Defend","bronze:Defend","bronze:Defend","bronze:Defend","bronze:Replicate","bronze:Goto","bronze:WhirlingStrike","bronze:ForLoop+1","Parasite","Clumsy","bronze:Repulsor","bronze:DigitalCarnage","bronze:Spike","bronze:DazingPulse","bronze:Frontload","bronze:CloningBeam","bronze:ClassDefault","downfall:Icky","bronze:Boost","bronze:Fortify","bronze:ChildClass"],"relics":["bronze:BronzeCore","downfall:HeartsMalice","Cursed Key","Darkstone Periapt","downfall:HeartBlessingRed","Gremlin Horn"],"acts_visited":["Exordium"],"potions_floor_usage":[16],"damage_taken":[{"damage":0.0,"enemies":"Small Slimes","floor":2.0,"turns":1.0},{"damage":0.0,"enemies":"Cultist","floor":3.0,"turns":1.0},{"damage":0.0,"enemies":"downfall:FleeingMerchant","floor":5.0,"turns":1.0},{"damage":27.0,"enemies":"downfall:FleeingMerchant","floor":6.0,"turns":6.0},{"damage":6.0,"enemies":"Jaw Worm","floor":8.0,"turns":2.0},{"damage":9.0,"enemies":"Blue Slaver","floor":10.0,"turns":3.0},{"damage":1.0,"enemies":"3 Louse","floor":12.0,"turns":2.0},{"damage":13.0,"enemies":"Gremlin Gang","floor":13.0,"turns":4.0},{"damage":16.0,"enemies":"3 Sentries","floor":14.0,"turns":4.0},{"damage":0.0,"enemies":"Lots of Slimes","floor":15.0,"turns":3.0},{"damage":21,"enemies":"IC_STATUS_ARCHETYPE","floor":16,"turns":4}],"seed_played":"-6777235078508254084","potions_obtained":[{"floor":8.0,"key":"Block Potion"},{"floor":12.0,"key":"SpeedPotion"},{"floor":13.0,"key":"SkillPotion"},{"floor":14.0,"key":"Block Potion"}],"is_trial":false,"path_per_floor":["R","M","M","?","$","?","T","M","R","M","?","M","M","E","M","B"],"character_chosen":"THE_AUTOMATON","items_purchased":["bronze:DigitalCarnage"],"campfire_rested":0,"item_purchase_floors":[5],"current_hp_per_floor":[70,70,70,70,70,43,43,37,37,28,34,33,20,4,4,0,0,0],"gold":98,"neow_bonus":"THREE_ENEMY_KILL","is_daily":false,"chose_seed":false,"campfire_upgraded":1,"win_rate":0.0,"timestamp":1611189569,"path_taken":["R","M","M","?","$","?","T","M","R","M","?","?","M","E","M","BOSS"],"items_purchased_type":["Card"],"build_version":"2020-12-22","purchased_purges":1,"victory":false,"max_hp_per_floor":[70,70,70,70,70,70,70,70,70,70,76,76,76,76,76,76,76,76],"card_choices":[{"not_picked":["bronze:Refactor","bronze:Invalidate"],"picked":"bronze:WhirlingStrike","floor":2.0},{"not_picked":["bronze:Backtrace","bronze:Constructor"],"picked":"bronze:ForLoop","floor":3.0},{"not_picked":["bronze:BronzeOrb","bronze:Invalidate"],"picked":"bronze:Repulsor","floor":5.0},{"not_picked":[],"picked":"bronze:Spike","floor":6.0},{"not_picked":[],"picked":"bronze:DazingPulse","floor":6.0},{"not_picked":["bronze:WildBeam","bronze:ChildClass"],"picked":"bronze:Frontload","floor":6.0},{"not_picked":["bronze:Shield","bronze:BronzeOrb"],"picked":"bronze:CloningBeam","floor":8.0},{"not_picked":["bronze:CloningBeam","bronze:FineTuning"],"picked":"bronze:ClassDefault","floor":10.0},{"not_picked":["bronze:Fortify","bronze:DelayedGuard"],"picked":"bronze:Boost","floor":12.0},{"not_picked":["bronze:NullPointer","bronze:BitShift","bronze:DigitalCarnage"],"picked":"SKIP","floor":13.0},{"not_picked":["bronze:ChildClass","bronze:ForceShield"],"picked":"bronze:Fortify","floor":14.0},{"not_picked":["bronze:Fortify","bronze:DigitalCarnage"],"picked":"bronze:ChildClass","floor":15.0}],"player_experience":1440336,"relics_obtained":[{"floor":7.0,"key":"Darkstone Periapt"},{"floor":14.0,"key":"Gremlin Horn"}],"event_choices":[],"is_beta":false,"boss_relics":[],"items_purged_floors":[5],"is_endless":false,"potions_floor_spawned":[8,12,13,14],"killed_by":"IC_STATUS_ARCHETYPE","ascension_level":1}}