{"host":"oc9z8cublggqyfxu","time":1611200392,"event":{"mods":["AchievementEnabler","Act Like it!","Aspiration","BaseMod","Colored Map","Colored Powertips","Dota2Spire","Friendly Minions","Gensokyo","GifTheSpireLib","Hallownest","Hermit","Highlight Path","Infinite Spire","KinomotoSakuraMod(木之本樱)","Koishi","Lobotomy","LobotomyExtend","Marisa（F雨　魔理沙）","Minty Spire (QoL Compilation)","Quick Restart","Rare Cards Sparkle","Relic Stats","Remilia（蕾米莉亚）","Replay The Spire","RumiaBox-露米娅的神秘盒子","Spicy Shops","StSLib","The Administrix","The Animator","The Blackbeard","The Bug Knight","The Cursed","The Hierophant","The Mystic","The Runesmith","The Servant 0.9.4","Yakumo Yukari mod","Youmu（魂魄妖梦）","Yuyuko","vexMod","【功能Mod】混沌之环修复补丁","【功能Mod】聪明的最终Boss"],"gold_per_floor":[135,150,165,180,195,195,295,13,38,53,68,83,8,8,8,8,8],"floor_reached":16,"language":"ZHS","playtime":774,"items_purged":["Monsters_DoubleDeathButterfly_purple"],"score":96,"play_id":"9a65c750-1d21-4707-97c4-1ca7aa840898","local_time":"20210121113952","daily_mods":["Chimera","Vintage","Binary"],"is_ascension_mode":false,"campfire_choices":[{"data":"Eruption","floor":6,"key":"SMITH"}],"circlet_count":0,"master_deck":["GluttonyofRealm_purpleEX+1","BarrageBoundary_PipeDream_purple","BarrageBoundary_PipeDream_purple","GluttonyofRealm_purpleEX","Monsters_DoubleDeathButterfly_purple","Fancifulhole_purple","GluttonyofRealm_purpleEX","Human_Monster_Realm_purple+1","Know_ledgeAbilityRealm_purple"],"relics":["Boundary_crack","Memoryfragments_purpleEX","SecretRecord","LetterFromLob","MagicDraw2","infinitespire:Satchel","Sundial","Iron Hammer","TheEssenceOfRealm","OrangePellets","ScarletDevilRocket","Ornamental Fan","SumBook","Runesmith:Locket"],"acts_visited":["Gensokyo:Gensokyo"],"potions_floor_usage":[2,5],"damage_taken":[{"damage":13,"enemies":"Gensokyo:2_Kodama","floor":1,"turns":6},{"damage":24,"enemies":"Gensokyo:Gryphon","floor":2,"turns":3},{"damage":6,"enemies":"Gensokyo:Python","floor":3,"turns":3},{"damage":11,"enemies":"Gensokyo:CorruptedTreant","floor":4,"turns":3},{"damage":0,"enemies":"Gensokyo:2_Rabbits","floor":5,"turns":3},{"damage":0,"enemies":"Gensokyo:3_Kodama","floor":10,"turns":3},{"damage":0,"enemies":"Gensokyo:LivingMonolith","floor":11,"turns":2},{"damage":0,"enemies":"Gensokyo:VengefulSpirit","floor":12,"turns":2},{"damage":44,"enemies":"Gensokyo:Kokoro","floor":16,"turns":7}],"seed_played":"811174962971598332","potions_obtained":[{"floor":1,"key":"Dexterity Potion"},{"floor":3,"key":"SkillPotion"},{"floor":4,"key":"Reflective Coating"}],"is_trial":false,"path_per_floor":["M","M","M","M","M","R","?","COS","T","M","M","M","$","?","R_BF","B"],"character_chosen":"Youkari","items_purchased":[],"campfire_rested":0,"item_purchase_floors":[],"current_hp_per_floor":[57,33,27,16,16,16,16,16,16,16,16,20,20,27,51,7,7],"gold":8,"neow_bonus":"","is_daily":true,"chose_seed":false,"campfire_upgraded":1,"win_rate":0.0,"timestamp":1611200392,"path_taken":["M","M","M","M","M","R","?","COS","T","M","M","M","$","?","R_BF","BOSS"],"items_purchased_type":[],"build_version":"2020-12-22","purchased_purges":1,"victory":false,"max_hp_per_floor":[70,70,70,70,70,70,70,70,70,70,70,74,74,81,81,81,81],"relic_stats":{"OrangePellets":[0],"counters":[9,32],"Sundial":[10],"Ornamental Fan":[8],"obtain_stats":[{"ScarletDevilRocket":9,"Runesmith:Locket":12,"SecretRecord":1,"Boundary_crack":0,"MagicDraw2":2,"OrangePellets":8,"Sundial":4,"Ornamental Fan":10,"infinitespire:Satchel":3,"Iron Hammer":5,"LetterFromLob":1,"TheEssenceOfRealm":8,"Memoryfragments_purpleEX":0,"SumBook":11},{"ScarletDevilRocket":5,"Runesmith:Locket":8,"SecretRecord":1,"Boundary_crack":0,"MagicDraw2":2,"OrangePellets":5,"Sundial":4,"Ornamental Fan":6,"infinitespire:Satchel":3,"Iron Hammer":5,"LetterFromLob":1,"TheEssenceOfRealm":5,"Memoryfragments_purpleEX":0,"SumBook":7},{"ScarletDevilRocket":18,"Runesmith:Locket":25,"SecretRecord":6,"Boundary_crack":0,"MagicDraw2":9,"OrangePellets":18,"Sundial":15,"Ornamental Fan":21,"infinitespire:Satchel":12,"Iron Hammer":18,"LetterFromLob":6,"TheEssenceOfRealm":18,"Memoryfragments_purpleEX":0,"SumBook":23}]},"card_choices":[],"player_experience":352971,"relics_obtained":[{"floor":1,"key":"SecretRecord"},{"floor":1,"key":"LetterFromLob"},{"floor":2,"key":"MagicDraw2"},{"floor":3,"key":"infinitespire:Satchel"},{"floor":4,"key":"Sundial"},{"floor":5,"key":"Iron Hammer"},{"floor":9,"key":"ScarletDevilRocket"},{"floor":10,"key":"Ornamental Fan"},{"floor":11,"key":"SumBook"},{"floor":12,"key":"Runesmith:Locket"}],"event_choices":[],"is_beta":false,"boss_relics":[],"items_purged_floors":[13],"is_endless":false,"potions_floor_spawned":[1,3,4],"killed_by":"Gensokyo:Kokoro","ascension_level":0}}