{"host":"y89x8uui45kcjy42","time":1611207969,"event":{"mods":["2.2 Compatiblity","BaseMod","CapriCore","Colored Map","Colored Powertips","Custom Start","Friendly Minions","Keyboard Shortcuts","Minty Spire (QoL Compilation)","Relic Stats","Replay The Spire","Slay the Relics Exporter","StSLib","SuperFastMode","Uncapped"],"gold_per_floor":[111,411,281,291,279,279,279,309,309,309,309,336,351,321,321,399,399,418,97,107,107,107,142,142,142,165,119,119,151,164,164,164,240,240,251,251,251,567,567,567,567,567,567,147,147,167,200,219,219,219,219,219],"floor_reached":51,"language":"KOR","playtime":1319,"items_purged":["Strike_P","Defend_P","Strike_P","Defend_P","Strike_P","Defend_P+1"],"score":1551,"play_id":"7208348f-ee7b-4dab-8c48-b7e012c1dad1","local_time":"20210121144609","is_ascension_mode":true,"campfire_choices":[{"data":"Madness","floor":6.0,"key":"SMITH"},{"data":"TalkToTheHand","floor":10.0,"key":"SMITH"},{"data":"Replay:Anticipation","floor":11.0,"key":"SMITH"},{"data":"Replay:AtTheReady","floor":15.0,"key":"SMITH"},{"data":"Vault","floor":24.0,"key":"SMITH"},{"data":"Pray","floor":25.0,"key":"SMITH"},{"data":"WreathOfFlame","floor":28.0,"key":"SMITH"},{"data":"Replay:DivineShield","floor":32.0,"key":"SMITH"},{"data":"Madness","floor":40,"key":"SMITH"},{"data":"Madness","floor":41,"key":"SMITH"},{"data":"ReplayTheSpireMod:Brewmster","floor":42,"key":"SMITH"},{"data":"ReplayTheSpireMod:Brewmster","floor":45,"key":"SMITH"},{"data":"Vault","floor":49,"key":"SMITH"}],"circlet_count":0,"master_deck":["AscendersBane","Strike_P+1","Defend_P+1","Eruption+1","Vigilance","Ragnarok+1","Pray+1","Madness+1","Replay:Anticipation+1","Replay:AtTheReady+1","TalkToTheHand+1","WreathOfFlame+1","Vault+1","Replay:DivineShield+1","Tantrum+1","Vault+1","Injury","Collect","Madness+1","Madness+1","ReplayTheSpireMod:Brewmster+1","ReplayTheSpireMod:Brewmster+1","Adaptation+1","Replay:Vibes+1","Crow Ritual+1","MentalFortress+1"],"relics":["PureWater","Membership Card","War Paint","Mercury Hourglass","Chemical X","Onion Ring","Blue Doll","Replay:Accelerometer","Potion Belt","VioletLotus","Ancient Tea Set","Replay:Bottled Steam","Nloth\u0027s Gift","Molten Egg 2","Potion Belt","Bag of Preparation","Singing Bowl","HandDrill","Letter Opener","MutagenicStrength","Replay:Ancient Bell","Replay:Baseball","Yang","Replay:Purple Gloves","StoneCalendar","Snack Pack","Orrery","WingedGreaves","Frozen Egg 2","Toy Ornithopter","ReplayTheSpireMod:ShopPack","Whetstone","Nunchaku"],"acts_visited":["Exordium","TheCity","TheBeyond"],"potions_floor_usage":[47,47,47,47,47,48,48,50,50,50,50,51,51,51],"damage_taken":[{"damage":0.0,"enemies":"Cultist","floor":1.0,"turns":2.0},{"damage":1.0,"enemies":"Small Slimes","floor":4.0,"turns":3.0},{"damage":8.0,"enemies":"Replay:BlueRogue","floor":8.0,"turns":7.0},{"damage":0.0,"enemies":"Gremlin Nob","floor":12.0,"turns":2.0},{"damage":0.0,"enemies":"2 Louse","floor":13.0,"turns":2.0},{"damage":38.0,"enemies":"Slime Boss","floor":16.0,"turns":5.0},{"damage":17.0,"enemies":"Shell Parasite","floor":18.0,"turns":3.0},{"damage":0.0,"enemies":"Chosen","floor":20.0,"turns":3.0},{"damage":0.0,"enemies":"Replay:Snechameleon","floor":23.0,"turns":1.0},{"damage":30.0,"enemies":"Book of Stabbing","floor":29.0,"turns":4.0},{"damage":0.0,"enemies":"Snake Plant","floor":30.0,"turns":3.0},{"damage":3.0,"enemies":"Champ","floor":33.0,"turns":5.0},{"damage":6.0,"enemies":"3 Shapes","floor":35.0,"turns":3.0},{"damage":0,"enemies":"Orb Walker","floor":46,"turns":2},{"damage":24,"enemies":"Nemesis","floor":47,"turns":7},{"damage":13,"enemies":"Sphere and 2 Shapes","floor":48,"turns":4},{"damage":210,"enemies":"Awakened One","floor":50,"turns":12},{"damage":124,"enemies":"Time Eater","floor":51,"turns":6}],"seed_played":"4861043560602233079","potions_obtained":[{"floor":4.0,"key":"Adrenaline Potion"},{"floor":12.0,"key":"Swift Potion"},{"floor":13.0,"key":"DistilledChaos"},{"floor":14.0,"key":"Adrenaline Potion"},{"floor":14.0,"key":"Ambrosia"},{"floor":18.0,"key":"Explosive Potion"},{"floor":20.0,"key":"SkillPotion"},{"floor":35.0,"key":"PowerPotion"},{"floor":46,"key":"Elixir"}],"is_trial":false,"path_per_floor":["M","?","$","M","$","R","?","E","T","R","R","E","M","?","R","B",null,"M","$","M","?","?","E","R","R","T","$","R","E","M","?","R","B",null,"M","?","?","$","?","R","R","R","T","$","R","M","E","M","R","B","B"],"character_chosen":"WATCHER","items_purchased":["Ragnarok","Pray","Matryoshka","War Paint","Madness","Mercury Hourglass","Chemical X","Replay:AtTheReady","TalkToTheHand","Ancient Tea Set","Replay:Bottled Steam","LiquidMemories","Bag of Preparation","Singing Bowl","HandDrill","Tantrum+1","Block Potion","Adrenaline Potion","ReplayTheSpireMod:Brewmster","StoneCalendar","Snack Pack","Orrery","FairyPotion","BottledMiracle","Reflective Coating","Toy Ornithopter","ReplayTheSpireMod:ShopPack","Whetstone","Reflective Coating","Reflective Coating"],"campfire_rested":0,"item_purchase_floors":[3,3,3,3,3,5,5,5,5,19,19,19,27,27,27,27,27,27,38,38,38,38,38,38,38,44,44,44,44,44],"current_hp_per_floor":[67,67,67,66,66,66,44,36,36,36,36,36,36,36,36,36,65,48,48,48,48,48,48,48,48,48,48,48,20,22,22,22,19,69,63,48,48,54,54,54,54,54,54,58,58,60,63,64,64,9,0,0],"gold":219,"neow_bonus":"TEN_PERCENT_HP_BONUS","is_daily":false,"chose_seed":false,"campfire_upgraded":13,"win_rate":0.0,"timestamp":1611207969,"path_taken":["M","?","$","?","$","R","?","E","T","R","R","E","M","?","R","BOSS","M","$","?","?","?","E","R","R","T","$","R","E","?","?","R","BOSS","M","?","?","$","?","R","R","R","T","$","R","?","E","M","R","BOSS","BOSS"],"items_purchased_type":["Card","Card","Relic","Relic","Card","Relic","Relic","Card","Card","Relic","Relic","Potion","Relic","Relic","Relic","Card","Potion","Potion","Card","Relic","Relic","Relic","Potion","Potion","Potion","Relic","Relic","Relic","Potion","Potion"],"build_version":"2020-12-22","purchased_purges":6,"victory":false,"max_hp_per_floor":[74,74,74,74,74,74,74,74,74,74,74,74,74,74,74,74,74,74,74,74,74,74,74,74,74,74,74,74,76,78,78,78,78,84,84,84,84,90,90,90,90,90,90,94,94,96,96,98,98,98,98,98],"relic_stats":{"Singing Bowl":24,"counters":[18,73],"Yang":[42],"StoneCalendar":[52],"Bag of Preparation":[18],"Letter Opener":[131],"Whetstone":[],"War Paint":["Defend_P","Defend_P"],"Mercury Hourglass":[227],"Nunchaku":[2],"VioletLotus":[7],"Nloth\u0027s Gift":2,"HandDrill":[6],"Chemical X":[4],"obtain_stats":[{"Replay:Accelerometer":12,"Singing Bowl":27,"Replay:Purple Gloves":34,"Blue Doll":9,"Yang":34,"StoneCalendar":38,"Bag of Preparation":27,"Whetstone":44,"Ancient Tea Set":19,"Nunchaku":47,"Matryoshka":3,"WingedGreaves":5,"VioletLotus":17,"HandDrill":27,"Chemical X":5,"Replay:Bottled Steam":19,"Potion Belt":14,"Omamori":34,"Replay:Ancient Bell":34,"Letter Opener":29,"War Paint":3,"Frozen Egg 2":43,"Mercury Hourglass":5,"Replay:Baseball":34,"MutagenicStrength":31,"Orrery":38,"Onion Ring":8,"Molten Egg 2":23,"Nloth\u0027s Gift":22,"Snack Pack":38,"Membership Card":2,"PureWater":0,"Toy Ornithopter":44,"ReplayTheSpireMod:ShopPack":44},{"Replay:Accelerometer":4,"Singing Bowl":9,"Replay:Purple Gloves":12,"Blue Doll":3,"Yang":12,"StoneCalendar":13,"Bag of Preparation":9,"Whetstone":13,"Ancient Tea Set":7,"Nunchaku":15,"Matryoshka":1,"WingedGreaves":2,"VioletLotus":6,"HandDrill":9,"Chemical X":2,"Replay:Bottled Steam":7,"Potion Belt":5,"Omamori":12,"Replay:Ancient Bell":12,"Letter Opener":10,"War Paint":1,"Frozen Egg 2":13,"Mercury Hourglass":2,"Replay:Baseball":12,"MutagenicStrength":11,"Orrery":13,"Onion Ring":3,"Molten Egg 2":9,"Nloth\u0027s Gift":8,"Snack Pack":13,"Membership Card":1,"PureWater":0,"Toy Ornithopter":13,"ReplayTheSpireMod:ShopPack":13},{"Replay:Accelerometer":14,"Singing Bowl":28,"Replay:Purple Gloves":40,"Blue Doll":12,"Yang":40,"StoneCalendar":42,"Bag of Preparation":28,"Whetstone":42,"Ancient Tea Set":24,"Nunchaku":51,"Matryoshka":2,"WingedGreaves":5,"VioletLotus":21,"HandDrill":28,"Chemical X":5,"Replay:Bottled Steam":24,"Potion Belt":16,"Omamori":40,"Replay:Ancient Bell":40,"Letter Opener":32,"War Paint":2,"Frozen Egg 2":42,"Mercury Hourglass":5,"Replay:Baseball":40,"MutagenicStrength":35,"Orrery":42,"Onion Ring":12,"Molten Egg 2":28,"Nloth\u0027s Gift":27,"Snack Pack":42,"Membership Card":2,"PureWater":0,"Toy Ornithopter":42,"ReplayTheSpireMod:ShopPack":42}],"Toy Ornithopter":60},"card_choices":[{"not_picked":["JustLucky","Halt","ThirdEye"],"picked":"SKIP","floor":1.0},{"not_picked":["Adaptation","PathToVictory"],"picked":"Replay:Anticipation","floor":4.0},{"not_picked":["JustLucky","SpiritShield","Replay:AtTheReady"],"picked":"SKIP","floor":8.0},{"not_picked":["Pray","Evaluate","WreathOfFlame"],"picked":"SKIP","floor":12.0},{"not_picked":["Pray","Evaluate"],"picked":"WreathOfFlame","floor":12.0},{"not_picked":["PathToVictory","FollowUp","Study"],"picked":"SKIP","floor":13.0},{"not_picked":["Establishment","Devotion"],"picked":"Vault","floor":16.0},{"not_picked":["EmptyFist","Replay:Anticipation","Halt"],"picked":"SKIP","floor":18.0},{"not_picked":["CrushJoints","Crescendo+1"],"picked":"Replay:DivineShield","floor":20.0},{"not_picked":["JustLucky+1","BattleHymn","Consecrate+1"],"picked":"SKIP","floor":23.0},{"not_picked":["ThirdEye","Sanctity","Replay:Vibes"],"picked":"Singing Bowl","floor":29.0},{"not_picked":["DeceiveReality","Tantrum+1","Prostrate"],"picked":"Singing Bowl","floor":30.0},{"not_picked":["LessonLearned+1","SpiritShield"],"picked":"Vault","floor":33.0},{"not_picked":["Pain","Hallucinations","ReplayTheSpireMod:IOU"],"picked":"Singing Bowl","floor":34.0},{"not_picked":["Replay:Hysterical Blindness","Shame","Spreading Infection"],"picked":"Singing Bowl","floor":34.0},{"not_picked":["Injury","Looming Evil","Decay"],"picked":"Singing Bowl","floor":34.0},{"not_picked":["CrushJoints+1","Weave+1"],"picked":"Collect","floor":35.0},{"not_picked":["BowlingBash+1","DeceiveReality"],"picked":"Adaptation+1","floor":38},{"not_picked":["CarveReality+1","SignatureMove+1","Replay:Anticipation+1"],"picked":"Singing Bowl","floor":38},{"not_picked":["Study","Omniscience","Replay:AtTheReady"],"picked":"Singing Bowl","floor":38},{"not_picked":["Indignation","WheelKick+1","ThirdEye"],"picked":"Singing Bowl","floor":38},{"not_picked":["Evaluate","ThirdEye"],"picked":"Replay:Vibes+1","floor":38},{"not_picked":["HandOfGreed","Thinking Ahead"],"picked":"Crow Ritual","floor":44},{"not_picked":["Specialist","PanicButton","Jack Of All Trades"],"picked":"Singing Bowl","floor":44},{"not_picked":["Replay:BasicMightCard","Transmutation","Deep Breath"],"picked":"Singing Bowl","floor":44},{"not_picked":["Sanctity","EmptyBody","ConjureBlade"],"picked":"Singing Bowl","floor":46},{"not_picked":["FlurryOfBlows+1","Sanctity"],"picked":"MentalFortress+1","floor":47},{"not_picked":["FlurryOfBlows+1","CrushJoints+1","WaveOfTheHand"],"picked":"Singing Bowl","floor":48}],"player_experience":637194,"relics_obtained":[{"floor":8.0,"key":"Onion Ring"},{"floor":9.0,"key":"Blue Doll"},{"floor":12.0,"key":"Replay:Accelerometer"},{"floor":23.0,"key":"Molten Egg 2"},{"floor":26.0,"key":"Potion Belt"},{"floor":29.0,"key":"Letter Opener"},{"floor":43,"key":"Frozen Egg 2"},{"floor":47,"key":"Nunchaku"}],"event_choices":[{"damage_healed":0.0,"max_hp_gain":0.0,"max_hp_loss":0.0,"gold_gain":0.0,"event_name":"Upgrade Shrine","player_choice":"Upgraded","floor":2.0,"gold_loss":0.0,"damage_taken":0.0,"cards_upgraded":["Eruption"]},{"damage_healed":0.0,"max_hp_gain":0.0,"max_hp_loss":0.0,"gold_gain":0.0,"event_name":"Shining Light","player_choice":"Entered Light","floor":7.0,"gold_loss":0.0,"damage_taken":22.0,"cards_upgraded":["Ragnarok","Strike_P"]},{"damage_healed":0.0,"max_hp_gain":0.0,"max_hp_loss":0.0,"gold_gain":0.0,"event_name":"The Woman in Blue","player_choice":"Bought 2 Potions","floor":14.0,"gold_loss":0.0,"damage_taken":0.0},{"damage_healed":0.0,"max_hp_gain":0.0,"max_hp_loss":0.0,"gold_gain":0.0,"event_name":"N\u0027loth","player_choice":"Traded Relic","floor":22.0,"relics_lost":["Matryoshka"],"gold_loss":0.0,"damage_taken":0.0,"relics_obtained":["Nloth\u0027s Gift"]},{"damage_healed":0.0,"max_hp_gain":0.0,"max_hp_loss":0.0,"gold_gain":0.0,"event_name":"Drug Dealer","player_choice":"Inject Mutagens","floor":31.0,"gold_loss":0.0,"damage_taken":0.0,"relics_obtained":["MutagenicStrength"]},{"damage_healed":0,"gold_gain":0,"player_choice":"Embrace Madness","damage_taken":15,"max_hp_gain":0,"max_hp_loss":0,"event_name":"Winding Halls","floor":36,"gold_loss":0,"cards_obtained":["Madness","Madness"]},{"damage_healed":0,"gold_gain":0,"player_choice":"Ignored","damage_taken":0,"max_hp_gain":0,"max_hp_loss":0,"event_name":"SecretPortal","floor":39,"gold_loss":0}],"is_beta":false,"boss_relics":[{"not_picked":["Kintsugi","Tiny House"],"picked":"VioletLotus"},{"not_picked":["Cursed Key","Ring of Chaos"],"picked":"Replay:Ancient Bell"},{"not_picked":["Replay:Wax Seal","Replay:Rubber Ducky"],"picked":"Replay:Baseball"},{"not_picked":["Quantum Egg","HornCleat"],"picked":"Yang"},{"not_picked":["Peace Pipe","Gambling Chip"],"picked":"Replay:Purple Gloves"}],"items_purged_floors":[3,5,19,27,38,44],"is_endless":false,"potions_floor_spawned":[4,12,13,18,20,35,46],"killed_by":"Time Eater","ascension_level":20}}