{"host":"xh4jtn7krw5slv5y","time":1611197137,"event":{"mods":["BaseMod","Bestiary","Block Reminder","Colored Map","Downfall","Minty Spire (QoL Compilation)","Quick Restart","Relic Sorter","Relic Stats","StSLib"],"gold_per_floor":[99,119,79,79,94,105,105,105,135,167,183,200,200,200,214,314,314,314,330,342,342,354,354,381,381,381,281,281,281,281,281,301,397,397,397,397,447,492,519,519,565,565,588,597,624,624,659,659,674,674],"floor_reached":51,"language":"ENG","playtime":3219,"items_purged":[],"score":696,"play_id":"93f3d940-fe9a-46e6-8b0f-a26106450aa3","local_time":"20210120224537","is_ascension_mode":false,"campfire_choices":[{"data":"bronze:Frontload","floor":1,"key":"SMITH"},{"data":"bronze:RecursiveStrike","floor":8,"key":"SMITH"},{"data":"bronze:Return","floor":18,"key":"SMITH"},{"data":"bronze:Fortify","floor":27,"key":"SMITH"},{"data":"bronze:WhirlingStrike","floor":29,"key":"SMITH"},{"data":"bronze:Virus","floor":35,"key":"SMITH"},{"floor":42,"key":"REST"},{"data":"bronze:Format","floor":46,"key":"SMITH"}],"circlet_count":0,"master_deck":["bronze:Strike","bronze:Strike","bronze:Strike","bronze:Defend","bronze:Defend","bronze:Defend","bronze:Defend","bronze:Replicate","bronze:Goto","bronze:Frontload+1","bronze:Return+1","bronze:WhirlingStrike+1","bronze:BronzeOrb","bronze:RecursiveStrike+1","bronze:FollowUp","bronze:ForLoop","bronze:Format+1","CurseOfTheBell","bronze:Fortify+1","bronze:BronzeOrb","bronze:BronzeOrb+1","bronze:Virus+1","bronze:RecursiveStrike","bronze:CutThrough","bronze:FollowUp","bronze:Boost","bronze:BronzeOrb+1"],"relics":["bronze:BronzeCore","StrikeDummy","Juzu Bracelet","Du-Vu Doll","Calling Bell","Akabeko","Eternal Feather","Bird Faced Urn","CultistMask","Pear","downfall:HeartBlessingBlue","Calipers","SlaversCollar","bronze:BottledCode","CaptainsWheel","Girya","Ancient Tea Set","Unceasing Top","CeramicFish","Sundial"],"acts_visited":["Exordium","TheCity","TheBeyond"],"potions_floor_usage":[33,33,50,50,50],"damage_taken":[{"damage":0,"enemies":"Cultist","floor":2,"turns":4},{"damage":0,"enemies":"downfall:FleeingMerchant","floor":3,"turns":4},{"damage":5,"enemies":"Small Slimes","floor":5,"turns":4},{"damage":0,"enemies":"2 Louse","floor":6,"turns":2},{"damage":3,"enemies":"Lagavulin","floor":10,"turns":7},{"damage":8,"enemies":"Blue Slaver","floor":11,"turns":3},{"damage":7,"enemies":"Lots of Slimes","floor":12,"turns":4},{"damage":0,"enemies":"Exordium Thugs","floor":15,"turns":3},{"damage":30,"enemies":"IC_STATUS_ARCHETYPE","floor":16,"turns":9},{"damage":0,"enemies":"Spheric Guardian","floor":19,"turns":3},{"damage":1,"enemies":"Chosen","floor":20,"turns":7},{"damage":15,"enemies":"3 Cultists","floor":22,"turns":5},{"damage":0,"enemies":"Sentry and Sphere","floor":32,"turns":2},{"damage":76,"enemies":"DF_ARCHETYPE_CLAW","floor":33,"turns":12},{"damage":0,"enemies":"DF_ARCHETYPE_CLAW","floor":37,"turns":4},{"damage":73,"enemies":"2 Orb Walkers","floor":38,"turns":6},{"damage":0,"enemies":"Orb Walker","floor":43,"turns":2},{"damage":0,"enemies":"3 Darklings","floor":45,"turns":4},{"damage":3,"enemies":"Nemesis","floor":47,"turns":5},{"damage":0,"enemies":"Jaw Worm Horde","floor":49,"turns":4},{"damage":11,"enemies":"WA_ARCHETYPE_DIVINITY","floor":50,"turns":14}],"seed_played":"-9216133217388238951","potions_obtained":[{"floor":5,"key":"SpeedPotion"},{"floor":12,"key":"GamblersBrew"},{"floor":15,"key":"SteroidPotion"},{"floor":16,"key":"Energy Potion"},{"floor":26,"key":"CultistPotion"},{"floor":38,"key":"Dexterity Potion"},{"floor":45,"key":"hexamod:SoulburnPotion"}],"is_trial":false,"path_per_floor":["R","M","$","?","M","M","T","R","?","E","M","M","?","T","M","B",null,"R","M","M","?","M","?","T","T","?","R","?","R","?","?","M","B",null,"R","?","?","?","T","?","T","R","M","?","M","R","E","?","M","B",null],"character_chosen":"THE_AUTOMATON","items_purchased":["bronze:WhirlingStrike"],"campfire_rested":1,"item_purchase_floors":[3],"current_hp_per_floor":[70,70,70,70,65,65,65,65,65,62,54,47,47,47,47,17,70,70,70,69,69,54,54,54,64,64,86,86,90,90,90,90,14,90,90,80,80,7,7,7,7,43,43,43,43,58,55,55,55,44],"gold":674,"neow_bonus":"THREE_CARDS","is_daily":false,"chose_seed":false,"campfire_upgraded":7,"win_rate":0.0,"timestamp":1611197137,"path_taken":["R","M","$","?","M","M","T","R","?","E","M","M","?","?","M","BOSS","R","M","M","?","M","?","T","?","?","R","?","R","?","?","M","BOSS","R","?","?","?","?","?","T","R","M","?","M","R","E","?","M","BOSS"],"items_purchased_type":["Card"],"build_version":"2020-12-22","purchased_purges":0,"victory":true,"max_hp_per_floor":[70,70,70,70,70,70,70,70,70,70,70,70,70,70,70,70,70,70,70,70,70,70,70,70,80,80,90,90,90,90,90,90,90,90,90,80,80,80,80,80,80,80,80,80,80,80,80,80,80,80],"relic_stats":{"counters":[21,108],"Sundial":[4],"Bird Faced Urn":[0],"CeramicFish":36,"Eternal Feather":43,"Juzu Bracelet":2,"obtain_stats":[{"Girya":38,"bronze:BronzeCore":0,"Pear":25,"Calipers":31,"CeramicFish":41,"Eternal Feather":17,"Juzu Bracelet":10,"Ancient Tea Set":39,"Akabeko":17,"Du-Vu Doll":14,"Calling Bell":17,"bronze:BottledCode":36,"SlaversCollar":34,"CaptainsWheel":37,"downfall:HeartBlessingBlue":27,"Sundial":47,"Bird Faced Urn":17,"CultistMask":21,"StrikeDummy":7,"Unceasing Top":40},{"Girya":16,"bronze:BronzeCore":0,"Pear":12,"Calipers":12,"CeramicFish":16,"Eternal Feather":9,"Juzu Bracelet":5,"Ancient Tea Set":16,"Akabeko":9,"Du-Vu Doll":7,"Calling Bell":9,"bronze:BottledCode":14,"SlaversCollar":14,"CaptainsWheel":15,"downfall:HeartBlessingBlue":12,"Sundial":19,"Bird Faced Urn":9,"CultistMask":11,"StrikeDummy":4,"Unceasing Top":16},{"Girya":79,"bronze:BronzeCore":0,"Pear":55,"Calipers":55,"CeramicFish":79,"Eternal Feather":40,"Juzu Bracelet":21,"Ancient Tea Set":79,"Akabeko":40,"Du-Vu Doll":28,"Calling Bell":40,"bronze:BottledCode":69,"SlaversCollar":69,"CaptainsWheel":73,"downfall:HeartBlessingBlue":55,"Sundial":90,"Bird Faced Urn":40,"CultistMask":50,"StrikeDummy":14,"Unceasing Top":79}],"Unceasing Top":[4]},"card_choices":[{"not_picked":["bronze:Safeguard","bronze:BuggyMess"],"picked":"bronze:Frontload","floor":0},{"not_picked":["bronze:Turbo","bronze:Iterate"],"picked":"bronze:Return","floor":2},{"not_picked":["bronze:Repulsor","bronze:Overheat","bronze:OilSpill"],"picked":"SKIP","floor":3},{"not_picked":["bronze:ItsAFeature","bronze:WildBeam"],"picked":"bronze:BronzeOrb","floor":5},{"not_picked":["bronze:DelayedGuard","bronze:Repulsor"],"picked":"bronze:RecursiveStrike","floor":6},{"not_picked":["bronze:Turbo","bronze:Frontload","bronze:OilSpill"],"picked":"SKIP","floor":10},{"not_picked":["bronze:Invalidate","bronze:DigitalCarnage"],"picked":"bronze:FollowUp","floor":11},{"not_picked":["bronze:Invalidate","bronze:WildBeam"],"picked":"bronze:ForLoop","floor":12},{"not_picked":["bronze:BugBarrage","bronze:ItsAFeature","bronze:DelayedGuard"],"picked":"SKIP","floor":15},{"not_picked":["bronze:ThunderWave","bronze:BurnOut"],"picked":"bronze:Format","floor":16},{"not_picked":["bronze:Overload","bronze:Deprecate"],"picked":"bronze:Fortify","floor":19},{"not_picked":["bronze:BronzeArmor+1","bronze:Shield+1"],"picked":"bronze:BronzeOrb","floor":20},{"not_picked":["bronze:CutThrough","bronze:BugBarrage"],"picked":"bronze:BronzeOrb+1","floor":22},{"not_picked":["bronze:Frontload","bronze:ChildClass+1","bronze:ForceShield"],"picked":"SKIP","floor":32},{"not_picked":["bronze:Mutator","bronze:Break"],"picked":"bronze:RecursiveStrike","floor":33},{"not_picked":["bronze:Shield+1","bronze:WhirlingStrike"],"picked":"bronze:CutThrough","floor":43},{"not_picked":["bronze:Frontload","bronze:Invalidate+1"],"picked":"bronze:Boost","floor":45},{"not_picked":["bronze:Invalidate","bronze:ClassDefault"],"picked":"bronze:BronzeOrb+1","floor":47},{"not_picked":["bronze:FollowUp+1","bronze:Turbo","bronze:DelayedSlice"],"picked":"SKIP","floor":49}],"player_experience":318118,"relics_obtained":[{"floor":7,"key":"StrikeDummy"},{"floor":10,"key":"Juzu Bracelet"},{"floor":14,"key":"Du-Vu Doll"},{"floor":17,"key":"Akabeko"},{"floor":17,"key":"Eternal Feather"},{"floor":17,"key":"Bird Faced Urn"},{"floor":25,"key":"Pear"},{"floor":37,"key":"CaptainsWheel"},{"floor":38,"key":"Girya"},{"floor":39,"key":"Ancient Tea Set"},{"floor":40,"key":"Unceasing Top"},{"floor":41,"key":"CeramicFish"},{"floor":47,"key":"Sundial"}],"event_choices":[{"cards_removed":["bronze:Strike"],"damage_healed":0,"gold_gain":0,"player_choice":"Card Removal","damage_taken":0,"max_hp_gain":0,"max_hp_loss":0,"event_name":"The Cleric","floor":4,"gold_loss":0},{"damage_healed":0,"gold_gain":0,"player_choice":"Trade","damage_taken":0,"relics_obtained":["CultistMask"],"max_hp_gain":0,"max_hp_loss":0,"event_name":"FaceTrader","floor":21,"gold_loss":0},{"damage_healed":0,"gold_gain":0,"player_choice":"Ignored","damage_taken":0,"max_hp_gain":0,"max_hp_loss":0,"event_name":"Vampires","floor":28,"gold_loss":0},{"damage_healed":0,"gold_gain":0,"player_choice":"Read","damage_taken":0,"max_hp_gain":0,"max_hp_loss":0,"event_name":"The Library","floor":30,"gold_loss":0,"cards_obtained":["bronze:Virus"]},{"damage_healed":0,"gold_gain":0,"player_choice":"Fight","damage_taken":0,"max_hp_gain":0,"max_hp_loss":0,"event_name":"Mysterious Sphere","floor":38,"gold_loss":0}],"is_beta":false,"boss_relics":[{"not_picked":["SacredBark","bronze:MakeshiftBattery"],"picked":"Calling Bell"},{"not_picked":["Black Star","Fusion Hammer"],"picked":"SlaversCollar"}],"items_purged_floors":[],"is_endless":false,"potions_floor_spawned":[5,12,15,16,19,20,32,38,45,49],"ascension_level":0}}