{"host":"2zc57igszyqgae0y","time":1611229757,"event":{"mods":["ATMod(°¢èªMod)","Act Like it!","Aspiration","BaseMod","CapriCore","GifTheSpireLib","Minty Spire (QoL Compilation)","Quick Restart","Rare Cards Sparkle","Replay The Spire","RumiaBox-Â¶Ã×æ«µÄÉñÃØºÐ×Ó","SIMod","Shop Mod","StSLib","[IsaacMod]ÒÔÈö¼âËþ","vexMod"],"gold_per_floor":[111,124,124,224,241,241,268,282,355,365,101,101,101,276,276,380,1046,1056,656,571,587,527,562,562,591,591,608,628,346,359,359,359,457,457,473,876,893,98,0,0,12,12,12,62,62,73,107,121,121,121],"floor_reached":51,"language":"ZHS","playtime":1888,"items_purged":["Regret","Pride","Pride","Pride","Strike_R"],"score":1226,"play_id":"eb00b3bc-413a-46b3-9ac3-454fa03be55d","local_time":"20210121194917","is_ascension_mode":true,"campfire_choices":[{"data":"EpicFetus","floor":6,"key":"SMITH"},{"floor":13,"key":"REST"},{"floor":15,"key":"REST"},{"floor":24,"key":"REST"},{"floor":32,"key":"REST"},{"data":"Barricade","floor":40,"key":"SMITH"},{"data":"Demon Form","floor":42,"key":"SMITH"},{"data":"Strike_R","floor":49,"key":"PURGE"}],"circlet_count":0,"master_deck":["AscendersBane","Strike_R+1","Strike_R","Strike_R","Defend_R+1","Defend_R","Defend_R","Defend_R","Bash+1","EpicFetus+1","AT_FamilyPortrait+1","Shrug It Off+1","AT_ManFootWork","Doubt","Immolate","Pommel Strike","Sword Boomerang+1","Armaments","Bloodletting","Demon Form+1","Battle Trance+1","Shrug It Off+1","Second Wind","Barricade+1","AT_BodySlamDance","Shrug It Off+1"],"relics":["Burning Blood","HushsDoor","AT_ATBox","aspiration:Nostalgia","Replay:M_SmolderingBlood","GuppysPaw","War Paint","GnawedLeaf","InkBottle","Membership Card","Art of War","vexMod:RockOfEvil","GuppysHead","AT_Kusabimaru","TheAbacus","Whetstone","Lizard Tail","Pen Nib","aspiration:Stabinomicon","AT_ForceNature","MealTicket","aspiration:FrozenJewel","vexMod:BigBerry","ReplayFunnel","Replay:Mystery Machine","D6","Medical Kit","HornCleat","Bottled Lightning","Sling","Gremlin Food","DeadEye","Red Mask","Centennial Puzzle","vexMod:PlasmaPancake","Replay:Rubber Ducky","Eternal Feather"],"acts_visited":["Exordium","TheCity","TheBeyond"],"potions_floor_usage":[8,16,18,23,23,33,33,37,37,50,50],"damage_taken":[{"damage":12,"enemies":"Jaw Worm","floor":1,"turns":4},{"damage":0,"enemies":"Cultist","floor":2,"turns":3},{"damage":9,"enemies":"2 Louse","floor":5,"turns":4},{"damage":23,"enemies":"Gremlin Nob","floor":7,"turns":4},{"damage":37,"enemies":"Exordium Thugs","floor":8,"turns":6},{"damage":12,"enemies":"Exordium Wildlife","floor":10,"turns":3},{"damage":28,"enemies":"Hexaghost","floor":16,"turns":7},{"damage":46,"enemies":"2 Thieves","floor":18,"turns":4},{"damage":0,"enemies":"Chosen","floor":21,"turns":4},{"damage":25,"enemies":"Slavers","floor":23,"turns":3},{"damage":24,"enemies":"Book of Stabbing","floor":25,"turns":5},{"damage":5,"enemies":"Snecko","floor":27,"turns":3},{"damage":6,"enemies":"3 Cultists","floor":28,"turns":3},{"damage":0,"enemies":"Shelled Parasite and Fungi","floor":30,"turns":2},{"damage":14,"enemies":"Collector","floor":33,"turns":7},{"damage":14,"enemies":"Orb Walker","floor":35,"turns":4},{"damage":50000019,"enemies":"3 Shapes","floor":36,"turns":5},{"damage":9,"enemies":"Transient","floor":37,"turns":5},{"damage":1,"enemies":"4 Shapes","floor":41,"turns":6},{"damage":1,"enemies":"Mind Bloom Boss Battle","floor":44,"turns":3},{"damage":3,"enemies":"Spire Growth","floor":46,"turns":3},{"damage":2,"enemies":"Giant Head","floor":47,"turns":4},{"damage":0,"enemies":"3 Darklings","floor":48,"turns":3},{"damage":33,"enemies":"Time Eater","floor":50,"turns":9}],"seed_played":"-7132445830061571832","potions_obtained":[{"floor":7,"key":"Block Potion"},{"floor":8,"key":"BloodPotion"},{"floor":10,"key":"PowerPotion"},{"floor":18,"key":"ColorlessPotion"},{"floor":28,"key":"FearPotion"},{"floor":30,"key":"Venom Potion"},{"floor":33,"key":"SteroidPotion"},{"floor":35,"key":"Elixir"},{"floor":36,"key":"Regen Potion"},{"floor":36,"key":"DuplicationPotion"},{"floor":44,"key":"BlessingOfTheForge"},{"floor":48,"key":"Milkshake"}],"is_trial":false,"path_per_floor":["M","M","?","?","M","R","E","M","T","M","$","?","R","?","R","B",null,"M","$","?","M","?","E","R","E","T","M","M","$","M","?","R","B",null,"M","M","M","$","?","R","M","R","T","?","T","M","E","M","R","B",null],"character_chosen":"IRONCLAD","items_purchased":["Membership Card","Art of War","GuppysHead","AT_Kusabimaru","Pommel Strike","TheAbacus","Whetstone","PowerPotion","MealTicket","aspiration:FrozenJewel","Armaments","Medical Kit","Second Wind","HornCleat","Barricade","Bottled Lightning","Sling","Gremlin Food","DeadEye"],"campfire_rested":4,"item_purchase_floors":[11,11,17,19,19,19,19,19,29,29,29,38,38,38,38,38,38,38,38],"current_hp_per_floor":[66,72,72,72,69,69,52,21,21,15,15,15,38,38,61,39,56,28,28,28,34,34,15,33,15,15,16,16,16,22,13,31,23,77,69,29,41,56,56,56,61,61,61,72,72,75,86,91,91,64],"gold":121,"neow_bonus":"NOSTALGIA","is_daily":false,"chose_seed":false,"campfire_upgraded":3,"win_rate":0.0,"timestamp":1611229757,"path_taken":["M","M","?","?","?","R","E","M","T","M","$","?","R","?","R","BOSS","M","$","?","M","?","E","R","E","T","M","M","$","?","?","R","BOSS","M","M","M","$","?","R","M","R","T","?","?","?","E","M","R","BOSS"],"items_purchased_type":["Relic","Relic","Relic","Relic","Card","Relic","Relic","Potion","Relic","Relic","Card","Relic","Card","Relic","Card","Relic","Relic","Relic","Relic"],"build_version":"2020-12-22","purchased_purges":5,"victory":true,"max_hp_per_floor":[80,80,80,80,80,80,80,80,80,77,77,77,77,77,77,77,62,62,62,62,62,62,62,62,56,56,56,56,56,56,61,61,55,85,85,85,85,85,85,85,85,85,85,91,91,91,91,91,91,88],"card_choices":[{"not_picked":[],"picked":"EpicFetus","floor":0},{"not_picked":["Disarm","Havoc"],"picked":"Shrug It Off","floor":1},{"not_picked":["Anger","AT_IchimonjiDouble"],"picked":"Bomb","floor":2},{"not_picked":["Warcry","Juggernaut"],"picked":"AT_ManFootWork","floor":4},{"not_picked":["Halt","Bloodletting","Run Through"],"picked":"SKIP","floor":5},{"not_picked":["Brutality","Halt","Twin Strike"],"picked":"SKIP","floor":7},{"not_picked":["Headbutt","AT_BodySlamDance","Combust"],"picked":"SKIP","floor":8},{"not_picked":["Replay:Undeath\u0027s Touch","ReplayTheSpireMod:Strike From Hell","Havoc"],"picked":"SKIP","floor":10},{"not_picked":["Bludgeon","Feed"],"picked":"Immolate","floor":16},{"not_picked":["Blood for Blood","Havoc+1","Replay:Undeath\u0027s Touch"],"picked":"SKIP","floor":18},{"not_picked":["Evolve","Metallicize","Pummel"],"picked":"SKIP","floor":21},{"not_picked":["Pummel","ReplayTheSpireMod:Muscle Training","AT_BodySlamDance"],"picked":"SKIP","floor":23},{"not_picked":["AT_IchimonjiDouble","Perfected Strike"],"picked":"Sword Boomerang+1","floor":25},{"not_picked":["Whirlwind","Rampage","Anger"],"picked":"SKIP","floor":27},{"not_picked":["Cleave+1","Warcry","Twin Strike"],"picked":"SKIP","floor":28},{"not_picked":["Brutality","AT_DrawKnifeCut"],"picked":"Bloodletting","floor":30},{"not_picked":["Corruption","Bludgeon"],"picked":"Demon Form","floor":33},{"not_picked":["AT_BodySlamDance+1","ReplayTheSpireMod:Strike From Hell+1","Shrug It Off"],"picked":"SKIP","floor":35},{"not_picked":["Shockwave+1","Sword Boomerang+1"],"picked":"Battle Trance+1","floor":36},{"not_picked":["ReplayTheSpireMod:Stacked","Dropkick"],"picked":"Shrug It Off+1","floor":36},{"not_picked":["Shrug It Off","Wild Strike+1","ReplayTheSpireMod:Strike From Hell+1"],"picked":"SKIP","floor":37},{"not_picked":["Warcry","Replay:Undeath\u0027s Touch+1","Iron Wave"],"picked":"SKIP","floor":41},{"not_picked":["AT_IchimonjiDouble+1","Headbutt"],"picked":"AT_BodySlamDance","floor":46},{"not_picked":["Warcry","Fire Breathing","Thunderclap+1"],"picked":"SKIP","floor":47},{"not_picked":["Replay:Undeath\u0027s Touch+1","Perfected Strike+1"],"picked":"Shrug It Off+1","floor":48}],"player_experience":300671,"relics_obtained":[{"floor":7,"key":"GnawedLeaf"},{"floor":9,"key":"InkBottle"},{"floor":23,"key":"Pen Nib"},{"floor":25,"key":"aspiration:Stabinomicon"},{"floor":26,"key":"AT_ForceNature"},{"floor":36,"key":"ReplayFunnel"},{"floor":36,"key":"Replay:Mystery Machine"},{"floor":36,"key":"D6"},{"floor":43,"key":"Centennial Puzzle"},{"floor":44,"key":"vexMod:PlasmaPancake"},{"floor":45,"key":"Replay:Rubber Ducky"},{"floor":47,"key":"Eternal Feather"}],"event_choices":[{"damage_healed":0,"gold_gain":0,"player_choice":"Box","damage_taken":0,"relics_obtained":["War Paint"],"max_hp_gain":0,"max_hp_loss":0,"event_name":"Big Fish","floor":3,"gold_loss":0,"cards_obtained":["Regret"]},{"damage_healed":0,"gold_gain":0,"player_choice":"Forge","damage_taken":0,"max_hp_gain":0,"max_hp_loss":0,"event_name":"Accursed Blacksmith","floor":12,"gold_loss":0,"cards_upgraded":["AT_FamilyPortrait"]},{"damage_healed":0,"gold_gain":175,"player_choice":"AGREE","damage_taken":0,"max_hp_gain":0,"max_hp_loss":0,"event_name":"Liars Game","floor":14,"gold_loss":0,"cards_obtained":["Doubt"]},{"damage_healed":0,"gold_gain":0,"player_choice":"Obtained Relic","damage_taken":0,"relics_obtained":["Lizard Tail"],"max_hp_gain":0,"max_hp_loss":0,"event_name":"Addict","floor":20,"gold_loss":85},{"damage_healed":0,"gold_gain":0,"player_choice":"Shed Blood","damage_taken":14,"max_hp_gain":5,"max_hp_loss":0,"event_name":"Forgotten Altar","floor":31,"gold_loss":0},{"damage_healed":0,"gold_gain":0,"player_choice":"Paid","damage_taken":0,"relics_obtained":["Red Mask"],"max_hp_gain":0,"max_hp_loss":0,"event_name":"Tomb of Lord Red Mask","floor":39,"gold_loss":98},{"damage_healed":0,"gold_gain":0,"player_choice":"Fight","damage_taken":0,"max_hp_gain":0,"max_hp_loss":0,"event_name":"MindBloom","floor":44,"gold_loss":0}],"is_beta":false,"boss_relics":[{"not_picked":["vexMod:ImprovementManual","aspiration:PoetsPen_weak"],"picked":"vexMod:RockOfEvil"},{"not_picked":[]},{"not_picked":["aspiration:RunicSpoon","Kintsugi"],"picked":"vexMod:BigBerry"},{"not_picked":[]}],"items_purged_floors":[11,17,19,29,38],"is_endless":false,"potions_floor_spawned":[7,8,10,18,28,30,33,35,44,48],"ascension_level":10}}