{"host":"Meta","time":1611247950,"event":{"mods":["BaseMod","Bestiary","Custom Start","Hubris","Infinite Spire","Minty Spire (QoL Compilation)","Relic Stats","StSLib"],"gold_per_floor":[114,129,129,129,129,154,154,165,165,179,214,231,243,273,273,377,377,394,409,409,409,423,458,475,490,539,539,552,623,722,755,755,860,860,873,873,888,908,908,942,942,953,979,979,997,1010,1010,1026,1026,1122,1122,1112,1119,1119,1126,1126,1028,953,917,943,935,917,917,917,964,964,972,972,912,898,898,898,866,856,856,832,832,802,802],"floor_reached":78,"language":"ENG","playtime":3396,"items_purged":["Writhe","White Noise"],"score":1679,"play_id":"6f1223a8-adb1-4897-af7a-aa8aeb137637","local_time":"20210121175230","is_ascension_mode":false,"campfire_choices":[{"data":"White Noise","floor":7,"key":"SMITH"},{"data":"White Noise","floor":15,"key":"SMITH"},{"data":"White Noise","floor":27,"key":"SMITH"},{"data":"White Noise","floor":32,"key":"SMITH"},{"data":"White Noise","floor":41,"key":"SMITH"},{"data":"White Noise","floor":49,"key":"SMITH"},{"data":"White Noise","floor":64,"key":"SMITH"},{"data":"White Noise","floor":66,"key":"SMITH"},{"data":"White Noise","floor":75,"key":"SMITH"}],"circlet_count":0,"master_deck":["White Noise+1","White Noise+1","White Noise+1","White Noise+1","White Noise+1","White Noise+1","White Noise+1","White Noise+1","White Noise+1","White Noise+1","White Noise+1","White Noise+1","White Noise","White Noise","White Noise","White Noise","White Noise","White Noise","White Noise","White Noise","White Noise","White Noise","White Noise","White Noise","White Noise","White Noise","White Noise","White Noise","White Noise","White Noise+1","White Noise","White Noise","White Noise","White Noise","White Noise","White Noise","White Noise","White Noise","White Noise","White Noise","White Noise","White Noise","White Noise","White Noise","White Noise","White Noise+1","White Noise","White Noise","White Noise","White Noise","White Noise","White Noise+1","White Noise","White Noise","White Noise","White Noise","White Noise","White Noise","White Noise"],"relics":["Cracked Core","Unceasing Top","War Paint","Mummified Hand","Bird Faced Urn","infinitespire:Bottled Soul","hubris:Towel","Ice Cream","hubris:CrystalStatue","Whetstone","infinitespire:FocusingShard","Black Star","PreservedInsect","hubris:Metronome","Turnip","hubris:BallOfYels","infinitespire:CheckeredPen","Akabeko","hubris:MedicalManual","Coffee Dripper","DataDisk","infinitespire:Freezer","Boot","hubris:Icosahedron","Pandora\u0027s Box","hubris:Spice","Potion Belt","Darkstone Periapt","infinitespire:Beetle Shell","hubris:BottledRain","MutagenicStrength","Letter Opener"],"acts_visited":["Exordium","TheCity","TheBeyond","Exordium","TheCity"],"potions_floor_usage":[70],"damage_taken":[{"damage":10,"enemies":"Small Slimes","floor":1,"turns":2},{"damage":0,"enemies":"Cultist","floor":2,"turns":2},{"damage":0,"enemies":"3 Sentries","floor":6,"turns":2},{"damage":7,"enemies":"2 Louse","floor":8,"turns":2},{"damage":0,"enemies":"Large Slime","floor":10,"turns":2},{"damage":0,"enemies":"Lagavulin","floor":11,"turns":3},{"damage":0,"enemies":"Blue Slaver","floor":12,"turns":1},{"damage":0,"enemies":"Looter","floor":13,"turns":1},{"damage":0,"enemies":"Gremlin Nob","floor":14,"turns":1},{"damage":0,"enemies":"Hexaghost","floor":16,"turns":2},{"damage":20,"enemies":"2 Thieves","floor":18,"turns":2},{"damage":0,"enemies":"Chosen","floor":19,"turns":2},{"damage":14,"enemies":"Snake Plant","floor":22,"turns":3},{"damage":0,"enemies":"Slavers","floor":23,"turns":1},{"damage":20,"enemies":"Centurion and Healer","floor":24,"turns":2},{"damage":0,"enemies":"Snecko","floor":25,"turns":2},{"damage":21,"enemies":"Snake Plant","floor":28,"turns":2},{"damage":10,"enemies":"Nightmare","floor":31,"turns":2},{"damage":0,"enemies":"Automaton","floor":33,"turns":2},{"damage":9,"enemies":"3 Shapes","floor":35,"turns":2},{"damage":0,"enemies":"Orb Walker","floor":37,"turns":2},{"damage":9,"enemies":"4 Shapes","floor":38,"turns":2},{"damage":15,"enemies":"Nightmare","floor":40,"turns":2},{"damage":0,"enemies":"3 Darklings","floor":42,"turns":1},{"damage":0,"enemies":"Transient","floor":45,"turns":3},{"damage":0,"enemies":"Sphere and 2 Shapes","floor":46,"turns":1},{"damage":3,"enemies":"Writhing Mass","floor":48,"turns":2},{"damage":16,"enemies":"hubris:GrandSnecko","floor":50,"turns":2},{"damage":0,"enemies":"Cultist","floor":52,"turns":1},{"damage":0,"enemies":"Small Slimes","floor":53,"turns":1},{"damage":0,"enemies":"Jaw Worm","floor":55,"turns":1},{"damage":0,"enemies":"Nightmare","floor":57,"turns":1},{"damage":0,"enemies":"Gremlin Gang","floor":59,"turns":2},{"damage":0,"enemies":"Lagavulin","floor":61,"turns":1},{"damage":0,"enemies":"Red Slaver","floor":62,"turns":1},{"damage":0,"enemies":"Lagavulin Event","floor":65,"turns":1},{"damage":0,"enemies":"Hexaghost","floor":67,"turns":2},{"damage":0,"enemies":"3 Byrds","floor":69,"turns":1},{"damage":0,"enemies":"2 Thieves","floor":70,"turns":1},{"damage":0,"enemies":"Snake Plant","floor":73,"turns":1},{"damage":24,"enemies":"Gremlin Leader","floor":74,"turns":2},{"damage":0,"enemies":"Book of Stabbing","floor":76,"turns":2},{"damage":36,"enemies":"Nightmare","floor":78,"turns":2}],"seed_played":"-3395571324997102964","potions_obtained":[{"floor":2,"key":"Weak Potion"},{"floor":10,"key":"Dexterity Potion"},{"floor":12,"key":"Weak Potion"},{"floor":42,"key":"EssenceOfDarkness"},{"floor":59,"key":"Swift Potion"}],"is_trial":true,"path_per_floor":["M","M","?","$","?","E","R","M","T","M","E","M","M","E","R","B",null,"M","M","?","?","M","E","M","M","T","R","M","T","?","NM","R","B",null,"M","AVR","M","M","?","NM","R","M","T","?","M","M","?","M","R","B",null,"M","M","?","M","?","NM","$","M","T","E","M","?","R","?","R","B",null,"M","M","?","?","M","E","R","E","T","NM"],"character_chosen":"DEFECT","items_purchased":[],"campfire_rested":0,"item_purchase_floors":[],"current_hp_per_floor":[75,75,75,75,75,75,75,75,75,75,75,75,75,75,75,75,75,63,75,75,75,75,75,69,75,75,75,68,68,68,65,65,75,75,75,75,75,75,75,60,60,75,75,71,71,71,71,71,71,71,71,71,71,57,69,69,79,79,79,87,79,77,65,65,77,77,77,69,69,67,67,67,67,49,49,39,31,0,0],"gold":802,"neow_bonus":"","is_daily":false,"chose_seed":false,"campfire_upgraded":9,"win_rate":0.0,"timestamp":1611247950,"path_taken":["M","M","?","?","?","E","R","?","T","M","E","M","M","E","R","BOSS","M","M","?","?","?","E","M","?","T","R","?","?","?","NM","R","BOSS","M","AVR","M","M","?","NM","R","M","T","?","M","M","?","M","R","BOSS","M","M","?","M","?","NM","$","M","T","E","M","?","R","?","R","BOSS","M","M","?","?","M","E","R","E","T","NM"],"items_purchased_type":[],"build_version":"2020-12-18","purchased_purges":2,"victory":false,"max_hp_per_floor":[75,75,75,75,75,75,75,75,75,75,75,75,75,75,75,75,75,75,75,75,75,75,75,75,75,75,75,75,75,75,75,75,75,75,75,75,75,75,75,75,75,75,75,71,71,71,71,71,71,71,71,71,71,71,71,71,79,79,79,87,79,77,77,77,77,77,77,69,69,67,67,67,67,49,49,39,31,31,31],"relic_stats":{"Darkstone Periapt":24,"counters":[43,73],"PreservedInsect":581,"Whetstone":[],"Letter Opener":[20],"War Paint":["White Noise","White Noise"],"Boot":[0],"Mummified Hand":[623],"Bird Faced Urn":[192],"Pandora\u0027s Box":[],"Turnip":[2],"Black Star":7,"obtain_stats":[{"Ice Cream":6,"Darkstone Periapt":61,"hubris:BallOfYels":26,"hubris:Metronome":23,"hubris:CrystalStatue":9,"Whetstone":11,"Boot":43,"hubris:Icosahedron":47,"Mummified Hand":0,"infinitespire:Bottled Soul":0,"Cracked Core":0,"Potion Belt":57,"infinitespire:FocusingShard":14,"PreservedInsect":21,"hubris:MedicalManual":31,"infinitespire:Beetle Shell":63,"infinitespire:CheckeredPen":29,"Letter Opener":76,"War Paint":0,"hubris:Towel":5,"Akabeko":31,"DataDisk":40,"hubris:Spice":57,"Bird Faced Urn":0,"MutagenicStrength":71,"Pandora\u0027s Box":51,"Turnip":23,"Black Star":17,"Coffee Dripper":34,"Unceasing Top":0,"infinitespire:Freezer":40,"hubris:BottledRain":65},{"Ice Cream":3,"Darkstone Periapt":34,"hubris:BallOfYels":16,"hubris:Metronome":14,"hubris:CrystalStatue":4,"Whetstone":6,"Boot":24,"hubris:Icosahedron":26,"Mummified Hand":0,"infinitespire:Bottled Soul":0,"Cracked Core":0,"Potion Belt":32,"infinitespire:FocusingShard":9,"PreservedInsect":12,"hubris:MedicalManual":18,"infinitespire:Beetle Shell":35,"infinitespire:CheckeredPen":17,"Letter Opener":42,"War Paint":0,"hubris:Towel":2,"Akabeko":18,"DataDisk":23,"hubris:Spice":32,"Bird Faced Urn":0,"MutagenicStrength":39,"Pandora\u0027s Box":28,"Turnip":14,"Black Star":10,"Coffee Dripper":19,"Unceasing Top":0,"infinitespire:Freezer":23,"hubris:BottledRain":36},{"Ice Cream":6,"Darkstone Periapt":60,"hubris:BallOfYels":30,"hubris:Metronome":26,"hubris:CrystalStatue":8,"Whetstone":13,"Boot":45,"hubris:Icosahedron":49,"Mummified Hand":0,"infinitespire:Bottled Soul":0,"Cracked Core":0,"Potion Belt":57,"infinitespire:FocusingShard":16,"PreservedInsect":22,"hubris:MedicalManual":34,"infinitespire:Beetle Shell":61,"infinitespire:CheckeredPen":32,"Letter Opener":71,"War Paint":0,"hubris:Towel":4,"Akabeko":34,"DataDisk":44,"hubris:Spice":57,"Bird Faced Urn":0,"MutagenicStrength":66,"Pandora\u0027s Box":53,"Turnip":26,"Black Star":18,"Coffee Dripper":36,"Unceasing Top":0,"infinitespire:Freezer":44,"hubris:BottledRain":62}],"Unceasing Top":[126]},"card_choices":[{"not_picked":["Streamline","FTL","Chill"],"picked":"SKIP","floor":1},{"not_picked":["Redo","Compile Driver","Gash"],"picked":"SKIP","floor":2},{"not_picked":["Beam Cell","Undo","Steam"],"picked":"SKIP","floor":6},{"not_picked":["Genetic Algorithm","Scrape","Gash"],"picked":"SKIP","floor":8},{"not_picked":["Sunder","Ball Lightning","Barrage"],"picked":"SKIP","floor":10},{"not_picked":["Steam Power","Go for the Eyes","Undo"],"picked":"SKIP","floor":11},{"not_picked":["Steam","Aggregate","Ball Lightning"],"picked":"SKIP","floor":12},{"not_picked":["Scrape","Leap","hubris:Ukulele"],"picked":"SKIP","floor":13},{"not_picked":["Beam Cell","BootSequence","Go for the Eyes"],"picked":"SKIP","floor":14},{"not_picked":["Sunder","Tempest+1","Consume"],"picked":"SKIP","floor":18},{"not_picked":["Sweeping Beam","Blizzard+1","Melter+1"],"picked":"SKIP","floor":19},{"not_picked":["Conserve Battery","Leap+1","Multi-Cast"],"picked":"SKIP","floor":22},{"not_picked":["Barrage","Reinforced Body","Coolheaded"],"picked":"SKIP","floor":23},{"not_picked":["Ball Lightning","Genetic Algorithm","Barrage"],"picked":"SKIP","floor":24},{"not_picked":["Conserve Battery","Recycle","Leap"],"picked":"SKIP","floor":25},{"not_picked":["Recycle","Melter","Sweeping Beam"],"picked":"SKIP","floor":28},{"not_picked":["Beam Cell+1","hubris:PowerSurge","Rip and Tear"],"picked":"SKIP","floor":31},{"not_picked":["Loop","Turbo+1","Compile Driver"],"picked":"SKIP","floor":35},{"not_picked":["Hologram","Melter+1","Beam Cell"],"picked":"SKIP","floor":37},{"not_picked":["Static Discharge","Rip and Tear","Consume"],"picked":"SKIP","floor":38},{"not_picked":["Cold Snap+1","Chaos+1","Seek"],"picked":"SKIP","floor":40},{"not_picked":["Stack+1","Chaos","Recycle"],"picked":"SKIP","floor":42},{"not_picked":["Darkness+1","Reinforced Body","Defragment+1"],"picked":"SKIP","floor":45},{"not_picked":["Darkness+1","Reinforced Body","Defragment+1"],"picked":"SKIP","floor":45},{"not_picked":["Conserve Battery","Hello World+1","Steam+1"],"picked":"SKIP","floor":46},{"not_picked":["Beam Cell+1","Compile Driver+1","Barrage+1"],"picked":"SKIP","floor":48},{"not_picked":["Melter","hubris:Ukulele","Streamline"],"picked":"SKIP","floor":52},{"not_picked":["Cold Snap","Echo Form","Capacitor"],"picked":"SKIP","floor":53},{"not_picked":["Gash","Streamline","Rebound"],"picked":"SKIP","floor":55},{"not_picked":["hubris:DoWhile","Undo","Redo"],"picked":"SKIP","floor":57},{"not_picked":["hubris:DoWhile","Undo","Redo"],"picked":"SKIP","floor":57},{"not_picked":["Go for the Eyes","Leap","Blizzard"],"picked":"SKIP","floor":59},{"not_picked":["Redo","Reinforced Body","Go for the Eyes"],"picked":"SKIP","floor":61},{"not_picked":["Cold Snap","Hologram"],"picked":"hubris:SpiceAddiction","floor":62},{"not_picked":["Turbo","Steam","Leap"],"picked":"SKIP","floor":69},{"not_picked":["Capacitor","Redo+1"],"picked":"hubris:SpiceAddiction","floor":70},{"not_picked":["Rebound","Blizzard","Ball Lightning+1"],"picked":"SKIP","floor":73},{"not_picked":["Turbo","Hologram"],"picked":"hubris:SpiceAddiction","floor":74},{"not_picked":["Aggregate+1","Undo"],"picked":"hubris:SpiceAddiction","floor":76}],"player_experience":92805,"relics_obtained":[{"floor":6,"key":"Ice Cream"},{"floor":9,"key":"hubris:CrystalStatue"},{"floor":11,"key":"Whetstone"},{"floor":14,"key":"infinitespire:FocusingShard"},{"floor":23,"key":"hubris:Metronome"},{"floor":23,"key":"Turnip"},{"floor":26,"key":"hubris:BallOfYels"},{"floor":29,"key":"infinitespire:CheckeredPen"},{"floor":31,"key":"Akabeko"},{"floor":31,"key":"hubris:MedicalManual"},{"floor":40,"key":"DataDisk"},{"floor":40,"key":"infinitespire:Freezer"},{"floor":43,"key":"Boot"},{"floor":57,"key":"hubris:Spice"},{"floor":57,"key":"Potion Belt"},{"floor":60,"key":"hubris:Spice"},{"floor":61,"key":"Darkstone Periapt"},{"floor":61,"key":"hubris:Spice"},{"floor":65,"key":"hubris:BottledRain"},{"floor":74,"key":"hubris:Spice"},{"floor":74,"key":"hubris:Spice"},{"floor":76,"key":"Letter Opener"},{"floor":76,"key":"hubris:Spice"},{"floor":77,"key":"hubris:Spice"}],"event_choices":[{"damage_healed":0,"gold_gain":0,"player_choice":"Ignored","damage_taken":0,"max_hp_gain":0,"max_hp_loss":0,"event_name":"NoteForYourself","floor":3,"gold_loss":0},{"damage_healed":0,"gold_gain":0,"player_choice":"Opened","damage_taken":0,"relics_obtained":["PreservedInsect"],"max_hp_gain":0,"max_hp_loss":0,"event_name":"The Mausoleum","floor":21,"gold_loss":0,"cards_obtained":["Writhe"]},{"damage_healed":0,"gold_gain":99,"player_choice":"Stole From Cult","damage_taken":0,"max_hp_gain":0,"max_hp_loss":0,"event_name":"Nest","floor":30,"gold_loss":0},{"damage_healed":0,"gold_gain":0,"player_choice":"Max HP","damage_taken":0,"max_hp_gain":0,"max_hp_loss":4,"event_name":"Winding Halls","floor":44,"gold_loss":0},{"damage_healed":0,"gold_gain":0,"player_choice":"Entered Light","damage_taken":14,"max_hp_gain":0,"max_hp_loss":0,"event_name":"Shining Light","floor":54,"gold_loss":0,"cards_upgraded":["White Noise","White Noise"]},{"damage_healed":0,"gold_gain":0,"player_choice":"Ignored","damage_taken":0,"max_hp_gain":0,"max_hp_loss":0,"event_name":"Liars Game","floor":56,"gold_loss":0},{"damage_healed":0,"gold_gain":0,"player_choice":"Success","damage_taken":12,"relics_obtained":["infinitespire:Beetle Shell"],"max_hp_gain":0,"max_hp_loss":0,"event_name":"Scrap Ooze","floor":63,"gold_loss":0},{"damage_healed":0,"gold_gain":0,"player_choice":"Searched \u00271\u0027 times","damage_taken":0,"max_hp_gain":0,"max_hp_loss":0,"event_name":"Dead Adventurer","floor":65,"gold_loss":0},{"damage_healed":0,"gold_gain":0,"player_choice":"Inject Mutagens","damage_taken":0,"relics_obtained":["MutagenicStrength"],"max_hp_gain":0,"max_hp_loss":0,"event_name":"Drug Dealer","floor":71,"gold_loss":0},{"damage_healed":0,"gold_gain":0,"player_choice":"Forge","damage_taken":0,"max_hp_gain":0,"max_hp_loss":0,"event_name":"Accursed Blacksmith","floor":72,"gold_loss":0,"cards_upgraded":["White Noise"]}],"is_beta":true,"boss_relics":[{"not_picked":["Runic Pyramid","Empty Cage"],"picked":"Black Star"},{"not_picked":["Philosopher\u0027s Stone","hubris:ScarierMask"],"picked":"Coffee Dripper"},{"not_picked":["hubris:VirtuousBlindfold","Cursed Key"],"picked":"Pandora\u0027s Box"},{"not_picked":["hubris:Spice","hubris:Spice"],"picked":"hubris:Spice"}],"items_purged_floors":[36,58],"is_endless":true,"potions_floor_spawned":[2,8,10,12,16,18,19,28,31,35,42,45,50,52,53,59,62,69],"killed_by":"Nightmare","ascension_level":0}}