{"host":"u9h06qdlnp3wgzsw","time":1611219140,"event":{"mods":["Act Like it!","BaseMod","Curses Come First","Downfall","Hallownest","Hermit","Minty Spire (QoL Compilation)","Quick Restart","Rare Cards Sparkle","Shop Mod","StSLib","The Disciple","The Hierophant","The Servant 0.9.4"],"gold_per_floor":[109,109,123,141,141,141,141,141,214,214,248,248,248,269,269,393,393,406,406,16,16,115,146,61,61,84,115,62,87,87,107,107,238,238,252,252,272,30,57,57,120,134,134,32,93,93,136,63,63,63,63],"floor_reached":50,"language":"ENG","playtime":5998,"items_purged":[],"score":652,"play_id":"3e26ef17-2465-4e3f-aa61-04a3b616e35b","local_time":"20210121035220","is_ascension_mode":false,"campfire_choices":[{"data":"LockedMercury","floor":6,"key":"SMITH"},{"data":"SecondHand","floor":8,"key":"SMITH"},{"data":"LockedTurtyl","floor":12,"key":"SMITH"},{"floor":15,"key":"REST"},{"data":"LockedBell","floor":25,"key":"SMITH"},{"floor":32,"key":"REST"},{"floor":40,"key":"REST"},{"floor":46,"key":"REST"},{"floor":49,"key":"REST"}],"circlet_count":0,"master_deck":["Strike_Br+1","Strike_Br+1","Strike_Br+1","Strike_Br+1","Defend_Br+1","Defend_Br+1","Defend_Br+1","Defend_Br+1","SecondHand+1","PatternShift+1","WindUp","LockedMercury+1","HandsUpC","LockedTurtyl+1","BlueShift","LockedBell+1","LockedWarPaint","BlueShift+1","Chrysalis","Break+1","HandsUpC","LockedScales","OldTimer","Rallentando+1","LockedMercury+1","WindUp","HandsUpC","TiringSlam+1"],"relics":["Chronometer","NeowsBlessing","Golden Idol","Letter Opener","Pear","Busted Crown","Enchiridion","MerchantsRug","Calipers","hexamod:BolsterEngine","Lantern","Mango","MutagenicStrength","SacredBark","MysticCrockPot","StoneCalendar","Cryopreserver","Turnip","War Paint"],"acts_visited":["Exordium","TheCity","TheBeyond"],"potions_floor_usage":[11,18,23,23,27,31,33,39,45,47,50,50],"damage_taken":[{"damage":0,"enemies":"Jaw Worm","floor":1,"turns":1},{"damage":0,"enemies":"Cultist","floor":3,"turns":1},{"damage":0,"enemies":"Small Slimes","floor":4,"turns":1},{"damage":19,"enemies":"Lagavulin","floor":11,"turns":5},{"damage":10,"enemies":"Looter","floor":14,"turns":4},{"damage":17,"enemies":"The Guardian","floor":16,"turns":13},{"damage":9,"enemies":"Spheric Guardian","floor":18,"turns":7},{"damage":0,"enemies":"Gremlin Leader","floor":23,"turns":8},{"damage":0,"enemies":"Slavers","floor":27,"turns":5},{"damage":16,"enemies":"2 Thieves","floor":29,"turns":4},{"damage":18,"enemies":"Cultist and Chosen","floor":31,"turns":6},{"damage":30,"enemies":"Champ","floor":33,"turns":14},{"damage":10,"enemies":"3 Darklings","floor":35,"turns":6},{"damage":18,"enemies":"Orb Walker","floor":37,"turns":5},{"damage":40,"enemies":"Transient","floor":39,"turns":5},{"damage":0,"enemies":"Mind Bloom Boss Battle","floor":41,"turns":7},{"damage":9,"enemies":"3 Darklings","floor":42,"turns":6},{"damage":45,"enemies":"2 Orb Walkers","floor":45,"turns":5},{"damage":22,"enemies":"Reptomancer","floor":47,"turns":8},{"damage":123,"enemies":"Awakened One","floor":50,"turns":6}],"seed_played":"6897466929555731867","potions_obtained":[{"floor":3,"key":"SteroidPotion"},{"floor":11,"key":"SteroidPotion"},{"floor":14,"key":"Block Potion"},{"floor":16,"key":"Dexterity Potion"},{"floor":18,"key":"sneckomod:MuddlingPotion"},{"floor":23,"key":"Slimebound:ThreeZeroPotion"},{"floor":27,"key":"Weak Potion"},{"floor":35,"key":"Fruit Juice"},{"floor":42,"key":"LiquidBronze"},{"floor":47,"key":"hexamod:SoulburnPotion"}],"is_trial":false,"path_per_floor":["M","?","M","M","$","R","?","R","T","?","E","R","?","M","R","B",null,"M","?","$","?","?","E","?","R","T","E","$","M","?","M","R","B",null,"M","?","M","$","M","R","?","M","T","$","?","R","E","$","R","B"],"character_chosen":"CHRONO_CLASS","items_purchased":["MerchantsRug","BlueShift","Chrysalis","HandsUpC","MysticCrockPot","HandsUpC","Strength Potion","Regen Potion"],"campfire_rested":5,"item_purchase_floors":[20,20,20,28,38,44,44,48],"current_hp_per_floor":[65,65,65,65,65,65,65,65,65,70,61,61,54,44,68,51,80,71,55,55,55,55,65,65,65,65,79,79,63,63,45,73,43,94,84,84,66,66,53,84,84,75,75,75,30,61,39,39,70,0,0],"gold":63,"neow_bonus":"THREE_ENEMY_KILL","is_daily":false,"chose_seed":false,"campfire_upgraded":4,"win_rate":0.0,"timestamp":1611219140,"path_taken":["M","?","M","?","$","R","?","R","T","?","E","R","?","M","R","BOSS","M","?","$","?","?","E","?","R","T","E","$","?","?","M","R","BOSS","M","?","M","$","?","R","?","M","T","$","?","R","E","?","R","BOSS"],"items_purchased_type":["Relic","Card","Card","Card","Relic","Card","Potion","Potion"],"build_version":"2020-12-22","purchased_purges":0,"victory":false,"max_hp_per_floor":[65,65,65,65,65,65,65,65,65,70,80,80,80,80,80,80,80,80,80,80,80,80,80,80,80,80,94,94,94,94,94,94,94,94,94,94,94,94,104,104,104,104,104,104,104,104,104,104,104,104,104],"card_choices":[{"not_picked":["ReapSow","EscortCommand"],"picked":"WindUp","floor":1},{"not_picked":["Stagnate","LockedMedicine"],"picked":"LockedMercury","floor":3},{"not_picked":["Break","LockedAnchor"],"picked":"HandsUpC","floor":4},{"not_picked":["ReapSow","WakeUpCall"],"picked":"LockedTurtyl","floor":11},{"not_picked":["LockedScales","EscortCommand"],"picked":"BlueShift","floor":14},{"not_picked":["LockedAstrolabe","LockedCalendar"],"picked":"LockedBell","floor":16},{"not_picked":[],"picked":"LockedWarPaint","floor":18},{"not_picked":[],"picked":"Break+1","floor":23},{"not_picked":["CrunchTime"],"picked":"SKIP","floor":27},{"not_picked":["WakeUpCall"],"picked":"SKIP","floor":29},{"not_picked":[],"picked":"LockedScales","floor":31},{"not_picked":[],"picked":"OldTimer","floor":33},{"not_picked":["CrunchTime+1"],"picked":"SKIP","floor":35},{"not_picked":["BeatsPerMinute+1"],"picked":"SKIP","floor":37},{"not_picked":["Accruing+1"],"picked":"SKIP","floor":39},{"not_picked":[],"picked":"LockedMercury+1","floor":41},{"not_picked":[],"picked":"WindUp","floor":42},{"not_picked":[],"picked":"TiringSlam+1","floor":47}],"player_experience":844135,"relics_obtained":[{"floor":9,"key":"Letter Opener"},{"floor":11,"key":"Pear"},{"floor":19,"key":"Enchiridion"},{"floor":23,"key":"Calipers"},{"floor":26,"key":"Lantern"},{"floor":27,"key":"Mango"},{"floor":41,"key":"StoneCalendar"},{"floor":43,"key":"Cryopreserver"},{"floor":45,"key":"Turnip"},{"floor":47,"key":"War Paint"}],"event_choices":[{"damage_healed":0,"gold_gain":0,"player_choice":"Ignored","damage_taken":0,"max_hp_gain":0,"max_hp_loss":0,"event_name":"NoteForYourself","floor":2,"gold_loss":0},{"damage_healed":0,"gold_gain":0,"player_choice":"Take Wound","damage_taken":0,"relics_obtained":["Golden Idol"],"max_hp_gain":0,"max_hp_loss":0,"event_name":"Golden Idol","floor":7,"gold_loss":0,"cards_obtained":["Injury"]},{"damage_healed":0,"gold_gain":0,"player_choice":"Donut","damage_taken":0,"max_hp_gain":5,"max_hp_loss":0,"event_name":"Big Fish","floor":10,"gold_loss":0},{"cards_removed":["Injury"],"damage_healed":0,"gold_gain":0,"player_choice":"Card Removal","damage_taken":7,"max_hp_gain":0,"max_hp_loss":0,"event_name":"Golden Wing","floor":13,"gold_loss":0},{"damage_healed":0,"gold_gain":0,"player_choice":"Obtained Book","damage_taken":16,"max_hp_gain":0,"max_hp_loss":0,"event_name":"Cursed Tome","floor":19,"gold_loss":0},{"damage_healed":0,"gold_gain":0,"player_choice":"Simplicity","damage_taken":0,"max_hp_gain":0,"max_hp_loss":0,"event_name":"Back to Basics","floor":21,"gold_loss":0,"cards_upgraded":["Strike_Br","Strike_Br","Strike_Br","Strike_Br","Defend_Br","Defend_Br","Defend_Br","Defend_Br"]},{"damage_healed":0,"gold_gain":99,"player_choice":"Stole From Cult","damage_taken":0,"max_hp_gain":0,"max_hp_loss":0,"event_name":"Nest","floor":22,"gold_loss":0},{"damage_healed":0,"gold_gain":0,"player_choice":"Obtained Relic","damage_taken":0,"relics_obtained":["hexamod:BolsterEngine"],"max_hp_gain":0,"max_hp_loss":0,"event_name":"Addict","floor":24,"gold_loss":85},{"damage_healed":0,"gold_gain":0,"player_choice":"Inject Mutagens","damage_taken":0,"relics_obtained":["MutagenicStrength"],"max_hp_gain":0,"max_hp_loss":0,"event_name":"Drug Dealer","floor":30,"gold_loss":0},{"damage_healed":0,"gold_gain":0,"player_choice":"Ignored","damage_taken":0,"max_hp_gain":0,"max_hp_loss":0,"event_name":"SecretPortal","floor":36,"gold_loss":0},{"damage_healed":0,"gold_gain":0,"player_choice":"Fight","damage_taken":0,"max_hp_gain":0,"max_hp_loss":0,"event_name":"MindBloom","floor":41,"gold_loss":0},{"damage_healed":0,"gold_gain":0,"player_choice":"Fight","damage_taken":0,"max_hp_gain":0,"max_hp_loss":0,"event_name":"Mysterious Sphere","floor":45,"gold_loss":0}],"is_beta":false,"boss_relics":[{"not_picked":["Fusion Hammer","bronze:MakeshiftBattery"],"picked":"Busted Crown"},{"not_picked":["Pandora\u0027s Box","Runic Dome"],"picked":"SacredBark"}],"items_purged_floors":[],"is_endless":false,"potions_floor_spawned":[3,11,14,16,18,23,27,35,42,47],"killed_by":"Awakened One","ascension_level":0}}