{"host":"3498uni0c31c9bdm","time":1611203897,"event":{"mods":["BaseMod","Better Third Choice","Minty Spire (QoL Compilation)","Replay The Spire","StSLib"],"gold_per_floor":[118,78,97,170,0,0,27,27,50,69,101,101,101,120,120,120,120],"floor_reached":16,"language":"ENG","playtime":453,"items_purged":[],"score":140,"play_id":"54ae63d2-c5b7-4cbf-89e2-24b704ad4785","local_time":"20210121153817","is_ascension_mode":true,"campfire_choices":[{"floor":6,"key":"RECALL"},{"data":"DeusExMachina","floor":13,"key":"SMITH"},{"data":"Enlightenment","floor":15,"key":"SMITH"}],"circlet_count":0,"master_deck":["Strike_P","Strike_P","Strike_P","Strike_P","Defend_P","Defend_P","Defend_P","Defend_P","Eruption","Vigilance","Regret","PathToVictory","PathToVictory","ReplayTheSpireMod:Splinters","DeusExMachina+1","Enlightenment+1","Pot Of Greed","Pot Of Greed","PathToVictory","Tantrum","FollowUp","Consecrate"],"relics":["PureWater","Lantern","betterThird:SlimedRelic","Damaru","Grinning Jar","Meat on the Bone","Kunai"],"acts_visited":["Exordium"],"potions_floor_usage":[],"damage_taken":[{"damage":10,"enemies":"Small Slimes","floor":1,"turns":4},{"damage":3,"enemies":"2 Louse","floor":3,"turns":3},{"damage":16,"enemies":"Replay:BlueRogue","floor":7,"turns":5},{"damage":4,"enemies":"Cultist","floor":10,"turns":3},{"damage":61,"enemies":"Lagavulin","floor":11,"turns":6},{"damage":3,"enemies":"2 Fungi Beasts","floor":14,"turns":4},{"damage":81,"enemies":"Slime Boss","floor":16,"turns":3}],"seed_played":"455956941159351904","potions_obtained":[{"floor":4,"key":"FairyPotion"},{"floor":10,"key":"BottledMiracle"}],"is_trial":false,"path_per_floor":["M","?","M","?","?","R","E","T","T","M","E","?","R","M","R","B"],"character_chosen":"WATCHER","items_purchased":[],"campfire_rested":0,"item_purchase_floors":[],"current_hp_per_floor":[55,44,41,41,47,47,31,31,31,39,35,78,78,75,75,0,0],"gold":120,"neow_bonus":"RANDOM_EVENT","is_daily":false,"chose_seed":false,"campfire_upgraded":2,"win_rate":0.0,"timestamp":1611203897,"path_taken":["M","?","M","?","?","R","E","?","T","?","E","?","R","?","R","BOSS"],"items_purchased_type":[],"build_version":"2020-12-22","purchased_purges":0,"victory":false,"max_hp_per_floor":[72,72,72,72,78,78,78,78,78,78,78,78,78,78,78,78,78],"card_choices":[{"not_picked":["Prostrate","Evaluate"],"picked":"PathToVictory","floor":1},{"not_picked":["CrushJoints","BattleHymn"],"picked":"PathToVictory","floor":3},{"not_picked":["Replay:DivineShield","CutThroughFate"],"picked":"Worship","floor":4},{"not_picked":["Replay:Anticipation","Adaptation"],"picked":"DeusExMachina","floor":4},{"not_picked":["ThirdEye","SashWhip"],"picked":"PathToVictory","floor":7},{"not_picked":["Replay:ManipulateFuture","ReachHeaven"],"picked":"Tantrum","floor":10},{"not_picked":["CrushJoints","Replay:Cycle"],"picked":"FollowUp","floor":11},{"not_picked":["Perseverance","Scrawl"],"picked":"Consecrate","floor":14}],"player_experience":723252,"relics_obtained":[{"floor":4,"key":"Damaru"},{"floor":7,"key":"Grinning Jar"},{"floor":8,"key":"Meat on the Bone"},{"floor":11,"key":"Kunai"}],"event_choices":[{"damage_healed":0,"gold_gain":0,"player_choice":"Box","damage_taken":0,"relics_obtained":["Lantern"],"max_hp_gain":0,"max_hp_loss":0,"event_name":"Big Fish","floor":0,"gold_loss":0,"cards_obtained":["Regret"]},{"damage_healed":0,"gold_gain":0,"player_choice":"Slimed","damage_taken":11,"max_hp_gain":0,"max_hp_loss":0,"event_name":"betterThird:BetterGoop","floor":2,"gold_loss":40},{"damage_healed":0,"gold_gain":0,"player_choice":"RENOUNCE","damage_taken":170,"max_hp_gain":0,"max_hp_loss":0,"event_name":"betterThird:BetterSerpent","floor":5,"gold_loss":170,"cards_obtained":["Enlightenment"]},{"cards_removed":["Worship"],"damage_healed":43,"gold_gain":0,"player_choice":"Offered Uncommon","damage_taken":0,"max_hp_gain":0,"max_hp_loss":0,"event_name":"Bonfire Elementals","floor":12,"gold_loss":0}],"is_beta":false,"boss_relics":[],"items_purged_floors":[],"is_endless":false,"potions_floor_spawned":[10],"killed_by":"Slime Boss","ascension_level":6}}