{"host":"w05x4i13f2m9joq1","time":1611199407,"event":{"mods":["Act Like it!","Bard","BaseMod","Better Altar","Better Match","Better Note","Better Sensory Stone","Better Skull","Better Third Choice","BetterRewards","Colored Map","Colored Powertips","Duelist Mod","GifTheSpireLib","Googly Eyes","Ironclad Rager","Lobotomy","LobotomyExtend","Marisa????????","Minty Spire (QoL Compilation)","Replay The Spire","Spire Birthday Party","StSLib","The Bug Knight","The Construct","The Hierophant","The IronCluck","The Mystic","TheBandit","everything is the same but u backflip on backflip","slay the spire mod where everything is the same but ironclad has a cowboy hat"],"gold_per_floor":[145,162,179,194,207,235,235,270,297,297,326,338,338,353,353,452,452,452,551,98,112,160,185,201,201,201,201,201,236,236,9,9,111,111,127,142,162,212,212,212,226,245,293,293,321,321,354,366,366,366],"floor_reached":51,"language":"ENG","playtime":4472,"items_purged":["theDuelist:Sparks"],"score":938,"play_id":"ac719c9a-1cb2-4e8e-90b9-5df0061909d3","local_time":"20210120222327","is_ascension_mode":true,"campfire_choices":[{"floor":7,"key":"REST"},{"floor":10,"key":"REST"},{"data":"theDuelist:RedMirror","floor":15,"key":"SMITH"},{"floor":25,"key":"REST"},{"floor":27,"key":"REST"},{"floor":30,"key":"REST"},{"floor":32,"key":"REST"},{"floor":40,"key":"REST"},{"floor":46,"key":"REST"},{"floor":49,"key":"REST"}],"circlet_count":0,"master_deck":["theDuelist:ArchfiendSoldier","theDuelist:ArchfiendSoldier","theDuelist:ArchfiendSoldier","theDuelist:CastleWalls","theDuelist:CastleWalls+1","theDuelist:CastleWalls+1","theDuelist:FiendMegacyber","theDuelist:Sparks","theDuelist:SummonedSkull","theDuelist:Fissure+1","theDuelist:RedMirror+1","theDuelist:DarkHunter","theDuelist:GarbageLord+1","theDuelist:DarklordMarie","Swift Strike","theDuelist:Lajinn+1","theDuelist:UmbralHorrorWilloWisp","theDuelist:DarklordMarie","theDuelist:ArchfiendCommander","theDuelist:DarkFusion","theDuelist:GracefulCharity+1","Escape Plan","theDuelist:SummonedSkull+1","theDuelist:TributeDoomed","theDuelist:RainbowKuriboh+1","theDuelist:AcidTrapHole","theDuelist:PutridPudding","theDuelist:Tierra+1","theDuelist:ArchfiendCommander+1","theDuelist:ArchfiendGeneral+1","theDuelist:FiendMegacyber+1","theDuelist:SlateWarrior+1","theDuelist:RainbowKuriboh+1","theDuelist:UmbralHorrorUniform","theDuelist:BottomlessTrapHole"],"relics":["theDuelist:MillenniumPuzzle","theDuelist:CardPoolRelic","theDuelist:CardPoolBasicRelic","theDuelist:BoosterPackPoolRelic","theDuelist:CardPoolAddRelic","theDuelist:CardPoolMinusRelic","theDuelist:CardPoolSaveRelic","theDuelist:CardPoolOptionsRelic","LetterFromLob","Mummified Hand","Replay:WaspNest","Blue Doll","Omamori","Fusion Hammer","Replay:Mystery Machine","theDuelist:CardRewardRelicI","Bird Faced Urn","Girya","Replay:Multitool","Gremlin Food","HollowMod:StagPassRelic","ReplayTheSpireMod:Ninjato","King of Hearts","Black Star","Tough Bandages","theDuelist:MonsterEggRelic","theDuelist:MillenniumArmor","Charon\u0027s Ashes","Juzu Bracelet","Regal Pillow","theDuelist:DuelistOrichalcum"],"acts_visited":["Exordium","TheCity","TheBeyond"],"potions_floor_usage":[8,8,16,16,22,22,23,24,37,41,50,50,50,50,50],"damage_taken":[{"damage":6,"enemies":"Cultist","floor":1,"turns":3},{"damage":0,"enemies":"Small Slimes","floor":2,"turns":2},{"damage":9,"enemies":"Jaw Worm","floor":3,"turns":3},{"damage":21,"enemies":"2 Fungi Beasts","floor":4,"turns":4},{"damage":2,"enemies":"Large Slime","floor":5,"turns":6},{"damage":30,"enemies":"3 Sentries","floor":6,"turns":6},{"damage":16,"enemies":"Gremlin Nob","floor":8,"turns":3},{"damage":3,"enemies":"Lagavulin","floor":11,"turns":5},{"damage":14,"enemies":"Red Slaver","floor":12,"turns":2},{"damage":1,"enemies":"2 Fungi Beasts","floor":14,"turns":2},{"damage":0,"enemies":"The Guardian","floor":16,"turns":5},{"damage":33,"enemies":"Shell Parasite","floor":21,"turns":4},{"damage":22,"enemies":"Shell Parasite","floor":22,"turns":3},{"damage":24,"enemies":"Gremlin Leader","floor":23,"turns":6},{"damage":8,"enemies":"3 Byrds","floor":24,"turns":4},{"damage":53,"enemies":"Book of Stabbing","floor":29,"turns":5},{"damage":41,"enemies":"Automaton","floor":33,"turns":7},{"damage":0,"enemies":"3 Darklings","floor":35,"turns":3},{"damage":4,"enemies":"Orb Walker","floor":36,"turns":2},{"damage":46,"enemies":"Transient","floor":37,"turns":5},{"damage":8,"enemies":"Mind Bloom Boss Battle","floor":38,"turns":4},{"damage":0,"enemies":"Jaw Worm Horde","floor":41,"turns":2},{"damage":20,"enemies":"Writhing Mass","floor":42,"turns":4},{"damage":19,"enemies":"Giant Head","floor":45,"turns":6},{"damage":0,"enemies":"Nemesis","floor":47,"turns":3},{"damage":6,"enemies":"4 Shapes","floor":48,"turns":3},{"damage":43,"enemies":"Replay:Hell Engine","floor":50,"turns":7}],"seed_played":"-4405558450039928629","potions_obtained":[{"floor":5,"key":"theDuelist:DebuffFuryPotion"},{"floor":6,"key":"theDuelist:TokenPotionB"},{"floor":11,"key":"PowerPotion"},{"floor":12,"key":"theDuelist:VampireVial"},{"floor":14,"key":"Block Potion"},{"floor":16,"key":"theDuelist:FlamingBottle"},{"floor":21,"key":"Explosive Potion"},{"floor":23,"key":"DuplicationPotion"},{"floor":35,"key":"Ancient Potion"},{"floor":38,"key":"Block Potion"},{"floor":47,"key":"EntropicBrew"},{"floor":48,"key":"theDuelist:BarricadePotion"}],"is_trial":false,"path_per_floor":["M","M","M","M","M","E","R","E","T","R","E","M","?","M","R","B",null,"M","?","$","M","?","E","M","R","T","R","?","E","R","$","R","B",null,"M","M","M","?","?","R","M","M","T","?","E","R","E","M","R","B",null],"character_chosen":"THE_DUELIST","items_purchased":["Replay:Mystery Machine","theDuelist:DarkFusion","theDuelist:GracefulCharity+1","theDuelist:CardRewardRelicI","King of Hearts"],"campfire_rested":9,"item_purchase_floors":[20,20,20,20,31],"current_hp_per_floor":[74,74,65,44,48,24,48,32,32,56,56,42,68,70,70,73,78,78,78,78,48,26,7,5,29,29,53,53,5,29,29,53,20,65,67,63,22,19,13,37,40,28,28,28,20,44,52,51,80,40],"gold":366,"neow_bonus":"RANDOM_COLORLESS","is_daily":false,"chose_seed":false,"campfire_upgraded":1,"win_rate":0.0,"timestamp":1611199407,"path_taken":["M","?","M","M","M","E","R","E","T","R","E","M","?","M","R","BOSS","M","?","$","M","?","E","?","R","T","R","?","E","R","$","R","BOSS","M","M","M","?","?","R","?","M","T","?","E","R","E","M","R","BOSS"],"items_purchased_type":["Relic","Card","Card","Relic","Relic"],"build_version":"2020-12-22","purchased_purges":1,"victory":true,"max_hp_per_floor":[80,80,80,80,80,80,80,80,80,80,80,80,80,80,80,80,80,80,80,80,80,80,80,80,80,80,80,80,80,80,80,80,80,80,80,80,80,80,80,80,80,80,80,80,80,80,80,80,80,80],"card_choices":[{"not_picked":["theDuelist:EarthquakeGiant","theDuelist:AttackTheMoon"],"picked":"theDuelist:Fissure","floor":0},{"not_picked":["theDuelist:DoomDonuts","theDuelist:DarknessNeosphere","theDuelist:Doomdog"],"picked":"theDuelist:RedMirror","floor":1},{"not_picked":["theDuelist:FabledAshenveil","theDuelist:ArchfiendHeiress"],"picked":"theDuelist:DarkHunter","floor":2},{"not_picked":["theDuelist:DarkHunter","theDuelist:PotDuality"],"picked":"theDuelist:GarbageLord","floor":3},{"not_picked":["theDuelist:GiantOrc","theDuelist:FiendMegacyber"],"picked":"theDuelist:DarklordMarie","floor":4},{"not_picked":["Jack Of All Trades"],"picked":"Swift Strike","floor":5},{"not_picked":["theDuelist:CyberArchfiend","theDuelist:SummonedSkull"],"picked":"theDuelist:Lajinn","floor":6},{"not_picked":["theDuelist:DarkTinker","theDuelist:CheerfulCoffin"],"picked":"theDuelist:AmbitiousGofer","floor":8},{"not_picked":["theDuelist:TerraTerrible","theDuelist:FiendMegacyber"],"picked":"theDuelist:UmbralHorrorWilloWisp","floor":11},{"not_picked":["theDuelist:KingYami","theDuelist:PortraitSecret"],"picked":"theDuelist:DarklordMarie","floor":12},{"not_picked":["theDuelist:MillenniumGolem","theDuelist:MillenniumScorpion","theDuelist:WormKing"],"picked":"SKIP","floor":14},{"not_picked":["theDuelist:DarkCubicLord","theDuelist:CallGrave"],"picked":"theDuelist:ArchfiendCommander","floor":16},{"not_picked":["theDuelist:UmbralHorrorUniform","theDuelist:Zombyra"],"picked":"theDuelist:SummonedSkull+1","floor":21},{"not_picked":["theDuelist:DarkFusion","theDuelist:CheerfulCoffin"],"picked":"theDuelist:TributeDoomed","floor":22},{"not_picked":["theDuelist:Mathematician","theDuelist:RainbowOverdragon"],"picked":"theDuelist:RainbowKuriboh","floor":23},{"not_picked":["theDuelist:CallGrave","theDuelist:FiendishChain"],"picked":"theDuelist:AcidTrapHole","floor":24},{"not_picked":["theDuelist:FeatherShot","theDuelist:Wildfire"],"picked":"theDuelist:PutridPudding","floor":29},{"not_picked":["theDuelist:FeatherShot","theDuelist:Wildfire+1"],"picked":"theDuelist:Tierra+1","floor":33},{"not_picked":["theDuelist:BlockGolem+1","theDuelist:GemElephant+1","theDuelist:MagicHoleGolem"],"picked":"SKIP","floor":35},{"not_picked":["theDuelist:ArchfiendGeneral","theDuelist:GrossGhost+1"],"picked":"theDuelist:ArchfiendCommander","floor":36},{"not_picked":["theDuelist:Wildfire+1","theDuelist:FabledGallabas+1"],"picked":"theDuelist:ArchfiendGeneral+1","floor":37},{"not_picked":["theDuelist:DarkTinker+1","theDuelist:CyberArchfiend+1"],"picked":"theDuelist:FiendMegacyber+1","floor":38},{"not_picked":["theDuelist:Hinotama+1","theDuelist:GreenGraveOni+1","theDuelist:MillenniumGolem"],"picked":"SKIP","floor":41},{"not_picked":["theDuelist:FeatherShot+1","theDuelist:WanderingKing+1"],"picked":"theDuelist:SlateWarrior+1","floor":42},{"not_picked":["theDuelist:GreyGreedOni","theDuelist:RedHeadedOni+1"],"picked":"theDuelist:RainbowKuriboh+1","floor":45},{"not_picked":["theDuelist:GiantOrc+1","theDuelist:DarkHunter"],"picked":"theDuelist:UmbralHorrorUniform","floor":47},{"not_picked":["theDuelist:TwinHeadedWolf+1","theDuelist:Pumpking"],"picked":"theDuelist:BottomlessTrapHole","floor":48}],"player_experience":111536,"relics_obtained":[{"floor":1,"key":"LetterFromLob"},{"floor":6,"key":"Mummified Hand"},{"floor":8,"key":"Replay:WaspNest"},{"floor":9,"key":"Blue Doll"},{"floor":11,"key":"Omamori"},{"floor":22,"key":"Bird Faced Urn"},{"floor":22,"key":"Girya"},{"floor":22,"key":"Replay:Multitool"},{"floor":23,"key":"Gremlin Food"},{"floor":26,"key":"HollowMod:StagPassRelic"},{"floor":29,"key":"ReplayTheSpireMod:Ninjato"},{"floor":38,"key":"Tough Bandages"},{"floor":43,"key":"theDuelist:MillenniumArmor"},{"floor":45,"key":"Charon\u0027s Ashes"},{"floor":45,"key":"Juzu Bracelet"},{"floor":47,"key":"Regal Pillow"},{"floor":47,"key":"theDuelist:DuelistOrichalcum"}],"event_choices":[{"damage_healed":26,"gold_gain":0,"player_choice":"Banana","damage_taken":0,"max_hp_gain":0,"max_hp_loss":0,"event_name":"Big Fish","floor":13,"gold_loss":0},{"damage_healed":0,"gold_gain":99,"player_choice":"Steal","damage_taken":0,"max_hp_gain":0,"max_hp_loss":0,"event_name":"betterThird:BetterNest","floor":19,"gold_loss":0},{"damage_healed":0,"gold_gain":0,"player_choice":"Fight","duelist":true,"damage_taken":0,"max_hp_gain":0,"max_hp_loss":0,"event_name":"Battle City","floor":22,"gold_loss":0},{"damage_healed":0,"gold_gain":0,"player_choice":"Ignored","damage_taken":0,"max_hp_gain":0,"max_hp_loss":0,"event_name":"The Mausoleum","floor":28,"gold_loss":0},{"damage_healed":0,"gold_gain":0,"player_choice":"Fight","damage_taken":0,"max_hp_gain":0,"max_hp_loss":0,"event_name":"MindBloom","floor":38,"gold_loss":0},{"damage_healed":0,"gold_gain":0,"player_choice":"Dig - random Duelist relic","duelist":true,"damage_taken":0,"max_hp_gain":0,"max_hp_loss":0,"event_name":"Aknamkanon\u0027s Tomb","floor":39,"gold_loss":0},{"cards_removed":["theDuelist:AmbitiousGofer"],"damage_healed":0,"gold_gain":0,"player_choice":"Purged","damage_taken":0,"max_hp_gain":0,"max_hp_loss":0,"event_name":"Purifier","floor":44,"gold_loss":0}],"is_beta":false,"boss_relics":[{"not_picked":["theDuelist:HauntedRelic","Electric Blood"],"picked":"Fusion Hammer"},{"not_picked":["Inserter","Philosopher\u0027s Stone"],"picked":"Black Star"}],"items_purged_floors":[31],"is_endless":false,"potions_floor_spawned":[5,6,11,12,14,16,21,23,35,38,47,48],"ascension_level":5}}