{"host":"jqa9y4qkalbx8qgz","time":1611248231,"event":{"mods":["Act Like it!","BaseMod","BetterRewards","CCEM","Downfall","Gensokyo","Marisa????????","Minty Spire (QoL Compilation)","Permanent Neow","Relic Stats","StSLib","Wandering Minibosses"],"gold_per_floor":[117,136,136,146,146,146,10,10,55,90,303,345,41,68,68,355,355,383,401,401,401,126,126,154,154,154,499,733,733,2,299,299,462,462,497,497,407,33,33,33,103,161,187,39,95,95,95,95,95,95],"floor_reached":51,"language":"ENG","playtime":3925,"items_purged":["Strike_MRS"],"score":1111,"play_id":"d54a7830-a64f-4fc0-9bf5-bc01bf8ef56b","local_time":"20210121195711","is_ascension_mode":true,"campfire_choices":[{"data":"OortCloud","floor":6.0,"key":"SMITH"},{"data":"MilkyWay","floor":15.0,"key":"SMITH"},{"data":"MilkyWay","floor":23,"key":"SMITH"},{"data":"OortCloud","floor":25,"key":"SMITH"},{"data":"MilkyWay","floor":32,"key":"SMITH"},{"data":"WitchOfGreed","floor":40,"key":"SMITH"},{"data":"EnergyFlow","floor":49,"key":"SMITH"}],"circlet_count":0,"master_deck":["Strike_MRS","Strike_MRS","Defend_MRS","Defend_MRS","Defend_MRS","Defend_MRS","MasterSpark","UpSweep","IllusionStar","OortCloud+1","EnergyRecoil","MysteriousBeam","IllusionStar","MilkyWay+1","MilkyWay+1","AlicesGift","ChargingUp","ManaRampage","WitchOfGreed+1","PowerUp","MilkyWay+1","ManaRampage","OortCloud+1","Reinforced Body","GalacticHalo","EarthLightRay+1","EnergyFlow+1","AsteroidBelt","MilkyWay+1","Gensokyo:CustomPotion"],"relics":["MiniHakkero","Gensokyo:OccultBall","Gensokyo:MarisaPhilosophersStone","Centennial Puzzle","PreservedInsect","Gremlin Horn","AmplifyWand","Velvet Choker","Chemical X","Slimebound:StickyStick","Singing Bowl","Omamori","InkBottle","MealTicket","Pocketwatch","CCEMRelics:WrappedPresent","Lizard Tail","Bag of Preparation","Philosopher\u0027s Stone","Toy Ornithopter","Akabeko","BreadOfAWashokuLover","Art of War","TheAbacus","Ornamental Fan","Ice Cream"],"acts_visited":["Exordium","Gensokyo:Gensokyo","Gensokyo:Gensokyoer"],"potions_floor_usage":[19,19,19,31,33,50,50],"damage_taken":[{"damage":1.0,"enemies":"Gensokyo:Gryphon","floor":1.0,"turns":4.0},{"damage":0.0,"enemies":"Gensokyo:Python","floor":2.0,"turns":4.0},{"damage":0.0,"enemies":"Gensokyo:2_Kodama","floor":4.0,"turns":3.0},{"damage":31.0,"enemies":"Gensokyo:2_Kodama","floor":8.0,"turns":7.0},{"damage":4.0,"enemies":"Gensokyo:Mamizou","floor":10.0,"turns":14.0},{"damage":3.0,"enemies":"Gensokyo:Kitsune","floor":11.0,"turns":7.0},{"damage":1.0,"enemies":"Gensokyo:Aya","floor":12.0,"turns":3.0},{"damage":0.0,"enemies":"Gensokyo:5_Fairies","floor":14.0,"turns":3.0},{"damage":17.0,"enemies":"Gensokyo:Kokoro","floor":16.0,"turns":14.0},{"damage":0.0,"enemies":"Gensokyo:Chomper","floor":18.0,"turns":4.0},{"damage":0,"enemies":"Gensokyo:CosmicMonolith","floor":19,"turns":2},{"damage":11,"enemies":"Gensokyo:Koishi","floor":24,"turns":6},{"damage":0,"enemies":"Gensokyo:Reisen","floor":27,"turns":10},{"damage":8,"enemies":"Gensokyo:Slime_Group","floor":28,"turns":5},{"damage":40,"enemies":"Gensokyo:Swordslinger","floor":31,"turns":5},{"damage":18,"enemies":"Gensokyo:Kaguya","floor":33,"turns":9},{"damage":4,"enemies":"Gensokyo:3_Bats","floor":35,"turns":7},{"damage":0,"enemies":"Gensokyo:3_Boulders","floor":41,"turns":8},{"damage":0,"enemies":"Gensokyo:Doremy","floor":42,"turns":5},{"damage":0,"enemies":"Gensokyo:Kasen","floor":45,"turns":3},{"damage":3,"enemies":"Gensokyo:Shinki","floor":50,"turns":8}],"seed_played":"8562240007987565828","potions_obtained":[{"floor":1.0,"key":"Weak Potion"},{"floor":10.0,"key":"Explosive Potion"},{"floor":14.0,"key":"Fire Potion"},{"floor":16.0,"key":"BlessingOfTheForge"},{"floor":19,"key":"Regen Potion"},{"floor":27,"key":"Ancient Potion"},{"floor":28,"key":"AttackPotion"},{"floor":35,"key":"Weak Potion"},{"floor":41,"key":"BottledSpark"},{"floor":41,"key":"DuplicationPotion"},{"floor":41,"key":"Energy Potion"},{"floor":42,"key":"PowerPotion"},{"floor":45,"key":"Block Potion"}],"is_trial":false,"path_per_floor":["M","M","?","M","?","R","COS","?","T","E","M","E","$","M","R","B",null,"M","M","?","?","COS","R","E","R","T","E","M","?","$","M","R","B",null,"M","?","?","$","?","R","M","E","T","COS","E","T","?","$","R","B",null],"character_chosen":"MARISA","items_purchased":["AmplifyWand","MilkyWay","MealTicket","Pocketwatch","CCEMRelics:WrappedPresent","AsteroidBelt","Toy Ornithopter","Akabeko"],"campfire_rested":0,"item_purchase_floors":[13,13,30,30,30,30,38,38],"current_hp_per_floor":[74,74,74,74,74,74,74,43,43,39,36,35,35,35,35,22,75,75,75,75,75,75,75,64,64,64,66,58,58,68,34,34,39,84,86,86,86,86,86,86,88,90,90,90,92,92,92,92,92,89],"gold":95,"neow_bonus":"TRANSFORM_CARD","is_daily":false,"chose_seed":false,"campfire_upgraded":7,"win_rate":0.0,"timestamp":1611248231,"path_taken":["M","M","?","?","?","R","COS","?","T","E","M","E","?","M","R","BOSS","M","?","?","?","COS","R","E","R","T","E","M","?","$","M","R","BOSS","M","?","?","$","?","R","M","E","T","COS","E","?","?","?","R","BOSS"],"items_purchased_type":["Relic","Card","Relic","Relic","Relic","Card","Relic","Relic"],"build_version":"2020-12-22","purchased_purges":1,"victory":true,"max_hp_per_floor":[75,75,75,75,75,75,75,75,75,75,75,75,75,75,75,75,75,75,75,75,75,75,75,75,75,75,77,77,77,82,82,82,84,84,86,86,86,86,86,86,88,90,90,90,92,92,92,92,92,92],"relic_stats":{"Gremlin Horn":[31,31],"Singing Bowl":12,"counters":[120,696],"PreservedInsect":269,"Bag of Preparation":[12],"Centennial Puzzle":[29],"Lizard Tail":0,"TheAbacus":[12],"Ornamental Fan":[0],"MealTicket":0,"Art of War":[7],"Chemical X":[11],"obtain_stats":[{"CCEMRelics:PorcelainBowl":9,"Gensokyo:UndefinedDarkness":30,"downfall:HeartBlessingGreen":18,"Ginger":44,"CCEMRelics:DerglesHeadphones":45,"Old Coin":48,"Blood Vial":42,"Sundial":46,"MealTicket":30,"Kunai":56,"Blue Candle":10,"Velvet Choker":17,"BreadOfAWashokuLover":42,"Pen Nib":0,"Akabeko":38,"CCEMRelics:FestiveHat":13,"Bird Faced Urn":29,"Gensokyo:YoukaiFlower":12,"MiniHakkero":0,"StrikeDummy":42,"Gensokyo:MarisaImprobabilityPotion":23,"Unceasing Top":37,"AmplifyWand":54,"Regal Pillow":9,"Lantern":45,"Torii":45,"Singing Bowl":26,"CCEMRelics:WrappedPresent":44,"StoneCalendar":0,"Bag of Preparation":31,"SproutingBranch":38,"Ancient Tea Set":13,"Gensokyo:PortableGap":3,"Smiling Mask":7,"Toolbox":44,"Gensokyo:OccultBall":4,"WingedGreaves":0,"Chemical X":22,"InkBottle":27,"CCEMRelics:OrganicArmor":40,"Potion Belt":43,"downfall:HeartBlessingRed":44,"PreservedInsect":10,"Omamori":27,"MawBank":27,"Busted Crown":34,"Ornamental Fan":26,"Orrery":0,"Art of War":6,"Toy Ornithopter":28,"Ice Cream":42,"Gremlin Horn":28,"CeramicFish":48,"Vajra":52,"Sozu":17,"Lizard Tail":44,"Centennial Puzzle":46,"HornCleat":25,"Strawberry":21,"Philosopher\u0027s Stone":34,"Prayer Wheel":0,"RampagingMagicTools":17,"Happy Flower":21,"Oddly Smooth Stone":6,"Du-Vu Doll":0,"OrangePellets":44,"Shuriken":30,"Molten Egg 2":0,"Black Star":34,"CCEMRelics:WarHorn":42,"Meat on the Bone":55,"Pocketwatch":30,"Darkstone Periapt":7,"Gensokyo:MarisaIngredientList":10,"CCEMRelics:Pendulum":53,"Mango":24,"Gensokyo:NagashiBinaDoll":5,"expansioncontent:StudyCardRelic":17,"ClockworkSouvenir":21,"Frozen Eye":30,"Dream Catcher":8,"Nunchaku":8,"Gensokyo:MarisaPhilosophersStone":8,"TheAbacus":44,"Mummified Hand":40,"CCEMRelics:OverlyComfyChair":26,"downfall:HeartBlessingBlue":44,"Slimebound:StickyStick":24,"Gambling Chip":24,"Tiny Chest":30,"SimpleLauncher":20,"CCEMRelics:Barrel":9,"Gensokyo:ConquerorOfFear":31,"Gensokyo:CelestialsFlawlessClothing":14,"Orichalcum":54,"Medical Kit":44,"Mercury Hourglass":46,"Calling Bell":42,"Peace Pipe":12,"Strange Spoon":20,"ShroomBag":31,"Gensokyo:EmptyGrave":39,"Anchor":44,"CaptainsWheel":11,"wanderingMiniBosses:CarrionFlame":11,"CCEMRelics:GrindingGear":26,"CCEMRelics:TinyMinotavrHorn":47,"Bag of Marbles":53,"Membership Card":47,"TungstenRod":23},{"CCEMRelics:PorcelainBowl":29,"Gensokyo:UndefinedDarkness":74,"downfall:HeartBlessingGreen":66,"Ginger":48,"CCEMRelics:DerglesHeadphones":49,"Old Coin":83,"Blood Vial":79,"Sundial":21,"MealTicket":113,"Kunai":88,"Blue Candle":104,"Velvet Choker":108,"BreadOfAWashokuLover":118,"Pen Nib":24,"Akabeko":116,"CCEMRelics:FestiveHat":32,"Bird Faced Urn":74,"Gensokyo:YoukaiFlower":4,"MiniHakkero":0,"StrikeDummy":79,"Gensokyo:MarisaImprobabilityPotion":8,"Unceasing Top":43,"AmplifyWand":23,"Regal Pillow":60,"Lantern":81,"Torii":81,"Singing Bowl":111,"CCEMRelics:WrappedPresent":20,"StoneCalendar":88,"Bag of Preparation":114,"SproutingBranch":79,"Ancient Tea Set":5,"Gensokyo:PortableGap":26,"Smiling Mask":58,"Toolbox":20,"Gensokyo:OccultBall":54,"WingedGreaves":52,"Chemical X":110,"InkBottle":112,"CCEMRelics:OrganicArmor":19,"Potion Belt":47,"downfall:HeartBlessingRed":80,"PreservedInsect":104,"Omamori":112,"MawBank":11,"Busted Crown":42,"Ornamental Fan":38,"Orrery":24,"Art of War":28,"Toy Ornithopter":12,"Ice Cream":47,"Gremlin Horn":12,"CeramicFish":83,"Vajra":86,"Sozu":34,"Lizard Tail":20,"Centennial Puzzle":21,"HornCleat":38,"Strawberry":36,"Philosopher\u0027s Stone":14,"Prayer Wheel":24,"RampagingMagicTools":66,"Happy Flower":7,"Oddly Smooth Stone":90,"Du-Vu Doll":24,"OrangePellets":20,"Shuriken":13,"Molten Egg 2":88,"Black Star":77,"CCEMRelics:WarHorn":79,"Meat on the Bone":24,"Pocketwatch":113,"Darkstone Periapt":3,"Gensokyo:MarisaIngredientList":4,"CCEMRelics:Pendulum":22,"Mango":9,"Gensokyo:NagashiBinaDoll":54,"expansioncontent:StudyCardRelic":6,"ClockworkSouvenir":36,"Frozen Eye":12,"Dream Catcher":29,"Nunchaku":92,"Gensokyo:MarisaPhilosophersStone":103,"TheAbacus":118,"Mummified Hand":19,"CCEMRelics:OverlyComfyChair":72,"downfall:HeartBlessingBlue":80,"Slimebound:StickyStick":111,"Gambling Chip":9,"Tiny Chest":40,"SimpleLauncher":7,"CCEMRelics:Barrel":4,"Gensokyo:ConquerorOfFear":75,"Gensokyo:CelestialsFlawlessClothing":5,"Orichalcum":23,"Medical Kit":20,"Mercury Hourglass":21,"Calling Bell":79,"Peace Pipe":94,"Strange Spoon":7,"ShroomBag":75,"Gensokyo:EmptyGrave":79,"Anchor":20,"CaptainsWheel":93,"wanderingMiniBosses:CarrionFlame":30,"CCEMRelics:GrindingGear":10,"CCEMRelics:TinyMinotavrHorn":50,"Bag of Marbles":22,"Membership Card":21,"TungstenRod":37},{"CCEMRelics:PorcelainBowl":119,"Gensokyo:UndefinedDarkness":393,"downfall:HeartBlessingGreen":334,"Ginger":239,"CCEMRelics:DerglesHeadphones":242,"Old Coin":455,"Blood Vial":419,"Sundial":77,"MealTicket":651,"Kunai":498,"Blue Candle":585,"Velvet Choker":624,"BreadOfAWashokuLover":685,"Pen Nib":97,"Akabeko":672,"CCEMRelics:FestiveHat":137,"Bird Faced Urn":393,"Gensokyo:YoukaiFlower":14,"MiniHakkero":0,"StrikeDummy":419,"Gensokyo:MarisaImprobabilityPotion":30,"Unceasing Top":201,"AmplifyWand":88,"Regal Pillow":298,"Lantern":439,"Torii":439,"Singing Bowl":636,"CCEMRelics:WrappedPresent":76,"StoneCalendar":503,"Bag of Preparation":654,"SproutingBranch":419,"Ancient Tea Set":18,"Gensokyo:PortableGap":104,"Smiling Mask":291,"Toolbox":76,"Gensokyo:OccultBall":272,"WingedGreaves":267,"Chemical X":630,"InkBottle":646,"CCEMRelics:OrganicArmor":72,"Potion Belt":234,"downfall:HeartBlessingRed":428,"PreservedInsect":597,"Omamori":641,"MawBank":41,"Busted Crown":195,"Ornamental Fan":173,"Orrery":97,"Art of War":113,"Toy Ornithopter":42,"Ice Cream":234,"Gremlin Horn":43,"CeramicFish":455,"Vajra":490,"Sozu":149,"Lizard Tail":76,"Centennial Puzzle":83,"HornCleat":173,"Strawberry":161,"Philosopher\u0027s Stone":56,"Prayer Wheel":97,"RampagingMagicTools":334,"Happy Flower":27,"Oddly Smooth Stone":512,"Du-Vu Doll":97,"OrangePellets":76,"Shuriken":49,"Molten Egg 2":503,"Black Star":413,"CCEMRelics:WarHorn":419,"Meat on the Bone":91,"Pocketwatch":651,"Darkstone Periapt":11,"Gensokyo:MarisaIngredientList":14,"CCEMRelics:Pendulum":87,"Mango":35,"Gensokyo:NagashiBinaDoll":272,"expansioncontent:StudyCardRelic":23,"ClockworkSouvenir":161,"Frozen Eye":45,"Dream Catcher":119,"Nunchaku":523,"Gensokyo:MarisaPhilosophersStone":583,"TheAbacus":685,"Mummified Hand":69,"CCEMRelics:OverlyComfyChair":380,"downfall:HeartBlessingBlue":428,"Slimebound:StickyStick":636,"Gambling Chip":35,"Tiny Chest":182,"SimpleLauncher":27,"CCEMRelics:Barrel":14,"Gensokyo:ConquerorOfFear":398,"Gensokyo:CelestialsFlawlessClothing":18,"Orichalcum":90,"Medical Kit":76,"Mercury Hourglass":77,"Calling Bell":419,"Peace Pipe":534,"Strange Spoon":27,"ShroomBag":398,"Gensokyo:EmptyGrave":419,"Anchor":76,"CaptainsWheel":529,"wanderingMiniBosses:CarrionFlame":126,"CCEMRelics:GrindingGear":38,"CCEMRelics:TinyMinotavrHorn":247,"Bag of Marbles":87,"Membership Card":83,"TungstenRod":165}],"InkBottle":[23],"Toy Ornithopter":0,"Pocketwatch":[18]},"card_choices":[{"not_picked":["GravityBeat","SuperPerseids"],"picked":"OortCloud","floor":1.0},{"not_picked":["WitchLeyline","MysteriousBeam"],"picked":"EnergyRecoil","floor":2.0},{"not_picked":["WitchLeyline","DragonMeteor"],"picked":"MysteriousBeam","floor":3.0},{"not_picked":["EnergyFlow","AlicesGift"],"picked":"MillisecondPulsars","floor":3.0},{"not_picked":["GrandCross","NonDirectionalLaser"],"picked":"IllusionStar","floor":4.0},{"not_picked":["GalacticHalo+1","PropBag+1"],"picked":"MilkyWay+1","floor":8.0},{"not_picked":["DragonMeteor","MaximisePower"],"picked":"AlicesGift","floor":8.0},{"not_picked":["Orbital","AlicesGift"],"picked":"ChargingUp","floor":10.0},{"not_picked":["FinalSpark","BlazingStar"],"picked":"ManaRampage","floor":10.0},{"not_picked":["MysteriousBeam","SuperPerseids"],"picked":"WitchOfGreed","floor":11.0},{"not_picked":["SporeBomb","NonDirectionalLaser"],"picked":"PowerUp","floor":12.0},{"not_picked":["MeteoricShower","EnergyRecoil","ShootingEcho"],"picked":"SKIP","floor":14.0},{"not_picked":["MaximisePower","AbsoluteMagnitude"],"picked":"ManaRampage","floor":16.0},{"not_picked":["DragonMeteor","GrandCross","Acceleration"],"picked":"SKIP","floor":18.0},{"not_picked":["OpenUniverse+1","ManaConvection"],"picked":"OortCloud","floor":19},{"not_picked":["PulseMagic","Orbital"],"picked":"GalacticHalo","floor":24},{"not_picked":["ChargeUpSpray","GasGiant","GalacticHalo"],"picked":"Singing Bowl","floor":27},{"not_picked":["PropBag","GasGiant+1"],"picked":"EarthLightRay+1","floor":28},{"not_picked":["NonDirectionalLaser","ManaConvection+1"],"picked":"MilkyWay","floor":31},{"not_picked":["FinalSpark","BigCrunch","ManaRampage"],"picked":"Singing Bowl","floor":33},{"not_picked":["StarBarrage+1","SporeBomb","ChargeUpSpray+1"],"picked":"Singing Bowl","floor":35},{"not_picked":["BlazeAway","WitchOfGreed","ShootTheMoon"],"picked":"Singing Bowl","floor":41},{"not_picked":["Acceleration","LuminesStrike","MilkyWay+1"],"picked":"Singing Bowl","floor":42},{"not_picked":["WitchLeyline","BinaryStars","MeteoricShower+1"],"picked":"Singing Bowl","floor":45}],"player_experience":297641,"relics_obtained":[{"floor":8.0,"key":"Gensokyo:MarisaPhilosophersStone"},{"floor":9.0,"key":"Centennial Puzzle"},{"floor":10.0,"key":"PreservedInsect"},{"floor":12.0,"key":"Gremlin Horn"},{"floor":16.0,"key":"Gensokyo:OccultBall"},{"floor":24,"key":"Slimebound:StickyStick"},{"floor":26,"key":"Singing Bowl"},{"floor":27,"key":"InkBottle"},{"floor":30,"key":"Lizard Tail"},{"floor":33,"key":"Gensokyo:OccultBall"},{"floor":42,"key":"BreadOfAWashokuLover"},{"floor":43,"key":"Art of War"},{"floor":45,"key":"Gensokyo:OccultBall"},{"floor":45,"key":"Ornamental Fan"},{"floor":46,"key":"Ice Cream"}],"event_choices":[],"is_beta":false,"boss_relics":[{"not_picked":["Ectoplasm","Runic Dome"],"picked":"Velvet Choker"},{"not_picked":["Tiny House","Snecko Eye"],"picked":"Philosopher\u0027s Stone"}],"items_purged_floors":[38],"is_endless":false,"potions_floor_spawned":[1,10,14,16,19,41,45],"ascension_level":1}}