{"host":"s3s7xsmblwiz356v","time":1611264783,"event":{"mods":["AchievementEnabler","BaseMod","Block Reminder","Colored Map","Colored Powertips","Minty Spire (QoL Compilation)"],"gold_per_floor":[109,119,129,139,109,143,143,173,227,61,61,76,76,105,105,184,184,170,186,212,50,66,66,101,101,101,101,127,154,69,69,69,145,145,161,186,205,205,220,220,233,233,258,278,175,209,225,238,238,238,238,238,80,111,111],"floor_reached":56,"language":"ENG","playtime":15732,"items_purged":["Defend_B","Go for the Eyes"],"score":2138,"play_id":"3b4628b9-af9a-4e6a-80fa-ce4e2e529606","local_time":"20210121163303","is_ascension_mode":true,"campfire_choices":[{"data":"Creative AI","floor":7.0,"key":"SMITH"},{"floor":13.0,"key":"REST"},{"data":"Chaos","floor":15.0,"key":"SMITH"},{"floor":23.0,"key":"REST"},{"data":"Defragment","floor":25.0,"key":"SMITH"},{"floor":27.0,"key":"REST"},{"data":"Barrage","floor":32.0,"key":"SMITH"},{"data":"Amplify","floor":40.0,"key":"SMITH"},{"floor":42.0,"key":"RECALL"},{"data":"Capacitor","floor":49.0,"key":"SMITH"},{"floor":52.0,"key":"DIG"}],"circlet_count":0,"master_deck":["AscendersBane","Defend_B","Defend_B","Defend_B","Zap","Dualcast","Chaos+1","Glacier","Ball Lightning","Coolheaded","Creative AI+1","Compile Driver","Heatsinks","Amplify+1","Melter","Defragment+1","Cold Snap","Turbo+1","Barrage+1","Ghostly+1","Ghostly+1","Ghostly+1","Electrodynamics","Reinforced Body+1","Echo Form+1","Double Energy+1","Darkness+1","Go for the Eyes+1","Consume+1","BootSequence+1","Turbo+1","Capacitor+1","Doom and Gloom","FTL+1","Finesse+1","Thunder Strike"],"relics":["Cracked Core","Gambling Chip","Sundial","Tiny Chest","DataDisk","Smiling Mask","Oddly Smooth Stone","Nuclear Battery","Red Mask","Runic Capacitor","TungstenRod","Bag of Preparation","Question Card","Toy Ornithopter","Toxic Egg 2","Astrolabe","Ginger","Ice Cream","Shovel","Bottled Tornado","Lizard Tail"],"acts_visited":["TheCity","TheBeyond","TheEnding"],"potions_floor_usage":[55],"damage_taken":[{"damage":0.0,"enemies":"Cultist","floor":1.0,"turns":3.0},{"damage":9.0,"enemies":"2 Louse","floor":2.0,"turns":4.0},{"damage":0.0,"enemies":"Jaw Worm","floor":3.0,"turns":4.0},{"damage":4.0,"enemies":"2 Fungi Beasts","floor":4.0,"turns":4.0},{"damage":0.0,"enemies":"Looter","floor":5.0,"turns":4.0},{"damage":7.0,"enemies":"Lagavulin","floor":6.0,"turns":8.0},{"damage":30.0,"enemies":"3 Sentries","floor":8.0,"turns":9.0},{"damage":0.0,"enemies":"Red Slaver","floor":12.0,"turns":3.0},{"damage":2.0,"enemies":"Gremlin Nob","floor":14.0,"turns":4.0},{"damage":3.0,"enemies":"Hexaghost","floor":16.0,"turns":8.0},{"damage":17.0,"enemies":"2 Thieves","floor":18.0,"turns":4.0},{"damage":0.0,"enemies":"Spheric Guardian","floor":19.0,"turns":1.0},{"damage":39.0,"enemies":"Masked Bandits","floor":20.0,"turns":5.0},{"damage":2.0,"enemies":"Centurion and Healer","floor":22.0,"turns":8.0},{"damage":12.0,"enemies":"Slavers","floor":24.0,"turns":4.0},{"damage":29.0,"enemies":"Gremlin Leader","floor":28.0,"turns":10.0},{"damage":0.0,"enemies":"Champ","floor":33.0,"turns":8.0},{"damage":0.0,"enemies":"3 Darklings","floor":35.0,"turns":5.0},{"damage":0.0,"enemies":"Mind Bloom Boss Battle","floor":36.0,"turns":8.0},{"damage":0.0,"enemies":"3 Shapes","floor":37.0,"turns":4.0},{"damage":0.0,"enemies":"Sphere and 2 Shapes","floor":39.0,"turns":4.0},{"damage":0.0,"enemies":"Transient","floor":41.0,"turns":5.0},{"damage":2.0,"enemies":"3 Darklings","floor":44.0,"turns":5.0},{"damage":0.0,"enemies":"Giant Head","floor":46.0,"turns":9.0},{"damage":0.0,"enemies":"4 Shapes","floor":47.0,"turns":2.0},{"damage":0.0,"enemies":"Writhing Mass","floor":48.0,"turns":6.0},{"damage":3.0,"enemies":"Donu and Deca","floor":50.0,"turns":9.0},{"damage":0.0,"enemies":"Shield and Spear","floor":54.0,"turns":7.0},{"damage":59,"enemies":"The Heart","floor":55,"turns":10}],"seed_played":"5012884575716346352","potions_obtained":[{"floor":1.0,"key":"GamblersBrew"},{"floor":6.0,"key":"EntropicBrew"},{"floor":8.0,"key":"PotionOfCapacity"},{"floor":16.0,"key":"Dexterity Potion"},{"floor":18.0,"key":"DistilledChaos"},{"floor":22.0,"key":"Block Potion"},{"floor":28.0,"key":"Weak Potion"},{"floor":33.0,"key":"Swift Potion"},{"floor":36.0,"key":"GamblersBrew"},{"floor":54.0,"key":"FearPotion"}],"is_trial":false,"path_per_floor":["M","M","M","M","M","E","R","E","T","$","?","M","R","E","R","B",null,"M","M","?","$","M","R","E","R","T","R","E","T","?","?","R","B",null,"M","?","M","T","M","R","M","R","T","M","$","E","M","M","R","B",null,"R","$","E","B",null],"character_chosen":"DEFECT","items_purchased":["DataDisk","Runic Capacitor","FocusPotion","Finesse+1"],"campfire_rested":3,"item_purchase_floors":[10,21,45,53],"current_hp_per_floor":[64,55,55,51,51,44,44,14,14,14,14,14,35,33,33,30,61,44,44,5,5,3,24,12,12,12,33,4,4,4,4,4,4,27,32,32,32,32,32,32,32,32,32,30,30,30,30,30,30,27,33,33,33,35,13],"gold":111,"neow_bonus":"TRANSFORM_CARD","is_daily":false,"chose_seed":false,"campfire_upgraded":6,"win_rate":0.0,"timestamp":1611264783,"path_taken":["M","M","?","?","M","E","R","E","T","$","?","?","R","E","R","BOSS","M","M","?","$","M","R","E","R","T","R","E","?","?","?","R","BOSS","M","?","M","?","M","R","?","R","T","M","$","E","?","M","R","BOSS","R","$","E","BOSS"],"items_purchased_type":["Relic","Relic","Potion","Card"],"build_version":"2020-12-22","purchased_purges":2,"victory":true,"max_hp_per_floor":[71,71,71,71,71,71,71,71,71,71,71,71,71,71,71,71,71,71,71,71,71,71,71,71,71,71,71,71,71,71,35,35,35,35,35,35,35,35,35,35,35,35,35,35,35,35,35,35,35,35,35,35,35,35,35],"card_choices":[{"not_picked":["Hologram","Sweeping Beam"],"picked":"Glacier","floor":1.0},{"not_picked":["Streamline","Stack"],"picked":"Ball Lightning","floor":2.0},{"not_picked":["Blizzard","Aggregate"],"picked":"Coolheaded","floor":3.0},{"not_picked":["Conserve Battery","Skim"],"picked":"Creative AI","floor":4.0},{"not_picked":["Aggregate","Leap"],"picked":"Compile Driver","floor":5.0},{"not_picked":["Undo","Steam"],"picked":"Heatsinks","floor":6.0},{"not_picked":["Consume","Hello World"],"picked":"Cold Snap","floor":8.0},{"not_picked":["Redo","Melter","Steam Power"],"picked":"SKIP","floor":12.0},{"not_picked":["Double Energy","White Noise","Scrape"],"picked":"SKIP","floor":14.0},{"not_picked":["Echo Form","All For One"],"picked":"Amplify","floor":16.0},{"not_picked":["Coolheaded","Conserve Battery"],"picked":"Melter","floor":18.0},{"not_picked":["Gash","Hologram"],"picked":"Defragment","floor":19.0},{"not_picked":["Beam Cell","Ball Lightning"],"picked":"Cold Snap","floor":22.0},{"not_picked":["Static Discharge","Sweeping Beam"],"picked":"Turbo+1","floor":24.0},{"not_picked":["Steam","Reinforced Body"],"picked":"Barrage","floor":28.0},{"not_picked":["Core Surge","Echo Form","Fission+1"],"picked":"Electrodynamics","floor":33.0},{"not_picked":["Beam Cell","Ball Lightning","Gash"],"picked":"Darkness+1","floor":35.0},{"not_picked":["Sunder","Gash","Rebound"],"picked":"Go for the Eyes","floor":36.0},{"not_picked":["Chill+1","Ball Lightning","Leap+1"],"picked":"Go for the Eyes+1","floor":37.0},{"not_picked":["Compile Driver","Barrage","Fusion+1"],"picked":"Consume+1","floor":39.0},{"not_picked":["All For One","Go for the Eyes+1","Blizzard"],"picked":"BootSequence+1","floor":41.0},{"not_picked":["Leap+1","Consume+1","Gash"],"picked":"Turbo+1","floor":44.0},{"not_picked":["Conserve Battery+1","Undo+1","Recycle+1"],"picked":"Capacitor","floor":46.0},{"not_picked":["Turbo+1","Reprogram+1","Barrage+1"],"picked":"Doom and Gloom","floor":47.0},{"not_picked":["Steam+1","Loop","Turbo+1"],"picked":"FTL+1","floor":48.0},{"not_picked":["Turbo+1","Cold Snap","Doom and Gloom+1"],"picked":"Thunder Strike","floor":54.0}],"player_experience":471136,"relics_obtained":[{"floor":6.0,"key":"Gambling Chip"},{"floor":8.0,"key":"Sundial"},{"floor":9.0,"key":"Tiny Chest"},{"floor":14.0,"key":"Oddly Smooth Stone"},{"floor":20.0,"key":"Red Mask"},{"floor":24.0,"key":"TungstenRod"},{"floor":26.0,"key":"Bag of Preparation"},{"floor":28.0,"key":"Question Card"},{"floor":29.0,"key":"Toy Ornithopter"},{"floor":36.0,"key":"Ginger"},{"floor":38.0,"key":"Ice Cream"},{"floor":46.0,"key":"Shovel"},{"floor":52.0,"key":"Bottled Tornado"},{"floor":54.0,"key":"Lizard Tail"}],"event_choices":[{"cards_removed":["Cold Snap"],"damage_healed":0.0,"max_hp_gain":0.0,"max_hp_loss":0.0,"gold_gain":0.0,"event_name":"WeMeetAgain","player_choice":"Gave Card","floor":11.0,"gold_loss":0.0,"damage_taken":0.0,"relics_obtained":["Smiling Mask"]},{"damage_healed":0.0,"max_hp_gain":0.0,"max_hp_loss":0.0,"gold_gain":0.0,"event_name":"Masked Bandits","player_choice":"Fought Bandits","floor":20.0,"gold_loss":0.0,"damage_taken":0.0},{"damage_healed":0.0,"max_hp_gain":0.0,"max_hp_loss":0.0,"gold_gain":0.0,"event_name":"Addict","player_choice":"Obtained Relic","floor":30.0,"gold_loss":85.0,"damage_taken":0.0,"relics_obtained":["Toxic Egg 2"]},{"damage_healed":0.0,"max_hp_gain":0.0,"max_hp_loss":36.0,"gold_gain":0.0,"event_name":"Ghosts","player_choice":"Became a Ghost","floor":31.0,"gold_loss":0.0,"damage_taken":0.0,"cards_obtained":["Ghostly","Ghostly","Ghostly"]},{"damage_healed":0.0,"max_hp_gain":0.0,"max_hp_loss":0.0,"gold_gain":0.0,"event_name":"MindBloom","player_choice":"Fight","floor":36.0,"gold_loss":0.0,"damage_taken":0.0}],"is_beta":false,"boss_relics":[{"not_picked":["Runic Dome","SacredBark"],"picked":"Nuclear Battery"},{"not_picked":["Runic Pyramid","Calling Bell"],"picked":"Astrolabe"}],"items_purged_floors":[45,53],"is_endless":false,"potions_floor_spawned":[1,6,8,16,18,22,28,33,36,39,46,54],"ascension_level":16}}