{"host":"pxmwci5ksxda8grt","time":1611218403,"event":{"mods":["BaseMod","Bestiary","Better Synergies","Better Third Choice","BetterRewards","Block Reminder","Colored Map","Colored Powertips","DeckTracker","Defuse TimeMaze Blight","Energized Spire","GifTheSpireLib","Minty Spire (QoL Compilation)","Quick Restart","Rare Cards Sparkle","Relic Stats","Spire Birthday Party","StSLib","SuperFastMode","Synergy Search","Unceasing Turn Reminder"],"gold_per_floor":[114,214,233,233,508,543,543,570,595,627,627,650,466,491,491,592,592,605,605,605,435,337,337,369,388,388,413,413,448,448,458,458,562,562,576,393,405,405,385,418,418,158,158,184,184,197,224,234,234,234,234,234,83,117,117],"floor_reached":56,"language":"ENG","playtime":2012,"items_purged":["Strike_R","Strike_R+1","Strike_R+1","Strike_R+1"],"score":2275,"play_id":"612a4578-fdf6-4dea-a516-8b94295ce891","local_time":"20210121214003","is_ascension_mode":true,"campfire_choices":[{"floor":7,"key":"DIG"},{"data":"True Grit","floor":11,"key":"SMITH"},{"floor":15,"key":"DIG"},{"floor":23,"key":"DIG"},{"floor":30,"key":"DIG"},{"floor":32,"key":"DIG"},{"floor":45,"key":"RECALL"},{"data":"Spot Weakness","floor":49,"key":"SMITH"},{"floor":52,"key":"DIG"}],"circlet_count":0,"master_deck":["Strike_R+1","Defend_R+1","Defend_R+1","Defend_R+1","Defend_R+1","Bash+1","Feel No Pain+1","Spot Weakness+1","Spot Weakness+1","Inflame+1","True Grit+1","Bludgeon+1","Cleave+1","Bludgeon+1","Flex+1","Dark Embrace+1","Twin Strike+1","Barricade+1","Spot Weakness+1","Bloodletting+1","Sadistic Nature+1","Limit Break+1","Entrench+1","Metallicize+1","Heavy Blade+1","Metallicize+1","Whirlwind+1","Bloodletting+1"],"relics":["Burning Blood","War Paint","Toolbox","Shovel","Question Card","Molten Egg 2","Tiny Chest","Oddly Smooth Stone","Bag of Marbles","Bronze Scales","Membership Card","Juzu Bracelet","Gremlin Horn","Meat on the Bone","Frozen Egg 2","Sling","FossilizedHelix","PreservedInsect","Happy Flower","HandDrill","Potion Belt","Charon\u0027s Ashes","CaptainsWheel","Matryoshka","Bag of Preparation","Singing Bowl","Blue Candle","Pear","Boot","Lee\u0027s Waffle","Whetstone","Omamori","Lantern","Self Forming Clay","Vajra","ClockworkSouvenir","Strawberry","Regal Pillow","Magic Flower","Centennial Puzzle","Dream Catcher","Blood Vial","Art of War","Orichalcum","Anchor","Frozen Eye","Unceasing Top","Pen Nib","Philosopher\u0027s Stone","Nloth\u0027s Gift","Pantograph","Paper Frog","Toy Ornithopter","Ancient Tea Set","Sundial","Toxic Egg 2","MealTicket","Mummified Hand","Kunai","Calling Bell","HornCleat","Mercury Hourglass","Prayer Wheel","Shuriken","Eternal Feather","Bird Faced Urn","Dead Branch","Calipers","Mango","Du-Vu Doll","Chemical X","Ginger"],"acts_visited":["Exordium","TheCity","TheBeyond","TheEnding"],"potions_floor_usage":[0,55,55,55,55],"damage_taken":[{"damage":0,"enemies":"Jaw Worm","floor":1,"turns":1},{"damage":0,"enemies":"Cultist","floor":3,"turns":2},{"damage":0,"enemies":"Lagavulin","floor":6,"turns":3},{"damage":0,"enemies":"Gremlin Nob","floor":8,"turns":2},{"damage":0,"enemies":"Lagavulin","floor":10,"turns":2},{"damage":0,"enemies":"3 Sentries","floor":14,"turns":3},{"damage":0,"enemies":"Slime Boss","floor":16,"turns":4},{"damage":0,"enemies":"Spheric Guardian","floor":18,"turns":2},{"damage":0,"enemies":"Book of Stabbing","floor":24,"turns":1},{"damage":0,"enemies":"2 Thieves","floor":25,"turns":1},{"damage":0,"enemies":"Gremlin Leader","floor":27,"turns":1},{"damage":0,"enemies":"Book of Stabbing","floor":29,"turns":2},{"damage":0,"enemies":"Snecko","floor":31,"turns":1},{"damage":7,"enemies":"Champ","floor":33,"turns":3},{"damage":0,"enemies":"Orb Walker","floor":35,"turns":2},{"damage":0,"enemies":"3 Shapes","floor":37,"turns":3},{"damage":0,"enemies":"Nemesis","floor":40,"turns":1},{"damage":0,"enemies":"Jaw Worm Horde","floor":46,"turns":2},{"damage":0,"enemies":"Reptomancer","floor":47,"turns":2},{"damage":0,"enemies":"Sphere and 2 Shapes","floor":48,"turns":2},{"damage":0,"enemies":"Donu and Deca","floor":50,"turns":4},{"damage":0,"enemies":"Shield and Spear","floor":54,"turns":1},{"damage":128,"enemies":"The Heart","floor":55,"turns":8}],"seed_played":"-2860734437995214953","potions_obtained":[{"floor":1,"key":"Energy Potion"},{"floor":14,"key":"ColorlessPotion"},{"floor":29,"key":"DuplicationPotion"},{"floor":33,"key":"SkillPotion"},{"floor":39,"key":"SpeedPotion"}],"is_trial":false,"path_per_floor":["M","?","M","?","?","E","R","E","T","E","R","T","$","E","R","B",null,"M","?","?","$","?","R","E","M","T","E","T","E","R","M","R","B",null,"M","$","M","?","?","E","?","$","T","T","R","M","E","M","R","B",null,"R","$","E","B",null],"character_chosen":"IRONCLAD","items_purchased":["War Paint","Toolbox","Shovel","Question Card","Molten Egg 2","Tiny Chest","Oddly Smooth Stone","Bag of Marbles","Bronze Scales","Membership Card","Juzu Bracelet","Gremlin Horn","InkBottle","Meat on the Bone","Frozen Egg 2","Sling","FossilizedHelix","PreservedInsect","Fruit Juice","Happy Flower","HandDrill","Potion Belt","Charon\u0027s Ashes","CaptainsWheel","Matryoshka","Bag of Preparation","Singing Bowl","Blue Candle","Pear","Boot","Lee\u0027s Waffle","Whetstone","Omamori","Lantern","Self Forming Clay","Vajra","ClockworkSouvenir","Strawberry","Bludgeon+1","Frozen Eye","Pantograph","Shuriken","Bird Faced Urn","Entrench+1","Metallicize+1","Whirlwind+1","Chemical X"],"campfire_rested":0,"item_purchase_floors":[0,0,0,0,0,0,0,0,0,0,0,0,0,0,0,0,0,0,0,0,0,0,0,0,0,0,0,0,0,0,0,0,0,0,0,0,0,0,13,13,21,36,42,42,53,53,53],"current_hp_per_floor":[109,109,109,109,109,109,109,109,109,109,109,109,109,109,109,109,109,111,111,111,111,111,111,113,115,115,115,115,115,115,115,115,115,115,119,119,119,113,113,123,123,123,123,123,123,125,139,143,143,143,143,143,143,143,92],"gold":117,"neow_bonus":"","is_daily":false,"chose_seed":false,"campfire_upgraded":2,"win_rate":0.0,"timestamp":1611218403,"path_taken":["M","?","M","?","?","E","R","E","T","E","R","?","$","E","R","BOSS","M","?","?","$","?","R","E","M","T","E","?","E","R","M","R","BOSS","M","$","M","?","?","E","?","$","T","?","R","M","E","M","R","BOSS","R","$","E","BOSS"],"items_purchased_type":["Relic","Relic","Relic","Relic","Relic","Relic","Relic","Relic","Relic","Relic","Relic","Relic","Relic","Relic","Relic","Relic","Relic","Relic","Potion","Relic","Relic","Relic","Relic","Relic","Relic","Relic","Relic","Relic","Relic","Relic","Relic","Relic","Relic","Relic","Relic","Relic","Relic","Relic","Card","Relic","Relic","Relic","Relic","Card","Card","Card","Relic"],"build_version":"2020-12-22","purchased_purges":4,"victory":true,"max_hp_per_floor":[109,109,109,109,109,109,109,109,109,109,109,109,109,109,109,109,109,111,111,111,111,111,111,113,115,115,115,115,115,115,115,115,115,115,119,119,119,123,123,123,123,123,123,123,123,125,139,143,143,143,143,143,143,143,143],"relic_stats":{"Regal Pillow":0,"Gremlin Horn":[14,14],"Singing Bowl":20,"Magic Flower":[30],"Juzu Bracelet":3,"Bag of Preparation":[46],"Whetstone":["Bash","Strike_R"],"Ginger":[2],"Boot":[0],"Burning Blood":51,"Blood Vial":3,"Centennial Puzzle":[6],"Dream Catcher":0,"Shovel":6,"Sundial":[0],"Mummified Hand":[51],"Pantograph":0,"Tiny Chest":3,"MealTicket":0,"Prayer Wheel":4,"HandDrill":[20],"Kunai":[8],"Chemical X":[4],"Lee\u0027s Waffle":30,"Happy Flower":[17],"counters":[53,120],"Self Forming Clay":[81],"Blue Candle":[0],"Dead Branch":[9],"Eternal Feather":0,"PreservedInsect":409,"Charon\u0027s Ashes":[66],"Pen Nib":[7],"War Paint":["Defend_R","Defend_R"],"Orichalcum":[6],"Question Card":29,"Mercury Hourglass":[102],"Shuriken":[5],"Bronze Scales":[264],"Bird Faced Urn":[18],"Art of War":[3],"Nloth\u0027s Gift":2,"obtain_stats":[{"Whetstone":48,"Ginger":54,"Sling":0,"Boot":46,"Blood Vial":0,"Sundial":26,"MealTicket":0,"HandDrill":0,"Kunai":32,"Pear":0,"Blue Candle":0,"Eternal Feather":0,"Pen Nib":0,"Bird Faced Urn":25,"Mark of Pain":17,"energizedSpire:MagnifyingGlass":34,"Unceasing Top":0,"Lantern":0,"Regal Pillow":6,"Torii":44,"Singing Bowl":0,"Magic Flower":7,"StoneCalendar":0,"Bag of Preparation":0,"Smiling Mask":43,"Ancient Tea Set":0,"Burning Blood":0,"Shovel":0,"Matryoshka":0,"Toolbox":0,"Chemical X":48,"InkBottle":0,"Paper Frog":0,"Potion Belt":0,"Lee\u0027s Waffle":0,"Self Forming Clay":0,"Thread and Needle":36,"PreservedInsect":11,"Omamori":27,"Frozen Egg 2":0,"MawBank":23,"Ornamental Fan":0,"Orrery":0,"Turnip":12,"Art of War":0,"Champion Belt":0,"Toy Ornithopter":23,"Ice Cream":28,"Calipers":44,"Gremlin Horn":0,"Vajra":0,"Lizard Tail":0,"Centennial Puzzle":40,"HornCleat":42,"Strawberry":0,"Philosopher\u0027s Stone":17,"Prayer Wheel":34,"Toxic Egg 2":0,"Happy Flower":0,"Dead Branch":0,"Oddly Smooth Stone":0,"Charon\u0027s Ashes":0,"Letter Opener":9,"War Paint":4,"Question Card":30,"Du-Vu Doll":0,"OrangePellets":0,"Shuriken":0,"Brimstone":0,"Bronze Scales":0,"Molten Egg 2":0,"Nloth\u0027s Gift":19,"Pocketwatch":0,"Meat on the Bone":48,"Darkstone Periapt":0,"Mango":0,"Juzu Bracelet":0,"Incense Burner":0,"ClockworkSouvenir":0,"Frozen Eye":0,"Nunchaku":0,"Dream Catcher":0,"TheAbacus":0,"Mummified Hand":0,"Pantograph":0,"Tiny Chest":31,"Red Skull":28,"Orichalcum":0,"Medical Kit":0,"Mercury Hourglass":34,"Peace Pipe":0,"Calling Bell":34,"Cauldron":0,"CaptainsWheel":0,"Anchor":0,"Bag of Marbles":0,"Membership Card":0,"FossilizedHelix":0,"TungstenRod":37},{"Whetstone":29,"Ginger":52,"Sling":0,"Boot":28,"Blood Vial":0,"Sundial":16,"MealTicket":0,"HandDrill":0,"Kunai":43,"Pear":30,"Blue Candle":30,"Eternal Feather":0,"Pen Nib":0,"Bird Faced Urn":16,"Mark of Pain":10,"energizedSpire:MagnifyingGlass":20,"Unceasing Top":0,"Lantern":0,"Regal Pillow":33,"Torii":27,"Singing Bowl":30,"Magic Flower":33,"StoneCalendar":0,"Bag of Preparation":0,"Smiling Mask":27,"Ancient Tea Set":30,"Burning Blood":0,"Shovel":30,"Matryoshka":30,"Toolbox":0,"Chemical X":29,"InkBottle":30,"Paper Frog":0,"Potion Belt":0,"Lee\u0027s Waffle":0,"Self Forming Clay":30,"Thread and Needle":22,"PreservedInsect":7,"Omamori":17,"Frozen Egg 2":30,"MawBank":15,"Ornamental Fan":0,"Orrery":30,"Turnip":7,"Art of War":30,"Champion Belt":0,"Toy Ornithopter":38,"Ice Cream":17,"Calipers":47,"Gremlin Horn":30,"Vajra":0,"Lizard Tail":0,"Centennial Puzzle":26,"HornCleat":27,"Strawberry":30,"Philosopher\u0027s Stone":37,"Prayer Wheel":44,"Toxic Egg 2":0,"Happy Flower":30,"Dead Branch":30,"Oddly Smooth Stone":30,"Charon\u0027s Ashes":30,"Letter Opener":5,"War Paint":2,"Question Card":18,"Du-Vu Doll":30,"OrangePellets":0,"Shuriken":0,"Brimstone":0,"Bronze Scales":0,"Molten Egg 2":0,"Nloth\u0027s Gift":38,"Pocketwatch":0,"Meat on the Bone":29,"Darkstone Periapt":30,"Mango":0,"Juzu Bracelet":0,"Incense Burner":0,"ClockworkSouvenir":0,"Frozen Eye":0,"Nunchaku":0,"Dream Catcher":0,"TheAbacus":0,"Mummified Hand":0,"Pantograph":30,"Tiny Chest":19,"Red Skull":17,"Orichalcum":0,"Medical Kit":0,"Mercury Hourglass":44,"Peace Pipe":0,"Calling Bell":44,"Cauldron":0,"CaptainsWheel":0,"Anchor":0,"Bag of Marbles":30,"Membership Card":0,"FossilizedHelix":0,"TungstenRod":23},{"Whetstone":64,"Ginger":112,"Sling":0,"Boot":58,"Blood Vial":0,"Sundial":28,"MealTicket":0,"HandDrill":0,"Kunai":93,"Pear":68,"Blue Candle":68,"Eternal Feather":0,"Pen Nib":0,"Bird Faced Urn":28,"Mark of Pain":18,"energizedSpire:MagnifyingGlass":37,"Unceasing Top":0,"Lantern":0,"Regal Pillow":74,"Torii":55,"Singing Bowl":68,"Magic Flower":74,"StoneCalendar":0,"Bag of Preparation":0,"Smiling Mask":55,"Ancient Tea Set":68,"Burning Blood":0,"Shovel":68,"Matryoshka":68,"Toolbox":0,"Chemical X":64,"InkBottle":68,"Paper Frog":0,"Potion Belt":0,"Lee\u0027s Waffle":0,"Self Forming Clay":68,"Thread and Needle":40,"PreservedInsect":12,"Omamori":29,"Frozen Egg 2":68,"MawBank":27,"Ornamental Fan":0,"Orrery":68,"Turnip":12,"Art of War":68,"Champion Belt":0,"Toy Ornithopter":87,"Ice Cream":29,"Calipers":101,"Gremlin Horn":68,"Vajra":0,"Lizard Tail":0,"Centennial Puzzle":51,"HornCleat":55,"Strawberry":68,"Philosopher\u0027s Stone":85,"Prayer Wheel":96,"Toxic Egg 2":0,"Happy Flower":68,"Dead Branch":68,"Oddly Smooth Stone":68,"Charon\u0027s Ashes":68,"Letter Opener":8,"War Paint":4,"Question Card":32,"Du-Vu Doll":68,"OrangePellets":0,"Shuriken":0,"Brimstone":0,"Bronze Scales":0,"Molten Egg 2":0,"Nloth\u0027s Gift":87,"Pocketwatch":0,"Meat on the Bone":64,"Darkstone Periapt":68,"Mango":0,"Juzu Bracelet":0,"Incense Burner":0,"ClockworkSouvenir":0,"Frozen Eye":0,"Nunchaku":0,"Dream Catcher":0,"TheAbacus":0,"Mummified Hand":0,"Pantograph":68,"Tiny Chest":33,"Red Skull":29,"Orichalcum":0,"Medical Kit":0,"Mercury Hourglass":96,"Peace Pipe":0,"Calling Bell":96,"Cauldron":0,"CaptainsWheel":0,"Anchor":0,"Bag of Marbles":68,"Membership Card":0,"FossilizedHelix":0,"TungstenRod":42}],"Unceasing Top":[10],"Toy Ornithopter":32,"Meat on the Bone":18},"card_choices":[{"not_picked":["Spot Weakness","Body Slam+1","Heavy Blade+1"],"picked":"Feel No Pain+1","floor":1},{"not_picked":["Pommel Strike+1","Havoc","Flex"],"picked":"Spot Weakness","floor":3},{"not_picked":["Evolve+1","Flame Barrier","Warcry"],"picked":"Spot Weakness","floor":6},{"not_picked":["Pommel Strike+1","Clothesline+1","Reckless Charge+1"],"picked":"Inflame+1","floor":8},{"not_picked":["Entrench","Evolve+1","Clash+1"],"picked":"True Grit","floor":10},{"not_picked":["Rampage+1","Twin Strike+1","Fire Breathing+1"],"picked":"Cleave+1","floor":14},{"not_picked":["Reaper+1","Limit Break","Fiend Fire+1"],"picked":"Bludgeon+1","floor":16},{"not_picked":["Shrug It Off+1","Twin Strike+1","Cleave+1","Anger+1"],"picked":"Singing Bowl","floor":18},{"not_picked":["Sword Boomerang+1","Whirlwind+1","Disarm","Bludgeon+1"],"picked":"Singing Bowl","floor":24},{"not_picked":["Blood for Blood+1","Carnage+1","Clash+1","Combust+1"],"picked":"Singing Bowl","floor":25},{"not_picked":["Armaments+1","Warcry+1","Uppercut+1"],"picked":"Flex+1","floor":27},{"not_picked":["Thunderclap+1","Fiend Fire+1","Rupture+1"],"picked":"Dark Embrace+1","floor":29},{"not_picked":["Thunderclap+1","Pommel Strike+1","Rupture+1"],"picked":"Twin Strike+1","floor":31},{"not_picked":["Double Tap+1","Corruption+1","Reaper+1"],"picked":"Barricade+1","floor":33},{"not_picked":["Dropkick+1","Iron Wave+1","Whirlwind+1","Burning Pact+1"],"picked":"Singing Bowl","floor":35},{"not_picked":["Heavy Blade+1","Iron Wave+1","Clash+1","True Grit+1"],"picked":"Singing Bowl","floor":35},{"not_picked":["Reckless Charge+1","Sword Boomerang+1","Shrug It Off+1"],"picked":"Spot Weakness+1","floor":37},{"not_picked":["Iron Wave+1","Sentinel+1","Impervious+1"],"picked":"Bloodletting+1","floor":37},{"not_picked":["Madness+1","Flash of Steel+1","Swift Strike+1","Trip+1"],"picked":"Singing Bowl","floor":38},{"not_picked":["Master of Strategy+1","PanicButton+1","Good Instincts+1"],"picked":"Sadistic Nature+1","floor":38},{"not_picked":["Violence+1","Metamorphosis+1","Enlightenment+1","Dramatic Entrance+1"],"picked":"Singing Bowl","floor":38},{"not_picked":["Rage+1","Blood for Blood+1","Anger+1"],"picked":"Limit Break+1","floor":40},{"not_picked":["Rage+1","Hemokinesis+1","Dropkick+1","Flame Barrier+1"],"picked":"Singing Bowl","floor":46},{"not_picked":["Uppercut+1","Thunderclap+1","Dark Embrace+1"],"picked":"Metallicize+1","floor":46},{"not_picked":["Warcry+1","Uppercut+1","Anger+1"],"picked":"Heavy Blade+1","floor":47},{"not_picked":["Body Slam+1","Warcry+1","Burning Pact+1","Thunderclap+1"],"picked":"Singing Bowl","floor":48},{"not_picked":["Wild Strike+1","Shockwave+1","True Grit+1","Iron Wave+1"],"picked":"Singing Bowl","floor":48},{"not_picked":["Feed+1","Feel No Pain+1","Pummel+1"],"picked":"Bloodletting+1","floor":54}],"player_experience":576395,"relics_obtained":[{"floor":6,"key":"Regal Pillow"},{"floor":7,"key":"Magic Flower"},{"floor":8,"key":"Centennial Puzzle"},{"floor":9,"key":"Dream Catcher"},{"floor":9,"key":"Blood Vial"},{"floor":10,"key":"Art of War"},{"floor":12,"key":"Orichalcum"},{"floor":12,"key":"Anchor"},{"floor":14,"key":"Unceasing Top"},{"floor":15,"key":"Pen Nib"},{"floor":23,"key":"Toy Ornithopter"},{"floor":24,"key":"Ancient Tea Set"},{"floor":26,"key":"Sundial"},{"floor":27,"key":"Toxic Egg 2"},{"floor":29,"key":"MealTicket"},{"floor":30,"key":"Mummified Hand"},{"floor":32,"key":"Kunai"},{"floor":34,"key":"HornCleat"},{"floor":34,"key":"Mercury Hourglass"},{"floor":34,"key":"Prayer Wheel"},{"floor":40,"key":"Eternal Feather"},{"floor":43,"key":"Dead Branch"},{"floor":44,"key":"Calipers"},{"floor":47,"key":"Mango"},{"floor":52,"key":"Du-Vu Doll"},{"floor":54,"key":"Ginger"}],"event_choices":[{"damage_healed":0,"gold_gain":100,"player_choice":"Gold","damage_taken":0,"max_hp_gain":0,"max_hp_loss":0,"event_name":"Wheel of Change","floor":2,"gold_loss":0},{"damage_healed":0,"gold_gain":0,"player_choice":"Grow","damage_taken":0,"max_hp_gain":0,"max_hp_loss":0,"event_name":"Living Wall","floor":4,"gold_loss":0,"cards_upgraded":["Spot Weakness"]},{"damage_healed":0,"gold_gain":275,"player_choice":"Desecrate","damage_taken":0,"max_hp_gain":0,"max_hp_loss":0,"event_name":"Golden Shrine","floor":5,"gold_loss":0,"cards_obtained":["Regret"]},{"damage_healed":0,"gold_gain":0,"player_choice":"Traded Relic","damage_taken":0,"relics_obtained":["Nloth\u0027s Gift"],"max_hp_gain":0,"max_hp_loss":0,"event_name":"N\u0027loth","floor":19,"relics_lost":["InkBottle"],"gold_loss":0},{"damage_healed":0,"gold_gain":0,"player_choice":"Simplicity","damage_taken":0,"max_hp_gain":0,"max_hp_loss":5,"event_name":"betterThird:BetterWriting","floor":20,"gold_loss":0},{"damage_healed":0,"gold_gain":0,"player_choice":"Paid Gold","damage_taken":0,"relics_obtained":["Paper Frog"],"max_hp_gain":0,"max_hp_loss":0,"event_name":"WeMeetAgain","floor":22,"gold_loss":98},{"damage_healed":0,"gold_gain":0,"player_choice":"Memory 3","damage_taken":10,"max_hp_gain":0,"max_hp_loss":0,"event_name":"SensoryStone","floor":38,"gold_loss":0},{"damage_healed":0,"gold_gain":0,"player_choice":"Bought 1 Potion","damage_taken":0,"max_hp_gain":0,"max_hp_loss":0,"event_name":"The Woman in Blue","floor":39,"gold_loss":0},{"damage_healed":0,"gold_gain":0,"player_choice":"Ignored","damage_taken":0,"max_hp_gain":0,"max_hp_loss":0,"event_name":"Tomb of Lord Red Mask","floor":41,"gold_loss":0}],"is_beta":false,"boss_relics":[{"not_picked":["energizedSpire:EnergizedDie","energizedSpire:RedRose"],"picked":"Philosopher\u0027s Stone"},{"not_picked":["Black Blood","Runic Dome"],"picked":"Calling Bell"}],"items_purged_floors":[13,21,36,42],"is_endless":false,"potions_floor_spawned":[1,14,29,33,40,46],"ascension_level":7}}