{"host":"nbmmy2ys5j9alw05","time":1611217816,"event":{"mods":["AchievementEnabler","BaseMod","Bestiary","Better Vampires","Colored Map","Colored Powertips","Googly Eyes","Minty Spire (QoL Compilation)","Quick Restart","StSLib","The Hierophant","The IronCluck","everything is the same but u backflip on backflip"],"gold_per_floor":[112,187,199,217,217,217,248,266,266,38,38,63,83,109,109,209,209,219,219,219,238,251,251,269,269,269,269,286,186,186,186,186],"floor_reached":31,"language":"ENG","playtime":1003,"items_purged":["Strike_G","Strike_G"],"score":368,"play_id":"24dd0c43-e5c6-48e5-9d3c-a6db8529e55d","local_time":"20210121003016","is_ascension_mode":true,"campfire_choices":[{"data":"Predator","floor":6,"key":"SMITH"},{"floor":11,"key":"REST"},{"floor":15,"key":"REST"},{"data":"Tools of the Trade","floor":23,"key":"SMITH"},{"data":"Terror","floor":25,"key":"SMITH"},{"floor":27,"key":"REST"}],"circlet_count":0,"master_deck":["AscendersBane","Strike_G","Strike_G","Strike_G","Defend_G","Defend_G","Defend_G","Defend_G","Defend_G","Survivor","Neutralize","Underhanded Strike","Predator+1","Terror+1","Prepared","Underhanded Strike","Expertise","Tools of the Trade+1","All Out Attack+1","Reflex","Reflex+1"],"relics":["Ring of the Snake","NeowsBlessing","Ancient Tea Set","Pantograph","Anchor","Question Card","Centennial Puzzle","InkBottle","Nloth\u0027s Gift"],"acts_visited":["Exordium","TheCity"],"potions_floor_usage":[7,12,12,16,21,22,22,24],"damage_taken":[{"damage":0,"enemies":"2 Louse","floor":1,"turns":2},{"damage":0,"enemies":"Jaw Worm","floor":3,"turns":1},{"damage":0,"enemies":"Small Slimes","floor":4,"turns":1},{"damage":34,"enemies":"Gremlin Nob","floor":7,"turns":5},{"damage":16,"enemies":"Exordium Wildlife","floor":8,"turns":5},{"damage":31,"enemies":"Lagavulin","floor":12,"turns":6},{"damage":0,"enemies":"Red Slaver","floor":13,"turns":2},{"damage":15,"enemies":"Slime Boss","floor":16,"turns":9},{"damage":4,"enemies":"Shell Parasite","floor":18,"turns":4},{"damage":0,"enemies":"Spheric Guardian","floor":21,"turns":3},{"damage":19,"enemies":"Snake Plant","floor":22,"turns":3},{"damage":8,"enemies":"Cultist and Chosen","floor":24,"turns":5},{"damage":15,"enemies":"Snecko","floor":28,"turns":5},{"damage":0,"enemies":"Centurion and Healer","floor":31,"turns":3}],"seed_played":"4270446841620020247","potions_obtained":[{"floor":3,"key":"SpeedPotion"},{"floor":7,"key":"GamblersBrew"},{"floor":8,"key":"SkillPotion"},{"floor":12,"key":"Energy Potion"},{"floor":20,"key":"LiquidBronze"},{"floor":20,"key":"Energy Potion"},{"floor":20,"key":"Explosive Potion"},{"floor":21,"key":"DistilledChaos"},{"floor":22,"key":"CunningPotion"}],"is_trial":false,"path_per_floor":["M","?","M","M","?","R","E","M","T","$","R","E","M","T","R","B",null,"M","?","?","M","M","R","M","R","T","R","M","$","?","M"],"character_chosen":"THE_SILENT","items_purchased":["Anchor"],"campfire_rested":3,"item_purchase_floors":[10],"current_hp_per_floor":[63,52,52,52,70,70,36,20,20,20,41,10,10,10,31,41,63,59,59,59,59,40,40,32,32,32,53,38,38,38,38,38],"gold":186,"neow_bonus":"THREE_ENEMY_KILL","is_daily":false,"chose_seed":false,"campfire_upgraded":3,"win_rate":0.0,"timestamp":1611217816,"path_taken":["M","?","M","M","?","R","E","M","T","$","R","E","M","?","R","BOSS","M","?","?","M","?","R","M","R","T","R","M","$","?","M"],"items_purchased_type":["Relic"],"build_version":"2020-12-22","purchased_purges":2,"victory":false,"max_hp_per_floor":[70,70,70,70,70,70,70,70,70,70,70,70,70,70,70,70,70,70,70,70,70,70,70,70,70,70,70,70,70,70,70,70],"card_choices":[{"not_picked":["Tactician","Bane"],"picked":"Underhanded Strike","floor":1},{"not_picked":["Noxious Fumes","PiercingWail"],"picked":"Predator","floor":3},{"not_picked":["Slice","Blade Dance"],"picked":"Terror","floor":4},{"not_picked":["Skewer","Blade Dance"],"picked":"Prepared","floor":7},{"not_picked":["Cloak And Dagger","PiercingWail"],"picked":"Underhanded Strike","floor":8},{"not_picked":["Deflect","Doppelganger","Dodge and Roll"],"picked":"SKIP","floor":12},{"not_picked":["Poisoned Stab","Outmaneuver","Quick Slash"],"picked":"Expertise","floor":13},{"not_picked":["After Image","Adrenaline","Phantasmal Killer"],"picked":"Tools of the Trade","floor":16},{"not_picked":["Backflip","Acrobatics","Crippling Poison+1"],"picked":"All Out Attack+1","floor":18},{"not_picked":["Bane","Backflip","Prepared","Accuracy"],"picked":"SKIP","floor":21},{"not_picked":["Deadly Poison","Backflip","Deflect+1"],"picked":"Reflex+1","floor":22},{"not_picked":["Flying Knee","Endless Agony","Sucker Punch","Deflect"],"picked":"SKIP","floor":24},{"not_picked":["Accuracy+1","Heel Hook","Outmaneuver","Dagger Throw"],"picked":"SKIP","floor":28}],"player_experience":516292,"relics_obtained":[{"floor":7,"key":"Ancient Tea Set"},{"floor":9,"key":"Pantograph"},{"floor":12,"key":"Question Card"},{"floor":14,"key":"Centennial Puzzle"},{"floor":26,"key":"InkBottle"}],"event_choices":[{"damage_healed":0,"gold_gain":75,"player_choice":"Gather Gold","damage_taken":11,"max_hp_gain":0,"max_hp_loss":0,"event_name":"World of Goop","floor":2,"gold_loss":0},{"damage_healed":23,"gold_gain":0,"player_choice":"Banana","damage_taken":0,"max_hp_gain":0,"max_hp_loss":0,"event_name":"Big Fish","floor":5,"gold_loss":0},{"damage_healed":0,"gold_gain":0,"player_choice":"Read","damage_taken":0,"max_hp_gain":0,"max_hp_loss":0,"event_name":"The Library","floor":19,"gold_loss":0,"cards_obtained":["Reflex"]},{"damage_healed":0,"gold_gain":0,"player_choice":"Got Potions","damage_taken":0,"max_hp_gain":0,"max_hp_loss":0,"event_name":"Lab","floor":20,"gold_loss":0},{"damage_healed":0,"gold_gain":0,"player_choice":"Traded Relic","damage_taken":0,"relics_obtained":["Nloth\u0027s Gift"],"max_hp_gain":0,"max_hp_loss":0,"event_name":"N\u0027loth","floor":30,"relics_lost":["Runic Pyramid"],"gold_loss":0}],"is_beta":false,"boss_relics":[{"not_picked":["Black Star","Philosopher\u0027s Stone"],"picked":"Runic Pyramid"}],"items_purged_floors":[10,29],"is_endless":false,"potions_floor_spawned":[3,7,8,12,21,22],"killed_by":"Centurion and Healer","ascension_level":10}}