{"host":"ga4s3hj9m6nkn6gp","time":1611260910,"event":{"mods":["AchievementEnabler","BaseMod","Bestiary","Colored Powertips","Highlight Path","Minty Spire (QoL Compilation)","Relic Stats","everything is the same but u backflip on backflip"],"gold_per_floor":[110,120,120,130,150,150,182,195,218,218,218],"floor_reached":10,"language":"ENG","playtime":439,"items_purged":[],"score":109,"play_id":"dc1fa47e-2cdd-4469-a6e8-dea6c30d4d18","local_time":"20210121212830","is_ascension_mode":true,"campfire_choices":[{"floor":6.0,"key":"REST"}],"circlet_count":0,"master_deck":["AscendersBane","Strike_B","Strike_B","Strike_B","Strike_B","Defend_B","Defend_B","Defend_B","Defend_B","Zap","Dualcast","Darkness","Hologram","Rebound"],"relics":["Fusion Hammer","Torii","Lantern"],"acts_visited":["Exordium"],"potions_floor_usage":[7,10],"damage_taken":[{"damage":6.0,"enemies":"Cultist","floor":1.0,"turns":4.0},{"damage":8.0,"enemies":"Jaw Worm","floor":2.0,"turns":4.0},{"damage":11.0,"enemies":"2 Louse","floor":4.0,"turns":2.0},{"damage":1.0,"enemies":"2 Fungi Beasts","floor":5.0,"turns":3.0},{"damage":8,"enemies":"Lagavulin","floor":7,"turns":7},{"damage":14,"enemies":"3 Louse","floor":8,"turns":2},{"damage":64,"enemies":"Gremlin Nob","floor":10,"turns":4}],"seed_played":"-2288221212838642718","potions_obtained":[{"floor":2.0,"key":"PowerPotion"},{"floor":4.0,"key":"Dexterity Potion"},{"floor":7,"key":"SneckoOil"}],"is_trial":false,"path_per_floor":["M","M","?","M","M","R","E","M","T","E"],"character_chosen":"DEFECT","items_purchased":[],"campfire_rested":1,"item_purchase_floors":[],"current_hp_per_floor":[62,54,54,43,42,64,56,42,42,0,0],"gold":218,"neow_bonus":"BOSS_RELIC","is_daily":false,"chose_seed":false,"campfire_upgraded":0,"win_rate":0.0,"timestamp":1611260910,"path_taken":["M","?","?","M","M","R","E","M","T","E"],"items_purchased_type":[],"build_version":"2020-12-22","purchased_purges":0,"victory":false,"max_hp_per_floor":[75,75,75,75,75,75,75,75,75,75,75],"relic_stats":{"Torii":2,"counters":[7,26],"obtain_stats":[{"Lantern":9,"Torii":7,"Fusion Hammer":0,"Cracked Core":0},{"Lantern":6,"Torii":5,"Fusion Hammer":0,"Cracked Core":0},{"Lantern":22,"Torii":20,"Fusion Hammer":0,"Cracked Core":0}]},"card_choices":[{"not_picked":["Barrage","Steam"],"picked":"Darkness","floor":1.0},{"not_picked":["Steam","Stack"],"picked":"Hologram","floor":2.0},{"not_picked":["Compile Driver","Steam Power"],"picked":"Rebound","floor":4.0},{"not_picked":["Steam","Stack","Darkness"],"picked":"SKIP","floor":5.0},{"not_picked":["Fission","Rebound","Chaos"],"picked":"SKIP","floor":7},{"not_picked":["Go for the Eyes","Streamline","Ball Lightning"],"picked":"SKIP","floor":8}],"player_experience":657779,"relics_obtained":[{"floor":7,"key":"Torii"},{"floor":9,"key":"Lantern"}],"event_choices":[{"damage_healed":0.0,"max_hp_gain":0.0,"max_hp_loss":0.0,"gold_gain":0.0,"event_name":"Liars Game","player_choice":"Ignored","floor":3.0,"gold_loss":0.0,"damage_taken":0.0}],"is_beta":false,"boss_relics":[],"items_purged_floors":[],"is_endless":false,"potions_floor_spawned":[2,4,7],"killed_by":"Gremlin Nob","ascension_level":11}}