{"host":"jscggscbx0p7706o","time":1611232476,"event":{"mods":["AchievementEnabler","BaseMod","Block Reminder","Colored Powertips","Filter the Spire","Minty Spire (QoL Compilation)","Permanent Neow","Quick Restart","StSLib"],"gold_per_floor":[111,111,111,128,140,140,156,176,199,245,271,271,289,214,214,214,317,367,367,367],"floor_reached":19,"language":"ENG","playtime":546,"items_purged":["Strike_R"],"score":184,"play_id":"a3e4e485-fb2c-4536-8f5e-c480d06caeda","local_time":"20210121203436","is_ascension_mode":false,"campfire_choices":[{"data":"Bash","floor":6.0,"key":"SMITH"},{"data":"Dual Wield","floor":16.0,"key":"SMITH"}],"circlet_count":0,"master_deck":["Strike_R","Strike_R","Strike_R","Defend_R+1","Defend_R","Defend_R","Defend_R","Bash+1","Dual Wield+1"],"relics":["Burning Blood","Pen Nib","CeramicFish","MealTicket","Tiny House"],"acts_visited":["Exordium","TheCity"],"potions_floor_usage":[],"damage_taken":[{"damage":6.0,"enemies":"Jaw Worm","floor":1.0,"turns":6.0},{"damage":3.0,"enemies":"2 Louse","floor":4.0,"turns":4.0},{"damage":1.0,"enemies":"Cultist","floor":5.0,"turns":3.0},{"damage":0.0,"enemies":"Large Slime","floor":7.0,"turns":5.0},{"damage":5.0,"enemies":"3 Louse","floor":8.0,"turns":5.0},{"damage":4.0,"enemies":"Blue Slaver","floor":11.0,"turns":3.0},{"damage":4.0,"enemies":"2 Fungi Beasts","floor":13.0,"turns":6.0},{"damage":78.0,"enemies":"The Guardian","floor":17.0,"turns":16.0},{"damage":32,"enemies":"Chosen","floor":19,"turns":8}],"seed_played":"8214823577304348338","potions_obtained":[{"floor":3.0,"key":"Fire Potion"},{"floor":3.0,"key":"SkillPotion"},{"floor":3.0,"key":"Explosive Potion"},{"floor":17.0,"key":"Block Potion"},{"floor":18.0,"key":"Fruit Juice"}],"is_trial":false,"path_per_floor":["M","?","?","M","M","R","M","M","T","T","M","?","M","$","?","R","B",null,"M"],"character_chosen":"IRONCLAD","items_purchased":[],"campfire_rested":0,"item_purchase_floors":[],"current_hp_per_floor":[80,73,73,76,80,80,80,80,80,80,80,85,85,85,85,85,13,95,63,63],"gold":367,"neow_bonus":"REMOVE_CARD","is_daily":false,"chose_seed":false,"campfire_upgraded":2,"win_rate":0.0,"timestamp":1611232476,"path_taken":["M","?","?","M","?","R","M","M","T","T","M","?","M","$","?","R","BOSS","M"],"items_purchased_type":[],"build_version":"2020-12-22","purchased_purges":1,"victory":false,"max_hp_per_floor":[80,80,80,80,80,80,80,80,80,80,80,85,85,85,85,85,85,95,95,95],"card_choices":[{"not_picked":["Flex","Pommel Strike","Carnage"],"picked":"SKIP","floor":1.0},{"not_picked":["Uppercut","Warcry","True Grit"],"picked":"SKIP","floor":4.0},{"not_picked":["Heavy Blade","Clash","Anger"],"picked":"SKIP","floor":5.0},{"not_picked":["Sever Soul","Clothesline","Headbutt"],"picked":"SKIP","floor":7.0},{"not_picked":["Body Slam","Carnage","Perfected Strike"],"picked":"SKIP","floor":8.0},{"not_picked":["Clothesline","Blood for Blood","Dual Wield"],"picked":"SKIP","floor":11.0},{"not_picked":["Clothesline","Blood for Blood"],"picked":"Dual Wield","floor":11.0},{"not_picked":["Wild Strike","Body Slam","Immolate"],"picked":"SKIP","floor":13.0}],"player_experience":328898,"relics_obtained":[{"floor":9.0,"key":"CeramicFish"},{"floor":10.0,"key":"MealTicket"}],"event_choices":[{"damage_healed":0.0,"max_hp_gain":0.0,"max_hp_loss":0.0,"gold_gain":0.0,"event_name":"Scrap Ooze","player_choice":"Success","floor":2.0,"gold_loss":0.0,"damage_taken":7.0,"relics_obtained":["Pen Nib"]},{"damage_healed":0.0,"max_hp_gain":0.0,"max_hp_loss":0.0,"gold_gain":0.0,"event_name":"Lab","player_choice":"Got Potions","floor":3.0,"gold_loss":0.0,"damage_taken":0.0},{"damage_healed":0.0,"max_hp_gain":5.0,"max_hp_loss":0.0,"gold_gain":0.0,"event_name":"Big Fish","player_choice":"Donut","floor":12.0,"gold_loss":0.0,"damage_taken":0.0},{"damage_healed":0.0,"max_hp_gain":0.0,"max_hp_loss":0.0,"gold_gain":0.0,"event_name":"Liars Game","player_choice":"Ignored","floor":15.0,"gold_loss":0.0,"damage_taken":0.0}],"is_beta":false,"boss_relics":[{"not_picked":["SlaversCollar","Ectoplasm"],"picked":"Tiny House"}],"items_purged_floors":[14],"is_endless":false,"potions_floor_spawned":[4,5,17],"killed_by":"Chosen","ascension_level":0}}