{"host":"uv231blk40vjdojr","time":1611230653,"event":{"mods":["AchievementEnabler","BaseMod","Bestiary","Minty Spire (QoL Compilation)","Relic Stats"],"gold_per_floor":[109,120,100,117,128,128,156,156,156,190,190,230,246,280,280,373,373,393,409,8,28,28,28,48,88,115,139,23,47,87,100,100,198,198,214,233,233,258,273,309,309,327,327,341,341,379,400,414,414,414,414],"floor_reached":52,"language":"ENG","playtime":3211,"items_purged":[],"score":2101,"play_id":"c32f0326-76ba-46d4-a6ec-6cca19697e12","local_time":"20210121130413","is_ascension_mode":true,"campfire_choices":[{"data":"Noxious Fumes","floor":6.0,"key":"SMITH"},{"floor":11.0,"key":"REST"},{"floor":15.0,"key":"REST"},{"data":"Dash","floor":23.0,"key":"SMITH"},{"data":"Glass Knife","floor":32.0,"key":"SMITH"},{"data":"Wraith Form v2","floor":41,"key":"SMITH"},{"data":"Sucker Punch","floor":49,"key":"SMITH"}],"circlet_count":0,"master_deck":["AscendersBane","Strike_G+1","Strike_G+1","Strike_G+1","Strike_G+1","Strike_G+1","Defend_G+1","Defend_G+1","Defend_G+1","Defend_G+1","Defend_G+1","Survivor","Neutralize","After Image","Backstab","Noxious Fumes+1","Dash+1","Sucker Punch+1","Backflip+1","Cloak And Dagger+1","Deflect+1","Terror+1","Malaise+1","Deadly Poison+1","Blur+1","Riddle With Holes+1","Blur+1","Deadly Poison+1","Glass Knife+1","Backflip+1","Wraith Form v2+1","Well Laid Plans+1","Bouncing Flask+1","Leg Sweep+1"],"relics":["Ring of the Snake","Akabeko","Golden Idol","PreservedInsect","Toxic Egg 2","Pen Nib","Du-Vu Doll","Velvet Choker","Meat on the Bone","Shuriken","Anchor","Snake Skull","Darkstone Periapt","FossilizedHelix","Coffee Dripper","Ornamental Fan","Pantograph","Happy Flower"],"acts_visited":["Exordium","TheCity","TheBeyond"],"potions_floor_usage":[40,51,51],"damage_taken":[{"damage":4.0,"enemies":"Small Slimes","floor":1.0,"turns":4.0},{"damage":1.0,"enemies":"Cultist","floor":2.0,"turns":4.0},{"damage":2.0,"enemies":"Jaw Worm","floor":4.0,"turns":4.0},{"damage":6.0,"enemies":"Exordium Thugs","floor":5.0,"turns":6.0},{"damage":8.0,"enemies":"3 Sentries","floor":7.0,"turns":5.0},{"damage":17.0,"enemies":"Lagavulin","floor":10.0,"turns":5.0},{"damage":6.0,"enemies":"Gremlin Nob","floor":12.0,"turns":3.0},{"damage":1.0,"enemies":"Exordium Wildlife","floor":13.0,"turns":6.0},{"damage":2.0,"enemies":"3 Sentries","floor":14.0,"turns":4.0},{"damage":4.0,"enemies":"Slime Boss","floor":16.0,"turns":5.0},{"damage":0.0,"enemies":"Chosen","floor":18.0,"turns":5.0},{"damage":10.0,"enemies":"2 Thieves","floor":19.0,"turns":4.0},{"damage":10.0,"enemies":"Shelled Parasite and Fungi","floor":21.0,"turns":6.0},{"damage":0.0,"enemies":"Centurion and Healer","floor":24.0,"turns":4.0},{"damage":6.0,"enemies":"Slavers","floor":25.0,"turns":4.0},{"damage":12.0,"enemies":"Cultist and Chosen","floor":29.0,"turns":6.0},{"damage":0.0,"enemies":"Gremlin Leader","floor":30.0,"turns":5.0},{"damage":0.0,"enemies":"Shelled Parasite and Fungi","floor":31.0,"turns":4.0},{"damage":11.0,"enemies":"Collector","floor":33.0,"turns":7.0},{"damage":0.0,"enemies":"Orb Walker","floor":35.0,"turns":2.0},{"damage":0.0,"enemies":"3 Darklings","floor":36.0,"turns":4.0},{"damage":0.0,"enemies":"Spire Growth","floor":38.0,"turns":4.0},{"damage":1,"enemies":"Writhing Mass","floor":39,"turns":5},{"damage":28,"enemies":"Reptomancer","floor":40,"turns":8},{"damage":0,"enemies":"Maw","floor":42,"turns":7},{"damage":0,"enemies":"4 Shapes","floor":44,"turns":6},{"damage":0,"enemies":"Giant Head","floor":46,"turns":7},{"damage":0,"enemies":"Writhing Mass","floor":47,"turns":6},{"damage":0,"enemies":"Sphere and 2 Shapes","floor":48,"turns":5},{"damage":7,"enemies":"Awakened One","floor":50,"turns":15},{"damage":0,"enemies":"Time Eater","floor":51,"turns":10}],"seed_played":"-8533900770097467657","potions_obtained":[{"floor":1.0,"key":"CunningPotion"},{"floor":2.0,"key":"SkillPotion"},{"floor":3.0,"key":"DuplicationPotion"},{"floor":12.0,"key":"Explosive Potion"},{"floor":13.0,"key":"BlessingOfTheForge"},{"floor":18.0,"key":"CultistPotion"},{"floor":25.0,"key":"BlessingOfTheForge"},{"floor":29.0,"key":"PowerPotion"},{"floor":33.0,"key":"SmokeBomb"},{"floor":38.0,"key":"LiquidBronze"},{"floor":40,"key":"Explosive Potion"},{"floor":47,"key":"DuplicationPotion"}],"is_trial":false,"path_per_floor":["M","M","?","M","M","R","E","?","T","E","R","E","M","E","R","B",null,"M","M","$","M","?","R","M","E","T","T","?","M","E","M","R","B",null,"M","M","?","M","M","E","R","M","T","M","?","E","M","M","R","B","B",null],"character_chosen":"THE_SILENT","items_purchased":["Meat on the Bone","Blur+1","Fire Potion"],"campfire_rested":2,"item_purchase_floors":[20,20,20],"current_hp_per_floor":[55,54,54,52,46,46,38,38,38,21,39,33,32,30,48,44,56,56,46,46,36,36,36,36,42,42,42,42,42,42,42,42,31,53,53,53,53,53,52,36,36,36,36,36,36,36,36,36,36,50,57],"gold":414,"neow_bonus":"ONE_RANDOM_RARE_CARD","is_daily":false,"chose_seed":false,"campfire_upgraded":5,"win_rate":0.0,"timestamp":1611230653,"path_taken":["M","M","?","?","M","R","E","?","T","E","R","E","M","E","R","BOSS","M","M","$","M","?","R","M","E","T","?","?","?","E","M","R","BOSS","M","M","?","M","M","E","R","M","T","M","?","E","M","M","R","BOSS","BOSS"],"items_purchased_type":["Relic","Card","Potion"],"build_version":"2020-12-22","purchased_purges":0,"victory":true,"max_hp_per_floor":[66,66,66,66,66,66,66,60,60,60,60,60,60,60,60,60,60,60,60,60,60,60,60,60,60,60,60,60,60,60,60,60,60,60,60,60,57,57,57,57,57,57,57,57,57,57,57,57,57,57,57],"relic_stats":{"Darkstone Periapt":0,"Happy Flower":[12],"counters":[31,170],"Golden Idol":184,"PreservedInsect":378,"Pen Nib":[24],"Snake Skull":[129],"Shuriken":[27],"Ornamental Fan":[60],"Pantograph":28,"obtain_stats":[{"Darkstone Periapt":28,"Happy Flower":46,"Golden Idol":8,"Velvet Choker":17,"PreservedInsect":9,"Pen Nib":12,"Snake Skull":27,"Akabeko":7,"Du-Vu Doll":14,"Anchor":26,"Shuriken":25,"Ornamental Fan":40,"Pantograph":43,"Coffee Dripper":34,"Toxic Egg 2":10,"FossilizedHelix":30,"Ring of the Snake":0,"Meat on the Bone":20},{"Darkstone Periapt":15,"Happy Flower":27,"Golden Idol":5,"Velvet Choker":10,"PreservedInsect":5,"Pen Nib":7,"Snake Skull":15,"Akabeko":5,"Du-Vu Doll":9,"Anchor":15,"Shuriken":15,"Ornamental Fan":24,"Pantograph":25,"Coffee Dripper":19,"Toxic Egg 2":6,"FossilizedHelix":17,"Ring of the Snake":0,"Meat on the Bone":12},{"Darkstone Periapt":69,"Happy Flower":134,"Golden Idol":23,"Velvet Choker":46,"PreservedInsect":23,"Pen Nib":31,"Snake Skull":69,"Akabeko":23,"Du-Vu Doll":41,"Anchor":69,"Shuriken":69,"Ornamental Fan":114,"Pantograph":121,"Coffee Dripper":91,"Toxic Egg 2":28,"FossilizedHelix":80,"Ring of the Snake":0,"Meat on the Bone":55}],"Ring of the Snake":[62],"Meat on the Bone":36},"card_choices":[{"not_picked":["Leg Sweep","Escape Plan"],"picked":"Backstab","floor":1.0},{"not_picked":["Backflip","Prepared"],"picked":"Noxious Fumes","floor":2.0},{"not_picked":["Noxious Fumes","Deflect"],"picked":"Dash","floor":4.0},{"not_picked":["Quick Slash","Eviscerate"],"picked":"Sucker Punch","floor":5.0},{"not_picked":["Outmaneuver","Infinite Blades","Noxious Fumes"],"picked":"SKIP","floor":7.0},{"not_picked":["Backstab","Skewer"],"picked":"Backflip+1","floor":10.0},{"not_picked":["Distraction+1","Tactician+1"],"picked":"Cloak And Dagger+1","floor":12.0},{"not_picked":["Sucker Punch","Outmaneuver+1"],"picked":"Deflect+1","floor":13.0},{"not_picked":["Calculated Gamble+1","Sucker Punch"],"picked":"Terror+1","floor":14.0},{"not_picked":["Phantasmal Killer+1","Glass Knife"],"picked":"Malaise+1","floor":16.0},{"not_picked":["Calculated Gamble+1","Backflip+1"],"picked":"Deadly Poison+1","floor":18.0},{"not_picked":["Dagger Throw","Blade Dance+1","Tactician+1"],"picked":"SKIP","floor":19.0},{"not_picked":["Outmaneuver+1","Distraction+1","Finisher"],"picked":"SKIP","floor":21.0},{"not_picked":["Bane+1","Prepared+1"],"picked":"Riddle With Holes+1","floor":24.0},{"not_picked":["Acrobatics+1","Blade Dance+1"],"picked":"Blur+1","floor":25.0},{"not_picked":["Poisoned Stab","Sucker Punch"],"picked":"Deadly Poison+1","floor":29.0},{"not_picked":["Outmaneuver+1","Slice+1"],"picked":"Glass Knife","floor":30.0},{"not_picked":["Calculated Gamble+1","Poisoned Stab"],"picked":"Backflip+1","floor":31.0},{"not_picked":["Tools of the Trade","Die Die Die"],"picked":"Wraith Form v2","floor":33.0},{"not_picked":["Quick Slash","Backflip+1","Accuracy"],"picked":"SKIP","floor":35.0},{"not_picked":["Dagger Spray","Flying Knee+1","Poisoned Stab"],"picked":"SKIP","floor":36.0},{"not_picked":["Heel Hook","Sucker Punch"],"picked":"Well Laid Plans","floor":38.0},{"not_picked":["Deadly Poison+1","Dagger Throw"],"picked":"Bouncing Flask+1","floor":39},{"not_picked":["Cloak And Dagger+1","Backflip+1","Bullet Time+1"],"picked":"SKIP","floor":40},{"not_picked":["Skewer","Terror+1","Poisoned Stab"],"picked":"SKIP","floor":42},{"not_picked":["Flying Knee","Terror+1","Prepared+1"],"picked":"SKIP","floor":44},{"not_picked":["Reflex+1","Escape Plan+1"],"picked":"Leg Sweep+1","floor":46},{"not_picked":["Predator","Quick Slash+1","Flechettes"],"picked":"SKIP","floor":47},{"not_picked":["Prepared+1","Bullet Time+1","Underhanded Strike"],"picked":"SKIP","floor":48}],"player_experience":707373,"relics_obtained":[{"floor":7.0,"key":"Akabeko"},{"floor":9.0,"key":"PreservedInsect"},{"floor":10.0,"key":"Toxic Egg 2"},{"floor":12.0,"key":"Pen Nib"},{"floor":14.0,"key":"Du-Vu Doll"},{"floor":25.0,"key":"Shuriken"},{"floor":26.0,"key":"Anchor"},{"floor":27.0,"key":"Snake Skull"},{"floor":30.0,"key":"FossilizedHelix"},{"floor":40,"key":"Ornamental Fan"},{"floor":43,"key":"Pantograph"},{"floor":46,"key":"Happy Flower"}],"event_choices":[{"damage_healed":0.0,"max_hp_gain":0.0,"max_hp_loss":0.0,"gold_gain":0.0,"event_name":"The Woman in Blue","player_choice":"Bought 1 Potion","floor":3.0,"gold_loss":0.0,"damage_taken":0.0},{"damage_healed":0.0,"max_hp_gain":0.0,"max_hp_loss":6.0,"gold_gain":0.0,"event_name":"Golden Idol","player_choice":"Lose Max HP","floor":8.0,"gold_loss":0.0,"damage_taken":0.0,"relics_obtained":["Golden Idol"]},{"damage_healed":0.0,"max_hp_gain":0.0,"max_hp_loss":0.0,"gold_gain":0.0,"event_name":"Back to Basics","player_choice":"Simplicity","floor":22.0,"gold_loss":0.0,"damage_taken":0.0,"cards_upgraded":["Strike_G","Strike_G","Strike_G","Strike_G","Strike_G","Defend_G","Defend_G","Defend_G","Defend_G","Defend_G"]},{"damage_healed":0.0,"max_hp_gain":0.0,"max_hp_loss":0.0,"gold_gain":0.0,"event_name":"WeMeetAgain","player_choice":"Paid Gold","floor":28.0,"gold_loss":116.0,"damage_taken":0.0,"relics_obtained":["Darkstone Periapt"]},{"damage_healed":0.0,"max_hp_gain":0.0,"max_hp_loss":3.0,"gold_gain":0.0,"event_name":"Winding Halls","player_choice":"Max HP","floor":37.0,"gold_loss":0.0,"damage_taken":0.0},{"damage_healed":0,"gold_gain":0,"player_choice":"Upgraded","damage_taken":0,"max_hp_gain":0,"max_hp_loss":0,"event_name":"Upgrade Shrine","floor":45,"gold_loss":0,"cards_upgraded":["Well Laid Plans"]}],"is_beta":false,"boss_relics":[{"not_picked":["HoveringKite","Runic Dome"],"picked":"Velvet Choker"},{"not_picked":["Sozu","Busted Crown"],"picked":"Coffee Dripper"}],"items_purged_floors":[],"is_endless":false,"potions_floor_spawned":[1,2,12,13,18,25,29,30,33,38,39,40,47],"ascension_level":20}}