{"host":"exhp4inpfmbngj23","time":1611201496,"event":{"mods":["Abigail Mod","BaseMod","Beaked The Cultist","Downfall","Friendly Minions","Gremlin Mod","Kiyohime????","Minty Spire (QoL Compilation)","StSLib","The Alterego"],"gold_per_floor":[0,10,460,460,471,506,506,506,533,569,201,223,23,195,219,330,330,230,250,144,170,170,170],"floor_reached":22,"language":"ENG","playtime":1706,"items_purged":["downfall:Icky","Pain"],"score":319,"play_id":"54e12bc3-911f-49a6-8fb9-aeae5b46ec28","local_time":"20210120195816","is_ascension_mode":false,"campfire_choices":[{"floor":1,"key":"RECALL"},{"floor":13,"key":"REST"},{"data":"bronze:Flail","floor":18,"key":"SMITH"}],"circlet_count":0,"master_deck":["bronze:Strike","bronze:Strike","bronze:Strike","bronze:Strike","bronze:Defend","bronze:Defend","bronze:Defend","bronze:Defend","bronze:Replicate","bronze:Goto","bronze:Constructor","downfall:Icky","downfall:Icky","bronze:DelayedSlice","bronze:WhirlingStrike","bronze:ClassDefault","bronze:Separator","bronze:Flail+1","bronze:WhirlingStrike","bronze:WhirlingStrike","Shame","Parasite","Clumsy","Doubt","Writhe","bronze:CleanCode","Pain","bronze:OilSpill","bronze:Verify","bronze:Refactor","bronze:Iterate+1","bronze:Shell+1"],"relics":["bronze:BronzeCore","CeramicFish","PreservedInsect","DollysMirror","Happy Flower","downfall:HeartBlessingBlue","downfall:HeartBlessingGreen","Cursed Key","Black Star","downfall:HeartBlessingRed"],"acts_visited":["Exordium","TheCity"],"potions_floor_usage":[11,20,22],"damage_taken":[{"damage":0,"enemies":"2 Louse","floor":2,"turns":2},{"damage":6,"enemies":"Small Slimes","floor":5,"turns":5},{"damage":40,"enemies":"Lagavulin","floor":6,"turns":12},{"damage":2,"enemies":"Jaw Worm","floor":9,"turns":3},{"damage":30,"enemies":"3 Sentries","floor":10,"turns":13},{"damage":10,"enemies":"downfall:FleeingMerchant","floor":11,"turns":4},{"damage":0,"enemies":"2 Fungi Beasts","floor":12,"turns":2},{"damage":0,"enemies":"3 Louse","floor":15,"turns":1},{"damage":51,"enemies":"IC_STATUS_ARCHETYPE","floor":16,"turns":7},{"damage":6,"enemies":"Chosen","floor":19,"turns":4},{"damage":13,"enemies":"downfall:FleeingMerchant","floor":20,"turns":4},{"damage":41,"enemies":"Spheric Guardian","floor":21,"turns":6},{"damage":35,"enemies":"Snake Plant","floor":22,"turns":4}],"seed_played":"583091148925964504","potions_obtained":[{"floor":6,"key":"bronze:FreeFunctionsPotion"},{"floor":9,"key":"Dexterity Potion"},{"floor":10,"key":"PowerPotion"},{"floor":15,"key":"hexamod:SoulburnPotion"},{"floor":21,"key":"ColorlessPotion"}],"is_trial":false,"path_per_floor":["R","M","?","?","M","E","T","?","M","E","$","M","R","?","M","B",null,"R","M","$","M","M"],"character_chosen":"THE_AUTOMATON","items_purchased":["DollysMirror","Happy Flower"],"campfire_rested":1,"item_purchase_floors":[11,11],"current_hp_per_floor":[70,70,70,70,64,24,24,80,78,48,38,38,75,80,80,29,95,95,89,76,35,0,0],"gold":170,"neow_bonus":"THREE_RARE_CARDS","is_daily":false,"chose_seed":false,"campfire_upgraded":1,"win_rate":0.0,"timestamp":1611201496,"path_taken":["R","M","?","?","?","E","T","?","M","E","$","M","R","?","M","BOSS","R","M","$","M","M"],"items_purchased_type":["Relic","Relic"],"build_version":"2020-12-22","purchased_purges":2,"victory":false,"max_hp_per_floor":[70,70,70,70,70,70,70,80,80,80,80,80,90,95,95,95,95,95,95,95,95,95,95],"card_choices":[{"not_picked":["bronze:Virus","bronze:CleanCode"],"picked":"bronze:AlphaBuild","floor":0},{"not_picked":["bronze:BugBarrage","bronze:Frontload"],"picked":"bronze:Constructor","floor":2},{"not_picked":["bronze:OilSpill","bronze:Deprecate"],"picked":"bronze:DelayedSlice","floor":5},{"not_picked":["bronze:OilSpill","bronze:Deprecate"],"picked":"bronze:WhirlingStrike","floor":6},{"not_picked":["bronze:FineTuning","bronze:BronzeArmor"],"picked":"bronze:ClassDefault","floor":9},{"not_picked":["bronze:ItsAFeature","bronze:Shell"],"picked":"bronze:Separator","floor":10},{"not_picked":["bronze:InfiniteLoop","bronze:HardenedForm"],"picked":"bronze:Flail","floor":11},{"not_picked":["bronze:OilSpill","bronze:Optimize"],"picked":"bronze:WhirlingStrike","floor":12},{"not_picked":["bronze:Invalidate","bronze:Philosophize"],"picked":"bronze:OilSpill","floor":15},{"not_picked":["bronze:HardenedForm","bronze:InfiniteLoop"],"picked":"bronze:Verify","floor":16},{"not_picked":["bronze:MaxOutput","bronze:DarkDash+1"],"picked":"bronze:Refactor","floor":19},{"not_picked":["bronze:ChosenStrike","bronze:Overload+1"],"picked":"bronze:Iterate+1","floor":20},{"not_picked":["bronze:DelayedGuard+1","bronze:Allocate+1"],"picked":"bronze:Shell+1","floor":21}],"player_experience":2031713,"relics_obtained":[{"floor":6,"key":"CeramicFish"},{"floor":10,"key":"PreservedInsect"}],"event_choices":[],"is_beta":false,"boss_relics":[{"not_picked":["Busted Crown","Sozu"],"picked":"Black Star"}],"items_purged_floors":[11,20],"is_endless":false,"potions_floor_spawned":[6,9,10,15,16,21],"killed_by":"Snake Plant","ascension_level":0}}