{"host":"3imo7wsdyu7efakj","time":1611221112,"event":{"mods":["BaseMod","Downfall","Minty Spire (QoL Compilation)","Quick Restart","StSLib"],"gold_per_floor":[99,112,112,22,34,34,34,44,55,67,67,67,98,118,133,231,231,31,44,57,57,68,85,85,112,12,45,45,30,49,49,61,165,165,165,183,238,288,288,288,357,151,183,183,183,183,203,43,43,43,43,75,16,16,16,16,16,16],"floor_reached":56,"language":"ZHS","playtime":6362,"items_purged":["Regret","champ:Strike","champ:Defend"],"score":792,"play_id":"6cceb5f0-49a2-44cb-ba74-8932d3313a8b","local_time":"20210121172511","is_ascension_mode":false,"campfire_choices":[{"floor":1,"key":"RECALL"},{"data":"champ:FancyFootwork","floor":6,"key":"SMITH"},{"data":"champ:StanceDance","floor":12,"key":"SMITH"},{"data":"champ:UltimateStance","floor":18,"key":"SMITH"},{"data":"champ:ShieldWall","floor":26,"key":"SMITH"},{"data":"champ:CheapShot","floor":35,"key":"SMITH"},{"data":"champ:AdrenalArmor","floor":45,"key":"SMITH"},{"data":"champ:StanceDance","floor":46,"key":"SMITH"},{"data":"champ:CalledShot","floor":54,"key":"SMITH"}],"circlet_count":0,"master_deck":["champ:Strike","champ:Defend","champ:Defend","champ:Execute","champ:Taunt","champ:StanceDance+1","champ:FancyFootwork+1","champ:BerserkerStyle","champ:ShieldWall+1","champ:EnragedBash","champ:StanceDance+1","champ:UltimateStance+1","champ:AdrenalArmor+1","champ:LastStand+1","champ:LastStand+1","champ:CheapShot+1","CurseOfTheBell","champ:Endure+1","expansioncontent:Chronoboost+1","expansioncontent:Chronoboost+1","expansioncontent:Hexaburn+1","champ:EndlessRage+1","Guardian:FloatingOrbs+1","champ:CalledShot+1","Acrobatics","champ:Improvising+1"],"relics":["Runic Pyramid","champ:SpectersHand","champ:LiftRelic","Bag of Preparation","sneckomod:SneckoTalon","downfall:HeartBlessingRed","downfall:HeartBlessingGreen","Lantern","downfall:HeartBlessingBlue","Frozen Egg 2","Calling Bell","Regal Pillow","The Courier","TungstenRod","Turnip","WingedGreaves","White Beast Statue","Pear","Pantograph","sneckomod:BlankCard","PrismaticShard","FossilizedHelix","Shuriken"],"acts_visited":["Exordium","TheCity","TheBeyond","TheEnding"],"potions_floor_usage":[10,10,13,16,20,25,25,27,37,42,43,43,49,50,55],"damage_taken":[{"damage":11,"enemies":"2 Louse","floor":2,"turns":4},{"damage":52,"enemies":"downfall:FleeingMerchant","floor":4,"turns":4},{"damage":10,"enemies":"Cultist","floor":5,"turns":3},{"damage":0,"enemies":"Small Slimes","floor":8,"turns":3},{"damage":10,"enemies":"2 Fungi Beasts","floor":9,"turns":3},{"damage":11,"enemies":"Gremlin Gang","floor":10,"turns":3},{"damage":43,"enemies":"3 Sentries","floor":13,"turns":6},{"damage":41,"enemies":"Exordium Wildlife","floor":14,"turns":3},{"damage":0,"enemies":"3 Louse","floor":15,"turns":2},{"damage":52,"enemies":"DF_ARCHETYPE_STREAMLINE","floor":16,"turns":9},{"damage":20,"enemies":"Spheric Guardian","floor":19,"turns":2},{"damage":34,"enemies":"3 Cultists","floor":20,"turns":4},{"damage":34,"enemies":"Cultist and Chosen","floor":22,"turns":4},{"damage":53,"enemies":"Centurion and Healer","floor":23,"turns":5},{"damage":59,"enemies":"Slavers","floor":25,"turns":5},{"damage":103,"enemies":"Gremlin Leader","floor":27,"turns":5},{"damage":46,"enemies":"downfall:FleeingMerchant","floor":29,"turns":4},{"damage":46,"enemies":"Shelled Parasite and Fungi","floor":30,"turns":3},{"damage":48,"enemies":"Chosen and Byrds","floor":32,"turns":4},{"damage":111,"enemies":"WA_ARCHETYPE_CALM","floor":33,"turns":7},{"damage":69,"enemies":"Orb Walker","floor":36,"turns":4},{"damage":87,"enemies":"2 Orb Walkers","floor":37,"turns":6},{"damage":53,"enemies":"2 Orb Walkers","floor":38,"turns":5},{"damage":37,"enemies":"downfall:FleeingMerchant","floor":42,"turns":5},{"damage":78,"enemies":"Reptomancer","floor":43,"turns":7},{"damage":41,"enemies":"3 Darklings","floor":47,"turns":6},{"damage":0,"enemies":"Spire Growth","floor":49,"turns":1},{"damage":110,"enemies":"SI_POISON_ARCHETYPE","floor":50,"turns":6},{"damage":112,"enemies":"downfall:CharBossMerchant","floor":52,"turns":7},{"damage":174,"enemies":"downfall:NeowBoss","floor":55,"turns":12},{"damage":147,"enemies":"downfall:NeowBossFinal","floor":56,"turns":7}],"seed_played":"7615136198355841906","potions_obtained":[{"floor":2,"key":"Energy Potion"},{"floor":5,"key":"Energy Potion"},{"floor":8,"key":"Fire Potion"},{"floor":14,"key":"Fire Potion"},{"floor":15,"key":"Ancient Potion"},{"floor":22,"key":"champ:CounterPotion"},{"floor":23,"key":"Fire Potion"},{"floor":25,"key":"LiquidBronze"},{"floor":32,"key":"LiquidBronze"},{"floor":36,"key":"AttackPotion"},{"floor":37,"key":"FearPotion"},{"floor":42,"key":"Dexterity Potion"},{"floor":43,"key":"SmokeBomb"},{"floor":47,"key":"Block Potion"},{"floor":52,"key":"LiquidMemories"}],"is_trial":false,"path_per_floor":["R","M","?","$","M","R","T","M","M","M","?","R","E","M","M","B",null,"R","M","M","?","M","M","T","E","R","E","?","$","M","?","M","B",null,"R","M","?","?","?","?","T","$","E","?","R","R","M","$","M","B",null,"E","$","R","B","B"],"character_chosen":"THE_CHAMP","items_purchased":["Pantograph","sneckomod:BlankCard","PrismaticShard","champ:CalledShot","champ:Improvising+1"],"campfire_rested":0,"item_purchase_floors":[42,42,42,48,53],"current_hp_per_floor":[90,89,89,72,72,72,72,72,72,71,71,71,55,53,53,24,90,90,90,90,90,90,80,80,71,81,69,69,69,69,69,69,69,100,100,100,59,62,62,53,63,70,32,96,96,96,81,81,81,44,96,48,48,48,60,0,0,0],"gold":16,"neow_bonus":"BOSS_RELIC","is_daily":false,"chose_seed":false,"campfire_upgraded":8,"win_rate":0.0,"timestamp":1611221111,"path_taken":["R","M","?","?","?","R","T","M","M","M","?","R","E","M","M","BOSS","R","M","M","?","M","M","T","E","R","E","?","$","?","?","M","BOSS","R","M","?","?","?","?","T","?","E","?","R","R","?","$","M","BOSS","E","$","R","BOSS","BOSS"],"items_purchased_type":["Relic","Relic","Relic","Card","Card"],"build_version":"2020-12-22","purchased_purges":3,"victory":false,"max_hp_per_floor":[90,90,90,90,90,90,90,90,90,90,90,90,90,90,90,90,90,90,90,90,90,90,90,90,90,100,100,100,100,100,100,100,100,100,100,100,100,100,100,100,110,110,110,96,96,96,96,96,96,96,96,96,96,96,96,96,96,96],"card_choices":[{"not_picked":["champ:CrownThrow","champ:PreemptiveStrike"],"picked":"champ:StanceDance","floor":2},{"not_picked":["champ:DefensiveShout","champ:ShieldSlam"],"picked":"champ:FancyFootwork","floor":4},{"not_picked":["champ:DefensiveShout","champ:SetATrap"],"picked":"champ:BerserkerStyle","floor":5},{"not_picked":["champ:TornadoPunch","champ:DefensiveShout","champ:Backstep"],"picked":"SKIP","floor":8},{"not_picked":["champ:EnGarde","champ:FalseCounter","champ:Haymaker"],"picked":"SKIP","floor":9},{"not_picked":["champ:Shatter","champ:Lariat"],"picked":"champ:ShieldWall","floor":10},{"not_picked":["champ:Lariat","champ:Circumvent"],"picked":"champ:EnragedBash","floor":13},{"not_picked":["champ:RisingSlash","champ:FalseCounter"],"picked":"champ:StanceDance","floor":14},{"not_picked":["champ:HeartStrike","champ:PerfectedStrike","champ:ShieldSigil"],"picked":"SKIP","floor":15},{"not_picked":["champ:EnchantShield","champ:HoldFirm"],"picked":"champ:UltimateStance","floor":16},{"not_picked":["champ:PreemptiveStrike","champ:CrownThrow+1","champ:Haymaker"],"picked":"SKIP","floor":19},{"not_picked":["champ:BladeFlurry","champ:FalseCounter","champ:StanceDance"],"picked":"SKIP","floor":20},{"not_picked":["champ:FlashCut","champ:Backstep"],"picked":"champ:AdrenalArmor","floor":22},{"not_picked":["champ:SetATrap","champ:FanOfKnives","champ:Backstep+1"],"picked":"SKIP","floor":23},{"not_picked":["champ:BladeFlurry","champ:AdrenalArmor","champ:StanceDance+1"],"picked":"SKIP","floor":25},{"not_picked":["champ:CrownThrow","champ:BringItOn"],"picked":"champ:LastStand+1","floor":27},{"not_picked":["champ:RisingSlash","champ:StanceDance","champ:Haymaker"],"picked":"SKIP","floor":29},{"not_picked":["champ:ShieldSlam","champ:BladeFlurry","champ:FalseCounter"],"picked":"SKIP","floor":30},{"not_picked":["champ:EnGarde","champ:Circumvent","champ:StanceDance+1"],"picked":"SKIP","floor":32},{"not_picked":["champ:SteelEdge","champ:IgnorePain"],"picked":"champ:CheapShot","floor":33},{"not_picked":["champ:Backstep","champ:Haymaker","champ:BerserkersShout+1"],"picked":"SKIP","floor":36},{"not_picked":["champ:BringItOn","champ:PreemptiveStrike"],"picked":"champ:Endure+1","floor":38},{"not_picked":["expansioncontent:GuardianWhirl","expansioncontent:YouAreMine"],"picked":"expansioncontent:Chronoboost+1","floor":40},{"not_picked":["expansioncontent:GuardianWhirl","expansioncontent:HyperBeam"],"picked":"expansioncontent:Chronoboost+1","floor":40},{"not_picked":["expansioncontent:HyperBeam","expansioncontent:GuardianWhirl"],"picked":"expansioncontent:Hexaburn+1","floor":40},{"not_picked":["champ:FlashCut","champ:DeathBlow"],"picked":"champ:EndlessRage+1","floor":42},{"not_picked":["Slimebound:Prepare","hexamod:ShieldOfDarkness","bronze:Separator+1"],"picked":"SKIP","floor":43},{"not_picked":["Shrug It Off+1","champ:BringItOn+1"],"picked":"Guardian:FloatingOrbs+1","floor":47},{"not_picked":["Guardian:Gem_Purple","Core Surge"],"picked":"Acrobatics","floor":52}],"player_experience":272377,"relics_obtained":[{"floor":7,"key":"champ:SpectersHand"},{"floor":13,"key":"Bag of Preparation"},{"floor":25,"key":"Lantern"},{"floor":27,"key":"Frozen Egg 2"},{"floor":34,"key":"Regal Pillow"},{"floor":34,"key":"The Courier"},{"floor":34,"key":"TungstenRod"},{"floor":37,"key":"Turnip"},{"floor":38,"key":"WingedGreaves"},{"floor":39,"key":"White Beast Statue"},{"floor":41,"key":"Pear"},{"floor":43,"key":"FossilizedHelix"},{"floor":52,"key":"Shuriken"}],"event_choices":[{"damage_healed":0,"gold_gain":0,"player_choice":"Ignored","damage_taken":0,"max_hp_gain":0,"max_hp_loss":0,"event_name":"Ghosts","floor":21,"gold_loss":0},{"damage_healed":0,"gold_gain":0,"player_choice":"Fight","damage_taken":0,"max_hp_gain":0,"max_hp_loss":0,"event_name":"Mysterious Sphere","floor":37,"gold_loss":0}],"is_beta":false,"boss_relics":[{"not_picked":["Snecko Eye","Black Star"],"picked":"sneckomod:SneckoTalon"},{"not_picked":["champ:PowerArmor","Fusion Hammer"],"picked":"Calling Bell"}],"items_purged_floors":[4,42,48],"is_endless":false,"potions_floor_spawned":[2,5,8,14,15,22,23,25,32,36,37,42,43,47,49,52],"killed_by":"downfall:NeowBossFinal","ascension_level":0}}