{"host":"eeeqmyc7a1933jos","time":1611222023,"event":{"mods":["2.2 Compatiblity","Act Like it!","BaseMod","CapriCore","Colored Powertips","Conspire","Downfall","Elementarium","Friendly Minions","Gensokyo","GifTheSpireLib","Gremlin Mod","Hallownest","Hermit","Hubris","Infinite Spire","Jorbs\u0027s Wanderer Trilogy","Koishi","Marisa????????","Mimic Mod","Minty Spire (QoL Compilation)","Pale of the Ancients","Random Character Button","Random Character Mod","Rare Cards Sparkle","Reimu??????","Relic Sorter","Relic Stats","SIMod","StSLib","The Administrix","The Bug Knight","The Disciple","The Dragon Tamer","The Hierophant","The Immortal","The Marked","The Mystic","The Runesmith","The Senshi","The Servant 0.9.4","The Vixen","TheBandit","TheFirefly","Wandering Minibosses"],"gold_per_floor":[113,124,28,28,28,28,28,45,45,72,72,390,409,489,489,587,587,602,547,566,582,602,602,402,402,429,309,373,471,471,512,512,666,666,735,735,778,967,1028,1096,1096,1118,1186,1241,1278,726,726,759,759,759],"floor_reached":51,"language":"ENG","playtime":4931,"items_purged":["Pain"],"score":901,"play_id":"997ab69d-e381-49fe-a51f-e12845f7331f","local_time":"20210121104023","is_ascension_mode":false,"metric_token":2899,"campfire_choices":[{"data":"DTMod:Training","floor":6,"key":"SMITH"},{"data":"DTMod:SwitchingTactic","floor":15,"key":"SMITH"},{"data":"DTMod:RepeatStrike","floor":23,"key":"SMITH"},{"data":"DTMod:MagicField","floor":25,"key":"SMITH"},{"data":"DTMod:Training","floor":30,"key":"SMITH"},{"data":"DTMod:CleansingStrike","floor":32,"key":"SMITH"},{"data":"DTMod:ResonanceForm","floor":41,"key":"SMITH"},{"data":"DTMod:ForkedFire","floor":49,"key":"SMITH"}],"dtmod_dragon_data":[50,50,3,2,6,4],"circlet_count":0,"master_deck":["DTMod:Strike","DTMod:Strike","DTMod:Strike","DTMod:DoubleHit","DTMod:TargetDefense","DTMod:TargetDefense","DTMod:TargetDefense","DTMod:TargetDefense","DTMod:SwitchingTactic+1","DTMod:Training+1","DTMod:CleansingStrike+1","DTMod:Training+1","DTMod:ComboAttack","DTMod:MagicField","DTMod:RepeatStrike+1","DTMod:MagicField+1","DTMod:OpeningTactic","conspire:SpireCoStock","conspire:SpireCoStock","conspire:SpireCoStock","conspire:SpireCoStock","DTMod:BlueScale","DTMod:BreakAttack+1","DTMod:BlazingStrike","DTMod:ResonanceForm+1","DTMod:CleansingStrike+1","DTMod:ComboAttack","Hallownest:skillHoundingGlaives","DTMod:BuildUp+1","DTMod:ShadowImage","DTMod:RunningTactic+1","DTMod:ForkedFire+1","DTMod:CleansingStrike+1","hubris:EnhanceAbility","DTMod:Dissolve","DTMod:Prediction"],"relics":["DTMod:MagicStone","hubris:Icosahedron","Smiling Mask","Gensokyo:LunaticRedEyes","Bag of Marbles","Oddly Smooth Stone","CaptainsWheel","hubris:Metronome","bronze:MakeshiftBattery","hubris:PeanutButter","Bronze Scales","Gensokyo:FoxMask","Omamori","hubris:Towel","Meat on the Bone","CrazyTorch:ReiMu","DTMod:DragonFood","White Beast Statue"],"acts_visited":["Exordium","Gensokyo:Gensokyo","Gensokyo:Gensokyoer"],"potions_floor_usage":[33,33,44,50,50,50],"damage_taken":[{"damage":0,"enemies":"Gensokyo:3_Fairies","floor":1,"turns":5},{"damage":0,"enemies":"Gensokyo:Gryphon","floor":2,"turns":4},{"damage":0,"enemies":"Gensokyo:Python","floor":8,"turns":5},{"damage":31,"enemies":"Gensokyo:Cirno","floor":10,"turns":9},{"damage":10,"enemies":"Gensokyo:CorruptedTreant","floor":12,"turns":5},{"damage":0,"enemies":"Gensokyo:LivingMonolith","floor":13,"turns":3},{"damage":35,"enemies":"Gensokyo:Yukari","floor":16,"turns":17},{"damage":0,"enemies":"Gensokyo:Chomper","floor":18,"turns":3},{"damage":0,"enemies":"Gensokyo:3_Dogs","floor":20,"turns":5},{"damage":0,"enemies":"Gensokyo:Swordslinger","floor":21,"turns":2},{"damage":5,"enemies":"Gensokyo:Slime_Group","floor":22,"turns":4},{"damage":4,"enemies":"Gensokyo:Koishi","floor":28,"turns":5},{"damage":0,"enemies":"Gensokyo:Chomper_and_Gloop","floor":29,"turns":4},{"damage":0,"enemies":"Gensokyo:Wraith","floor":31,"turns":4},{"damage":0,"enemies":"Gensokyo:Eternal_Rivals","floor":33,"turns":9},{"damage":0,"enemies":"Hallownest:2_Littles","floor":35,"turns":6},{"damage":0,"enemies":"Hallownest:3_Siblings","floor":37,"turns":6},{"damage":0,"enemies":"Hallownest:3_Siblings","floor":38,"turns":3},{"damage":0,"enemies":"Hallownest:3_Siblings","floor":38,"turns":4},{"damage":0,"enemies":"Hallownest:3_Siblings","floor":38,"turns":2},{"damage":0,"enemies":"Hallownest:2_Soldiers_and_1_Guardian","floor":39,"turns":6},{"damage":0,"enemies":"Hallownest:eliteHiveKnight","floor":40,"turns":5},{"damage":0,"enemies":"Hallownest:monsterPrimalAspid","floor":42,"turns":2},{"damage":0,"enemies":"Hallownest:Slobbering_and_Violent","floor":44,"turns":6},{"damage":0,"enemies":"Hallownest:2_Great","floor":45,"turns":3},{"damage":0,"enemies":"Hallownest:monsterPrimalAspid","floor":48,"turns":2},{"damage":0,"enemies":"Hallownest:Radiance","floor":50,"turns":9}],"seed_played":"-4931731799709709637","potions_obtained":[{"floor":8,"key":"CultistPotion"},{"floor":12,"key":"LiquidBronze"},{"floor":16,"key":"Regen Potion"},{"floor":28,"key":"sneckomod:MuddlingPotion"},{"floor":29,"key":"PowerPotion"},{"floor":35,"key":"EssenceOfSteel"},{"floor":40,"key":"champ:CounterPotion"},{"floor":45,"key":"Weak Potion"},{"floor":48,"key":"bronze:BurnAndBuffPotion"}],"is_trial":false,"path_per_floor":["M","M","COS","?","?","R","$","M","T","E","?","M","M","T","R","B",null,"M","COS","M","M","M","R","?","R","T","?","E","M","R","M","R","B",null,"M","?","M","?","M","E","R","M","T","M","M","$","T","M","R","B",null],"character_chosen":"THE_DT","items_purchased":["DTMod:DragonFood","hubris:EnhanceAbility","DTMod:Dissolve"],"campfire_rested":0,"item_purchase_floors":[46,46,46],"current_hp_per_floor":[45,45,45,36,36,36,36,36,36,5,5,35,45,45,45,10,45,45,45,45,45,40,40,40,40,40,40,36,36,36,36,36,36,45,45,45,45,45,45,45,45,45,45,45,45,45,45,45,45,45],"gold":759,"neow_bonus":"REMOVE_CARD","is_daily":false,"chose_seed":false,"campfire_upgraded":8,"win_rate":0.0,"timestamp":1611222023,"path_taken":["M","M","COS","?","?","R","?","M","T","E","?","?","M","?","R","BOSS","M","COS","M","M","M","R","?","R","T","?","E","?","R","M","R","BOSS","M","?","?","?","M","E","R","M","T","M","?","?","?","M","R","BOSS"],"items_purchased_type":["Relic","Card","Card"],"build_version":"2020-12-22","purchased_purges":1,"victory":true,"max_hp_per_floor":[45,45,45,45,45,45,45,45,45,45,45,45,45,45,45,45,45,45,45,45,45,45,45,45,45,45,45,45,45,45,45,45,45,45,45,45,45,45,45,45,45,45,45,45,45,45,45,45,45,45],"relic_stats":{"counters":[27,138],"Bronze Scales":[35],"Smiling Mask":25,"obtain_stats":[{"hubris:Metronome":14,"Oddly Smooth Stone":10,"Omamori":28,"hubris:Towel":36,"Smiling Mask":4,"Gensokyo:LunaticRedEyes":5,"White Beast Statue":47,"Frozen Eye":28,"CaptainsWheel":13,"hubris:Icosahedron":11,"DTMod:PactStone":0,"Bronze Scales":26,"CrazyTorch:ReiMu":43,"hubris:PeanutButter":22,"DTMod:DragonFood":46,"Gensokyo:FoxMask":27,"Bag of Marbles":9,"DTMod:MagicStone":34,"bronze:MakeshiftBattery":17,"Meat on the Bone":40},{"hubris:Metronome":6,"Oddly Smooth Stone":4,"Omamori":12,"hubris:Towel":16,"Smiling Mask":2,"Gensokyo:LunaticRedEyes":2,"White Beast Statue":25,"Frozen Eye":11,"CaptainsWheel":6,"hubris:Icosahedron":4,"DTMod:PactStone":0,"Bronze Scales":11,"CrazyTorch:ReiMu":23,"hubris:PeanutButter":11,"DTMod:DragonFood":25,"Gensokyo:FoxMask":11,"Bag of Marbles":3,"DTMod:MagicStone":15,"bronze:MakeshiftBattery":7,"Meat on the Bone":22},{"hubris:Metronome":31,"Oddly Smooth Stone":23,"Omamori":67,"hubris:Towel":90,"Smiling Mask":9,"Gensokyo:LunaticRedEyes":9,"White Beast Statue":127,"Frozen Eye":62,"CaptainsWheel":29,"hubris:Icosahedron":23,"DTMod:PactStone":0,"Bronze Scales":62,"CrazyTorch:ReiMu":118,"hubris:PeanutButter":60,"DTMod:DragonFood":127,"Gensokyo:FoxMask":62,"Bag of Marbles":14,"DTMod:MagicStone":84,"bronze:MakeshiftBattery":48,"Meat on the Bone":116}],"Meat on the Bone":0},"card_choices":[{"not_picked":["DTMod:BlazingStrike","DTMod:MagicField"],"picked":"DTMod:Training","floor":1},{"not_picked":["DTMod:Weaken","DTMod:Punisher"],"picked":"DTMod:CleansingStrike","floor":2},{"not_picked":["DTMod:Threaten","DTMod:Astonish"],"picked":"DTMod:Training","floor":8},{"not_picked":["DTMod:BlazingStrike","DTMod:Outburst"],"picked":"DTMod:ComboAttack","floor":10},{"not_picked":["DTMod:SneakAttack","DTMod:Coolant"],"picked":"DTMod:MagicField","floor":12},{"not_picked":["DTMod:BlazingStrike","DTMod:MasterPlan","DTMod:QuickFly"],"picked":"SKIP","floor":13},{"not_picked":["DTMod:Outburst","DTMod:OpeningTactic"],"picked":"DTMod:RepeatStrike","floor":16},{"not_picked":["DTMod:HeatWave+1","DTMod:LastStand"],"picked":"DTMod:MagicField","floor":18},{"not_picked":["DTMod:Hide","DTMod:Dissolve","DTMod:Cover"],"picked":"SKIP","floor":20},{"not_picked":["DTMod:BlazingStrike","DTMod:Feint+1"],"picked":"DTMod:OpeningTactic","floor":21},{"not_picked":["DTMod:BlazingStrike+1","DTMod:Threaten","DTMod:MasterPlan"],"picked":"SKIP","floor":22},{"not_picked":["DTMod:HeatWave","DTMod:Weaken"],"picked":"DTMod:BlueScale","floor":28},{"not_picked":["DTMod:Weaken","DTMod:BuildUp"],"picked":"DTMod:BreakAttack+1","floor":29},{"not_picked":["DTMod:BreakAttack","DTMod:Training"],"picked":"DTMod:BlazingStrike","floor":31},{"not_picked":["DTMod:Inferno","DTMod:EchoTactic"],"picked":"DTMod:ResonanceForm","floor":33},{"not_picked":["DTMod:Punisher","DTMod:Hide"],"picked":"DTMod:CleansingStrike+1","floor":35},{"not_picked":["DTMod:BurningEnergy","DTMod:Hide+1"],"picked":"DTMod:ComboAttack","floor":37},{"not_picked":["DTMod:DeepFocus","DTMod:LastStand"],"picked":"DTMod:BuildUp+1","floor":39},{"not_picked":["DTMod:Haste+1","DTMod:Punisher"],"picked":"DTMod:ShadowImage","floor":40},{"not_picked":["DTMod:BuildUp","DTMod:Dissolve+1"],"picked":"DTMod:RunningTactic+1","floor":42},{"not_picked":["DTMod:BuildUp+1","DTMod:Cover+1"],"picked":"DTMod:ForkedFire","floor":44},{"not_picked":["DTMod:WarmUp","DTMod:Threaten"],"picked":"DTMod:CleansingStrike+1","floor":45},{"not_picked":["DTMod:CrossStep","DTMod:BlazingStrike"],"picked":"DTMod:Prediction","floor":48}],"player_experience":1681808,"relics_obtained":[{"floor":9,"key":"Bag of Marbles"},{"floor":10,"key":"Oddly Smooth Stone"},{"floor":14,"key":"hubris:Metronome"},{"floor":26,"key":"Bronze Scales"},{"floor":28,"key":"Omamori"},{"floor":40,"key":"Meat on the Bone"},{"floor":43,"key":"CrazyTorch:ReiMu"},{"floor":47,"key":"White Beast Statue"}],"event_choices":[{"damage_healed":0,"gold_gain":0,"player_choice":"Invest 4","damage_taken":0,"max_hp_gain":0,"max_hp_loss":0,"event_name":"conspire:Investor","floor":24,"gold_loss":0}],"is_beta":false,"boss_relics":[{"not_picked":["conspire:RoyalGoblet","hubris:GrandSneckoEye"],"picked":"bronze:MakeshiftBattery"},{"not_picked":["hubris:TerracottaHorce","hubris:BlackHole"],"picked":"DTMod:MagicStone"}],"items_purged_floors":[46],"is_endless":false,"potions_floor_spawned":[8,12,16,18,21,28,29,35,38,38,40,42,45,48],"ascension_level":0}}