{"host":"w3q5ijqu8eoknil3","time":1611247703,"event":{"mods":["AchievementEnabler","BaseMod","Block Reminder","Colored Map","Colored Powertips","Curses Come First","Dark Map","Minty Spire (QoL Compilation)","Quick Restart","Relic Stats","StSLib","ojb\u0027s Better Paths Mod","ojb\u0027s Info Mod","slay the spire mod where everything is the same but ironclad has a cowboy hat"],"gold_per_floor":[116,126,126,126,37,69,69,95,95,95,95,107,124,124,124],"floor_reached":14,"language":"ENG","playtime":372,"items_purged":[],"score":234,"play_id":"4cbe0876-4879-41e7-b620-6f98f4531fb8","local_time":"20210121164823","is_ascension_mode":true,"campfire_choices":[{"data":"Dagger Spray","floor":7,"key":"SMITH"},{"floor":11,"key":"REST"}],"circlet_count":0,"master_deck":["AscendersBane","Strike_G+1","Strike_G","Strike_G+1","Strike_G","Defend_G","Defend_G","Defend_G","Defend_G","Defend_G","Survivor+1","Neutralize","Dagger Spray+1","PiercingWail","Masterful Stab+1","Choke","Outmaneuver","Crippling Poison","Pain","Bullet Time","Skewer"],"relics":["Ring of the Snake","NeowsBlessing","TungstenRod","Whetstone","WingedGreaves","WarpedTongs"],"acts_visited":["Exordium"],"potions_floor_usage":[8],"damage_taken":[{"damage":0,"enemies":"Small Slimes","floor":1,"turns":1},{"damage":0,"enemies":"2 Louse","floor":2,"turns":1},{"damage":0,"enemies":"3 Sentries","floor":6,"turns":1},{"damage":30,"enemies":"Gremlin Nob","floor":8,"turns":4},{"damage":0,"enemies":"Cultist","floor":12,"turns":2},{"damage":3,"enemies":"Large Slime","floor":13,"turns":4},{"damage":25,"enemies":"3 Sentries","floor":14,"turns":6}],"seed_played":"1328324292038913777","potions_obtained":[{"floor":2,"key":"Explosive Potion"},{"floor":13,"key":"Ancient Potion"}],"is_trial":false,"path_per_floor":["M","M","?","?","$","E","R","E","T","?","R","M","M","E"],"character_chosen":"THE_SILENT","items_purchased":["Choke"],"campfire_rested":1,"item_purchase_floors":[5],"current_hp_per_floor":[59,59,59,39,39,39,39,9,9,9,28,28,25,0,0],"gold":124,"neow_bonus":"THREE_ENEMY_KILL","is_daily":false,"chose_seed":false,"campfire_upgraded":1,"win_rate":0.0,"timestamp":1611247703,"path_taken":["M","M","?","?","$","E","R","E","T","?","R","?","M","E"],"items_purchased_type":["Card"],"build_version":"2020-12-22","purchased_purges":0,"victory":false,"max_hp_per_floor":[66,66,66,66,66,66,66,66,66,66,66,66,66,66,66],"relic_stats":{"counters":[7,19],"Whetstone":["Strike_G","Strike_G"],"obtain_stats":[{"NeowsBlessing":0,"WingedGreaves":9,"Whetstone":8,"TungstenRod":6,"Ring of the Snake":0,"WarpedTongs":10},{"NeowsBlessing":0,"WingedGreaves":4,"Whetstone":4,"TungstenRod":3,"Ring of the Snake":0,"WarpedTongs":4},{"NeowsBlessing":0,"WingedGreaves":7,"Whetstone":7,"TungstenRod":3,"Ring of the Snake":0,"WarpedTongs":7}],"TungstenRod":15,"Ring of the Snake":[14],"WarpedTongs":[12]},"card_choices":[{"not_picked":["Dodge and Roll","Sucker Punch"],"picked":"Dagger Spray","floor":1},{"not_picked":["Quick Slash","Deflect"],"picked":"PiercingWail","floor":2},{"not_picked":["Choke","Reflex"],"picked":"Outmaneuver","floor":6},{"not_picked":["Distraction","Escape Plan"],"picked":"Crippling Poison","floor":8},{"not_picked":["Reflex","Sucker Punch"],"picked":"Bullet Time","floor":12},{"not_picked":["Dodge and Roll","Deflect"],"picked":"Skewer","floor":13}],"player_experience":1006273,"relics_obtained":[{"floor":6,"key":"TungstenRod"},{"floor":8,"key":"Whetstone"},{"floor":9,"key":"WingedGreaves"}],"event_choices":[{"damage_healed":0,"gold_gain":0,"cards_transformed":["Strike_G"],"player_choice":"Change","damage_taken":0,"max_hp_gain":0,"max_hp_loss":0,"event_name":"Living Wall","floor":3,"gold_loss":0,"cards_obtained":["Masterful Stab"]},{"damage_healed":0,"gold_gain":0,"player_choice":"Entered Light","damage_taken":20,"max_hp_gain":0,"max_hp_loss":0,"event_name":"Shining Light","floor":4,"gold_loss":0,"cards_upgraded":["Masterful Stab","Survivor"]},{"damage_healed":0,"gold_gain":0,"player_choice":"Rummage","damage_taken":0,"relics_obtained":["WarpedTongs"],"max_hp_gain":0,"max_hp_loss":0,"event_name":"Accursed Blacksmith","floor":10,"gold_loss":0,"cards_obtained":["Pain"]}],"is_beta":false,"boss_relics":[],"items_purged_floors":[],"is_endless":false,"potions_floor_spawned":[2,13],"killed_by":"3 Sentries","ascension_level":18}}