{"host":"yb2vosf5gpvgythe","time":1611203053,"event":{"mods":["BaseMod","Downfall","Minty Spire (QoL Compilation)","StSLib","egg"],"gold_per_floor":[99,109,34,49,69,69,69,27,40,59,9,20,20,38,57,154,154,104,14,32,132,146,96,173,81,31,41,52,70,86,112,127,222,222,172,189,289,304,320,270,270,303,253,19,19,39,64,74,88,88],"floor_reached":51,"language":"ENG","playtime":4193,"items_purged":["Slimebound:Defend_Slimebound","Slimebound:Defend_Slimebound"],"score":777,"play_id":"d364e37c-619b-4f89-a1eb-5adca4011275","local_time":"20210120232413","is_ascension_mode":false,"campfire_choices":[{"data":"Slimebound:CorrosiveSpit","floor":1,"key":"SMITH"},{"data":"Slimebound:DisruptingSlam","floor":11,"key":"SMITH"},{"data":"Slimebound:SplitLeeching","floor":13,"key":"SMITH"},{"data":"Slimebound:LeadByExample","floor":18,"key":"SMITH"},{"data":"Slimebound:LevelUp","floor":23,"key":"SMITH"},{"data":"Slimebound:MegaLick","floor":26,"key":"SMITH"},{"data":"Slimebound:MinionMaster","floor":35,"key":"SMITH"},{"data":"Slimebound:SlimeBarrage","floor":40,"key":"SMITH"},{"floor":43,"key":"REST"}],"circlet_count":0,"master_deck":["Slimebound:Defend_Slimebound","Slimebound:Defend_Slimebound","Slimebound:Split","Slimebound:CorrosiveSpit+1","Slimebound:SplitLeeching+1","Slimebound:DisruptingSlam+1","Slimebound:RollThrough","Slimebound:ComboTackle","Slimebound:SplitLeeching","Slimebound:Schlurp","Slimebound:Schlurp","Slimebound:LeadByExample+1","Slimebound:MegaLick+1","Slimebound:SelfFormingGoo","Slimebound:MassFeed+1","Slimebound:LeechingTouch+1","Slimebound:AcidTongue+1","Slimebound:SlimeSpikes+1","Slimebound:LevelUp+1","Slimebound:LeadByExample+1","Slimebound:LeechEnergy+1","Slimebound:SpikyOuterGoop+1","Slimebound:Replication+1","Slimebound:MinionMaster+1","Slimebound:Equalize","Slimebound:Equalize","Slimebound:SlimeBarrage+1","Slimebound:PressTheAttack+1","Slimebound:MassRepurpose+1","Slimebound:LivingWall+1","Slimebound:LivingWall+1","Slimebound:SlimeTap+1","Slimebound:Repurpose+1","Slimebound:Dissolve+1","Slimebound:FirmFortitude+1","Slimebound:GoopSpray+1"],"relics":["Slimebound:AbsorbEndCombat","Slimebound:GreedOozeRelic","downfall:ShatteredFragment","Pantograph","Astrolabe","Meat on the Bone","Toxic Egg 2","Singing Bowl","bronze:MakeshiftBattery","downfall:GremlinWheel","Mango","Boot","Ancient Tea Set"],"acts_visited":["Exordium","TheCity","TheBeyond"],"potions_floor_usage":[8,19,25,25,31,33,33,36,42,49,49,50],"damage_taken":[{"damage":10,"enemies":"Small Slimes","floor":2,"turns":4},{"damage":1,"enemies":"Cultist","floor":4,"turns":4},{"damage":0,"enemies":"2 Louse","floor":5,"turns":3},{"damage":13,"enemies":"downfall:FleeingMerchant","floor":8,"turns":4},{"damage":0,"enemies":"Lots of Slimes","floor":9,"turns":3},{"damage":8,"enemies":"Exordium Thugs","floor":10,"turns":3},{"damage":1,"enemies":"Exordium Wildlife","floor":12,"turns":3},{"damage":4,"enemies":"Red Slaver","floor":14,"turns":2},{"damage":9,"enemies":"Exordium Thugs","floor":15,"turns":3},{"damage":4,"enemies":"WA_ARCHETYPE_RETAIN","floor":16,"turns":7},{"damage":0,"enemies":"downfall:FleeingMerchant","floor":19,"turns":4},{"damage":0,"enemies":"Chosen","floor":20,"turns":4},{"damage":6,"enemies":"Shell Parasite","floor":22,"turns":4},{"damage":0,"enemies":"downfall:FleeingMerchant","floor":25,"turns":4},{"damage":2,"enemies":"Snecko","floor":27,"turns":4},{"damage":18,"enemies":"Shelled Parasite and Fungi","floor":28,"turns":5},{"damage":6,"enemies":"Chosen and Byrds","floor":29,"turns":4},{"damage":14,"enemies":"Sentry and Sphere","floor":30,"turns":4},{"damage":18,"enemies":"Slavers","floor":31,"turns":5},{"damage":21,"enemies":"Snake Plant","floor":32,"turns":4},{"damage":31,"enemies":"DF_ARCHETYPE_CLAW","floor":33,"turns":7},{"damage":25,"enemies":"3 Darklings","floor":36,"turns":4},{"damage":0,"enemies":"3 Darklings","floor":37,"turns":2},{"damage":18,"enemies":"3 Shapes","floor":38,"turns":3},{"damage":52,"enemies":"Writhing Mass","floor":39,"turns":7},{"damage":30,"enemies":"Reptomancer","floor":42,"turns":5},{"damage":11,"enemies":"3 Darklings","floor":46,"turns":4},{"damage":18,"enemies":"Giant Head","floor":47,"turns":8},{"damage":30,"enemies":"4 Shapes","floor":48,"turns":4},{"damage":2,"enemies":"Maw","floor":49,"turns":4},{"damage":19,"enemies":"IC_BLOCK_ARCHETYPE","floor":50,"turns":9}],"seed_played":"-5191150290883042375","potions_obtained":[{"floor":2,"key":"Slimebound:ThreeZeroPotion"},{"floor":10,"key":"hexamod:SoulburnPotion"},{"floor":15,"key":"SteroidPotion"},{"floor":16,"key":"DistilledChaos"},{"floor":20,"key":"CultistPotion"},{"floor":22,"key":"hexamod:SoulburnPotion"},{"floor":30,"key":"Regen Potion"},{"floor":31,"key":"hexamod:SoulburnPotion"},{"floor":33,"key":"EssenceOfSteel"},{"floor":36,"key":"bronze:BurnAndBuffPotion"},{"floor":39,"key":"EssenceOfSteel"},{"floor":42,"key":"Dexterity Potion"}],"is_trial":false,"path_per_floor":["R","M","?","M","M","?","T","$","M","M","R","M","R","M","M","B",null,"R","$","M","?","M","R","T","$","R","M","M","M","M","E","M","B",null,"R","M","?","M","M","R","T","E","R","$","?","M","E","M","M","B",null],"character_chosen":"SLIMEBOUND","items_purchased":["Slimebound:SplitLeeching","Toxic Egg 2","Slimebound:SpikyOuterGoop","Slimebound:SlimeTap+1","Slimebound:Repurpose+1","LiquidMemories"],"campfire_rested":1,"item_purchase_floors":[8,25,25,44,44,44],"current_hp_per_floor":[71,63,63,66,68,50,50,43,45,39,39,44,44,46,39,68,71,71,71,71,71,75,75,75,75,75,77,67,73,69,75,64,72,87,87,74,84,68,34,34,48,38,71,71,71,66,62,54,64,78],"gold":88,"neow_bonus":"TEN_PERCENT_HP_BONUS","is_daily":false,"chose_seed":false,"campfire_upgraded":8,"win_rate":0.0,"timestamp":1611203053,"path_taken":["R","M","?","M","M","?","T","$","M","M","R","M","R","M","M","BOSS","R","$","M","?","M","R","T","$","R","M","M","M","?","E","M","BOSS","R","M","?","M","?","R","T","E","R","?","?","M","E","M","M","BOSS"],"items_purchased_type":["Card","Relic","Card","Card","Card","Potion"],"build_version":"2020-12-22","purchased_purges":2,"victory":true,"max_hp_per_floor":[71,71,71,71,71,71,71,71,71,71,71,71,71,71,71,71,71,71,71,71,71,75,75,75,75,75,79,79,83,83,87,87,87,87,87,87,91,93,95,95,109,113,113,113,113,113,115,115,119,119],"card_choices":[{"not_picked":["Slimebound:LeechEnergy","Slimebound:GoopTackle"],"picked":"Slimebound:SplitLeeching","floor":2},{"not_picked":["Slimebound:DuplicatedForm","Slimebound:Replication"],"picked":"Slimebound:DisruptingSlam","floor":4},{"not_picked":["Slimebound:Chomp","Slimebound:Repurpose"],"picked":"Slimebound:RollThrough","floor":5},{"not_picked":["Slimebound:SlimeSpikes","Slimebound:LeechingTouch"],"picked":"Slimebound:ComboTackle","floor":8},{"not_picked":["Slimebound:GrowthPunch","Slimebound:SlimeSpikes"],"picked":"Slimebound:Schlurp","floor":9},{"not_picked":["Slimebound:SlimeSpikes","Slimebound:RejuvenatingLick"],"picked":"Slimebound:Schlurp","floor":10},{"not_picked":["Slimebound:Schlurp","Slimebound:ItLooksTasty","Slimebound:GoopTackle"],"picked":"SKIP","floor":12},{"not_picked":["Slimebound:SplitBruiser","Slimebound:Gluttony"],"picked":"Slimebound:LeadByExample","floor":14},{"not_picked":["Slimebound:SplitAcid","Slimebound:ProtectTheBoss"],"picked":"Slimebound:MegaLick","floor":15},{"not_picked":["Slimebound:RallyTheTroops","Slimebound:WasteNot"],"picked":"Slimebound:SelfFormingGoo","floor":16},{"not_picked":["Slimebound:FinishingTackle","Slimebound:Replication"],"picked":"Slimebound:SlimeSpikes+1","floor":19},{"not_picked":["Slimebound:FinishingTackle","Slimebound:SlimeSpikes+1"],"picked":"Slimebound:LevelUp","floor":20},{"not_picked":["Slimebound:SlimeSpikes","Slimebound:ForwardTackle"],"picked":"Slimebound:LeadByExample+1","floor":22},{"not_picked":["Slimebound:SelfFormingGoo","Slimebound:ViciousTackle"],"picked":"Slimebound:LeechEnergy+1","floor":25},{"not_picked":["Slimebound:SplitMire+1","Slimebound:RollThrough"],"picked":"Slimebound:Replication+1","floor":27},{"not_picked":["Slimebound:FinishingTackle","Slimebound:Schlurp+1"],"picked":"Slimebound:MinionMaster","floor":28},{"not_picked":["Slimebound:ViciousTackle","Slimebound:SlimeBrawl+1"],"picked":"Slimebound:Equalize","floor":29},{"not_picked":["Slimebound:LeechingTouch+1","Slimebound:Gluttony"],"picked":"Slimebound:Equalize","floor":30},{"not_picked":["Slimebound:HauntingLick+1","Slimebound:GoopTackle"],"picked":"Slimebound:SlimeBarrage","floor":31},{"not_picked":["Slimebound:FinishingTackle","Slimebound:SplitLeeching+1"],"picked":"Slimebound:PressTheAttack+1","floor":32},{"not_picked":["Slimebound:MassFeed","Slimebound:PrepareCrush+1"],"picked":"Slimebound:MassRepurpose+1","floor":33},{"not_picked":["Slimebound:LeechEnergy","Slimebound:ViciousTackle"],"picked":"Slimebound:LivingWall+1","floor":36},{"not_picked":["Slimebound:SplitAcid+1","Slimebound:SpikyOuterGoop","Slimebound:ComboTackle+1"],"picked":"Singing Bowl","floor":38},{"not_picked":["Slimebound:SplitBruiser+1","Slimebound:LeechEnergy+1","Slimebound:MassRepurpose+1"],"picked":"Singing Bowl","floor":39},{"not_picked":["Slimebound:MegaLick+1","Slimebound:Schlurp+1"],"picked":"Slimebound:LivingWall+1","floor":42},{"not_picked":["Slimebound:DisruptingSlam","Slimebound:ItLooksTasty+1"],"picked":"Slimebound:Dissolve+1","floor":46},{"not_picked":["Slimebound:SplitAcid+1","Slimebound:SplitMire+1","Slimebound:FinishingTackle"],"picked":"Singing Bowl","floor":47},{"not_picked":["Slimebound:PressTheAttack","Slimebound:LivingWall+1"],"picked":"Slimebound:FirmFortitude+1","floor":48},{"not_picked":["Slimebound:FlameTackle","Slimebound:ComboTackle"],"picked":"Slimebound:GoopSpray+1","floor":49}],"player_experience":427080,"relics_obtained":[{"floor":7,"key":"Pantograph"},{"floor":24,"key":"Meat on the Bone"},{"floor":31,"key":"Singing Bowl"},{"floor":37,"key":"downfall:GremlinWheel"},{"floor":41,"key":"Mango"},{"floor":42,"key":"Boot"},{"floor":47,"key":"Ancient Tea Set"}],"event_choices":[{"cards_removed":["Slimebound:Tackle"],"damage_healed":0,"gold_gain":0,"player_choice":"Card Removal","damage_taken":0,"max_hp_gain":0,"max_hp_loss":0,"event_name":"Wheel of Change","floor":40,"gold_loss":0}],"is_beta":false,"boss_relics":[{"not_picked":["Runic Pyramid","Coffee Dripper"],"picked":"Astrolabe"},{"not_picked":["Runic Dome","Black Star"],"picked":"bronze:MakeshiftBattery"}],"items_purged_floors":[19,25],"is_endless":false,"potions_floor_spawned":[2,10,15,16,20,22,30,31,33,36,39,42],"ascension_level":0}}