{"host":"swphzoo6hmc78epl","time":1611199476,"event":{"mods":["BaseMod","Highlight Path","Minty Spire (QoL Compilation)","Quick Restart"],"gold_per_floor":[111,128,140,140,158,158,170,170,170,183,195,270,286,300,300,300,300],"floor_reached":16,"language":"ENG","playtime":835,"items_purged":[],"score":113,"play_id":"6a022a3f-008e-45e2-8378-ef31601e529a","local_time":"20210120222436","is_ascension_mode":true,"campfire_choices":[{"data":"Choke","floor":6,"key":"SMITH"},{"data":"Bullet Time","floor":8,"key":"SMITH"},{"data":"Infinite Blades","floor":15,"key":"SMITH"}],"circlet_count":0,"master_deck":["Strike_G","Strike_G","Strike_G","Strike_G","Defend_G","Defend_G","Defend_G","Defend_G","Defend_G","Survivor","Neutralize","Dagger Spray","All Out Attack","Choke+1","Deflect","Bullet Time+1","Dodge and Roll","Deflect","Infinite Blades+1"],"relics":["Ring of the Snake","Du-Vu Doll","Strawberry"],"acts_visited":["Exordium"],"potions_floor_usage":[11,14,16,16],"damage_taken":[{"damage":15,"enemies":"Jaw Worm","floor":1,"turns":8},{"damage":4,"enemies":"Small Slimes","floor":2,"turns":3},{"damage":0,"enemies":"2 Louse","floor":3,"turns":1},{"damage":4,"enemies":"Large Slime","floor":5,"turns":5},{"damage":1,"enemies":"Blue Slaver","floor":7,"turns":4},{"damage":2,"enemies":"2 Fungi Beasts","floor":10,"turns":2},{"damage":7,"enemies":"Exordium Thugs","floor":11,"turns":7},{"damage":7,"enemies":"Exordium Wildlife","floor":13,"turns":4},{"damage":0,"enemies":"Blue Slaver","floor":14,"turns":2},{"damage":6,"enemies":"Slime Boss","floor":16,"turns":6}],"seed_played":"4236415783740025721","potions_obtained":[{"floor":3,"key":"DuplicationPotion"},{"floor":5,"key":"Block Potion"},{"floor":11,"key":"SteroidPotion"},{"floor":14,"key":"Energy Potion"}],"is_trial":false,"path_per_floor":["M","M","M","?","M","R","M","R","T","M","M","?","M","M","R","B"],"character_chosen":"THE_SILENT","items_purchased":[],"campfire_rested":0,"item_purchase_floors":[],"current_hp_per_floor":[34,30,30,30,26,26,25,25,32,30,23,12,5,5,5,0,0],"gold":300,"neow_bonus":"ONE_RARE_RELIC","is_daily":false,"chose_seed":false,"campfire_upgraded":3,"win_rate":0.0,"timestamp":1611199476,"path_taken":["M","M","M","?","M","R","M","R","T","M","M","?","M","M","R","BOSS"],"items_purchased_type":[],"build_version":"2020-12-22","purchased_purges":0,"victory":false,"max_hp_per_floor":[70,70,70,70,70,70,70,70,77,77,77,77,77,77,77,77,77],"card_choices":[{"not_picked":["Dodge and Roll","Acrobatics"],"picked":"Dagger Spray","floor":1},{"not_picked":["Terror","Dagger Throw"],"picked":"All Out Attack","floor":2},{"not_picked":["Sucker Punch","Terror"],"picked":"Choke","floor":3},{"not_picked":["Sucker Punch","Expertise"],"picked":"Deflect","floor":5},{"not_picked":["Outmaneuver","Reflex"],"picked":"Bullet Time","floor":7},{"not_picked":["Sucker Punch","Dagger Spray"],"picked":"Dodge and Roll","floor":10},{"not_picked":["Choke","Dagger Spray","PiercingWail"],"picked":"SKIP","floor":11},{"not_picked":["Dodge and Roll","Well Laid Plans"],"picked":"Deflect","floor":13},{"not_picked":["Prepared","Bouncing Flask"],"picked":"Infinite Blades","floor":14}],"player_experience":792177,"relics_obtained":[{"floor":9,"key":"Strawberry"}],"event_choices":[{"cards_removed":["Strike_G"],"damage_healed":0,"gold_gain":0,"player_choice":"Forget","damage_taken":0,"max_hp_gain":0,"max_hp_loss":0,"event_name":"Living Wall","floor":4,"gold_loss":0},{"damage_healed":0,"gold_gain":75,"player_choice":"Gather Gold","damage_taken":11,"max_hp_gain":0,"max_hp_loss":0,"event_name":"World of Goop","floor":12,"gold_loss":0}],"is_beta":false,"boss_relics":[],"items_purged_floors":[],"is_endless":false,"potions_floor_spawned":[3,5,11,14],"killed_by":"Slime Boss","ascension_level":3}}