{"host":"oigynbtg272c19pw","time":1611222357,"event":{"mods":["BaseMod","Colored Map","Minty Spire (QoL Compilation)","Relic Stats","Slay the Relics Exporter","StSLib"],"gold_per_floor":[113,113,113,38,51,51,11,11,38,65,26,26,45,58,58,134,134,150,75,75,75,85,85,118,137,137,156,156,156,156,156,156,231,231,242,252,63,63,81,114,114,139,139,172,188,206,37,57,57,57,57,57],"floor_reached":51,"playtime":3222,"items_purged":["Regret","Strike_G","Strike_G"],"score":1481,"play_id":"e394b364-d93a-4d6e-b0f0-414103d1e673","local_time":"20210121104557","is_ascension_mode":true,"campfire_choices":[{"floor":6.0,"key":"REST"},{"data":"Deadly Poison","floor":8.0,"key":"SMITH"},{"floor":12.0,"key":"REST"},{"data":"Bouncing Flask","floor":15.0,"key":"SMITH"},{"data":"Catalyst","floor":23.0,"key":"SMITH"},{"data":"Footwork","floor":28.0,"key":"SMITH"},{"data":"Footwork","floor":30.0,"key":"SMITH"},{"data":"Secret Technique","floor":32.0,"key":"SMITH"},{"data":"Wraith Form v2","floor":41.0,"key":"SMITH"},{"floor":49.0,"key":"RECALL"}],"circlet_count":0,"master_deck":["AscendersBane","Strike_G","Defend_G","Defend_G","Defend_G","Defend_G","Defend_G","Survivor","Neutralize","Secret Technique+1","Deadly Poison+1","Footwork+1","Bouncing Flask+1","Footwork+1","Footwork+1","Backflip","Venomology","Dagger Spray","Escape Plan","Catalyst+1","Dash","Dodge and Roll","Terror+1","Blur+1","Wraith Form v2+1","Footwork","Outmaneuver+1","Catalyst+1","Blur+1","Noxious Fumes"],"relics":["Ring of the Snake","Toy Ornithopter","Incense Burner","Centennial Puzzle","Darkstone Periapt","Velvet Choker","StrikeDummy","Toxic Egg 2","Snecko Eye","Blue Candle","Letter Opener","Ninja Scroll"],"acts_visited":["Exordium","TheCity","TheBeyond"],"potions_floor_usage":[51],"damage_taken":[{"damage":4.0,"enemies":"Small Slimes","floor":1.0,"turns":4.0},{"damage":8.0,"enemies":"Cultist","floor":5.0,"turns":4.0},{"damage":67.0,"enemies":"3 Sentries","floor":10.0,"turns":22.0},{"damage":0.0,"enemies":"Jaw Worm","floor":13.0,"turns":4.0},{"damage":10.0,"enemies":"Large Slime","floor":14.0,"turns":7.0},{"damage":14.0,"enemies":"The Guardian","floor":16.0,"turns":10.0},{"damage":0.0,"enemies":"Spheric Guardian","floor":18.0,"turns":7.0},{"damage":2.0,"enemies":"Shell Parasite","floor":22.0,"turns":5.0},{"damage":13.0,"enemies":"Book of Stabbing","floor":24.0,"turns":5.0},{"damage":13.0,"enemies":"Centurion and Healer","floor":25.0,"turns":7.0},{"damage":11.0,"enemies":"Snake Plant","floor":27.0,"turns":4.0},{"damage":19.0,"enemies":"Automaton","floor":33.0,"turns":15.0},{"damage":0.0,"enemies":"3 Shapes","floor":35.0,"turns":8.0},{"damage":0.0,"enemies":"3 Darklings","floor":36.0,"turns":7.0},{"damage":0.0,"enemies":"Sphere and 2 Shapes","floor":39.0,"turns":9.0},{"damage":16.0,"enemies":"Reptomancer","floor":40.0,"turns":10.0},{"damage":14.0,"enemies":"Giant Head","floor":42.0,"turns":10.0},{"damage":18.0,"enemies":"Nemesis","floor":44.0,"turns":5.0},{"damage":0.0,"enemies":"Writhing Mass","floor":45.0,"turns":4.0},{"damage":2.0,"enemies":"4 Shapes","floor":46.0,"turns":5.0},{"damage":1.0,"enemies":"Sphere and 2 Shapes","floor":48.0,"turns":5.0},{"damage":33.0,"enemies":"Time Eater","floor":50.0,"turns":10.0},{"damage":35,"enemies":"Awakened One","floor":51,"turns":3}],"seed_played":"-6617498517927854599","potions_obtained":[{"floor":1.0,"key":"Ancient Potion"},{"floor":7.0,"key":"Regen Potion"},{"floor":7.0,"key":"Regen Potion"},{"floor":10.0,"key":"Poison Potion"},{"floor":13.0,"key":"ColorlessPotion"},{"floor":14.0,"key":"BlessingOfTheForge"},{"floor":24.0,"key":"Explosive Potion"},{"floor":25.0,"key":"CunningPotion"},{"floor":35.0,"key":"DuplicationPotion"},{"floor":45.0,"key":"EssenceOfSteel"}],"is_trial":false,"path_per_floor":["M","?","?","$","M","R","?","R","T","E","$","R","M","M","R","B",null,"M","?","?","?","M","R","E","M","T","M","R","?","R","?","R","B",null,"M","M","$","?","M","E","R","E","T","E","M","M","$","M","R","B","B"],"character_chosen":"THE_SILENT","items_purchased":["Footwork","Footwork","Noxious Fumes"],"campfire_rested":2,"item_purchase_floors":[11,37,47],"current_hp_per_floor":[55,55,10,10,2,21,21,21,21,19,19,38,38,33,33,24,56,56,56,56,56,59,59,53,45,45,39,39,39,39,39,39,30,57,57,62,62,62,66,50,50,36,36,18,28,45,45,44,44,21,0,0],"gold":57,"neow_bonus":"RANDOM_COLORLESS_2","is_daily":false,"chose_seed":false,"campfire_upgraded":7,"win_rate":0.0,"timestamp":1611222357,"path_taken":["M","?","?","$","M","R","?","R","T","E","$","R","M","?","R","BOSS","M","?","?","?","M","R","E","M","T","?","R","?","R","?","R","BOSS","M","M","$","?","M","E","R","E","T","E","M","M","$","M","R","BOSS","BOSS"],"items_purchased_type":["Card","Card","Card"],"build_version":"2020-12-13","purchased_purges":3,"victory":false,"max_hp_per_floor":[66,66,66,66,66,66,66,66,66,66,66,66,66,66,66,66,66,66,66,66,66,66,66,66,66,66,66,66,66,66,66,66,66,66,66,66,66,66,66,66,66,66,66,66,66,66,66,66,66,66,66,66],"relic_stats":{"Darkstone Periapt":0,"Centennial Puzzle":[45],"counters":[23,170],"Blue Candle":[0],"Snecko Eye":[129,143,136,143],"Letter Opener":[107],"obtain_stats":[{"Darkstone Periapt":10,"Centennial Puzzle":9,"Ninja Scroll":44,"Blue Candle":40,"Velvet Choker":17,"Snecko Eye":34,"Incense Burner":3,"Letter Opener":42,"Toxic Egg 2":26,"StrikeDummy":24,"Toy Ornithopter":2,"Ring of the Snake":0},{"Darkstone Periapt":3,"Centennial Puzzle":2,"Ninja Scroll":18,"Blue Candle":16,"Velvet Choker":6,"Snecko Eye":12,"Incense Burner":1,"Letter Opener":17,"Toxic Egg 2":10,"StrikeDummy":9,"Toy Ornithopter":1,"Ring of the Snake":0},{"Darkstone Periapt":30,"Centennial Puzzle":8,"Ninja Scroll":143,"Blue Candle":128,"Velvet Choker":51,"Snecko Eye":94,"Incense Burner":4,"Letter Opener":138,"Toxic Egg 2":75,"StrikeDummy":68,"Toy Ornithopter":4,"Ring of the Snake":0}],"Toy Ornithopter":96,"Ring of the Snake":[36]},"card_choices":[{"not_picked":["Violence","Thinking Ahead"],"picked":"Secret Technique","floor":0.0},{"not_picked":["Prepared","Cloak And Dagger"],"picked":"Deadly Poison","floor":1.0},{"not_picked":["Acrobatics","Quick Slash"],"picked":"Footwork","floor":5.0},{"not_picked":["Bullet Time","Expertise"],"picked":"Bouncing Flask","floor":10.0},{"not_picked":["Underhanded Strike","Slice"],"picked":"Footwork","floor":13.0},{"not_picked":["Heel Hook","Concentrate"],"picked":"Backflip","floor":14.0},{"not_picked":["Die Die Die","Unload"],"picked":"Venomology","floor":16.0},{"not_picked":["Acrobatics","Flying Knee"],"picked":"Dagger Spray","floor":18.0},{"not_picked":["Escape Plan","Cloak And Dagger+1"],"picked":"Catalyst","floor":22.0},{"not_picked":["Calculated Gamble","Reflex"],"picked":"Dash","floor":24.0},{"not_picked":["Endless Agony+1","Skewer"],"picked":"Dodge and Roll","floor":25.0},{"not_picked":["Sucker Punch","Accuracy"],"picked":"Terror+1","floor":27.0},{"not_picked":["Malaise+1","Envenom"],"picked":"Wraith Form v2","floor":33.0},{"not_picked":["Dagger Throw+1","Dagger Spray","Setup+1"],"picked":"SKIP","floor":35.0},{"not_picked":["Quick Slash","Infinite Blades","Terror+1"],"picked":"SKIP","floor":36.0},{"not_picked":["Acrobatics+1","Dagger Spray"],"picked":"Outmaneuver+1","floor":39.0},{"not_picked":["Outmaneuver+1","Blade Dance+1","Acrobatics+1"],"picked":"SKIP","floor":40.0},{"not_picked":["Malaise+1","Backflip+1"],"picked":"Catalyst+1","floor":42.0},{"not_picked":["Dagger Throw+1","Reflex+1","Riddle With Holes"],"picked":"SKIP","floor":44.0},{"not_picked":["Slice","Underhanded Strike","Masterful Stab"],"picked":"SKIP","floor":45.0},{"not_picked":["Concentrate+1","Dagger Throw"],"picked":"Blur+1","floor":46.0},{"not_picked":["Prepared+1","Quick Slash+1","Escape Plan+1"],"picked":"SKIP","floor":48.0}],"player_experience":1456598,"relics_obtained":[{"floor":9.0,"key":"Centennial Puzzle"},{"floor":10.0,"key":"Darkstone Periapt"},{"floor":24.0,"key":"StrikeDummy"},{"floor":26.0,"key":"Toxic Egg 2"},{"floor":40.0,"key":"Blue Candle"},{"floor":42.0,"key":"Letter Opener"},{"floor":44.0,"key":"Ninja Scroll"}],"event_choices":[{"damage_healed":0.0,"max_hp_gain":0.0,"max_hp_loss":0.0,"gold_gain":0.0,"event_name":"Big Fish","player_choice":"Box","floor":2.0,"gold_loss":0.0,"damage_taken":0.0,"relics_obtained":["Toy Ornithopter"],"cards_obtained":["Regret"]},{"damage_healed":0.0,"max_hp_gain":0.0,"max_hp_loss":0.0,"gold_gain":0.0,"event_name":"Scrap Ooze","player_choice":"Success","floor":3.0,"gold_loss":0.0,"damage_taken":45.0,"relics_obtained":["Incense Burner"]},{"damage_healed":0.0,"max_hp_gain":0.0,"max_hp_loss":0.0,"gold_gain":0.0,"event_name":"The Woman in Blue","player_choice":"Bought 3 Potions","floor":7.0,"gold_loss":0.0,"damage_taken":0.0},{"cards_removed":["Shame"],"damage_healed":0.0,"max_hp_gain":0.0,"max_hp_loss":0.0,"gold_gain":0.0,"event_name":"Beggar","player_choice":"Gave Gold","floor":19.0,"gold_loss":75.0,"damage_taken":0.0},{"damage_healed":0.0,"max_hp_gain":0.0,"max_hp_loss":0.0,"gold_gain":0.0,"cards_transformed":["Strike_G","Strike_G"],"event_name":"Drug Dealer","player_choice":"Became Test Subject","floor":20.0,"gold_loss":0.0,"damage_taken":0.0,"cards_obtained":["Infinite Blades","Escape Plan"]},{"cards_removed":["Infinite Blades"],"damage_healed":0.0,"max_hp_gain":0.0,"max_hp_loss":0.0,"gold_gain":0.0,"event_name":"Purifier","player_choice":"Purged","floor":21.0,"gold_loss":0.0,"damage_taken":0.0},{"damage_healed":0.0,"max_hp_gain":0.0,"max_hp_loss":0.0,"gold_gain":0.0,"event_name":"The Library","player_choice":"Read","floor":29.0,"gold_loss":0.0,"damage_taken":0.0,"cards_obtained":["Blur"]},{"damage_healed":0.0,"max_hp_gain":0.0,"max_hp_loss":0.0,"gold_gain":0.0,"event_name":"Upgrade Shrine","player_choice":"Upgraded","floor":31.0,"gold_loss":0.0,"damage_taken":0.0,"cards_upgraded":["Footwork"]},{"damage_healed":0.0,"max_hp_gain":0.0,"max_hp_loss":0.0,"gold_gain":0.0,"event_name":"SecretPortal","player_choice":"Ignored","floor":38.0,"gold_loss":0.0,"damage_taken":0.0}],"is_beta":false,"boss_relics":[{"not_picked":["Astrolabe","Busted Crown"],"picked":"Velvet Choker"},{"not_picked":["Fusion Hammer","WristBlade"],"picked":"Snecko Eye"}],"items_purged_floors":[4,37,47],"is_endless":false,"potions_floor_spawned":[1,10,13,14,24,25,35,39,44,45],"killed_by":"Awakened One","ascension_level":20}}