{"host":"w3q5ijqu8eoknil3","time":1611239277,"event":{"mods":["AchievementEnabler","BaseMod","Block Reminder","Colored Map","Colored Powertips","Curses Come First","Dark Map","Minty Spire (QoL Compilation)","Quick Restart","Relic Stats","StSLib","ojb\u0027s Better Paths Mod","ojb\u0027s Info Mod","slay the spire mod where everything is the same but ironclad has a cowboy hat"],"gold_per_floor":[116,130,130,130,1,1,14,14,14],"floor_reached":8,"language":"ENG","playtime":217,"items_purged":[],"score":87,"play_id":"1c7ccd7a-37c6-495f-8a0c-b71b4f128601","local_time":"20210121142757","is_ascension_mode":true,"campfire_choices":[{"data":"Poisoned Stab","floor":6,"key":"SMITH"}],"circlet_count":0,"master_deck":["AscendersBane","Strike_G","Strike_G","Strike_G","Strike_G","Strike_G","Defend_G","Defend_G","Defend_G","Defend_G","Defend_G","Survivor","Neutralize","Deadly Poison","Poisoned Stab+1","Footwork","Backflip"],"relics":["Philosopher\u0027s Stone","Golden Idol"],"acts_visited":["Exordium"],"potions_floor_usage":[8],"damage_taken":[{"damage":14,"enemies":"Jaw Worm","floor":1,"turns":7},{"damage":0,"enemies":"2 Louse","floor":2,"turns":4},{"damage":9,"enemies":"Cultist","floor":7,"turns":4},{"damage":58,"enemies":"Gremlin Nob","floor":8,"turns":4}],"seed_played":"6235993878582870553","potions_obtained":[{"floor":1,"key":"FearPotion"}],"is_trial":false,"path_per_floor":["M","M","?","?","$","R","M","E"],"character_chosen":"THE_SILENT","items_purchased":["Poisoned Stab","Footwork"],"campfire_rested":0,"item_purchase_floors":[5,5],"current_hp_per_floor":[45,45,45,50,50,50,41,0,0],"gold":14,"neow_bonus":"BOSS_RELIC","is_daily":false,"chose_seed":false,"campfire_upgraded":1,"win_rate":0.0,"timestamp":1611239277,"path_taken":["M","M","?","?","?","R","M","E"],"items_purchased_type":["Card","Card"],"build_version":"2020-12-22","purchased_purges":0,"victory":false,"max_hp_per_floor":[66,66,60,65,65,65,65,65,65],"relic_stats":{"counters":[4,19],"Golden Idol":3,"obtain_stats":[{"Golden Idol":3,"Philosopher\u0027s Stone":0,"Ring of the Snake":0},{"Golden Idol":2,"Philosopher\u0027s Stone":0,"Ring of the Snake":0},{"Golden Idol":11,"Philosopher\u0027s Stone":0,"Ring of the Snake":0}]},"card_choices":[{"not_picked":["Flechettes","Dodge and Roll","Accuracy"],"picked":"SKIP","floor":1},{"not_picked":["Quick Slash","Cloak And Dagger"],"picked":"Deadly Poison","floor":2},{"not_picked":["Slice","Dodge and Roll"],"picked":"Backflip","floor":7}],"player_experience":1006056,"relics_obtained":[],"event_choices":[{"damage_healed":0,"gold_gain":0,"player_choice":"Lose Max HP","damage_taken":0,"relics_obtained":["Golden Idol"],"max_hp_gain":0,"max_hp_loss":6,"event_name":"Golden Idol","floor":3,"gold_loss":0},{"damage_healed":0,"gold_gain":0,"player_choice":"Donut","damage_taken":0,"max_hp_gain":5,"max_hp_loss":0,"event_name":"Big Fish","floor":4,"gold_loss":0}],"is_beta":false,"boss_relics":[],"items_purged_floors":[],"is_endless":false,"potions_floor_spawned":[1],"killed_by":"Gremlin Nob","ascension_level":18}}