{"host":"usru02jcpe2a942d","time":1611272939,"event":{"mods":["Act Like it!","Ascension Reborn","BaseMod","Colored Powertips","Downfall","GifTheSpireLib","Highlight Path","Minty Spire (QoL Compilation)","MostiFishMod","Quick Restart","Relic Stats","RumiaBox-露米娅的神秘盒子","StSLib","Waifu the Spire","noobMod","篝火指南"],"gold_per_floor":[99,115,126,226,237,268,321,340,440,440,615,631,631,650,666,761,761,561,576,676,676,676,690,715,78,113,128,128,147,247,11,26,126,126,126,144,144,194,213,213,239,239,257,257,275,329,329,364,378,378],"floor_reached":51,"language":"ZHS","playtime":4302,"items_purged":["Doubt","Pride"],"score":999,"play_id":"e6ddde84-cfcb-4d44-9e16-40136b5fae16","local_time":"20210122074859","is_ascension_mode":false,"campfire_choices":[{"floor":1.0,"key":"RECALL"},{"data":"hexamod:ExtraCrispy","floor":18.0,"key":"SMITH"},{"data":"hexamod:TimeOfNeed","floor":35.0,"key":"SMITH"},{"data":"hexamod:SearingWound","floor":40.0,"key":"SMITH"},{"data":"expansioncontent:StudyTheSpire","floor":47,"key":"SMITH"}],"circlet_count":0,"master_deck":["hexamod:Strike","hexamod:Strike","hexamod:Strike","hexamod:Defend","hexamod:Defend","hexamod:Defend+1","hexamod:Sear","hexamod:Float","hexamod:SwordOfDarkness","hexamod:BacktrackSmack","hexamod:UnleashSpirits+1","hexamod:SpectralAdrenaline","hexamod:ExtraCrispy+1","hexamod:RecurringNightmare+1","hexamod:TimeWarp+1","hexamod:Incineration+1","hexamod:NecessarySacrifice+1","hexamod:TimeOfNeed+1","expansioncontent:StudyTheSpire+1","hexamod:Rewind","hexamod:SearingWound+1","MostiFishMod:Neptune","MostiFishMod:TheEndOfMoonlight","MostiFishMod:SparklingWater","MostiFishMod:FantasySummer","MostiFishMod:NightSea","hexamod:FlamesFromBeyond+1","hexamod:SpectralSpark+1","hexamod:BurningTouch+1","hexamod:EtherealExpedition","hexamod:GhostflameBarrier+1"],"relics":["DaveBox","ice","HaiYi:Twilight","Transparent","Juzu Bracelet","Vajra","Lizard Tail","ShadowXiaoBlade","downfall:HeartBlessingRed","downfall:HeartBlessingGreen","MealTicket","Technique","War Paint","Bottled Lightning","Question Card","MagicDraw1","downfall:GremlinWheel","hexamod:CandleOfCauterizing","MoonlightInvasionPlan","Gambling Chip","Ancient Tea Set","Blue Candle","DaCapo","hexamod:MatchstickCase"],"acts_visited":["Exordium","TheCity","TheBeyond"],"potions_floor_usage":[49],"damage_taken":[{"damage":14.0,"enemies":"2 Louse","floor":2.0,"turns":2.0},{"damage":14.0,"enemies":"Small Slimes","floor":3.0,"turns":2.0},{"damage":7.0,"enemies":"Jaw Worm","floor":5.0,"turns":1.0},{"damage":24.0,"enemies":"3 Sentries","floor":6.0,"turns":3.0},{"damage":7.0,"enemies":"Red Slaver","floor":8.0,"turns":1.0},{"damage":23.0,"enemies":"downfall:Heads","floor":9.0,"turns":3.0},{"damage":7.0,"enemies":"3 Louse","floor":12.0,"turns":1.0},{"damage":31.0,"enemies":"Exordium Thugs","floor":14.0,"turns":3.0},{"damage":7.0,"enemies":"3 Louse","floor":15.0,"turns":1.0},{"damage":21.0,"enemies":"SI_SHIV_ARCHETYPE","floor":16.0,"turns":3.0},{"damage":14.0,"enemies":"3 Byrds","floor":19.0,"turns":2.0},{"damage":14.0,"enemies":"Snecko","floor":23.0,"turns":2.0},{"damage":14.0,"enemies":"Gremlin Leader","floor":26.0,"turns":2.0},{"damage":24.0,"enemies":"Cultist and Chosen","floor":27.0,"turns":2.0},{"damage":14.0,"enemies":"Centurion and Healer","floor":29.0,"turns":2.0},{"damage":14.0,"enemies":"Centurion and Healer","floor":30.0,"turns":2.0},{"damage":21.0,"enemies":"downfall:FleeingMerchant","floor":31.0,"turns":3.0},{"damage":14.0,"enemies":"3 Cultists","floor":32.0,"turns":2.0},{"damage":34.0,"enemies":"WA_ARCHETYPE_CALM","floor":33.0,"turns":3.0},{"damage":7.0,"enemies":"Orb Walker","floor":36.0,"turns":1.0},{"damage":14.0,"enemies":"Orb Walker","floor":38.0,"turns":2.0},{"damage":16.0,"enemies":"3 Darklings","floor":39.0,"turns":2.0},{"damage":40,"enemies":"Transient","floor":43,"turns":5},{"damage":26,"enemies":"Jaw Worm Horde","floor":45,"turns":2},{"damage":36,"enemies":"2 Orb Walkers","floor":46,"turns":3},{"damage":21,"enemies":"Giant Head","floor":48,"turns":3},{"damage":14,"enemies":"Spire Growth","floor":49,"turns":2},{"damage":21,"enemies":"DF_ARCHETYPE_ORBS","floor":50,"turns":3}],"seed_played":"2722376833524324043","potions_obtained":[{"floor":5.0,"key":"SmokeBomb"},{"floor":8.0,"key":"SkillPotion"},{"floor":12.0,"key":"Weak Potion"},{"floor":13.0,"key":"downfall:CursedFountainPotion"},{"floor":16.0,"key":"FearPotion"},{"floor":29.0,"key":"Energy Potion"},{"floor":32.0,"key":"Dexterity Potion"},{"floor":33.0,"key":"AttackPotion"},{"floor":49,"key":"Fruit Juice"}],"is_trial":false,"path_per_floor":["R","M","M","?","M","E","T","M","?","?","?","M","?","M","M","B",null,"R","M","?","?","?","M","T","R","E","M","T","M","?","$","M","B",null,"R","M","?","?","M","R","T","?","M","?","M","?","R","E","M","B",null],"character_chosen":"THE_SPIRIT","items_purchased":["Technique","War Paint","Bottled Lightning","hexamod:CandleOfCauterizing","expansioncontent:StudyTheSpire"],"campfire_rested":0,"item_purchase_floors":[25,25,25,31,31],"current_hp_per_floor":[70,70,70,70,70,70,70,70,70,67,67,70,70,70,70,70,70,70,70,70,70,70,70,70,70,70,70,70,70,70,70,70,70,70,70,70,70,70,70,70,70,65,70,70,70,70,70,70,75,75],"gold":378,"neow_bonus":"BOSS_RELIC","is_daily":false,"chose_seed":false,"campfire_upgraded":4,"win_rate":0.0,"timestamp":1611272939,"path_taken":["R","M","M","?","M","E","T","M","?","?","?","M","?","M","M","BOSS","R","M","?","?","?","M","T","R","E","M","?","M","?","?","M","BOSS","R","M","?","?","M","R","T","?","M","?","M","?","R","E","M","BOSS"],"items_purchased_type":["Relic","Relic","Relic","Relic","Card"],"build_version":"2020-12-22","purchased_purges":2,"victory":true,"max_hp_per_floor":[70,70,70,70,70,70,70,70,70,70,70,70,70,70,70,70,70,70,70,70,70,70,70,70,70,70,70,70,70,70,70,70,70,70,70,70,70,70,70,70,70,70,70,70,70,70,70,70,75,75],"relic_stats":{"Lizard Tail":0,"counters":[28,63],"Gambling Chip":[4],"Blue Candle":[0],"MealTicket":0,"Juzu Bracelet":3,"War Paint":["hexamod:Defend","hexamod:RecurringNightmare"],"Question Card":15,"obtain_stats":[{"DaveBox":0,"Vajra":7,"downfall:HeartBlessingGreen":18,"ice":0,"Juzu Bracelet":6,"Ancient Tea Set":41,"MagicDraw1":28,"Lizard Tail":10,"downfall:GremlinWheel":30,"Gambling Chip":38,"MealTicket":24,"DaCapo":46,"hexamod:SpiritBrand":0,"hexamod:CandleOfCauterizing":31,"downfall:HeartBlessingRed":18,"Blue Candle":42,"MoonlightInvasionPlan":34,"ShadowXiaoBlade":17,"War Paint":25,"Question Card":26,"hexamod:MatchstickCase":48,"HaiYi:Twilight":0,"Transparent":0,"Technique":25,"Bottled Lightning":25},{"DaveBox":0,"Vajra":4,"downfall:HeartBlessingGreen":10,"ice":0,"Juzu Bracelet":4,"Ancient Tea Set":22,"MagicDraw1":14,"Lizard Tail":6,"downfall:GremlinWheel":16,"Gambling Chip":21,"MealTicket":12,"DaCapo":25,"hexamod:SpiritBrand":0,"hexamod:CandleOfCauterizing":17,"downfall:HeartBlessingRed":10,"Blue Candle":22,"MoonlightInvasionPlan":19,"ShadowXiaoBlade":10,"War Paint":12,"Question Card":13,"hexamod:MatchstickCase":26,"HaiYi:Twilight":0,"Transparent":0,"Technique":12,"Bottled Lightning":12},{"DaveBox":0,"Vajra":8,"downfall:HeartBlessingGreen":20,"ice":0,"Juzu Bracelet":8,"Ancient Tea Set":45,"MagicDraw1":28,"Lizard Tail":12,"downfall:GremlinWheel":32,"Gambling Chip":43,"MealTicket":24,"DaCapo":55,"hexamod:SpiritBrand":0,"hexamod:CandleOfCauterizing":35,"downfall:HeartBlessingRed":20,"Blue Candle":45,"MoonlightInvasionPlan":40,"ShadowXiaoBlade":20,"War Paint":24,"Question Card":26,"hexamod:MatchstickCase":58,"HaiYi:Twilight":0,"Transparent":0,"Technique":24,"Bottled Lightning":24}]},"card_choices":[{"not_picked":["hexamod:NightmareStrike","hexamod:HeatShield"],"picked":"hexamod:SwordOfDarkness","floor":2.0},{"not_picked":["hexamod:Haunt","hexamod:NightmareGuise","hexamod:SecondSeal"],"picked":"SKIP","floor":3.0},{"not_picked":["hexamod:Firestarter","hexamod:Rewind"],"picked":"hexamod:BacktrackSmack","floor":5.0},{"not_picked":["hexamod:SuperheatedStrike","hexamod:GhostOfSpireFuture","hexamod:Rewind"],"picked":"SKIP","floor":6.0},{"not_picked":["hexamod:ThermalTransfer","hexamod:SuperheatedStrike"],"picked":"hexamod:UnleashSpirits","floor":8.0},{"not_picked":["hexamod:Again","hexamod:NightmareStrike"],"picked":"hexamod:ExtraCrispy","floor":9.0},{"not_picked":["hexamod:HeatMetal","hexamod:NecessarySacrifice"],"picked":"hexamod:RecurringNightmare","floor":12.0},{"not_picked":["hexamod:NightmareStrike","hexamod:ShieldOfDarkness","hexamod:SwordOfDarkness"],"picked":"SKIP","floor":14.0},{"not_picked":["hexamod:HeatMetal","hexamod:ThermalTransfer","hexamod:ThirdSeal"],"picked":"SKIP","floor":15.0},{"not_picked":["hexamod:ApocalypticArmor","hexamod:SearingWound"],"picked":"hexamod:TimeWarp","floor":16.0},{"not_picked":["hexamod:PowerFromBeyond","hexamod:ThermalTransfer+1"],"picked":"hexamod:Incineration+1","floor":19.0},{"not_picked":["hexamod:ThermalTransfer","hexamod:ShieldOfDarkness","hexamod:ChargedBarrage"],"picked":"SKIP","floor":23.0},{"not_picked":["hexamod:BurningTouch","hexamod:ThirdSeal","hexamod:ChargedBarrage"],"picked":"SKIP","floor":26.0},{"not_picked":["hexamod:HauntingEcho+1","hexamod:AdvancingGuard","hexamod:BacktrackSmack","hexamod:HeatMetal"],"picked":"SKIP","floor":27.0},{"not_picked":["hexamod:Haunt","hexamod:InspiringFlames","hexamod:PhantomCloak"],"picked":"hexamod:TimeOfNeed","floor":29.0},{"not_picked":["hexamod:AdvancingGuard+1","hexamod:GhostShield+1","hexamod:GhostLash+1","hexamod:Firestarter"],"picked":"SKIP","floor":31.0},{"not_picked":["hexamod:Hexaguard","hexamod:NightmareGuise+1","hexamod:BurningTouch+1"],"picked":"hexamod:Rewind","floor":32.0},{"not_picked":["hexamod:ForkedFlame","hexamod:HexaLevel","hexamod:VolcanoVisage"],"picked":"hexamod:SearingWound","floor":33.0},{"not_picked":["hexamod:RecurringNightmare","hexamod:GhostOfSpirePast+1","hexamod:GhostLash+1"],"picked":"hexamod:FlamesFromBeyond+1","floor":36.0},{"not_picked":["hexamod:HeatMetal","hexamod:RainOfEmbers","hexamod:GhostOfSpirePast+1"],"picked":"hexamod:SpectralSpark+1","floor":38.0},{"not_picked":["hexamod:HauntingEcho+1","hexamod:BacktrackSmack","hexamod:Firestarter+1","hexamod:ShieldOfDarkness+1"],"picked":"SKIP","floor":39.0},{"not_picked":["hexamod:DynamicBlow","hexamod:CatchUp+1","hexamod:FirstSeal"],"picked":"hexamod:BurningTouch+1","floor":43},{"not_picked":["hexamod:FirstSeal","hexamod:ExtraCrispy","hexamod:HeatMetal+1"],"picked":"hexamod:EtherealExpedition","floor":45},{"not_picked":["hexamod:Firestarter+1","hexamod:SpectersWail+1","hexamod:RecurringNightmare","hexamod:SwordOfDarkness+1"],"picked":"SKIP","floor":48},{"not_picked":["hexamod:RadiantFlame","hexamod:NightmareStrike+1","hexamod:SuperheatedStrike"],"picked":"hexamod:GhostflameBarrier+1","floor":49}],"player_experience":303094,"relics_obtained":[{"floor":6.0,"key":"Juzu Bracelet"},{"floor":7.0,"key":"Vajra"},{"floor":24.0,"key":"MealTicket"},{"floor":26.0,"key":"Question Card"},{"floor":28.0,"key":"MagicDraw1"},{"floor":30.0,"key":"downfall:GremlinWheel"},{"floor":38.0,"key":"Gambling Chip"},{"floor":41.0,"key":"Ancient Tea Set"},{"floor":46,"key":"DaCapo"},{"floor":48,"key":"hexamod:MatchstickCase"}],"event_choices":[{"damage_healed":0.0,"max_hp_gain":0.0,"max_hp_loss":0.0,"gold_gain":0.0,"event_name":"Scrap Ooze","player_choice":"Success","floor":10.0,"gold_loss":0.0,"damage_taken":3.0,"relics_obtained":["Lizard Tail"]},{"damage_healed":0.0,"max_hp_gain":0.0,"max_hp_loss":0.0,"gold_gain":0.0,"event_name":"The Library","player_choice":"Read","floor":21.0,"gold_loss":0.0,"damage_taken":0.0,"cards_obtained":["hexamod:NecessarySacrifice"]},{"damage_healed":0,"gold_gain":0,"player_choice":"Fight","damage_taken":0,"max_hp_gain":0,"max_hp_loss":0,"event_name":"Mysterious Sphere","floor":46,"gold_loss":0}],"is_beta":false,"boss_relics":[{"not_picked":["GreenFoldingFan","bronze:MakeshiftBattery"],"picked":"ShadowXiaoBlade"},{"not_picked":["OneHitWonderSystem","SynthV:MejaisSoulstealer"],"picked":"MoonlightInvasionPlan"}],"items_purged_floors":[25,31],"is_endless":false,"potions_floor_spawned":[5,8,12,16,23,26,29,32,33,39,43,49],"ascension_level":0}}