{"host":"lsq35p0sdkx2xifo","time":1611209795,"event":{"mods":["AchievementEnabler","BaseMod","Highlight Path","Minty Spire (QoL Compilation)","StSLib","The Senshi"],"gold_per_floor":[118,118,135,155,175,205,166,199,199,218,281,228,228,239,239,336,336,350,368,103,103,103,103,129,129,129,140,469,219,219,250,250,351,351,364,58,72,85,98,98,117,0,0,12,12,37,37,90,90,90,90],"floor_reached":50,"language":"ENG","playtime":5413,"items_purged":["theSenshi:SailorKick","Writhe"],"score":758,"play_id":"de27e046-df7e-49d8-b45d-9f1401dc6d54","local_time":"20210120221635","is_ascension_mode":true,"campfire_choices":[{"floor":13.0,"key":"REST"},{"data":"theSenshi:MoonPrismPowerMakeUp","floor":15.0,"key":"SMITH"},{"data":"theSenshi:CrisisMakeUp","floor":23.0,"key":"SMITH"},{"data":"theSenshi:RainbowMoonHeartAche","floor":25.0,"key":"SMITH"},{"data":"theSenshi:MoonCrisisMakeUp","floor":32.0,"key":"SMITH"},{"floor":40,"key":"REST"},{"floor":45,"key":"RECALL"},{"floor":47,"key":"REST"},{"floor":49,"key":"REST"}],"circlet_count":0,"master_deck":["theSenshi:SailorKick+1","theSenshi:SailorKick+1","theSenshi:SailorBlock+1","theSenshi:SailorBlock+1","theSenshi:SailorBlock+1","theSenshi:SailorBlock+1","theSenshi:RoseThrow","theSenshi:MoonPrismPowerMakeUp+1","theSenshi:MoonTiaraMagic","theSenshi:SailorVenusAssists","theSenshi:TallSilhouette","theSenshi:MoonPunch","theSenshi:SailorMarsAssists","theSenshi:MoonPrincessHalation","theSenshi:SailorStarFighterAssists","theSenshi:SaturnsMystery","theSenshi:SailorMarsAssists","theSenshi:MoonHealingEscalation","theSenshi:SailorPlutoAssists","theSenshi:UranusStrength","theSenshi:MoonTiaraMagic+1","theSenshi:CrisisMakeUp+1","theSenshi:RainbowMoonHeartAche+1","theSenshi:MoonKick","theSenshi:EncouragingSpeech","theSenshi:MoonHealingEscalation","theSenshi:SaturnsMystery","theSenshi:MoonCrisisMakeUp+1","theSenshi:WarriorOfTheMoon","theSenshi:InTheNickOfTime","theSenshi:MoonCosmicPowerMakeUp+1","theSenshi:SailorStarMakerAssists+1","theSenshi:SailorV+1","theSenshi:MoonKick+1","theSenshi:InTheNameOfTheMoon"],"relics":["theSenshi:TransformationBroochRelic","NeowsBlessing","theSenshi:SuperSailorFukuRelic","theSenshi:CosmicHeartCompactRelic","theSenshi:TransformationPenRelic","Meat on the Bone","Cursed Key","Ginger","Old Coin","Oddly Smooth Stone","Blue Candle","SacredBark","Omamori","Akabeko","Red Mask","The Courier","Vajra","Gambling Chip"],"acts_visited":["Exordium","TheCity","TheBeyond"],"potions_floor_usage":[41,44,46,48,50],"damage_taken":[{"damage":0.0,"enemies":"Small Slimes","floor":1.0,"turns":1.0},{"damage":0.0,"enemies":"Cultist","floor":3.0,"turns":1.0},{"damage":0.0,"enemies":"Jaw Worm","floor":4.0,"turns":1.0},{"damage":15.0,"enemies":"2 Fungi Beasts","floor":5.0,"turns":4.0},{"damage":20.0,"enemies":"Gremlin Nob","floor":6.0,"turns":4.0},{"damage":0.0,"enemies":"Lagavulin","floor":8.0,"turns":6.0},{"damage":0.0,"enemies":"Large Slime","floor":10.0,"turns":4.0},{"damage":5.0,"enemies":"Lagavulin Event","floor":11.0,"turns":5.0},{"damage":0.0,"enemies":"Blue Slaver","floor":14.0,"turns":3.0},{"damage":27.0,"enemies":"The Guardian","floor":16.0,"turns":17.0},{"damage":1.0,"enemies":"2 Thieves","floor":18.0,"turns":4.0},{"damage":4.0,"enemies":"3 Byrds","floor":19.0,"turns":5.0},{"damage":1.0,"enemies":"Book of Stabbing","floor":24.0,"turns":4.0},{"damage":14.0,"enemies":"Sentry and Sphere","floor":27.0,"turns":5.0},{"damage":12.0,"enemies":"Slavers","floor":28.0,"turns":4.0},{"damage":14.0,"enemies":"Book of Stabbing","floor":31.0,"turns":7.0},{"damage":83.0,"enemies":"Collector","floor":33.0,"turns":11.0},{"damage":16.0,"enemies":"3 Darklings","floor":35.0,"turns":7.0},{"damage":4.0,"enemies":"3 Shapes","floor":37.0,"turns":7.0},{"damage":2.0,"enemies":"Sphere and 2 Shapes","floor":38.0,"turns":4.0},{"damage":1,"enemies":"3 Darklings","floor":39,"turns":7},{"damage":17,"enemies":"Writhing Mass","floor":41,"turns":8},{"damage":34,"enemies":"Transient","floor":44,"turns":5},{"damage":45,"enemies":"Nemesis","floor":46,"turns":9},{"damage":49,"enemies":"2 Orb Walkers","floor":48,"turns":5},{"damage":118,"enemies":"Time Eater","floor":50,"turns":13}],"seed_played":"-2328487292205942340","potions_obtained":[{"floor":5.0,"key":"Energy Potion"},{"floor":6.0,"key":"DistilledChaos"},{"floor":8.0,"key":"PowerPotion"},{"floor":11.0,"key":"Block Potion"},{"floor":14.0,"key":"DuplicationPotion"},{"floor":27.0,"key":"PowerPotion"},{"floor":28.0,"key":"SpeedPotion"},{"floor":31.0,"key":"Dexterity Potion"},{"floor":33.0,"key":"Energy Potion"},{"floor":38,"key":"ColorlessPotion"},{"floor":39,"key":"EssenceOfSteel"},{"floor":44,"key":"SteroidPotion"},{"floor":46,"key":"LiquidBronze"}],"is_trial":false,"path_per_floor":["M","?","M","M","M","E","?","E","T","M","?","$","R","M","R","B",null,"M","M","$","?","?","R","E","R","T","M","E","$","?","E","R","B",null,"M","$","M","M","M","R","M","?","T","M","R","E","R","?","R","B"],"character_chosen":"THE_SENSHI","items_purchased":["theSenshi:SailorMarsAssists","theSenshi:CrisisMakeUp","theSenshi:RainbowMoonHeartAche","theSenshi:MoonKick","Oddly Smooth Stone","Omamori","Akabeko"],"campfire_rested":4,"item_purchase_floors":[12,20,20,20,29,36,36],"current_hp_per_floor":[75,75,75,75,60,40,40,40,40,40,35,35,57,72,72,64,75,75,71,71,71,71,71,75,75,75,66,54,54,75,72,72,37,75,75,75,75,75,74,75,58,58,58,41,41,29,51,38,60,0,0],"gold":90,"neow_bonus":"THREE_ENEMY_KILL","is_daily":false,"chose_seed":false,"campfire_upgraded":4,"win_rate":0.0,"timestamp":1611209795,"path_taken":["M","?","M","?","M","E","?","E","T","M","?","$","R","M","R","BOSS","M","M","$","?","?","R","E","R","T","M","E","$","?","E","R","BOSS","M","$","M","M","M","R","M","?","T","M","R","E","R","?","R","BOSS"],"items_purchased_type":["Card","Card","Card","Card","Relic","Relic","Relic"],"build_version":"2020-12-22","purchased_purges":2,"victory":false,"max_hp_per_floor":[75,75,75,75,75,75,75,75,75,75,75,75,75,75,75,75,75,75,75,75,75,75,75,75,75,75,75,75,75,75,75,75,75,75,75,75,75,75,75,75,75,75,75,75,75,75,75,75,75,75,75],"card_choices":[{"not_picked":["theSenshi:MoonPower","theSenshi:SailorMercuryAssists"],"picked":"theSenshi:MoonTiaraMagic","floor":1.0},{"not_picked":["theSenshi:CrisisMakeUp","theSenshi:Sidestep"],"picked":"theSenshi:SailorVenusAssists","floor":3.0},{"not_picked":["theSenshi:SailorMercuryAssists","theSenshi:MarsPride"],"picked":"theSenshi:TallSilhouette","floor":4.0},{"not_picked":["theSenshi:SchoolBag","theSenshi:SteeledNerves"],"picked":"theSenshi:MoonPunch","floor":5.0},{"not_picked":["theSenshi:SchoolBag","theSenshi:CrisisMakeUp"],"picked":"theSenshi:SailorMarsAssists","floor":6.0},{"not_picked":["theSenshi:MoonCosmicPowerMakeUp","theSenshi:SaturnsMystery"],"picked":"theSenshi:MoonPrincessHalation","floor":8.0},{"not_picked":["theSenshi:LateForSchool","theSenshi:LunaSensingAllies"],"picked":"theSenshi:SailorStarFighterAssists","floor":10.0},{"not_picked":["theSenshi:LateForSchool","theSenshi:SteeledNerves"],"picked":"theSenshi:SaturnsMystery","floor":11.0},{"not_picked":["theSenshi:RainbowMoonHeartAche","theSenshi:SupersonicWaves"],"picked":"theSenshi:MoonHealingEscalation","floor":14.0},{"not_picked":["theSenshi:StarlightHoneymoonTherapyKiss","theSenshi:InTheNameOfTheMoon"],"picked":"theSenshi:SailorPlutoAssists","floor":16.0},{"not_picked":["theSenshi:MoonsReflection+1","theSenshi:SupersonicWaves"],"picked":"theSenshi:UranusStrength","floor":18.0},{"not_picked":["theSenshi:LateForSchool","theSenshi:TuxedoSmokingBomber+1"],"picked":"theSenshi:MoonTiaraMagic+1","floor":19.0},{"not_picked":["theSenshi:VenusGlamour","theSenshi:SteeledNerves"],"picked":"theSenshi:EncouragingSpeech","floor":24.0},{"not_picked":["theSenshi:NeptunesGrace","theSenshi:EncouragingSpeech"],"picked":"theSenshi:MoonHealingEscalation","floor":27.0},{"not_picked":["theSenshi:TuxedoMaskAssists","theSenshi:KlutzyLuck"],"picked":"theSenshi:SaturnsMystery","floor":28.0},{"not_picked":["theSenshi:StudyParty","theSenshi:Overload"],"picked":"theSenshi:MoonCrisisMakeUp","floor":31.0},{"not_picked":["theSenshi:SailorPlutoAssists","theSenshi:ChibiMoonsLove"],"picked":"theSenshi:WarriorOfTheMoon","floor":33.0},{"not_picked":["theSenshi:SailorMarsAssists","theSenshi:MercurysCunning"],"picked":"theSenshi:InTheNickOfTime","floor":35.0},{"not_picked":["theSenshi:MoonPrincessHalation+1","theSenshi:Overload"],"picked":"theSenshi:MoonCosmicPowerMakeUp+1","floor":37.0},{"not_picked":["theSenshi:MoonPrincessHalation","theSenshi:TuxedoSmokingBomber+1"],"picked":"theSenshi:SailorStarMakerAssists+1","floor":38},{"not_picked":["theSenshi:MoonPrincessHalation","theSenshi:MoonTiaraMagic+1"],"picked":"theSenshi:SailorV+1","floor":39},{"not_picked":["theSenshi:SchoolBag","theSenshi:GatheringStrength+1"],"picked":"theSenshi:MoonKick+1","floor":41},{"not_picked":["theSenshi:SailorChibiMoonAssists","theSenshi:MoonPrincessHalation","theSenshi:EncouragingSpeech"],"picked":"SKIP","floor":44},{"not_picked":["theSenshi:TuxedoSmokingBomber","theSenshi:SailorMarsAssists","theSenshi:SailorPlanetPower"],"picked":"SKIP","floor":46},{"not_picked":["theSenshi:LunasBite+1","theSenshi:VenusGlamour+1"],"picked":"theSenshi:InTheNameOfTheMoon","floor":48}],"player_experience":1349874,"relics_obtained":[{"floor":6.0,"key":"theSenshi:SuperSailorFukuRelic"},{"floor":8.0,"key":"theSenshi:CosmicHeartCompactRelic"},{"floor":9.0,"key":"theSenshi:TransformationPenRelic"},{"floor":11.0,"key":"Meat on the Bone"},{"floor":24.0,"key":"Ginger"},{"floor":28.0,"key":"Old Coin"},{"floor":31.0,"key":"Blue Candle"},{"floor":43,"key":"The Courier"},{"floor":46,"key":"Vajra"},{"floor":48,"key":"Gambling Chip"}],"event_choices":[{"cards_removed":["theSenshi:SailorKick"],"damage_healed":0.0,"max_hp_gain":0.0,"max_hp_loss":0.0,"gold_gain":0.0,"event_name":"Bonfire Elementals","player_choice":"Offered Basic","floor":2.0,"gold_loss":0.0,"damage_taken":0.0},{"damage_healed":0.0,"max_hp_gain":0.0,"max_hp_loss":0.0,"gold_gain":0.0,"event_name":"World of Goop","player_choice":"Left Gold","floor":7.0,"gold_loss":39.0,"damage_taken":0.0},{"damage_healed":0.0,"max_hp_gain":0.0,"max_hp_loss":0.0,"gold_gain":30.0,"event_name":"Dead Adventurer","player_choice":"Searched \u00272\u0027 times","floor":11.0,"gold_loss":0.0,"damage_taken":0.0},{"damage_healed":0.0,"max_hp_gain":0.0,"max_hp_loss":0.0,"gold_gain":0.0,"event_name":"Back to Basics","player_choice":"Simplicity","floor":21.0,"gold_loss":0.0,"damage_taken":0.0,"cards_upgraded":["theSenshi:SailorKick","theSenshi:SailorKick","theSenshi:SailorBlock","theSenshi:SailorBlock","theSenshi:SailorBlock","theSenshi:SailorBlock"]},{"damage_healed":0.0,"max_hp_gain":0.0,"max_hp_loss":0.0,"gold_gain":0.0,"event_name":"Vampires","player_choice":"Ignored","floor":22.0,"gold_loss":0.0,"damage_taken":0.0},{"damage_healed":25.0,"max_hp_gain":0.0,"max_hp_loss":0.0,"gold_gain":0.0,"event_name":"The Library","player_choice":"Heal","floor":30.0,"gold_loss":0.0,"damage_taken":0.0},{"damage_healed":0,"gold_gain":0,"player_choice":"Paid","damage_taken":0,"relics_obtained":["Red Mask"],"max_hp_gain":0,"max_hp_loss":0,"event_name":"Tomb of Lord Red Mask","floor":42,"gold_loss":117},{"damage_healed":0,"gold_gain":0,"player_choice":"Fight","damage_taken":0,"max_hp_gain":0,"max_hp_loss":0,"event_name":"Mysterious Sphere","floor":48,"gold_loss":0}],"is_beta":false,"boss_relics":[{"not_picked":["theSenshi:MoonKaleidoScopeRelic","Pandora\u0027s Box"],"picked":"Cursed Key"},{"not_picked":["Philosopher\u0027s Stone","Busted Crown"],"picked":"SacredBark"}],"items_purged_floors":[20,29],"is_endless":false,"potions_floor_spawned":[5,6,8,11,14,27,28,31,33,38,39,44,46],"killed_by":"Time Eater","ascension_level":4}}