{"host":"og6lam4kt3nibbw0","time":1611245733,"event":{"mods":["AchievementEnabler","BaseMod","Colored Map","DeckTracker","Highlight Path","Keyboard Shortcuts","Minty Spire (QoL Compilation)","Permanent Neow","Quick Restart","StSLib","SuperFastMode"],"gold_per_floor":[362,362,378,393,407,407,440,440,440,474,524,538,269,285,285,285,381,381,400,400,400,400],"floor_reached":21,"language":"KOR","playtime":690,"items_purged":["Strike_R"],"score":378,"play_id":"ebb9adff-c4cc-45cf-b9e7-b081bed811a9","local_time":"20210122011533","is_ascension_mode":true,"campfire_choices":[{"data":"Wild Strike","floor":6.0,"key":"SMITH"},{"floor":8.0,"key":"REST"},{"floor":15.0,"key":"REST"},{"data":"Demon Form","floor":16.0,"key":"SMITH"}],"circlet_count":0,"master_deck":["AscendersBane","Strike_R","Strike_R","Strike_R","Defend_R","Defend_R","Defend_R","Bash","Pommel Strike","Wild Strike+1","Demon Form+1","Shrug It Off","Shrug It Off","Dual Wield","Whirlwind","Ghostly Armor","Reaper"],"relics":["Burning Blood","Golden Idol","Torii","TungstenRod","Gremlin Horn","Empty Cage","Kunai"],"acts_visited":["Exordium","TheCity"],"potions_floor_usage":[21],"damage_taken":[{"damage":14.0,"enemies":"Small Slimes","floor":1.0,"turns":4.0},{"damage":2.0,"enemies":"Jaw Worm","floor":3.0,"turns":5.0},{"damage":6.0,"enemies":"Cultist","floor":4.0,"turns":3.0},{"damage":20.0,"enemies":"Red Slaver","floor":5.0,"turns":4.0},{"damage":8.0,"enemies":"Gremlin Nob","floor":7.0,"turns":3.0},{"damage":27.0,"enemies":"3 Sentries","floor":10.0,"turns":8.0},{"damage":0.0,"enemies":"Large Slime","floor":12.0,"turns":7.0},{"damage":12.0,"enemies":"Blue Slaver","floor":14.0,"turns":3.0},{"damage":28.0,"enemies":"Hexaghost","floor":17.0,"turns":9.0},{"damage":26.0,"enemies":"Chosen","floor":19.0,"turns":6.0},{"damage":53,"enemies":"Shell Parasite","floor":21,"turns":7}],"seed_played":"8252464915910352877","potions_obtained":[{"floor":3.0,"key":"Block Potion"},{"floor":5.0,"key":"Energy Potion"},{"floor":10.0,"key":"CultistPotion"},{"floor":12.0,"key":"ElixirPotion"}],"is_trial":false,"path_per_floor":["M","?","M","M","M","R","E","R","T","E","?","M","$","M","R","R","B",null,"M","T","M"],"character_chosen":"IRONCLAD","items_purchased":["Whirlwind","Fruit Juice"],"campfire_rested":2,"item_purchase_floors":[13,13],"current_hp_per_floor":[42,42,46,46,32,32,30,50,50,29,29,35,40,34,55,55,33,63,43,43,0,0],"gold":400,"neow_bonus":"TWO_FIFTY_GOLD","is_daily":false,"chose_seed":false,"campfire_upgraded":2,"win_rate":0.0,"timestamp":1611245733,"path_taken":["M","?","M","M","M","R","E","R","T","E","?","?","$","M","R","R","BOSS","M","?","M"],"items_purchased_type":["Card","Potion"],"build_version":"2020-12-22","purchased_purges":1,"victory":false,"max_hp_per_floor":[75,68,68,68,68,68,68,68,68,68,68,68,73,73,73,73,73,73,73,73,73,73],"card_choices":[{"not_picked":["Heavy Blade","Flex"],"picked":"Pommel Strike","floor":1.0},{"not_picked":["Sword Boomerang","Headbutt","Thunderclap"],"picked":"SKIP","floor":3.0},{"not_picked":["Perfected Strike","Anger"],"picked":"Wild Strike","floor":4.0},{"not_picked":["Thunderclap","Hemokinesis"],"picked":"Demon Form","floor":5.0},{"not_picked":["Perfected Strike","Burning Pact"],"picked":"Shrug It Off","floor":7.0},{"not_picked":["True Grit","Dropkick"],"picked":"Shrug It Off","floor":10.0},{"not_picked":["Anger","Flex"],"picked":"Dual Wield","floor":12.0},{"not_picked":["Thunderclap","Flex"],"picked":"Ghostly Armor","floor":14.0},{"not_picked":["Bludgeon","Double Tap"],"picked":"Reaper","floor":17.0},{"not_picked":["Intimidate","Havoc","Rupture"],"picked":"SKIP","floor":19.0}],"player_experience":931967,"relics_obtained":[{"floor":7.0,"key":"Torii"},{"floor":9.0,"key":"TungstenRod"},{"floor":10.0,"key":"Gremlin Horn"},{"floor":20.0,"key":"Kunai"}],"event_choices":[{"damage_healed":0.0,"max_hp_gain":0.0,"max_hp_loss":7.0,"gold_gain":0.0,"event_name":"Golden Idol","player_choice":"Lose Max HP","floor":2.0,"gold_loss":0.0,"damage_taken":0.0,"relics_obtained":["Golden Idol"]},{"damage_healed":0.0,"max_hp_gain":0.0,"max_hp_loss":0.0,"gold_gain":50.0,"event_name":"Golden Shrine","player_choice":"Pray","floor":11.0,"gold_loss":0.0,"damage_taken":0.0}],"is_beta":false,"boss_relics":[{"not_picked":["Snecko Eye","Fusion Hammer"],"picked":"Empty Cage"}],"items_purged_floors":[13],"is_endless":false,"potions_floor_spawned":[3,5,10,12],"killed_by":"Shell Parasite","ascension_level":20}}