{"host":"e6sgj53qqwx3piqv","time":1611242319,"event":{"mods":["AchievementEnabler","Aspiration","BaseMod","BetterRewards","Colored Powertips","Downfall","Hermit","Highlight Path","Hubris","Infinite Spire","Minty Spire (QoL Compilation)","Quick Restart","Rare Cards Sparkle","Shop Mod","StSLib","The Cursed","The Disciple","The Jungle","The Runesmith"],"gold_per_floor":[118,118,150,150,150,177,177,1,26,56,91,91,91,117,117,214,214,227,23,23,23,23],"floor_reached":21,"language":"ENG","playtime":1280,"items_purged":[],"score":276,"play_id":"a03e7f11-b19e-431c-8141-bc002a961a63","local_time":"20210121101839","daily_mods":["Allstar","Colorless Cards","Heirloom","Time Dilation","Flight","downfall:Lament"],"is_ascension_mode":false,"campfire_choices":[{"data":"TheCursedMod:Hemoplague","floor":7.0,"key":"SMITH"},{"floor":12.0,"key":"REST"},{"data":"TheCursedMod:HellfireBreathing","floor":13.0,"key":"SMITH"},{"data":"TheCursedMod:OutForBlood","floor":15.0,"key":"SMITH"}],"circlet_count":0,"master_deck":["TheCursedMod:Strike_TheCursed","TheCursedMod:Strike_TheCursed","TheCursedMod:Strike_TheCursed","TheCursedMod:Strike_TheCursed","TheCursedMod:Defend_TheCursed","TheCursedMod:Defend_TheCursed","TheCursedMod:Defend_TheCursed","TheCursedMod:Defend_TheCursed","TheCursedMod:CursedWand","TheCursedMod:CleanUpWorkshop","TheCursedMod:Dregs","Discovery","Deep Breath","Trip+1","Madness","hubris:Ssssneak","TheCursedMod:CursedSpellbook","TheCursedMod:Hemoplague+1","TheCursedMod:CursedShiv","Chrysalis","TheCursedMod:HellfireBreathing+1","TheCursedMod:Stretching","TheCursedMod:CursedAmulet","TheCursedMod:OutForBlood+1","TheCursedMod:SmokeScreen","Master of Strategy","TheCursedMod:ManaCirculation","TheCursedMod:EmpowerCircles","hubris:EnhanceAbility","TheCursedMod:CursedBlade"],"relics":["TheCursedMod:BlackMagic101","NeowsBlessing","Dead Branch","hubris:Towel","Slimebound:StickyStick","Bag of Marbles","Bottled Flame","Runesmith:AutoHammer","TheCursedMod:Tack","hubris:HollowSoul","theJungle:WildPear"],"acts_visited":["Exordium","theJungle:Jungle"],"potions_floor_usage":[],"damage_taken":[{"damage":0.0,"enemies":"Small Slimes","floor":1.0,"turns":1.0},{"damage":0.0,"enemies":"Cultist","floor":3.0,"turns":1.0},{"damage":0.0,"enemies":"3 Sentries","floor":6.0,"turns":2.0},{"damage":0.0,"enemies":"Lagavulin","floor":10.0,"turns":3.0},{"damage":60.0,"enemies":"Gremlin Nob","floor":11.0,"turns":5.0},{"damage":0.0,"enemies":"Lagavulin","floor":14.0,"turns":4.0},{"damage":31.0,"enemies":"The Guardian","floor":16.0,"turns":8.0},{"damage":11.0,"enemies":"theJungle:5_Spyders","floor":18.0,"turns":5.0},{"damage":0.0,"enemies":"hubris:Merchant","floor":19.0,"turns":1.0},{"damage":0,"enemies":"theJungle:GiantWrat","floor":21,"turns":1}],"seed_played":"2737949356024510349","potions_obtained":[{"floor":3.0,"key":"bronze:BurnAndBuffPotion"},{"floor":6.0,"key":"Strength Potion"},{"floor":10.0,"key":"SteroidPotion"}],"is_trial":true,"path_per_floor":["M","?","M","?","?","E","R","$","T","E","E","R","R","E","R","B",null,"M","$","?","M"],"character_chosen":"THE_CURSED","items_purchased":["TheCursedMod:HellfireBreathing","TheCursedMod:Stretching","TheCursedMod:CursedAmulet","hubris:EnhanceAbility","TheCursedMod:CursedBlade"],"campfire_rested":1,"item_purchase_floors":[8,8,8,19,19],"current_hp_per_floor":[75,75,75,75,75,75,75,75,75,75,15,37,37,37,37,6,75,64,37,47,47,47],"gold":23,"neow_bonus":"","is_daily":false,"chose_seed":false,"campfire_upgraded":3,"win_rate":0.0,"timestamp":1611242319,"path_taken":["M","?","?","?","?","E","R","?","T","E","E","R","R","E","R","BOSS","M","?","?","?"],"items_purchased_type":["Card","Card","Card","Card","Card"],"build_version":"2020-12-22","purchased_purges":0,"victory":false,"max_hp_per_floor":[75,75,75,75,75,75,75,75,75,75,75,75,75,75,75,75,75,75,75,85,85,85],"card_choices":[{"not_picked":["TheCursedMod:Stigma","TheCursedMod:RapidMovement"],"picked":"TheCursedMod:CursedSpellbook","floor":1.0},{"not_picked":["TheCursedMod:CursedBlade","Blind"],"picked":"TheCursedMod:Hemoplague","floor":3.0},{"not_picked":["TheCursedMod:CursedMace","TheCursedMod:SurpriseAttack"],"picked":"Chrysalis","floor":6.0},{"not_picked":["TheCursedMod:TacticalStrike","Purity"],"picked":"TheCursedMod:OutForBlood","floor":10.0},{"not_picked":["TheCursedMod:Stigma","TheCursedMod:VitalStrike"],"picked":"TheCursedMod:SmokeScreen","floor":11.0},{"not_picked":["TheCursedMod:LuckyCharm","TheCursedMod:CursedShiv"],"picked":"Master of Strategy","floor":14.0},{"not_picked":["TheCursedMod:CursedRelics","Apotheosis"],"picked":"TheCursedMod:ManaCirculation","floor":16.0},{"not_picked":["Trip","TheCursedMod:BloodBarrier"],"picked":"TheCursedMod:EmpowerCircles","floor":18.0}],"player_experience":206298,"relics_obtained":[{"floor":6.0,"key":"Slimebound:StickyStick"},{"floor":9.0,"key":"Bag of Marbles"},{"floor":10.0,"key":"Bottled Flame"},{"floor":11.0,"key":"Runesmith:AutoHammer"},{"floor":14.0,"key":"TheCursedMod:Tack"}],"event_choices":[{"damage_healed":0.0,"max_hp_gain":0.0,"max_hp_loss":0.0,"gold_gain":0.0,"event_name":"Upgrade Shrine","player_choice":"Upgraded","floor":2.0,"gold_loss":0.0,"damage_taken":0.0,"cards_upgraded":["Trip"]}],"is_beta":false,"boss_relics":[{"not_picked":["aspiration:WatcherSkillbook","Runesmith:UraniumAnvil"],"picked":"hubris:HollowSoul"}],"items_purged_floors":[],"is_endless":false,"potions_floor_spawned":[3,6,10,11],"killed_by":"theJungle:GiantWrat","ascension_level":0}}