{"host":"rjfefv2ruvigm2gb","time":1611202787,"event":{"mods":["A Penny For Your Troubles","Act Like it!","AlwaysNeverKeys","BaseMod","Block Reminder","Conspire","Curses Come First","Dark Map","Displayed Cursed Tome","Elementarium","Evolution","Fox Events","Gensokyo","Gold Saver","Googly Eyes","Hermit","HexUI Lib","Hubris","Infinite Spire","JesterMod","Mad Scientist","Mimic Mod","Minty Spire (QoL Compilation)","Permanent Neow","Poor People Problems","Quick Restart","Relic Filter","Relic Stats","Replay The Spire","Shop Mod","StS++","StSLib","SuperFastMode","The Blue Laboratory","The Clintock","The Sage","TheHero","Virulent Crown"],"gold_per_floor":[19,19,31,31,50,75,75,75,75,87,107,107,32,48,48,147,147,159,159,159,174,174,174,192,192,192,192,192,192,43,43,43,43,43,43,43,43,43],"floor_reached":37,"language":"ENG","playtime":1821,"items_purged":["Parasite","Pain","ReplayTheSpireMod:Splinters"],"score":393,"play_id":"34d55e56-3816-41fc-9800-fac28b895eb4","local_time":"20210120221947","is_ascension_mode":false,"campfire_choices":[{"floor":7.0,"key":"REST"},{"data":"animeID:Uraraka","floor":15.0,"key":"SMITH"},{"floor":23,"key":"REST"},{"floor":32,"key":"REST"}],"circlet_count":0,"master_deck":["animeID:Deku","animeID:Bakugo","animeID:Smash","animeID:Smash","animeID:Smash","animeID:Smash","animeID:DefendMH","animeID:DefendMH","animeID:DefendMH","animeID:DefendMH","animeID:Uraraka+1","animeID:FullCowl","animeID:Hatsume","animeID:Mezo","animeID:Mina","animeID:Kirishima","animeID:Rappa","animeID:AllMight","Sadistic Nature","Dramatic Entrance","Replay:Parry","animeID:AllForOne","animeID:Kirishima+1","animeID:Kirishima+1","animeID:HowitzerImpact","animeID:Kirishima+1","animeID:Hawks","animeID:TodorokiShoto+1"],"relics":["animeID:HeroCostume","EVO:Axolotl","infinitespire:Lychee Nut","ReplayTheSpireMod:Ring of Exchange","Ring of Searing","hubris:Icosahedron","Potion Belt","Spirit Poop","Toy Ornithopter","ReplayTheSpireMod:ShopPack","Elementarium:GolemsHeart","hubris:CuriousFeather","Ectoplasm","hubris:Backtick","Lee\u0027s Waffle","Bottled Lightning","Strawberry","Elementarium:ElementariumTrophy","StSpp:PileOfSugar","hubris:Potato","ReplayTheSpireMod:Shallot"],"acts_visited":["Exordium","Exordium","TheBeyond"],"potions_floor_usage":[16,33,33],"damage_taken":[{"damage":2.0,"enemies":"2 Louse","floor":1.0,"turns":3.0},{"damage":17.0,"enemies":"Small Slimes","floor":3.0,"turns":3.0},{"damage":9.0,"enemies":"conspire:RoseBush","floor":5.0,"turns":6.0},{"damage":26.0,"enemies":"Lagavulin","floor":6.0,"turns":5.0},{"damage":10.0,"enemies":"Gremlin Gang","floor":10.0,"turns":4.0},{"damage":5.0,"enemies":"2 Fungi Beasts","floor":11.0,"turns":4.0},{"damage":16.0,"enemies":"Exordium Wildlife","floor":14.0,"turns":3.0},{"damage":52,"enemies":"The Guardian","floor":16,"turns":10},{"damage":19,"enemies":"Elementarium:2_ELEMENTALS","floor":18,"turns":4},{"damage":14,"enemies":"Elementarium:MUD_AND_TAR_GOLEMS","floor":24,"turns":3},{"damage":17,"enemies":"Elementarium:VoidBeast","floor":27,"turns":2},{"damage":15,"enemies":"Elementarium:3_ELEMENTALS","floor":28,"turns":4},{"damage":7,"enemies":"Elementarium:Hydrostalker","floor":29,"turns":4},{"damage":20,"enemies":"Elementarium:RubyGolem","floor":31,"turns":2},{"damage":46,"enemies":"Elementarium:GoldenDragon","floor":33,"turns":7},{"damage":60,"enemies":"Orb Walker","floor":35,"turns":2},{"damage":17,"enemies":"3 Darklings","floor":37,"turns":1}],"seed_played":"8628403446619253277","potions_obtained":[{"floor":1.0,"key":"AttackPotion"},{"floor":10.0,"key":"FearPotion"},{"floor":16,"key":"PowerPotion"},{"floor":24,"key":"SteroidPotion"},{"floor":28,"key":"blueLaboratory:ExaltedPotion"}],"is_trial":false,"path_per_floor":["M","?","M","?","M","E","R","?","T","M","M","?","$","M","R","B",null,"M","?","?","?","$","R","M","AVR","T","M","M","M","$","M","R","B",null,"M","AVR","M"],"character_chosen":"THE_HERO","items_purchased":["Strawberry"],"campfire_rested":3,"item_purchase_floors":[30],"current_hp_per_floor":[56,56,41,41,40,24,40,40,40,38,41,55,53,39,39,4,53,39,39,39,39,34,49,42,60,60,47,42,43,50,35,55,30,67,12,12,0,0],"gold":43,"neow_bonus":"ONE_RARE_RELIC","is_daily":false,"chose_seed":false,"campfire_upgraded":1,"win_rate":0.0,"timestamp":1611202787,"path_taken":["M","?","M","?","M","E","R","?","T","?","M","?","$","M","R","BOSS","M","?","?","?","?","R","M","AVR","T","M","M","M","$","M","R","BOSS","M","AVR","M"],"items_purchased_type":["Relic"],"build_version":"2020-12-22","purchased_purges":3,"victory":false,"max_hp_per_floor":[56,56,56,56,56,56,56,56,56,56,56,56,53,53,53,53,53,53,53,53,53,53,53,53,60,60,60,60,60,67,67,67,67,67,67,67,67,67],"relic_stats":{"Lee\u0027s Waffle":18,"counters":[17,67],"Ectoplasm":230,"obtain_stats":[{"Potion Belt":6,"ReplayTheSpireMod:Ring of Exchange":2,"Lee\u0027s Waffle":25,"Spirit Poop":8,"EVO:Axolotl":0,"Ring of Searing":2,"hubris:Icosahedron":4,"hubris:Backtick":25,"Elementarium:ElementariumTrophy":33,"ReplayTheSpireMod:Shallot":36,"infinitespire:Lychee Nut":0,"Strawberry":30,"Elementarium:GolemsHeart":20,"hubris:CuriousFeather":21,"Ectoplasm":25,"animeID:HeroCostume":0,"Bottled Lightning":26,"StSpp:PileOfSugar":34,"Toy Ornithopter":9,"hubris:Potato":36,"ReplayTheSpireMod:ShopPack":17},{"Potion Belt":4,"ReplayTheSpireMod:Ring of Exchange":1,"Lee\u0027s Waffle":10,"Spirit Poop":4,"EVO:Axolotl":0,"Ring of Searing":1,"hubris:Icosahedron":2,"hubris:Backtick":10,"Elementarium:ElementariumTrophy":15,"ReplayTheSpireMod:Shallot":16,"infinitespire:Lychee Nut":0,"Strawberry":13,"Elementarium:GolemsHeart":9,"hubris:CuriousFeather":9,"Ectoplasm":10,"animeID:HeroCostume":0,"Bottled Lightning":10,"StSpp:PileOfSugar":15,"Toy Ornithopter":4,"hubris:Potato":16,"ReplayTheSpireMod:ShopPack":8},{"Potion Belt":17,"ReplayTheSpireMod:Ring of Exchange":3,"Lee\u0027s Waffle":45,"Spirit Poop":17,"EVO:Axolotl":0,"Ring of Searing":3,"hubris:Icosahedron":6,"hubris:Backtick":45,"Elementarium:ElementariumTrophy":64,"ReplayTheSpireMod:Shallot":66,"infinitespire:Lychee Nut":0,"Strawberry":55,"Elementarium:GolemsHeart":42,"hubris:CuriousFeather":42,"Ectoplasm":45,"animeID:HeroCostume":0,"Bottled Lightning":45,"StSpp:PileOfSugar":64,"Toy Ornithopter":17,"hubris:Potato":66,"ReplayTheSpireMod:ShopPack":38}],"Toy Ornithopter":15},"card_choices":[{"not_picked":["animeID:Ojiro","animeID:Himiko"],"picked":"animeID:Uraraka","floor":1.0},{"not_picked":["animeID:GentleCriminal","animeID:Ojiro"],"picked":"animeID:FullCowl","floor":3.0},{"not_picked":["animeID:Hawks","animeID:Tomura"],"picked":"animeID:Hatsume","floor":5.0},{"not_picked":["animeID:Deku","animeID:Uraraka"],"picked":"animeID:Mezo","floor":6.0},{"not_picked":["animeID:Tengai","animeID:Aoyama"],"picked":"animeID:Mina","floor":10.0},{"not_picked":["animeID:Iida","animeID:Bakugo"],"picked":"animeID:Kirishima","floor":11.0},{"not_picked":["animeID:Cementoss","animeID:TetsuTetsu"],"picked":"animeID:Rappa","floor":14.0},{"not_picked":["animeID:Shigaraki","animeID:Chisaki"],"picked":"animeID:AllMight","floor":16},{"not_picked":["Secret Technique","Chrysalis"],"picked":"Sadistic Nature","floor":17},{"not_picked":["Secret Weapon","Metamorphosis"],"picked":"Dramatic Entrance","floor":17},{"not_picked":["StSpp:MakeshiftWeapon","Replay:Sssssssssstrike"],"picked":"Replay:Parry","floor":17},{"not_picked":["animeID:Twice","animeID:TodorokiShoto"],"picked":"animeID:AllForOne","floor":18},{"not_picked":["animeID:Ojiro","animeID:Mezo"],"picked":"animeID:Kirishima+1","floor":21},{"not_picked":["animeID:Bakugo+1","animeID:Uraraka"],"picked":"animeID:Kirishima+1","floor":24},{"not_picked":["animeID:DelawareSmash","animeID:Tsuyu"],"picked":"animeID:HowitzerImpact","floor":27},{"not_picked":["animeID:DetroitSmash","animeID:Ojiro","animeID:Kirishima"],"picked":"SKIP","floor":28},{"not_picked":["animeID:Iida+1","animeID:PlusUltra"],"picked":"animeID:Kirishima+1","floor":29},{"not_picked":["animeID:ToruHagakure","animeID:Muscular","animeID:Ojiro"],"picked":"SKIP","floor":31},{"not_picked":["animeID:ToruHagakure","animeID:Muscular","animeID:Ojiro"],"picked":"SKIP","floor":31},{"not_picked":["animeID:MirioTogata","animeID:AllMight"],"picked":"animeID:Hawks","floor":33},{"not_picked":["animeID:DelawareSmash","animeID:Kirishima"],"picked":"animeID:TodorokiShoto+1","floor":35}],"player_experience":996405,"relics_obtained":[{"floor":2.0,"key":"ReplayTheSpireMod:Ring of Exchange"},{"floor":2.0,"key":"Ring of Searing"},{"floor":6.0,"key":"Potion Belt"},{"floor":9.0,"key":"Toy Ornithopter"},{"floor":21,"key":"hubris:CuriousFeather"},{"floor":26,"key":"Bottled Lightning"}],"event_choices":[{"cards_removed":["Delirium"],"damage_healed":0.0,"max_hp_gain":0.0,"max_hp_loss":0.0,"gold_gain":0.0,"event_name":"Bonfire Elementals","player_choice":"Offered Curse","floor":8.0,"gold_loss":0.0,"damage_taken":0.0,"relics_obtained":["Spirit Poop"]},{"damage_healed":14.0,"max_hp_gain":0.0,"max_hp_loss":0.0,"gold_gain":0.0,"event_name":"Mushrooms","player_choice":"Healed and dodged fight","floor":12.0,"gold_loss":0.0,"damage_taken":0.0,"cards_obtained":["Parasite"]},{"damage_healed":0,"gold_gain":0,"player_choice":"Leave","damage_taken":0,"max_hp_gain":0,"max_hp_loss":0,"event_name":"conspire:Investor","floor":19,"gold_loss":0},{"damage_healed":0,"gold_gain":0,"player_choice":"Chest","damage_taken":0,"relics_obtained":["Elementarium:GolemsHeart"],"max_hp_gain":0,"max_hp_loss":0,"event_name":"Elementarium:AbandonedFactory","floor":20,"gold_loss":0,"cards_obtained":["Pain"]}],"is_beta":false,"boss_relics":[{"not_picked":["Empty Cage","conspire:SlowCooker"],"picked":"ReplayTheSpireMod:ShopPack"},{"not_picked":["hubris:HerbalPaste","hubris:ScarierMask"],"picked":"StSpp:PileOfSugar"}],"items_purged_floors":[13,22,25],"is_endless":false,"potions_floor_spawned":[1,10,11,16,24,28],"killed_by":"3 Darklings","ascension_level":0}}