{"host":"vb9tx51ayxprrw9u","time":1611266421,"event":{"mods":["AchievementEnabler","BaseMod","Colored Map","Colored Powertips","Highlight Path","Minty Spire (QoL Compilation)","StSLib"],"gold_per_floor":[112,132,149,38,57,57,73,73,73,39,74,90,109,109,109,208,208,219,269,319,337,356,356,385,411,423,435,497,571,593,655,667,679,679],"floor_reached":33,"language":"ENG","playtime":2030,"items_purged":["Defend_P"],"score":271,"play_id":"a9fef6e3-a2cd-4963-97f5-ce9a0137cd62","local_time":"20210121160021","is_ascension_mode":false,"campfire_choices":[{"data":"Judgement","floor":6,"key":"SMITH"},{"data":"BattleHymn","floor":15,"key":"SMITH"},{"data":"Establishment","floor":23,"key":"SMITH"},{"floor":27,"key":"REST"},{"floor":32,"key":"REST"}],"circlet_count":0,"master_deck":["Strike_P","Strike_P","Strike_P","Strike_P","Defend_P","Defend_P","Defend_P","Eruption","Vigilance","Judgement+1","FollowUp","Adaptation","Crescendo","BattleHymn+1","Consecrate","WaveOfTheHand","LikeWater","FollowUp","Pray","Establishment+1","ClearTheMind","ThirdEye+1","InnerPeace","Halt"],"relics":["PureWater","Potion Belt","Ancient Tea Set","SsserpentHead","Black Star","Enchiridion","Bottled Flame","MawBank","StoneCalendar"],"acts_visited":["Exordium","TheCity"],"potions_floor_usage":[16,16,22,22,24,24],"damage_taken":[{"damage":0,"enemies":"Small Slimes","floor":1,"turns":1},{"damage":0,"enemies":"Cultist","floor":2,"turns":1},{"damage":0,"enemies":"Jaw Worm","floor":3,"turns":1},{"damage":5,"enemies":"Exordium Thugs","floor":5,"turns":3},{"damage":0,"enemies":"Exordium Wildlife","floor":7,"turns":2},{"damage":13,"enemies":"Lagavulin","floor":11,"turns":5},{"damage":0,"enemies":"Looter","floor":12,"turns":4},{"damage":2,"enemies":"Blue Slaver","floor":13,"turns":2},{"damage":2,"enemies":"Hexaghost","floor":16,"turns":6},{"damage":2,"enemies":"Chosen","floor":18,"turns":3},{"damage":0,"enemies":"Spheric Guardian","floor":21,"turns":3},{"damage":16,"enemies":"Chosen and Byrds","floor":22,"turns":5},{"damage":14,"enemies":"Gremlin Leader","floor":24,"turns":5},{"damage":8,"enemies":"Snake Plant","floor":25,"turns":4},{"damage":3,"enemies":"Snecko","floor":29,"turns":4},{"damage":3,"enemies":"3 Cultists","floor":30,"turns":4},{"damage":22,"enemies":"Colosseum Slavers","floor":31,"turns":4},{"damage":32,"enemies":"Collector","floor":33,"turns":2}],"seed_played":"-8745884791921533672","potions_obtained":[{"floor":3,"key":"Ancient Potion"},{"floor":5,"key":"Block Potion"},{"floor":7,"key":"PowerPotion"},{"floor":11,"key":"GamblersBrew"},{"floor":13,"key":"StancePotion"},{"floor":21,"key":"DuplicationPotion"},{"floor":22,"key":"Fire Potion"},{"floor":30,"key":"Strength Potion"}],"is_trial":false,"path_per_floor":["M","M","M","$","M","R","M","?","T","$","E","M","M","?","R","B",null,"M","?","?","M","M","R","E","M","T","R","?","M","M","?","R","B"],"character_chosen":"WATCHER","items_purchased":["BattleHymn","LikeWater"],"campfire_rested":2,"item_purchase_floors":[4,10],"current_hp_per_floor":[72,72,72,72,67,67,67,60,60,60,47,47,45,45,45,43,72,70,70,54,54,38,38,24,16,16,37,37,34,31,9,30,0,0],"gold":679,"neow_bonus":"ONE_RANDOM_RARE_CARD","is_daily":false,"chose_seed":false,"campfire_upgraded":3,"win_rate":0.0,"timestamp":1611266421,"path_taken":["M","M","M","$","M","R","M","?","T","$","E","?","M","?","R","BOSS","M","?","?","M","M","R","E","M","T","R","?","?","M","?","R","BOSS"],"items_purchased_type":["Card","Card"],"build_version":"2020-12-22","purchased_purges":1,"victory":false,"max_hp_per_floor":[72,72,72,72,72,72,72,72,72,72,72,72,72,72,72,72,72,72,72,72,72,72,72,72,72,72,72,72,72,72,72,72,72,72],"card_choices":[{"not_picked":["MentalFortress","SandsOfTime"],"picked":"FollowUp","floor":1},{"not_picked":["Crescendo","FlurryOfBlows"],"picked":"Adaptation","floor":2},{"not_picked":["SashWhip","Protect"],"picked":"Crescendo","floor":3},{"not_picked":["PathToVictory","CrushJoints"],"picked":"Consecrate","floor":5},{"not_picked":["Protect","Consecrate"],"picked":"WaveOfTheHand","floor":7},{"not_picked":["WaveOfTheHand","SpiritShield","CutThroughFate"],"picked":"SKIP","floor":11},{"not_picked":["FlurryOfBlows","BowlingBash"],"picked":"FollowUp","floor":12},{"not_picked":["Study","Collect"],"picked":"Pray","floor":13},{"not_picked":["Omniscience","SpiritShield"],"picked":"Establishment","floor":16},{"not_picked":["WheelKick","PathToVictory","Indignation"],"picked":"SKIP","floor":18},{"not_picked":["Conclude","EmptyBody"],"picked":"ClearTheMind","floor":21},{"not_picked":["FollowUp","ReachHeaven"],"picked":"ThirdEye+1","floor":22},{"not_picked":["BowlingBash","FollowUp","PathToVictory+1"],"picked":"SKIP","floor":24},{"not_picked":["Halt","EmptyFist"],"picked":"InnerPeace","floor":25},{"not_picked":["FollowUp+1","Consecrate"],"picked":"Halt","floor":29},{"not_picked":["Judgement","Protect","ThirdEye"],"picked":"SKIP","floor":30}],"player_experience":147756,"relics_obtained":[{"floor":9,"key":"Potion Belt"},{"floor":11,"key":"Ancient Tea Set"},{"floor":20,"key":"Enchiridion"},{"floor":24,"key":"Bottled Flame"},{"floor":24,"key":"MawBank"},{"floor":26,"key":"StoneCalendar"}],"event_choices":[{"damage_healed":0,"gold_gain":0,"player_choice":"Damaged","damage_taken":7,"max_hp_gain":0,"max_hp_loss":0,"event_name":"Wheel of Change","floor":8,"gold_loss":0},{"damage_healed":0,"gold_gain":0,"player_choice":"Trade","damage_taken":0,"relics_obtained":["SsserpentHead"],"max_hp_gain":0,"max_hp_loss":0,"event_name":"FaceTrader","floor":14,"gold_loss":0},{"damage_healed":0,"gold_gain":0,"player_choice":"Ignored","damage_taken":0,"max_hp_gain":0,"max_hp_loss":0,"event_name":"Ghosts","floor":19,"gold_loss":0},{"damage_healed":0,"gold_gain":0,"player_choice":"Obtained Book","damage_taken":16,"max_hp_gain":0,"max_hp_loss":0,"event_name":"Cursed Tome","floor":20,"gold_loss":0},{"damage_healed":0,"gold_gain":0,"player_choice":"Ignored","damage_taken":0,"max_hp_gain":0,"max_hp_loss":0,"event_name":"Vampires","floor":28,"gold_loss":0},{"damage_healed":0,"gold_gain":0,"player_choice":"Fight","damage_taken":0,"max_hp_gain":0,"max_hp_loss":0,"event_name":"Colosseum","floor":31,"gold_loss":0},{"damage_healed":0,"gold_gain":0,"player_choice":"Fled From Nobs","damage_taken":0,"max_hp_gain":0,"max_hp_loss":0,"event_name":"Colosseum","floor":31,"gold_loss":0}],"is_beta":false,"boss_relics":[{"not_picked":["Ectoplasm","Busted Crown"],"picked":"Black Star"}],"items_purged_floors":[4],"is_endless":false,"potions_floor_spawned":[3,5,7,11,13,21,22,30],"killed_by":"Collector","ascension_level":0}}