{"host":"Zemeckis","time":1611265728,"event":{"mods":["Aspiration","BaseMod","Better Synergies","Conspire","Energized Spire","Friendly Minions","Halation","Hubris","KinomotoSakuraMod(????)","Mimic Mod","Minty Spire (QoL Compilation)","Replay The Spire","StSLib","vexMod"],"gold_per_floor":[109,109,384,402,429,429,456,456,481,498,152,152,165,165,262,262,279,22,37,37,37,70,70,110,139,169,204,204,216,216,315,315,328,375,375,385,402,430,430,457,505,517,517],"floor_reached":44,"language":"ENG","playtime":1691,"items_purged":["Regret","Defend_G"],"score":773,"play_id":"2a35e0e7-1017-4787-bdfb-622a98528cf2","local_time":"20210121134848","daily_mods":["Red Cards","Green Cards","Blue Cards","Colorless Cards","Heirloom","Time Dilation","DeadlyEvents","Elite Swarm","Lethality","Terminal"],"is_ascension_mode":true,"campfire_choices":[{"data":"Storm of Steel","floor":7,"key":"SMITH"},{"data":"conspire:Rain","floor":13,"key":"SMITH"},{"data":"Poisoned Strike","floor":15,"key":"SMITH"},{"data":"Neutralize","floor":23,"key":"SMITH"},{"data":"Venomology","floor":25,"key":"SMITH"},{"data":"A Thousand Cuts","floor":30,"key":"SMITH"},{"data":"Self Repair","floor":32,"key":"SMITH"},{"data":"Demon Form","floor":41,"key":"SMITH"}],"circlet_count":0,"master_deck":["Strike_G","Strike_G","Strike_G","Strike_G","Strike_G+1","Defend_G","Defend_G","Defend_G","Defend_G+1","Survivor","Neutralize+1","All Out Attack","conspire:Rain+1","Storm of Steel+1","Poisoned Strike+1","Cloak And Dagger+1","Venomology+1","Self Repair+1","A Thousand Cuts+1","Prepared+1","Adrenaline+1","Panacea+1","Demon Form+1"],"relics":["hubris:Teleporter","Sizzling Blood","Letter Opener","aspiration:StickyExplosives_weak","conspire:Flyswatter","halation:Toothbrush","halation:TwoAmDonut","Philosopher\u0027s Stone","Vajra","halation:EternalFortune","hubris:Zylophone","Bag of Marbles","Durian","Toxic Egg 2","vexMod:TanglingVine","hubris:CuriousFeather","halation:PinkSoulGem","Prayer Wheel","Replay:Bandana","Simple Rune"],"acts_visited":["Exordium","TheCity","TheBeyond"],"potions_floor_usage":[26,27,28,31,33,33,33,33,33,36,39,39,42,44,44,44,44],"damage_taken":[{"damage":0,"enemies":"2 Louse","floor":1,"turns":2},{"damage":0,"enemies":"Cultist","floor":5,"turns":2},{"damage":21,"enemies":"Lagavulin","floor":6,"turns":8},{"damage":19,"enemies":"3 Sentries","floor":8,"turns":7},{"damage":0,"enemies":"Gremlin Nob","floor":10,"turns":3},{"damage":8,"enemies":"conspire:RoseBush","floor":11,"turns":2},{"damage":0,"enemies":"2 Fungi Beasts","floor":14,"turns":2},{"damage":27,"enemies":"Hexaghost","floor":16,"turns":5},{"damage":29,"enemies":"2 Thieves","floor":18,"turns":3},{"damage":19,"enemies":"3 Byrds","floor":21,"turns":3},{"damage":3,"enemies":"conspire:SneckoGhost","floor":24,"turns":4},{"damage":4,"enemies":"3 Cultists","floor":26,"turns":6},{"damage":30,"enemies":"Replay:Snechameleon","floor":27,"turns":3},{"damage":2,"enemies":"3 Cultists","floor":28,"turns":7},{"damage":0,"enemies":"conspire:Head Lice","floor":29,"turns":3},{"damage":15,"enemies":"3 Cultists","floor":31,"turns":3},{"damage":24,"enemies":"hubris:MusketHawk","floor":33,"turns":5},{"damage":14,"enemies":"3 Shapes","floor":35,"turns":3},{"damage":23,"enemies":"2 Orb Walkers","floor":36,"turns":3},{"damage":0,"enemies":"Orb Walker","floor":38,"turns":3},{"damage":12,"enemies":"Writhing Mass","floor":39,"turns":4},{"damage":2,"enemies":"R_Hoarder","floor":40,"turns":4},{"damage":7,"enemies":"Sphere and 2 Shapes","floor":42,"turns":4},{"damage":56,"enemies":"Nemesis","floor":44,"turns":4}],"seed_played":"-6896267328033164049","potions_obtained":[{"floor":6,"key":"Energy Potion"},{"floor":11,"key":"SteroidPotion"},{"floor":14,"key":"FairyPotion"},{"floor":27,"key":"Energy Potion"},{"floor":29,"key":"EntropicBrew"},{"floor":33,"key":"CunningPotion"}],"is_trial":true,"path_per_floor":["M","?","?","M","E","R","E","T","E","M","$","R","M","R","B",null,"M","$","M","?","R","E","R","MIM","E","MIM","E","R","M","R","B",null,"M","?","?","M","M","E","R","M","T","E"],"character_chosen":"THE_SILENT","items_purchased":["Cloak And Dagger+1","halation:TwoAmDonut","Vajra"],"campfire_rested":0,"item_purchase_floors":[12,12,20],"current_hp_per_floor":[68,71,70,69,52,52,37,37,41,37,40,40,44,44,21,60,35,38,23,26,26,27,27,27,21,28,39,39,35,35,28,58,57,48,48,54,53,53,52,51,50,0,0],"gold":517,"neow_bonus":"","is_daily":false,"chose_seed":false,"campfire_upgraded":8,"win_rate":0.0,"timestamp":1611265728,"path_taken":["M","?","?","?","E","R","E","T","E","M","$","R","M","R","BOSS","M","$","M","?","R","E","R","MIM","E","?","E","R","?","R","BOSS","M","?","?","?","M","E","R","M","T","E"],"items_purchased_type":["Card","Relic","Relic"],"build_version":"2020-12-18","purchased_purges":2,"victory":false,"max_hp_per_floor":[68,71,70,69,68,67,66,65,64,63,65,64,63,62,61,60,59,61,60,62,61,60,59,58,57,61,60,59,58,57,59,58,57,56,55,54,53,53,52,51,50,50,50],"card_choices":[{"not_picked":["Stack","Steam Power"],"picked":"All Out Attack","floor":1},{"not_picked":["Gash","Armaments"],"picked":"conspire:Rain","floor":5},{"not_picked":["Night Terror","Master of Strategy"],"picked":"Storm of Steel","floor":6},{"not_picked":["ReplayTheSpireMod:Necrosis","conspire:Purge"],"picked":"Poisoned Strike","floor":8},{"not_picked":["HandOfGreed","Double Tap","Rainbow"],"picked":"SKIP","floor":10},{"not_picked":["Acrobatics","Bane","Undo"],"picked":"SKIP","floor":11},{"not_picked":["Pommel Strike","Infernal Blade","PiercingWail"],"picked":"SKIP","floor":14},{"not_picked":["Hello World","Swift Strike","hubris:SlightOfHand"],"picked":"SKIP","floor":18},{"not_picked":["Flying Knee","Flex","Forethought+1"],"picked":"SKIP","floor":21},{"not_picked":["All For One","Biased Cognition"],"picked":"Venomology","floor":24},{"not_picked":["Violence","Brutality","vexMod:StairwayStrike"],"picked":"SKIP","floor":27},{"not_picked":["Heatsinks","Backflip"],"picked":"Self Repair","floor":28},{"not_picked":["ReplayTheSpireMod:Omega Cannon","Die Die Die"],"picked":"A Thousand Cuts","floor":29},{"not_picked":["Thunderclap","Flex+1"],"picked":"Prepared+1","floor":31},{"not_picked":["aspiration:Lunge","Demonic Infusion+1"],"picked":"Adrenaline+1","floor":33},{"not_picked":["Sucker Punch+1","vexMod:EmailVexCard+1","Skim+1"],"picked":"SKIP","floor":35},{"not_picked":["Wild Strike+1","Forethought+1","Setup+1"],"picked":"SKIP","floor":38},{"not_picked":["Body Slam","Darkness+1"],"picked":"Panacea+1","floor":39},{"not_picked":["Immolate","Atom Bomb"],"picked":"Demon Form","floor":40},{"not_picked":["Flying Knee","Iron Wave","Flechettes"],"picked":"SKIP","floor":42},{"not_picked":["Recycle+1","Panic Button+1","Flying Knee"],"picked":"SKIP","floor":42}],"player_experience":274150,"relics_obtained":[{"floor":6,"key":"Letter Opener"},{"floor":8,"key":"aspiration:StickyExplosives_weak"},{"floor":9,"key":"conspire:Flyswatter"},{"floor":10,"key":"halation:Toothbrush"},{"floor":24,"key":"hubris:Zylophone"},{"floor":27,"key":"Bag of Marbles"},{"floor":28,"key":"Durian"},{"floor":29,"key":"Toxic Egg 2"},{"floor":33,"key":"halation:EternalFortune"},{"floor":36,"key":"hubris:CuriousFeather"},{"floor":40,"key":"Replay:Bandana"},{"floor":43,"key":"Simple Rune"}],"event_choices":[{"damage_healed":0,"gold_gain":275,"player_choice":"Desecrate","damage_taken":0,"max_hp_gain":0,"max_hp_loss":0,"event_name":"Golden Shrine","floor":4,"gold_loss":0,"cards_obtained":["Regret"]},{"damage_healed":0,"gold_gain":0,"player_choice":"Fight","damage_taken":0,"max_hp_gain":0,"max_hp_loss":0,"event_name":"Mysterious Sphere","floor":36,"gold_loss":0}],"is_beta":true,"boss_relics":[{"not_picked":["vexMod:FluxCapacitor","Velvet Choker"],"picked":"Philosopher\u0027s Stone"},{"not_picked":["vexMod:BigBerry","hubris:VirtuousBlindfold"],"picked":"vexMod:TanglingVine"}],"items_purged_floors":[12,20],"is_endless":true,"potions_floor_spawned":[6,11,14,18,27,29,31,33,42],"killed_by":"Nemesis","ascension_level":1}}