{"host":"uyrebrj0204enqpc","time":1611262516,"event":{"mods":["Act Like it!","Bard","BaseMod","Block Reminder","Challenge The Spire","Colored Map","Colored Powertips","DeckTracker","Downfall","GifTheSpireLib","HexUI Lib","Highlight Path","Hubris","Infinite Spire","Minty Spire (QoL Compilation)","Pale of the Ancients","Quick Restart","Random Character Button","Relic Sorter","Relic Stats","Shop Mod","StSLib","The Blue Laboratory","The Bug Knight","The Cursed","The Jungle","The Marked","Wandering Minibosses"],"gold_per_floor":[113,3,21,21,39,39,58,93,145,78,78,78,78],"floor_reached":12,"language":"ENG","playtime":425,"items_purged":["theMarked:Defend"],"score":101,"play_id":"e914c507-0210-4ce1-9253-2a4c9d66f9be","local_time":"20210121155516","is_ascension_mode":true,"campfire_choices":[{"data":"infinitespire:Fortify","floor":6,"key":"SMITH"}],"circlet_count":0,"master_deck":["theMarked:Strike","theMarked:Strike","theMarked:Strike","theMarked:Strike","theMarked:Defend","theMarked:Defend","theMarked:Defend","theMarked:SoldierOfQuellstein","theMarked:Standoff","infinitespire:Fortify+1","theMarked:GodGivenPower","theMarked:AttractMetal","theMarked:HeritageOfTheMarked","theMarked:Overcharge"],"relics":["Black Star","Question Card","Bronze Scales","Anchor"],"acts_visited":["Exordium"],"potions_floor_usage":[8],"damage_taken":[{"damage":5,"enemies":"Cultist","floor":1,"turns":4},{"damage":3,"enemies":"Jaw Worm","floor":3,"turns":5},{"damage":2,"enemies":"2 Louse","floor":5,"turns":3},{"damage":9,"enemies":"Blue Slaver","floor":7,"turns":9},{"damage":18,"enemies":"Gremlin Nob","floor":8,"turns":5},{"damage":15,"enemies":"Lagavulin","floor":12,"turns":4}],"seed_played":"3989397428724683566","potions_obtained":[{"floor":3,"key":"Dexterity Potion"},{"floor":5,"key":"LiquidBronze"},{"floor":7,"key":"AttackPotion"}],"is_trial":false,"path_per_floor":["M","$","M","?","M","R","M","E","T","$","?","E"],"character_chosen":"THE_DEFAULT","items_purchased":["theMarked:Standoff","theMarked:HeritageOfTheMarked"],"campfire_rested":0,"item_purchase_floors":[2,10],"current_hp_per_floor":[58,58,55,38,36,36,27,9,9,9,9,0,0],"gold":78,"neow_bonus":"BOSS_RELIC","is_daily":false,"chose_seed":false,"campfire_upgraded":1,"win_rate":0.0,"timestamp":1611262516,"path_taken":["M","?","M","?","M","R","M","E","T","$","?","E"],"items_purchased_type":["Card","Card"],"build_version":"2020-12-22","purchased_purges":1,"victory":false,"max_hp_per_floor":[70,70,70,70,70,70,70,70,70,70,70,70,70],"relic_stats":{"counters":[6,30],"Bronze Scales":[0],"Black Star":1,"Question Card":0,"obtain_stats":[{"theMarked:ArtifactOfAir":0,"Anchor":9,"Bronze Scales":8,"Black Star":0,"Question Card":8},{"theMarked:ArtifactOfAir":0,"Anchor":5,"Bronze Scales":5,"Black Star":0,"Question Card":5},{"theMarked:ArtifactOfAir":0,"Anchor":26,"Bronze Scales":26,"Black Star":0,"Question Card":26}]},"card_choices":[{"not_picked":["theMarked:WastefulDefense","theMarked:SwordAndMagic","theMarked:RogueSparks"],"picked":"SKIP","floor":1},{"not_picked":["theMarked:Generate","theMarked:ElectricStrings","theMarked:TwofoldDefense"],"picked":"SKIP","floor":3},{"not_picked":["infinitespire:Collect","infinitespire:Menacing"],"picked":"infinitespire:Fortify","floor":4},{"not_picked":["theMarked:Aftermath","theMarked:ChainLightning"],"picked":"theMarked:GodGivenPower","floor":5},{"not_picked":["theMarked:ChainLightning","theMarked:Reabsorb","theMarked:WastefulAttack"],"picked":"SKIP","floor":7},{"not_picked":["theMarked:Static","theMarked:TwofoldDefense"],"picked":"theMarked:AttractMetal","floor":8}],"player_experience":1091567,"relics_obtained":[{"floor":8,"key":"Question Card"},{"floor":8,"key":"Bronze Scales"},{"floor":9,"key":"Anchor"}],"event_choices":[{"damage_healed":0,"gold_gain":0,"cards_transformed":["theMarked:Strike"],"player_choice":"Change","damage_taken":0,"max_hp_gain":0,"max_hp_loss":0,"event_name":"Living Wall","floor":11,"gold_loss":0,"cards_obtained":["theMarked:Overcharge"]}],"is_beta":false,"boss_relics":[],"items_purged_floors":[2],"is_endless":false,"potions_floor_spawned":[3,5,7],"killed_by":"Lagavulin","ascension_level":6}}