{"host":"qekv59dthhdg54sz","time":1611209381,"event":{"mods":["AchievementEnabler","BaseMod","Colored Map","DeckTracker","KOR Keyword Fix","Minty Spire (QoL Compilation)","Rare Cards Sparkle","StSLib","SuperFastMode"],"gold_per_floor":[119,132,102,120,120,120,120,161,161,161,65,65,79,103,103,199,262,277,97,120,135,135,135,159,159,182,195,218,258,258,258],"floor_reached":30,"language":"KOR","playtime":884,"items_purged":["Strike_P"],"score":504,"play_id":"ed078b6a-46d2-4865-b02f-fe9ab8ccf148","local_time":"20210121150941","is_ascension_mode":true,"campfire_choices":[{"data":"1","floor":6.0,"key":"LIFT"},{"data":"2","floor":10.0,"key":"LIFT"},{"data":"3","floor":15.0,"key":"LIFT"},{"data":"FearNoEvil","floor":23,"key":"SMITH"},{"data":"FollowUp","floor":25,"key":"SMITH"}],"circlet_count":0,"master_deck":["AscendersBane","Strike_P","Strike_P","Defend_P+1","Defend_P","Defend_P","Defend_P","Eruption+1","Vigilance","EmptyFist","Evaluate","FollowUp+1","Blind+1","Meditate+1","Vengeance+1","Vault+1","FearNoEvil+1","EmptyBody+1","BowlingBash","SandsOfTime"],"relics":["PureWater","Girya","Golden Idol","Pear","Toxic Egg 2","Tiny House","Vajra","Nunchaku"],"acts_visited":["Exordium","TheCity"],"potions_floor_usage":[16,29,29,30],"damage_taken":[{"damage":8.0,"enemies":"Jaw Worm","floor":1.0,"turns":5.0},{"damage":7.0,"enemies":"Cultist","floor":2.0,"turns":3.0},{"damage":0.0,"enemies":"Small Slimes","floor":4.0,"turns":2.0},{"damage":22.0,"enemies":"3 Sentries","floor":8.0,"turns":8.0},{"damage":0.0,"enemies":"Looter","floor":13.0,"turns":3.0},{"damage":0.0,"enemies":"Blue Slaver","floor":14.0,"turns":2.0},{"damage":12,"enemies":"Slime Boss","floor":16,"turns":10},{"damage":2,"enemies":"3 Byrds","floor":18,"turns":6},{"damage":0,"enemies":"Spheric Guardian","floor":20,"turns":2},{"damage":18,"enemies":"Shelled Parasite and Fungi","floor":21,"turns":6},{"damage":2,"enemies":"3 Cultists","floor":24,"turns":6},{"damage":6,"enemies":"Centurion and Healer","floor":27,"turns":2},{"damage":18,"enemies":"Snake Plant","floor":28,"turns":4},{"damage":2,"enemies":"Slavers","floor":29,"turns":4},{"damage":23,"enemies":"Shelled Parasite and Fungi","floor":30,"turns":2}],"seed_played":"454700258764790685","potions_obtained":[{"floor":3.0,"key":"Strength Potion"},{"floor":3.0,"key":"Strength Potion"},{"floor":14.0,"key":"StancePotion"},{"floor":16,"key":"LiquidMemories"},{"floor":17,"key":"Fruit Juice"},{"floor":29,"key":"AttackPotion"}],"is_trial":false,"path_per_floor":["M","M","?","M","?","R","?","E","T","R","$","?","M","M","R","B",null,"M","$","M","M","?","R","M","R","T","M","M","E","M"],"character_chosen":"WATCHER","items_purchased":["Blind+1","FearNoEvil","EmptyBody+1"],"campfire_rested":0,"item_purchase_floors":[11,19,19],"current_hp_per_floor":[35,28,28,28,28,28,28,16,16,16,16,40,40,40,40,28,66,64,64,64,46,46,46,44,44,44,38,20,23,0,0],"gold":258,"neow_bonus":"ONE_RARE_RELIC","is_daily":false,"chose_seed":false,"campfire_upgraded":2,"win_rate":0.0,"timestamp":1611209381,"path_taken":["M","M","?","?","?","R","?","E","T","R","$","?","?","M","R","BOSS","M","$","M","M","?","R","M","R","T","M","M","E","M"],"items_purchased_type":["Card","Card","Card"],"build_version":"2020-12-22","purchased_purges":1,"victory":false,"max_hp_per_floor":[68,68,68,68,68,68,62,72,72,72,72,72,72,72,72,72,77,77,77,77,77,77,77,77,77,77,77,77,82,82,82],"card_choices":[{"not_picked":["CutThroughFate","Crescendo"],"picked":"EmptyFist","floor":1.0},{"not_picked":["PathToVictory","Crescendo"],"picked":"Evaluate","floor":2.0},{"not_picked":["ThirdEye","Crescendo"],"picked":"FollowUp","floor":4.0},{"not_picked":["FollowUp","PathToVictory","Prostrate"],"picked":"SKIP","floor":8.0},{"not_picked":["FlyingSleeves","Evaluate+1"],"picked":"Meditate+1","floor":13.0},{"not_picked":["CutThroughFate","Study"],"picked":"Vengeance+1","floor":14.0},{"not_picked":["Omniscience+1","SpiritShield+1"],"picked":"Vault+1","floor":16},{"not_picked":["ThirdEye+1","FlyingSleeves","Consecrate+1"],"picked":"SKIP","floor":18},{"not_picked":["CutThroughFate","CrushJoints","FollowUp"],"picked":"SKIP","floor":20},{"not_picked":["Crescendo+1","WindmillStrike","DeceiveReality+1"],"picked":"SKIP","floor":21},{"not_picked":["CarveReality","Halt+1","ClearTheMind+1"],"picked":"SKIP","floor":24},{"not_picked":["Perseverance+1","Protect+1","Prostrate+1"],"picked":"SKIP","floor":27},{"not_picked":["LikeWater","ThirdEye+1"],"picked":"BowlingBash","floor":28},{"not_picked":["Devotion","Consecrate"],"picked":"SandsOfTime","floor":29}],"player_experience":791640,"relics_obtained":[{"floor":8.0,"key":"Pear"},{"floor":9.0,"key":"Toxic Egg 2"},{"floor":26,"key":"Vajra"},{"floor":29,"key":"Nunchaku"}],"event_choices":[{"damage_healed":0.0,"max_hp_gain":0.0,"max_hp_loss":0.0,"gold_gain":0.0,"event_name":"The Woman in Blue","player_choice":"Bought 2 Potions","floor":3.0,"gold_loss":0.0,"damage_taken":0.0},{"damage_healed":0.0,"max_hp_gain":0.0,"max_hp_loss":0.0,"gold_gain":0.0,"event_name":"Living Wall","player_choice":"Grow","floor":5.0,"gold_loss":0.0,"damage_taken":0.0,"cards_upgraded":["Eruption"]},{"damage_healed":0.0,"max_hp_gain":0.0,"max_hp_loss":6.0,"gold_gain":0.0,"event_name":"Golden Idol","player_choice":"Lose Max HP","floor":7.0,"gold_loss":0.0,"damage_taken":0.0,"relics_obtained":["Golden Idol"]},{"damage_healed":24.0,"max_hp_gain":0.0,"max_hp_loss":0.0,"gold_gain":0.0,"event_name":"Big Fish","player_choice":"Banana","floor":12.0,"gold_loss":0.0,"damage_taken":0.0},{"cards_removed":["Strike_P"],"damage_healed":0,"gold_gain":0,"player_choice":"Offered Basic","damage_taken":0,"max_hp_gain":0,"max_hp_loss":0,"event_name":"Bonfire Elementals","floor":22,"gold_loss":0}],"is_beta":false,"boss_relics":[{"not_picked":["Black Star","Runic Dome"],"picked":"Tiny House"}],"items_purged_floors":[19],"is_endless":false,"potions_floor_spawned":[14,16,18,21,28,29],"killed_by":"Shelled Parasite and Fungi","ascension_level":20}}