{"host":"qrlp59d4kykmw4mt","time":1611267631,"event":{"mods":["Act Like it!","BaseMod","Colored Map","Downfall","Friendly Minions","Highlight Path","Minty Spire (QoL Compilation)","Permanent Neow","Random Character Button","Rare Cards Sparkle","SacredBarkPlus","StSLib","SuperFastMode","everything is the same but u backflip on backflip"],"gold_per_floor":[99,116,116,126,142,52,52,72,72,87,148,178,78,113,128,231,231,131,150,200,269,33,183,208,226,286,359,378,278,178,130,143,242,242,242,256,274,292,391,391,470,520,520,531,562,574,227,27,42,42,42,74,74,74,74,74],"floor_reached":57,"language":"ENG","playtime":5209,"items_purged":["bronze:Strike","downfall:Aged","bronze:Defend","bronze:Defend","Parasite","bronze:Replicate"],"score":1273,"play_id":"440bf9f3-8da6-443f-b219-95bd82901c63","local_time":"20210121172031","is_ascension_mode":false,"campfire_choices":[{"floor":1,"key":"RECALL"},{"data":"bronze:Format","floor":13,"key":"SMITH"},{"data":"bronze:Format","floor":18,"key":"SMITH"},{"data":"bronze:BurnOut","floor":29,"key":"SMITH"},{"data":"bronze:BuggyMess","floor":35,"key":"SMITH"},{"data":"bronze:BurnOut","floor":40,"key":"SMITH"},{"data":"bronze:ShipIt","floor":43,"key":"SMITH"},{"floor":54,"key":"REST"}],"circlet_count":0,"master_deck":["bronze:Defend","bronze:Defend","bronze:Goto+1","bronze:BugBarrage","bronze:WildBeam","bronze:Shield","bronze:WildBeam","bronze:Repair","bronze:BuggyMess+1","bronze:Format+1","bronze:BronzeOrb","bronze:Format+1","bronze:BurnOut+1","bronze:Shield","bronze:ItsAFeature","bronze:Shield","bronze:BuggyMess+1","bronze:BugBarrage","bronze:Shield","bronze:ItsAFeature","bronze:BronzeOrb","bronze:BugBarrage","bronze:BurnOut+1","bronze:ShipIt+1","bronze:Shield+1","bronze:MaxOutput+1"],"relics":["bronze:BronzeCore","Whetstone","SsserpentHead","Pear","downfall:HeartBlessingRed","Bag of Marbles","expansioncontent:StudyCardRelic","downfall:HeartBlessingGreen","downfall:HeartBlessingBlue","Busted Crown","bronze:SilverBullet","Frozen Egg 2","Toy Ornithopter","Sling","Centennial Puzzle"],"acts_visited":["Exordium","TheCity","TheBeyond","TheEnding"],"potions_floor_usage":[16,16,22,27,33,33,56,56,56],"damage_taken":[{"damage":1,"enemies":"Jaw Worm","floor":2,"turns":4},{"damage":0,"enemies":"Small Slimes","floor":4,"turns":4},{"damage":1,"enemies":"Cultist","floor":5,"turns":3},{"damage":0,"enemies":"downfall:FleeingMerchant","floor":6,"turns":4},{"damage":0,"enemies":"Blue Slaver","floor":8,"turns":2},{"damage":5,"enemies":"Lots of Slimes","floor":10,"turns":6},{"damage":0,"enemies":"Large Slime","floor":11,"turns":4},{"damage":14,"enemies":"3 Sentries","floor":12,"turns":10},{"damage":0,"enemies":"Gremlin Nob","floor":14,"turns":3},{"damage":9,"enemies":"Gremlin Gang","floor":15,"turns":4},{"damage":38,"enemies":"SI_SHIV_ARCHETYPE","floor":16,"turns":11},{"damage":0,"enemies":"Spheric Guardian","floor":19,"turns":3},{"damage":0,"enemies":"Shelled Parasite and Fungi","floor":21,"turns":4},{"damage":0,"enemies":"downfall:FleeingMerchant","floor":22,"turns":4},{"damage":0,"enemies":"Centurion and Healer","floor":25,"turns":3},{"damage":22,"enemies":"Chosen and Byrds","floor":26,"turns":7},{"damage":8,"enemies":"downfall:FleeingMerchant","floor":27,"turns":3},{"damage":0,"enemies":"Snecko","floor":28,"turns":2},{"damage":14,"enemies":"Snake Plant","floor":32,"turns":3},{"damage":24,"enemies":"IC_MUSHROOM_ARCHETYPE","floor":33,"turns":5},{"damage":0,"enemies":"Orb Walker","floor":36,"turns":2},{"damage":0,"enemies":"3 Darklings","floor":37,"turns":5},{"damage":0,"enemies":"Jaw Worm Horde","floor":38,"turns":4},{"damage":0,"enemies":"Writhing Mass","floor":44,"turns":5},{"damage":0,"enemies":"Giant Head","floor":45,"turns":6},{"damage":0,"enemies":"Sphere and 2 Shapes","floor":46,"turns":2},{"damage":0,"enemies":"Jaw Worm Horde","floor":49,"turns":2},{"damage":33,"enemies":"WA_ARCHETYPE_DIVINITY","floor":50,"turns":7},{"damage":51,"enemies":"downfall:CharBossMerchant","floor":52,"turns":7},{"damage":34,"enemies":"downfall:NeowBoss","floor":55,"turns":14},{"damage":54,"enemies":"downfall:NeowBossFinal","floor":56,"turns":10}],"seed_played":"-5800606142551878885","potions_obtained":[{"floor":10,"key":"Explosive Potion"},{"floor":11,"key":"SteroidPotion"},{"floor":12,"key":"LiquidMemories"},{"floor":15,"key":"Weak Potion"},{"floor":16,"key":"SteroidPotion"},{"floor":25,"key":"ColorlessPotion"},{"floor":28,"key":"Energy Potion"},{"floor":32,"key":"BlessingOfTheForge"},{"floor":33,"key":"bronze:BurnAndBuffPotion"},{"floor":36,"key":"ColorlessPotion"},{"floor":38,"key":"bronze:BurnAndBuffPotion"},{"floor":52,"key":"SteroidPotion"}],"is_trial":false,"path_per_floor":["R","M","?","M","M","$","T","M","?","M","M","E","R","E","M","B",null,"R","M","?","M","$","?","T","M","M","$","M","R","$","$","M","B",null,"R","M","M","M","?","R","T","?","R","M","E","M","$","$","M","B",null,"E","$","R","B","B",null],"character_chosen":"THE_AUTOMATON","items_purchased":["bronze:ItsAFeature","bronze:Shield","bronze:Shield","bronze:ItsAFeature","bronze:BugBarrage","bronze:MaxOutput+1","Sling"],"campfire_rested":1,"item_purchase_floors":[22,22,27,27,31,47,47],"current_hp_per_floor":[70,69,69,69,68,68,68,68,68,63,70,66,66,66,64,33,80,80,80,80,80,80,80,80,80,58,57,64,74,74,74,67,50,90,90,90,90,90,90,90,90,90,90,90,90,90,87,87,87,61,87,43,43,69,42,10],"gold":74,"neow_bonus":"UPGRADE_CARD","is_daily":false,"chose_seed":false,"campfire_upgraded":6,"win_rate":0.0,"timestamp":1611267631,"path_taken":["R","M","?","M","M","$","T","M","?","M","?","E","R","E","M","BOSS","R","M","?","?","$","?","T","M","?","$","M","R","?","$","M","BOSS","R","M","M","M","?","R","T","?","R","M","E","M","?","$","M","BOSS","E","$","R","BOSS","BOSS"],"items_purchased_type":["Card","Card","Card","Card","Card","Card","Relic"],"build_version":"2020-12-22","purchased_purges":6,"victory":true,"max_hp_per_floor":[70,70,70,70,70,70,70,70,70,70,70,80,80,80,80,80,80,80,80,80,80,80,80,80,80,80,80,80,90,90,90,90,90,90,90,90,90,90,90,90,90,90,90,90,90,90,87,87,87,87,87,87,87,87,87,87],"card_choices":[{"not_picked":["bronze:Deprecate","bronze:BitShift"],"picked":"bronze:BugBarrage","floor":2},{"not_picked":["bronze:Iterate","bronze:MaxOutput"],"picked":"bronze:WildBeam","floor":4},{"not_picked":["bronze:Invalidate","bronze:BuggyMess"],"picked":"bronze:Shield","floor":5},{"not_picked":["bronze:ClassDefault","bronze:Iterate"],"picked":"bronze:WildBeam","floor":6},{"not_picked":["bronze:AlphaBuild","bronze:Turbo","bronze:CloningBeam"],"picked":"SKIP","floor":8},{"not_picked":["bronze:Deprecate","bronze:Safeguard"],"picked":"bronze:Repair","floor":10},{"not_picked":["bronze:Return","bronze:CutThrough"],"picked":"bronze:BuggyMess","floor":11},{"not_picked":["bronze:DelayedGuard","bronze:ClassDefault"],"picked":"bronze:Format","floor":12},{"not_picked":["bronze:WildBeam","bronze:OilSpill"],"picked":"bronze:BronzeOrb","floor":14},{"not_picked":["bronze:Overload","bronze:OilSpill"],"picked":"bronze:Format","floor":15},{"not_picked":["bronze:Mutator","bronze:AlphaBuild"],"picked":"bronze:BurnOut","floor":16},{"not_picked":["bronze:FineTuning","bronze:ChosenStrike+1"],"picked":"bronze:Shield","floor":19},{"not_picked":["bronze:ForceShield","bronze:Frontload+1","bronze:BitShift"],"picked":"SKIP","floor":21},{"not_picked":["bronze:Overheat","bronze:Branch","bronze:AlphaBuild"],"picked":"SKIP","floor":22},{"not_picked":["bronze:Safeguard","bronze:Overheat","bronze:Invalidate"],"picked":"SKIP","floor":25},{"not_picked":["bronze:OilSpill+1","bronze:ItsAFeature"],"picked":"bronze:BuggyMess+1","floor":26},{"not_picked":["bronze:Iterate","bronze:BuggyMess"],"picked":"bronze:BugBarrage","floor":27},{"not_picked":["bronze:Philosophize","bronze:FollowUp"],"picked":"bronze:BronzeOrb","floor":28},{"not_picked":["bronze:Overheat","bronze:DelayedGuard"],"picked":"bronze:BurnOut","floor":32},{"not_picked":["bronze:Break","bronze:RecursiveStrike"],"picked":"bronze:ShipIt","floor":33},{"not_picked":["bronze:Overheat"],"picked":"SKIP","floor":36},{"not_picked":[],"picked":"bronze:Shield+1","floor":37},{"not_picked":["bronze:Iterate+1"],"picked":"SKIP","floor":38},{"not_picked":["bronze:GetLatest"],"picked":"SKIP","floor":44},{"not_picked":["bronze:BronzeArmor"],"picked":"SKIP","floor":45},{"not_picked":["bronze:DigitalCarnage"],"picked":"SKIP","floor":46},{"not_picked":["bronze:FineTuning"],"picked":"SKIP","floor":49},{"not_picked":["bronze:ClassDefault+1"],"picked":"SKIP","floor":52}],"player_experience":291522,"relics_obtained":[{"floor":7,"key":"Whetstone"},{"floor":12,"key":"Pear"},{"floor":14,"key":"Bag of Marbles"},{"floor":39,"key":"bronze:SilverBullet"},{"floor":41,"key":"Frozen Egg 2"},{"floor":45,"key":"Toy Ornithopter"},{"floor":52,"key":"Centennial Puzzle"}],"event_choices":[{"damage_healed":0,"gold_gain":0,"player_choice":"Trade","damage_taken":0,"relics_obtained":["SsserpentHead"],"max_hp_gain":0,"max_hp_loss":0,"event_name":"FaceTrader","floor":9,"gold_loss":0}],"is_beta":false,"boss_relics":[{"not_picked":["SacredBark","Velvet Choker"],"picked":"expansioncontent:StudyCardRelic"},{"not_picked":["Runic Pyramid","Runic Dome"],"picked":"Busted Crown"}],"items_purged_floors":[6,22,27,30,47,48],"is_endless":false,"potions_floor_spawned":[10,11,12,15,16,25,28,32,33,36,37,38,46,52],"ascension_level":0}}