{"host":"tyeg9214rgutn7tb","time":1611261009,"event":{"mods":["BaseMod","Colored Map","Custom Start","Downfall","Minty Spire (QoL Compilation)","StSLib"],"gold_per_floor":[99,111,126,301,301,317,344,360,260,294,294,314,314,338,348,450,450,450,467,552,563,563,563,586,586,122,222,247,261,277,307,327,327,327,327],"floor_reached":33,"language":"ENG","playtime":1567,"items_purged":["bronze:Strike"],"score":431,"play_id":"c0d6a668-b5b6-4ff8-903a-b90b450ae879","local_time":"20210121213009","is_ascension_mode":true,"campfire_choices":[{"data":"bronze:Replicate","floor":1,"key":"SMITH"},{"data":"bronze:DigitalCarnage","floor":9,"key":"SMITH"},{"data":"bronze:FineTuning","floor":11,"key":"SMITH"},{"data":"bronze:RecursiveStrike","floor":18,"key":"SMITH"},{"data":"RitualDagger","floor":23,"key":"SMITH"},{"floor":25,"key":"REST"}],"circlet_count":0,"master_deck":["bronze:Strike","bronze:Strike","bronze:Strike","bronze:Defend","bronze:Defend","bronze:Defend","bronze:Defend","bronze:Replicate+1","bronze:Goto","bronze:DigitalCarnage+1","bronze:FineTuning+1","bronze:FineTuning","bronze:Frontload","bronze:Virus","bronze:Deprecate","bronze:Return","bronze:Turbo","bronze:RecursiveStrike+1","bronze:WhirlingStrike+1","RitualDagger+1","bronze:InfiniteLoop","bronze:Goto","bronze:Turbo","bronze:Backtrace","bronze:TinkerersToolbox","Bandage Up","Writhe","bronze:Frontload","bronze:Constructor+1","bronze:Verify"],"relics":["bronze:BronzeCore","Bag of Marbles","CultistMask","downfall:HeartBlessingBlue","Akabeko","Odd Mushroom","Sozu","Oddly Smooth Stone","Membership Card","Eternal Feather","Darkstone Periapt","downfall:GremlinSack","Bottled Lightning","Peace Pipe"],"acts_visited":["Exordium","TheCity"],"potions_floor_usage":[16,16,16],"damage_taken":[{"damage":0,"enemies":"Small Slimes","floor":2,"turns":3},{"damage":0,"enemies":"Cultist","floor":3,"turns":2},{"damage":7,"enemies":"Jaw Worm","floor":6,"turns":2},{"damage":8,"enemies":"3 Louse","floor":8,"turns":3},{"damage":0,"enemies":"Gremlin Nob","floor":10,"turns":2},{"damage":0,"enemies":"2 Fungi Beasts","floor":12,"turns":3},{"damage":4,"enemies":"The Mushroom Lair","floor":14,"turns":3},{"damage":1,"enemies":"Blue Slaver","floor":15,"turns":3},{"damage":8,"enemies":"SI_SHIV_ARCHETYPE","floor":16,"turns":7},{"damage":0,"enemies":"Shell Parasite","floor":19,"turns":2},{"damage":9,"enemies":"3 Cultists","floor":21,"turns":4},{"damage":0,"enemies":"downfall:FleeingMerchant","floor":26,"turns":4},{"damage":0,"enemies":"downfall:FleeingMerchant","floor":27,"turns":1},{"damage":24,"enemies":"Gremlin Leader","floor":28,"turns":6},{"damage":0,"enemies":"Centurion and Healer","floor":29,"turns":4},{"damage":17,"enemies":"Snake Plant","floor":30,"turns":4},{"damage":20,"enemies":"Slavers","floor":31,"turns":4},{"damage":0,"enemies":"Cultist and Chosen","floor":32,"turns":4},{"damage":32,"enemies":"WA_ARCHETYPE_CALM","floor":33,"turns":10}],"seed_played":"-4759632663941327403","potions_obtained":[{"floor":3,"key":"AttackPotion"},{"floor":6,"key":"Block Potion"},{"floor":15,"key":"FearPotion"},{"floor":16,"key":"sneckomod:MuddlingPotion"}],"is_trial":false,"path_per_floor":["R","M","M","?","?","M","T","M","R","E","R","M","?","?","M","B",null,"R","M","?","M","?","R","T","R","$","?","E","M","M","E","M","B"],"character_chosen":"THE_AUTOMATON","items_purchased":["Membership Card","Eternal Feather","Darkstone Periapt"],"campfire_rested":1,"item_purchase_floors":[26,26,26],"current_hp_per_floor":[63,63,63,63,63,56,56,48,58,58,58,58,58,54,53,45,71,71,71,57,48,42,42,42,66,66,72,52,52,39,23,27,0,0,0],"gold":327,"neow_bonus":"RANDOM_COMMON_RELIC","is_daily":false,"chose_seed":false,"campfire_upgraded":5,"win_rate":0.0,"timestamp":1611261009,"path_taken":["R","M","M","?","?","?","T","?","R","E","R","M","?","?","M","BOSS","R","M","?","M","?","R","T","R","$","?","E","?","?","E","M","BOSS"],"items_purchased_type":["Relic","Relic","Relic"],"build_version":"2020-12-22","purchased_purges":1,"victory":false,"max_hp_per_floor":[70,70,70,70,70,70,70,70,80,80,80,80,80,80,80,80,80,80,80,80,80,80,80,80,80,80,86,86,86,86,86,86,86,86,86],"card_choices":[{"not_picked":["bronze:Frontload","bronze:CloningBeam"],"picked":"bronze:DigitalCarnage","floor":2},{"not_picked":["bronze:OilSpill","bronze:ClassDefault"],"picked":"bronze:FineTuning","floor":3},{"not_picked":["bronze:DarkDash","bronze:ClassDefault"],"picked":"bronze:FineTuning","floor":6},{"not_picked":["bronze:BitShift","bronze:DigitalCarnage"],"picked":"bronze:Frontload","floor":8},{"not_picked":["bronze:Overload","bronze:Iterate"],"picked":"bronze:Virus","floor":10},{"not_picked":["bronze:Separator","bronze:OilSpill"],"picked":"bronze:Deprecate","floor":12},{"not_picked":["bronze:WhirlingStrike","bronze:DelayedSlice"],"picked":"bronze:Return","floor":14},{"not_picked":["bronze:Constructor","bronze:CutThrough"],"picked":"bronze:Turbo","floor":15},{"not_picked":["bronze:HardenedForm","bronze:Mutator"],"picked":"bronze:RecursiveStrike","floor":16},{"not_picked":["bronze:Constructor","bronze:Overheat","bronze:DelayedSlice"],"picked":"SKIP","floor":19},{"not_picked":["bronze:ForLoop","bronze:FineTuning"],"picked":"bronze:WhirlingStrike+1","floor":21},{"not_picked":["bronze:WildBeam","bronze:BuggyMess"],"picked":"bronze:InfiniteLoop","floor":26},{"not_picked":["bronze:Turbo","bronze:InfiniteBeams"],"picked":"bronze:Frontload","floor":28},{"not_picked":["bronze:Shield","bronze:Iterate"],"picked":"bronze:Constructor+1","floor":29},{"not_picked":["bronze:BitShift","bronze:Turbo","bronze:Overload"],"picked":"SKIP","floor":30},{"not_picked":["bronze:ForLoop+1","bronze:Invalidate","bronze:FineTuning"],"picked":"SKIP","floor":31},{"not_picked":["bronze:Turbo","bronze:WildBeam"],"picked":"bronze:Verify","floor":32}],"player_experience":706652,"relics_obtained":[{"floor":10,"key":"Akabeko"},{"floor":14,"key":"Odd Mushroom"},{"floor":24,"key":"Oddly Smooth Stone"},{"floor":27,"key":"downfall:GremlinSack"},{"floor":28,"key":"Bottled Lightning"},{"floor":31,"key":"Peace Pipe"}],"event_choices":[{"damage_healed":0,"gold_gain":0,"player_choice":"Trade","damage_taken":0,"relics_obtained":["CultistMask"],"max_hp_gain":0,"max_hp_loss":0,"event_name":"FaceTrader","floor":5,"gold_loss":0},{"cards_removed":["Doubt"],"damage_healed":0,"gold_gain":0,"player_choice":"Forget","damage_taken":0,"max_hp_gain":0,"max_hp_loss":0,"event_name":"Living Wall","floor":13,"gold_loss":0},{"damage_healed":0,"gold_gain":0,"player_choice":"Fought Mushrooms","damage_taken":0,"max_hp_gain":0,"max_hp_loss":0,"event_name":"Mushrooms","floor":14,"gold_loss":0}],"is_beta":false,"boss_relics":[{"not_picked":["Tiny House","Cursed Key"],"picked":"Sozu"}],"items_purged_floors":[26],"is_endless":false,"potions_floor_spawned":[3,6,15,16,21,28,29,31],"killed_by":"WA_ARCHETYPE_CALM","ascension_level":6}}