{"host":"cjhtzh7tp54jdfyv","time":1611231335,"event":{"mods":["AchievementEnabler","BaseMod","Colored Map","Colored Powertips","Curses Come First","DeckTracker","Filter the Spire","Minty Spire (QoL Compilation)","RNG Fix","Relic Sorter","Relic Stats","StSLib","UnlockEverythingMod","ojb\u0027s Better Paths Mod","ojb\u0027s Info Mod"],"gold_per_floor":[213,42,55,55,65,65,99,99,122,135,161,161,189,189,189,261,261,277,30,44,44,54,80,80,107,134,334,344,373,107,107,107,182,182,194,214,214,214,228,261,261,286,286,296,313,313,323,357,357,357,357,357,357,3,35,35,35],"floor_reached":56,"language":"ENG","playtime":6195,"items_purged":["Pain","Catalyst"],"score":2351,"play_id":"250a1730-a3e8-4518-90e4-e049a2fb132d","local_time":"20210121071535","is_ascension_mode":true,"campfire_choices":[{"data":"Blade Dance","floor":6.0,"key":"SMITH"},{"data":"Cloak And Dagger","floor":8.0,"key":"SMITH"},{"data":"Accuracy","floor":12.0,"key":"SMITH"},{"data":"Burst","floor":15.0,"key":"SMITH"},{"floor":24.0,"key":"REST"},{"floor":32.0,"key":"REST"},{"floor":49.0,"key":"RECALL"}],"circlet_count":0,"master_deck":["AscendersBane","Strike_G","Strike_G","Strike_G","Strike_G","Defend_G","Defend_G","Defend_G","Defend_G","Survivor","Neutralize","Infinite Blades","After Image","Blade Dance+1","Dash","Accuracy+1","Cloak And Dagger+1","Slice","Calculated Gamble","Backstab","Blade Dance","Blade Dance","Burst+1","Phantasmal Killer","Acrobatics","Dagger Spray","Accuracy+1","Wraith Form v2","Night Terror","Burst","PiercingWail+1","Escape Plan+1","Outmaneuver+1","Quick Slash","Leg Sweep","Terror","Terror+1","Adrenaline","Accuracy+1","Sucker Punch+1","Apotheosis"],"relics":["Ring of the Snake","Nunchaku","Shuriken","Mummified Hand","Orrery","Centennial Puzzle","Akabeko","WarpedTongs","Fusion Hammer","Lantern","Bottled Tornado","Blue Candle","Prayer Wheel","Coffee Dripper","Regal Pillow","Sundial","Pocketwatch","Toolbox"],"acts_visited":["Exordium","TheCity","TheBeyond","TheEnding"],"potions_floor_usage":[56,56],"damage_taken":[{"damage":0.0,"enemies":"Jaw Worm","floor":1.0,"turns":7.0},{"damage":0.0,"enemies":"2 Louse","floor":3.0,"turns":2.0},{"damage":0.0,"enemies":"Cultist","floor":5.0,"turns":3.0},{"damage":5.0,"enemies":"3 Sentries","floor":7.0,"turns":7.0},{"damage":3.0,"enemies":"Large Slime","floor":10.0,"turns":3.0},{"damage":4.0,"enemies":"Gremlin Nob","floor":11.0,"turns":3.0},{"damage":0.0,"enemies":"Lagavulin","floor":13.0,"turns":4.0},{"damage":7.0,"enemies":"The Guardian","floor":16.0,"turns":7.0},{"damage":0.0,"enemies":"2 Thieves","floor":18.0,"turns":1.0},{"damage":0.0,"enemies":"3 Byrds","floor":20.0,"turns":4.0},{"damage":0.0,"enemies":"Snecko","floor":22.0,"turns":2.0},{"damage":0.0,"enemies":"Gremlin Leader","floor":23.0,"turns":3.0},{"damage":16.0,"enemies":"Slavers","floor":25.0,"turns":2.0},{"damage":0.0,"enemies":"3 Cultists","floor":28.0,"turns":3.0},{"damage":0.0,"enemies":"Book of Stabbing","floor":29.0,"turns":4.0},{"damage":15.0,"enemies":"Automaton","floor":33.0,"turns":3.0},{"damage":0.0,"enemies":"3 Shapes","floor":35.0,"turns":2.0},{"damage":0.0,"enemies":"Orb Walker","floor":36.0,"turns":2.0},{"damage":0.0,"enemies":"Transient","floor":39.0,"turns":6.0},{"damage":1.0,"enemies":"Giant Head","floor":40.0,"turns":4.0},{"damage":0.0,"enemies":"Reptomancer","floor":42.0,"turns":5.0},{"damage":0.0,"enemies":"Spire Growth","floor":44.0,"turns":4.0},{"damage":0.0,"enemies":"Maw","floor":45.0,"turns":4.0},{"damage":0.0,"enemies":"Jaw Worm Horde","floor":47.0,"turns":3.0},{"damage":1.0,"enemies":"Giant Head","floor":48.0,"turns":4.0},{"damage":14.0,"enemies":"Donu and Deca","floor":50.0,"turns":5.0},{"damage":19.0,"enemies":"Awakened One","floor":51.0,"turns":7.0},{"damage":8.0,"enemies":"Shield and Spear","floor":55.0,"turns":5.0},{"damage":53,"enemies":"The Heart","floor":56,"turns":8}],"seed_played":"-7027874289887357430","potions_obtained":[{"floor":1.0,"key":"Regen Potion"},{"floor":7.0,"key":"ColorlessPotion"},{"floor":13.0,"key":"Poison Potion"},{"floor":22.0,"key":"SpeedPotion"},{"floor":25.0,"key":"CultistPotion"},{"floor":31.0,"key":"DistilledChaos"},{"floor":36.0,"key":"Block Potion"},{"floor":40.0,"key":"AttackPotion"},{"floor":44.0,"key":"Weak Potion"},{"floor":48.0,"key":"DuplicationPotion"},{"floor":55.0,"key":"Strength Potion"}],"is_trial":false,"path_per_floor":["M","$","M","?","M","R","E","R","T","M","E","R","E","?","R","B",null,"M","$","M","?","M","E","R","E","T","?","M","E","$","?","R","B",null,"M","M","?","?","M","E","?","E","T","M","M","?","M","E","R","B","B",null,"R","$","E","B"],"character_chosen":"THE_SILENT","items_purchased":["Orrery","Lantern","Night Terror","Apotheosis","Toolbox"],"campfire_rested":2,"item_purchase_floors":[2,19,30,54,54],"current_hp_per_floor":[59,59,59,59,59,59,54,54,54,51,47,47,47,47,47,40,60,60,60,60,42,42,42,63,47,47,47,47,47,47,47,68,53,67,67,67,67,67,67,66,66,66,66,66,66,56,56,55,55,41,22,59,59,59,51,0,0],"gold":35,"neow_bonus":"HUNDRED_GOLD","is_daily":false,"chose_seed":false,"campfire_upgraded":4,"win_rate":0.0,"timestamp":1611231335,"path_taken":["M","$","M","?","M","R","E","R","T","M","E","R","E","?","R","BOSS","M","$","M","?","M","E","R","E","T","?","M","E","$","?","R","BOSS","M","?","?","?","M","E","?","E","T","M","M","?","?","E","R","BOSS","BOSS","R","$","E","BOSS"],"items_purchased_type":["Relic","Relic","Card","Card","Relic"],"build_version":"2020-12-22","purchased_purges":2,"victory":false,"max_hp_per_floor":[66,66,66,66,66,66,66,66,66,66,66,66,66,66,66,66,66,66,66,66,71,71,71,71,71,71,71,71,71,71,71,71,71,71,71,71,71,71,71,71,71,71,71,71,71,71,71,71,71,71,71,71,71,71,71,71,71],"relic_stats":{"Regal Pillow":0,"counters":[29,117],"Blue Candle":[5],"WarpedTongs":[86],"Nunchaku":[30],"Centennial Puzzle":[33],"Shuriken":[100],"Mummified Hand":[89],"Sundial":[2],"Prayer Wheel":6,"obtain_stats":[{"Lantern":19,"Regal Pillow":40,"Blue Candle":25,"Bottled Tornado":23,"Akabeko":9,"WarpedTongs":14,"Centennial Puzzle":7,"Nunchaku":26,"Mummified Hand":11,"Shuriken":13,"Sundial":42,"Orrery":2,"Toolbox":54,"Prayer Wheel":29,"Fusion Hammer":17,"Coffee Dripper":34,"Ring of the Snake":0,"Pocketwatch":48},{"Lantern":9,"Regal Pillow":20,"Blue Candle":13,"Bottled Tornado":12,"Akabeko":4,"WarpedTongs":7,"Centennial Puzzle":4,"Nunchaku":13,"Mummified Hand":6,"Shuriken":7,"Sundial":21,"Orrery":1,"Toolbox":27,"Prayer Wheel":15,"Fusion Hammer":8,"Coffee Dripper":16,"Ring of the Snake":0,"Pocketwatch":25},{"Lantern":37,"Regal Pillow":72,"Blue Candle":48,"Bottled Tornado":46,"Akabeko":19,"WarpedTongs":29,"Centennial Puzzle":19,"Nunchaku":48,"Mummified Hand":25,"Shuriken":29,"Sundial":77,"Orrery":7,"Toolbox":104,"Prayer Wheel":55,"Fusion Hammer":36,"Coffee Dripper":58,"Ring of the Snake":0,"Pocketwatch":92}],"Ring of the Snake":[58],"Pocketwatch":[6]},"card_choices":[{"not_picked":["Distraction","Sucker Punch"],"picked":"Infinite Blades","floor":1.0},{"not_picked":["Eviscerate","Caltrops"],"picked":"After Image","floor":2.0},{"not_picked":["Bane","Deflect"],"picked":"Blade Dance","floor":2.0},{"not_picked":["Deadly Poison","Calculated Gamble"],"picked":"Dash","floor":2.0},{"not_picked":["Masterful Stab","Deadly Poison"],"picked":"Accuracy","floor":2.0},{"not_picked":["Deadly Poison","Heel Hook"],"picked":"Cloak And Dagger","floor":2.0},{"not_picked":["Deadly Poison","Prepared"],"picked":"Slice","floor":3.0},{"not_picked":["Acrobatics","Sucker Punch"],"picked":"Calculated Gamble","floor":5.0},{"not_picked":["Cloak And Dagger","Flying Knee"],"picked":"Backstab","floor":7.0},{"not_picked":["Backflip","Deadly Poison"],"picked":"Blade Dance","floor":10.0},{"not_picked":["Bouncing Flask","Dodge and Roll"],"picked":"Blade Dance","floor":11.0},{"not_picked":["Bane","Deadly Poison"],"picked":"Burst","floor":13.0},{"not_picked":["Envenom","Die Die Die"],"picked":"Phantasmal Killer","floor":16.0},{"not_picked":["Finisher","Underhanded Strike"],"picked":"Acrobatics","floor":18.0},{"not_picked":["Choke","Slice"],"picked":"Dagger Spray","floor":20.0},{"not_picked":["Quick Slash","Caltrops","Dagger Spray"],"picked":"SKIP","floor":22.0},{"not_picked":["Backstab","Concentrate","Prepared"],"picked":"SKIP","floor":23.0},{"not_picked":["Slice","Blade Dance"],"picked":"Accuracy+1","floor":25.0},{"not_picked":["Deadly Poison+1","Blade Dance+1"],"picked":"Wraith Form v2","floor":28.0},{"not_picked":["PiercingWail","Deadly Poison","Underhanded Strike"],"picked":"SKIP","floor":29.0},{"not_picked":["Bullet Time","A Thousand Cuts"],"picked":"Burst","floor":33.0},{"not_picked":["Escape Plan+1","Quick Slash"],"picked":"PiercingWail+1","floor":35.0},{"not_picked":["Dagger Spray","Distraction","Quick Slash"],"picked":"SKIP","floor":35.0},{"not_picked":["Cloak And Dagger","Noxious Fumes+1"],"picked":"Escape Plan+1","floor":36.0},{"not_picked":["Envenom","Choke"],"picked":"Outmaneuver+1","floor":36.0},{"not_picked":["Sucker Punch+1","Deadly Poison"],"picked":"Terror","floor":39.0},{"not_picked":["Cloak And Dagger","Noxious Fumes+1","Dagger Spray+1"],"picked":"SKIP","floor":39.0},{"not_picked":["Flying Knee+1","Bouncing Flask","Deadly Poison"],"picked":"SKIP","floor":40.0},{"not_picked":["Caltrops","Cloak And Dagger","Poisoned Stab"],"picked":"SKIP","floor":42.0},{"not_picked":["Blade Dance","Flying Knee"],"picked":"Terror+1","floor":44.0},{"not_picked":["Dagger Spray+1","Quick Slash+1"],"picked":"Adrenaline","floor":44.0},{"not_picked":["Dagger Throw+1","Concentrate+1"],"picked":"Accuracy+1","floor":45.0},{"not_picked":["Outmaneuver","Distraction","Crippling Poison"],"picked":"SKIP","floor":45.0},{"not_picked":["Noxious Fumes","Bane"],"picked":"Sucker Punch+1","floor":47.0},{"not_picked":["Prepared","Dash","Deflect"],"picked":"SKIP","floor":47.0},{"not_picked":["PiercingWail","Reflex","Deadly Poison"],"picked":"SKIP","floor":48.0},{"not_picked":["Corpse Explosion","Flying Knee","Heel Hook"],"picked":"SKIP","floor":55.0}],"player_experience":4483827,"relics_obtained":[{"floor":7.0,"key":"Centennial Puzzle"},{"floor":9.0,"key":"Akabeko"},{"floor":11.0,"key":"Mummified Hand"},{"floor":13.0,"key":"Shuriken"},{"floor":23.0,"key":"Bottled Tornado"},{"floor":25.0,"key":"Blue Candle"},{"floor":26.0,"key":"Nunchaku"},{"floor":29.0,"key":"Prayer Wheel"},{"floor":40.0,"key":"Regal Pillow"},{"floor":42.0,"key":"Sundial"},{"floor":48.0,"key":"Pocketwatch"}],"event_choices":[{"damage_healed":0.0,"max_hp_gain":0.0,"max_hp_loss":0.0,"gold_gain":0.0,"cards_transformed":["Defend_G"],"event_name":"Living Wall","player_choice":"Change","floor":4.0,"gold_loss":0.0,"damage_taken":0.0,"cards_obtained":["Catalyst"]},{"damage_healed":0.0,"max_hp_gain":0.0,"max_hp_loss":0.0,"gold_gain":0.0,"event_name":"Accursed Blacksmith","player_choice":"Rummage","floor":14.0,"gold_loss":0.0,"damage_taken":0.0,"relics_obtained":["WarpedTongs"],"cards_obtained":["Pain"]},{"damage_healed":0.0,"max_hp_gain":5.0,"max_hp_loss":0.0,"gold_gain":0.0,"event_name":"Forgotten Altar","player_choice":"Shed Blood","floor":21.0,"gold_loss":0.0,"damage_taken":23.0},{"damage_healed":0.0,"max_hp_gain":0.0,"max_hp_loss":0.0,"gold_gain":200.0,"event_name":"Wheel of Change","player_choice":"Gold","floor":27.0,"gold_loss":0.0,"damage_taken":0.0},{"damage_healed":0.0,"max_hp_gain":0.0,"max_hp_loss":0.0,"gold_gain":0.0,"event_name":"Lab","player_choice":"Got Potions","floor":31.0,"gold_loss":0.0,"damage_taken":0.0},{"damage_healed":0.0,"max_hp_gain":0.0,"max_hp_loss":0.0,"gold_gain":0.0,"cards_transformed":["Strike_G"],"event_name":"Transmorgrifier","player_choice":"Transformed","floor":37.0,"gold_loss":0.0,"damage_taken":0.0,"cards_obtained":["Quick Slash"]},{"damage_healed":0.0,"max_hp_gain":0.0,"max_hp_loss":0.0,"gold_gain":0.0,"event_name":"Match and Keep!","player_choice":"1 cards matched","floor":38.0,"gold_loss":0.0,"damage_taken":0.0,"cards_obtained":["Leg Sweep"]},{"damage_healed":0.0,"max_hp_gain":0.0,"max_hp_loss":0.0,"gold_gain":0.0,"event_name":"Tomb of Lord Red Mask","player_choice":"Ignored","floor":41.0,"gold_loss":0.0,"damage_taken":0.0},{"damage_healed":0.0,"max_hp_gain":0.0,"max_hp_loss":0.0,"gold_gain":0.0,"event_name":"Wheel of Change","player_choice":"Damaged","floor":46.0,"gold_loss":0.0,"damage_taken":10.0}],"is_beta":false,"boss_relics":[{"not_picked":["HoveringKite","Black Star"],"picked":"Fusion Hammer"},{"not_picked":["Ring of the Serpent","SacredBark"],"picked":"Coffee Dripper"}],"items_purged_floors":[19,30],"is_endless":false,"potions_floor_spawned":[1,7,13,22,25,28,36,40,44,45,48,55],"killed_by":"The Heart","ascension_level":20}}