{"host":"obplhmlw33xb91v8","time":1611264491,"event":{"mods":["AchievementEnabler","BaseMod","Block Reminder","Curses Come First","Dio Mod","Evolution","Friendly Minions","HololiveMod","Koishi","Minty Spire (QoL Compilation)","Quick Restart","Reimu??????","Relic Stats","Remilia??????","Shop Mod","Spicy Shops","StSLib","The Alterego","The Gatherer","The IronCluck","The Servant 0.9.4","The Wild Card","TheSwordswoman","Uncapped","Waifu the Spire","Yakumo Yukari mod","Yohane!","Youmu??????","Yuyuko","egg"],"gold_per_floor":[114,21,37,37,57,57,85,99,154,154,166,183,183,218,218,320,320,340,340,52,33,43,43,53,67,67,78,29,29,29,19,19,119,119,132,60,72,87,98,125,125,125,125],"floor_reached":42,"language":"ENG","playtime":3608,"items_purged":[],"score":444,"play_id":"5eea39ab-e1b2-4492-903f-a68bc632fffd","local_time":"20210121162811","is_ascension_mode":false,"campfire_choices":[{"data":"SilverBlades","floor":6.0,"key":"SMITH"},{"floor":10.0,"key":"REST"},{"data":"KillingDoll","floor":13.0,"key":"SMITH"},{"data":"ReturningBlade","floor":15.0,"key":"SMITH"},{"data":"RealityMarble","floor":23.0,"key":"SMITH"},{"data":"Hightail","floor":32.0,"key":"SMITH"}],"circlet_count":0,"master_deck":["Strike_S","Strike_S","Strike_S","Strike_S","Defend_S","Defend_S","Defend_S","Defend_S","KidneyShot","Exchange","Rearm","Defy","Luminosity","FastForward","SilverBlades+1","RealityMarble+1","KillingDoll+1","Spin","ReturningBlade+1","FlawlessForm+1","DoubleEdge+1","Hightail+1","SurpressingFire+1","BestPractice+1","TimeWarp+1","Parasite","Contraction+1"],"relics":["EVO:Axolotl","Velvet Choker","NlothsMask","Tea:ReiMu","Toy Ornithopter","Hololive_Finger","Ice Cream","Molten Egg 2","Sozu","Vajra","Bronze Scales"],"acts_visited":["Exordium","TheCity","TheBeyond"],"potions_floor_usage":[40],"damage_taken":[{"damage":7.0,"enemies":"Cultist","floor":1.0,"turns":5.0},{"damage":5.0,"enemies":"Jaw Worm","floor":3.0,"turns":5.0},{"damage":6.0,"enemies":"2 Louse","floor":5.0,"turns":5.0},{"damage":11.0,"enemies":"Gremlin Nob","floor":7.0,"turns":5.0},{"damage":0.0,"enemies":"2 Fungi Beasts","floor":8.0,"turns":4.0},{"damage":3.0,"enemies":"Large Slime","floor":11.0,"turns":7.0},{"damage":0.0,"enemies":"3 Louse","floor":12.0,"turns":2.0},{"damage":18.0,"enemies":"3 Sentries","floor":14.0,"turns":4.0},{"damage":20.0,"enemies":"The Guardian","floor":16.0,"turns":7.0},{"damage":1.0,"enemies":"Shell Parasite","floor":18.0,"turns":3.0},{"damage":1.0,"enemies":"2 Thieves","floor":21.0,"turns":4.0},{"damage":6.0,"enemies":"Snecko","floor":22.0,"turns":4.0},{"damage":27.0,"enemies":"Cultist and Chosen","floor":24.0,"turns":5.0},{"damage":24.0,"enemies":"Centurion and Healer","floor":25.0,"turns":5.0},{"damage":0.0,"enemies":"Chosen and Byrds","floor":27.0,"turns":5.0},{"damage":0.0,"enemies":"Sentry and Sphere","floor":31.0,"turns":6.0},{"damage":6.0,"enemies":"Collector","floor":33.0,"turns":12.0},{"damage":10.0,"enemies":"Orb Walker","floor":35.0,"turns":5.0},{"damage":6.0,"enemies":"3 Darklings","floor":37.0,"turns":5.0},{"damage":0.0,"enemies":"Maw","floor":38.0,"turns":10.0},{"damage":11.0,"enemies":"Writhing Mass","floor":39.0,"turns":6.0},{"damage":4,"enemies":"Nemesis","floor":40,"turns":7},{"damage":59,"enemies":"Reptomancer","floor":42,"turns":3}],"seed_played":"-4255612774874781198","potions_obtained":[{"floor":1.0,"key":"SpeedPotion"},{"floor":3.0,"key":"Block Potion"},{"floor":11.0,"key":"LiquidBronze"},{"floor":12.0,"key":"FearPotion"},{"floor":25.0,"key":"Regen Potion"}],"is_trial":false,"path_per_floor":["M","$","M","?","M","R","E","M","T","R","M","M","R","E","R","B",null,"M","?","$","M","M","R","M","M","T","M","$","?","?","M","R","B",null,"M","$","M","M","M","E","?","E"],"character_chosen":"THE_SERVANT","items_purchased":["Defy","Luminosity","Ice Cream","PowerPotion","Vajra"],"campfire_rested":1,"item_purchase_floors":[2,2,20,28,36],"current_hp_per_floor":[58,58,53,53,47,47,36,36,36,55,52,52,52,34,34,14,65,64,64,64,63,57,65,38,14,14,33,33,33,33,33,52,46,65,55,55,49,49,43,44,44,0,0],"gold":125,"neow_bonus":"BOSS_RELIC","is_daily":false,"chose_seed":false,"campfire_upgraded":5,"win_rate":0.0,"timestamp":1611264491,"path_taken":["M","?","M","?","?","R","E","M","T","R","M","M","R","E","R","BOSS","M","?","$","M","?","R","M","M","T","?","$","?","?","M","R","BOSS","M","$","M","M","M","E","?","E"],"items_purchased_type":["Card","Card","Relic","Potion","Relic"],"build_version":"2020-12-22","purchased_purges":0,"victory":false,"max_hp_per_floor":[65,65,65,65,65,65,65,65,65,65,65,65,65,65,65,65,65,65,65,65,65,65,65,65,65,65,65,65,65,65,65,65,65,65,65,65,65,65,65,65,62,62,62],"relic_stats":{"Sozu":1,"counters":[23,124],"Bronze Scales":[15],"obtain_stats":[{"Ice Cream":20,"Sozu":34,"Bronze Scales":40,"Velvet Choker":0,"Tea:ReiMu":7,"Vajra":36,"Molten Egg 2":26,"Uniform":0,"Hololive_Finger":17,"EVO:Axolotl":0,"Toy Ornithopter":14,"NlothsMask":4},{"Ice Cream":10,"Sozu":17,"Bronze Scales":22,"Velvet Choker":0,"Tea:ReiMu":4,"Vajra":18,"Molten Egg 2":14,"Uniform":0,"Hololive_Finger":9,"EVO:Axolotl":0,"Toy Ornithopter":8,"NlothsMask":2},{"Ice Cream":47,"Sozu":88,"Bronze Scales":121,"Velvet Choker":0,"Tea:ReiMu":20,"Vajra":93,"Molten Egg 2":65,"Uniform":0,"Hololive_Finger":44,"EVO:Axolotl":0,"Toy Ornithopter":37,"NlothsMask":10}],"Toy Ornithopter":15},"card_choices":[{"not_picked":["DualDimension","SurpressingFire"],"picked":"Rearm","floor":1.0},{"not_picked":["Alleviate","DualDimension"],"picked":"FastForward","floor":3.0},{"not_picked":["Spin","ShiftingGears"],"picked":"SilverBlades","floor":5.0},{"not_picked":["StarChef","Ricochet"],"picked":"RealityMarble","floor":7.0},{"not_picked":["StarChef","Rewind"],"picked":"KillingDoll","floor":8.0},{"not_picked":["ShiftingGears","DoubleEdge"],"picked":"Spin","floor":11.0},{"not_picked":["ShiftingGears","ShatteredReality","Shuttle"],"picked":"SKIP","floor":12.0},{"not_picked":["Potential","Advance"],"picked":"ReturningBlade","floor":14.0},{"not_picked":["TheWorld","ForgedInTime"],"picked":"FlawlessForm","floor":16.0},{"not_picked":["FastForward","Spin","ShatteredReality"],"picked":"SKIP","floor":18.0},{"not_picked":["Rearm","StarChef"],"picked":"DoubleEdge+1","floor":21.0},{"not_picked":["Alleviate","Revamp+1","Foresight+1"],"picked":"SKIP","floor":22.0},{"not_picked":["Ricochet","BottledTime+1"],"picked":"Hightail","floor":24.0},{"not_picked":["BottledTime","ReturningBlade+1"],"picked":"SurpressingFire+1","floor":25.0},{"not_picked":["Collapse+1","Misdirection"],"picked":"BestPractice+1","floor":27.0},{"not_picked":["ShatteredReality+1","Unruled+1","Alleviate"],"picked":"SKIP","floor":31.0},{"not_picked":["Spin+1","ShatteredReality+1","DoubleEdge+1"],"picked":"SKIP","floor":35.0},{"not_picked":["ForgedInTime","Rewind+1","Alleviate+1"],"picked":"SKIP","floor":37.0},{"not_picked":["ReturningBlade+1","ShiftingGears+1"],"picked":"TimeWarp+1","floor":38.0},{"not_picked":["TimeWarp+1","Ricochet+1","Rewind"],"picked":"SKIP","floor":39.0},{"not_picked":["Defy+1","Advance+1"],"picked":"Contraction+1","floor":40}],"player_experience":262565,"relics_obtained":[{"floor":7.0,"key":"Tea:ReiMu"},{"floor":14.0,"key":"Toy Ornithopter"},{"floor":26.0,"key":"Molten Egg 2"},{"floor":40,"key":"Bronze Scales"}],"event_choices":[{"damage_healed":0.0,"max_hp_gain":0.0,"max_hp_loss":0.0,"gold_gain":0.0,"event_name":"FaceTrader","player_choice":"Trade","floor":4.0,"gold_loss":0.0,"damage_taken":0.0,"relics_obtained":["NlothsMask"]},{"damage_healed":0.0,"max_hp_gain":0.0,"max_hp_loss":0.0,"gold_gain":0.0,"event_name":"Upgrade Shrine","player_choice":"Upgraded","floor":19.0,"gold_loss":0.0,"damage_taken":0.0,"cards_upgraded":["FlawlessForm"]},{"damage_healed":0.0,"max_hp_gain":0.0,"max_hp_loss":0.0,"gold_gain":0.0,"event_name":"Vampires","player_choice":"Ignored","floor":30.0,"gold_loss":0.0,"damage_taken":0.0},{"damage_healed":0,"gold_gain":0,"player_choice":"Max HP","damage_taken":0,"max_hp_gain":0,"max_hp_loss":3,"event_name":"Winding Halls","floor":41,"gold_loss":0}],"is_beta":false,"boss_relics":[{"not_picked":["Fusion Hammer","SacredBark"],"picked":"Hololive_Finger"},{"not_picked":["Hololive_TopUpMoneyS","Busted Crown"],"picked":"Sozu"}],"items_purged_floors":[],"is_endless":false,"potions_floor_spawned":[1,3,11,12,22,25,31,33,35,38],"killed_by":"Reptomancer","ascension_level":0}}