{"host":"2fgwwnzqc97k7iys","time":1611201158,"event":{"mods":["BaseMod","Colored Map","Minty Spire (QoL Compilation)","Quick Restart","Relic Stats"],"gold_per_floor":[362,375,388,192,192,192,227,227,276,300,300,300],"floor_reached":11,"language":"ENG","playtime":998,"items_purged":["Shame"],"score":106,"play_id":"de4ac349-0aa2-4bc3-866e-3f2606a85b28","local_time":"20210120215238","is_ascension_mode":true,"campfire_choices":[{"data":"Hemokinesis","floor":6,"key":"SMITH"},{"data":"True Grit","floor":8,"key":"SMITH"}],"circlet_count":0,"master_deck":["Strike_R","Strike_R","Strike_R","Strike_R","Strike_R","Defend_R","Defend_R","Defend_R","Defend_R","Bash","Disarm","Hemokinesis+1","Carnage","Burning Pact","Feel No Pain","True Grit+1","Warcry"],"relics":["Burning Blood","Golden Idol","Smiling Mask","Toy Ornithopter"],"acts_visited":["Exordium"],"potions_floor_usage":[10,11],"damage_taken":[{"damage":7,"enemies":"Jaw Worm","floor":1,"turns":3},{"damage":10,"enemies":"2 Louse","floor":2,"turns":3},{"damage":2,"enemies":"Small Slimes","floor":3,"turns":3},{"damage":29,"enemies":"Lagavulin","floor":7,"turns":6},{"damage":24,"enemies":"Exordium Thugs","floor":10,"turns":3},{"damage":28,"enemies":"Gremlin Nob","floor":11,"turns":4}],"seed_played":"-7128507270817648957","potions_obtained":[{"floor":3,"key":"Fire Potion"},{"floor":7,"key":"BloodPotion"}],"is_trial":false,"path_per_floor":["M","M","M","$","?","R","E","R","T","M","E"],"character_chosen":"IRONCLAD","items_purchased":["Burning Pact","Feel No Pain"],"campfire_rested":0,"item_purchase_floors":[4,4],"current_hp_per_floor":[71,67,71,71,51,51,28,28,28,15,8,8],"gold":300,"neow_bonus":"TWO_FIFTY_GOLD","is_daily":false,"chose_seed":false,"campfire_upgraded":2,"win_rate":0.0,"timestamp":1611201158,"path_taken":["M","M","M","$","?","R","E","R","T","M","E"],"items_purchased_type":["Card","Card"],"build_version":"2020-12-22","purchased_purges":1,"victory":false,"max_hp_per_floor":[80,80,80,80,80,80,80,80,80,80,80,80],"relic_stats":{"counters":[6,22],"Golden Idol":12,"Smiling Mask":0,"obtain_stats":[{"Golden Idol":5,"Smiling Mask":7,"Burning Blood":0,"Toy Ornithopter":9},{"Golden Idol":3,"Smiling Mask":4,"Burning Blood":0,"Toy Ornithopter":4},{"Golden Idol":9,"Smiling Mask":15,"Burning Blood":0,"Toy Ornithopter":15}],"Burning Blood":30,"Toy Ornithopter":10},"card_choices":[{"not_picked":["Havoc","Iron Wave"],"picked":"Disarm","floor":1},{"not_picked":["Sever Soul","Dark Embrace"],"picked":"Hemokinesis","floor":2},{"not_picked":["Perfected Strike","Clothesline"],"picked":"Carnage","floor":3},{"not_picked":["Rupture","Warcry"],"picked":"True Grit","floor":7},{"not_picked":["Flame Barrier","Clash"],"picked":"Warcry","floor":10}],"player_experience":480420,"relics_obtained":[{"floor":7,"key":"Smiling Mask"},{"floor":9,"key":"Toy Ornithopter"}],"event_choices":[{"damage_healed":0,"gold_gain":0,"player_choice":"Take Damage","damage_taken":20,"relics_obtained":["Golden Idol"],"max_hp_gain":0,"max_hp_loss":0,"event_name":"Golden Idol","floor":5,"gold_loss":0}],"is_beta":false,"boss_relics":[],"items_purged_floors":[4],"is_endless":false,"potions_floor_spawned":[3,7],"killed_by":"Gremlin Nob","ascension_level":9}}