{"host":"88q0baq93r2cvn7j","time":1611254815,"event":{"mods":["AchievementEnabler","Act Like it!","BaseMod","GungeonMod","Minty Spire (QoL Compilation)","StSLib"],"gold_per_floor":[111,127,140,140,157,157,188,218,271,326,337,370,384,426,426,527,527,545,202,112,12,46,46,72,72,151,176,188,188,72,113,113,221,221,238,513,191,216,227,227,260,293,326,354,376,82,82,116,116,116,116,116,116,141,141],"floor_reached":56,"language":"ZHS","playtime":2887,"items_purged":["DemoMod:Strike_Huntress","DemoMod:Strike_Huntress","Regret","Injury"],"score":1585,"play_id":"eace94a6-5a6c-4e11-ac80-9c47ecc11e44","local_time":"20210122024655","is_ascension_mode":true,"campfire_choices":[{"data":"DemoMod:TripleGun","floor":6.0,"key":"SMITH"},{"data":"DemoMod:SniperShot","floor":15.0,"key":"SMITH"},{"data":"DemoMod:FinishedGun","floor":23.0,"key":"SMITH"},{"data":"DemoMod:PotionOfGunFriendShip","floor":25.0,"key":"SMITH"},{"data":"DemoMod:ChanceBullets","floor":29.0,"key":"SMITH"},{"data":"DemoMod:CursedBullets","floor":32.0,"key":"SMITH"},{"data":"DemoMod:BlankBullets","floor":40.0,"key":"SMITH"},{"data":"DemoMod:GunslingerForm","floor":47,"key":"SMITH"},{"floor":49,"key":"RECALL"},{"data":"DemoMod:CursedBullets","floor":52,"key":"SMITH"}],"circlet_count":0,"master_deck":["DemoMod:Defend_Huntress","DemoMod:Defend_Huntress","DemoMod:Defend_Huntress","DemoMod:Roll","DemoMod:ManualReload+1","DemoMod:RustySidearm","DemoMod:CrossBow","DemoMod:TripleGun+1","DemoMod:TeaPot","DemoMod:CursedBullets+1","DemoMod:BalloonGun","DemoMod:PotionOfGunFriendShip+1","DemoMod:SniperShot+1","DemoMod:ProbeStrike","DemoMod:GunShield","DemoMod:FinishedGun+1","DemoMod:Eureka","DemoMod:ChanceBullets+1","DemoMod:BlankBullets+1","DemoMod:FortunesFavor","DemoMod:SAA","DemoMod:HighKaliber+1","DemoMod:FortunesFavor+1","DemoMod:AWP","DemoMod:SuppressiveFire","DemoMod:TeaPot+1","DemoMod:HuntsMan","DemoMod:ChanceBullets+1","DemoMod:FastSwitch+1","DemoMod:GunslingerForm+1","Writhe","DemoMod:HungryBullets+1","DemoMod:MegaHand+1","DemoMod:CursedBullets+1","DemoMod:ShadowBullets+1"],"relics":["DemoMod:Dog","NeowsBlessing","Kunai","DemoMod:PoisonVial","Blood Vial","Odd Mushroom","Bird Faced Urn","Mango","DemoMod:Wolf","WingedGreaves","Singing Bowl","DemoMod:MemoryAlloy","Cursed Key","DollysMirror","Regal Pillow","DemoMod:MonsterBlood","Happy Flower","Thread and Needle","PreservedInsect","DemoMod:GreenGuonStone","Pantograph"],"acts_visited":["Exordium","TheCity","TheBeyond","TheEnding"],"potions_floor_usage":[41,55,55,55],"damage_taken":[{"damage":0.0,"enemies":"2 Louse","floor":1.0,"turns":1.0},{"damage":0.0,"enemies":"Small Slimes","floor":2.0,"turns":1.0},{"damage":0.0,"enemies":"Cultist","floor":3.0,"turns":1.0},{"damage":15.0,"enemies":"Large Slime","floor":5.0,"turns":6.0},{"damage":30.0,"enemies":"3 Sentries","floor":7.0,"turns":7.0},{"damage":5.0,"enemies":"The Mushroom Lair","floor":10.0,"turns":4.0},{"damage":7.0,"enemies":"Exordium Thugs","floor":11.0,"turns":4.0},{"damage":8.0,"enemies":"Gremlin Nob","floor":12.0,"turns":3.0},{"damage":0.0,"enemies":"Exordium Wildlife","floor":13.0,"turns":3.0},{"damage":10.0,"enemies":"Lagavulin","floor":14.0,"turns":3.0},{"damage":5.0,"enemies":"Slime Boss","floor":16.0,"turns":9.0},{"damage":0.0,"enemies":"Spheric Guardian","floor":18.0,"turns":2.0},{"damage":0.0,"enemies":"3 Byrds","floor":22.0,"turns":3.0},{"damage":10.0,"enemies":"Shelled Parasite and Fungi","floor":24.0,"turns":2.0},{"damage":15.0,"enemies":"Slavers","floor":27.0,"turns":4.0},{"damage":0.0,"enemies":"Snake Plant","floor":28.0,"turns":1.0},{"damage":20.0,"enemies":"Gremlin Leader","floor":31.0,"turns":4.0},{"damage":37.0,"enemies":"Automaton","floor":33.0,"turns":6.0},{"damage":12.0,"enemies":"Orb Walker","floor":35.0,"turns":2.0},{"damage":18.0,"enemies":"3 Darklings","floor":39.0,"turns":3.0},{"damage":2,"enemies":"Reptomancer","floor":41,"turns":3},{"damage":15,"enemies":"Nemesis","floor":42,"turns":5},{"damage":0,"enemies":"Writhing Mass","floor":43,"turns":4},{"damage":9,"enemies":"Writhing Mass","floor":44,"turns":5},{"damage":0,"enemies":"Spire Growth","floor":45,"turns":3},{"damage":3,"enemies":"Giant Head","floor":48,"turns":5},{"damage":44,"enemies":"Time Eater","floor":50,"turns":4},{"damage":33,"enemies":"Shield and Spear","floor":54,"turns":4},{"damage":56,"enemies":"The Heart","floor":55,"turns":6}],"seed_played":"2714739931041430541","potions_obtained":[{"floor":7.0,"key":"Swift Potion"},{"floor":12.0,"key":"Swift Potion"},{"floor":13.0,"key":"Strength Potion"},{"floor":14.0,"key":"EssenceOfSteel"},{"floor":18.0,"key":"SteroidPotion"},{"floor":28.0,"key":"Fruit Juice"},{"floor":31.0,"key":"Ancient Potion"},{"floor":35.0,"key":"DistilledChaos"},{"floor":39.0,"key":"LiquidBronze"},{"floor":41,"key":"Fruit Juice"},{"floor":48,"key":"DuplicationPotion"}],"is_trial":false,"path_per_floor":["M","M","M","?","M","R","E","?","T","?","M","E","M","E","R","B",null,"M","$","?","$","M","R","M","R","T","E","M","R","?","E","R","B",null,"M","?","$","T","M","R","E","E","T","M","M","$","R","E","R","B",null,"R","$","E","B",null],"character_chosen":"HUNTRESS","items_purchased":["DemoMod:BlankBullets","DemoMod:FortunesFavor","Regen Potion","DemoMod:LeadSkinPotion","DemoMod:HuntsMan","DollysMirror","PreservedInsect"],"campfire_rested":0,"item_purchase_floors":[19,19,19,19,37,37,46],"current_hp_per_floor":[70,70,70,67,52,52,22,22,22,19,14,8,12,20,20,19,68,72,72,72,72,74,74,66,66,66,57,64,64,64,52,52,68,84,77,77,77,77,67,67,85,82,88,89,95,95,95,103,103,67,94,94,94,71,97],"gold":141,"neow_bonus":"THREE_ENEMY_KILL","is_daily":false,"chose_seed":false,"campfire_upgraded":9,"win_rate":0.0,"timestamp":1611254815,"path_taken":["M","M","M","?","M","R","E","?","T","?","M","E","M","E","R","BOSS","M","$","?","$","M","R","M","R","T","E","?","R","?","E","R","BOSS","M","?","$","?","?","R","E","E","T","M","M","$","R","E","R","BOSS","R","$","E","BOSS"],"items_purchased_type":["Card","Card","Potion","Undefined","Card","Relic","Relic"],"build_version":"2020-12-22","purchased_purges":4,"victory":true,"max_hp_per_floor":[70,70,70,70,70,70,70,70,70,70,70,70,70,84,84,84,84,84,84,84,84,84,84,84,84,84,84,89,89,89,89,89,89,89,89,89,89,89,89,89,101,103,103,103,103,103,103,103,103,103,103,103,103,103,103],"card_choices":[{"not_picked":["DemoMod:Unmoved","DemoMod:HardPowerCard","DemoMod:PracticeMakesPerfect"],"picked":"SKIP","floor":1.0},{"not_picked":["DemoMod:AC15","DemoMod:Unmoved"],"picked":"DemoMod:TripleGun","floor":2.0},{"not_picked":["DemoMod:Rummage","DemoMod:ZorGun","DemoMod:LifeOrb"],"picked":"SKIP","floor":2.0},{"not_picked":["DemoMod:DoubleSwitch","DemoMod:MachoBrace"],"picked":"DemoMod:TeaPot","floor":3.0},{"not_picked":["DemoMod:Purify","DemoMod:Casey"],"picked":"DemoMod:CursedBullets","floor":5.0},{"not_picked":["DemoMod:ZorGun","DemoMod:CombinedRifle"],"picked":"DemoMod:BalloonGun","floor":7.0},{"not_picked":["DemoMod:PracticeMakesPerfect","DemoMod:MachoBrace"],"picked":"DemoMod:PotionOfGunFriendShip","floor":10.0},{"not_picked":["DemoMod:EasyReloadBullets","DemoMod:Unity"],"picked":"DemoMod:SniperShot","floor":11.0},{"not_picked":["DemoMod:Ejector","DemoMod:CombinedRifle"],"picked":"DemoMod:ProbeStrike","floor":12.0},{"not_picked":["DemoMod:StickyCrossBow","DemoMod:Casey"],"picked":"DemoMod:GunShield","floor":13.0},{"not_picked":["DemoMod:AWP","DemoMod:Desperate"],"picked":"DemoMod:Purify","floor":14.0},{"not_picked":["DemoMod:Gungine","DemoMod:BulletBore"],"picked":"DemoMod:FinishedGun","floor":16.0},{"not_picked":["DemoMod:Gungine","DemoMod:DarkMarker"],"picked":"DemoMod:Eureka","floor":16.0},{"not_picked":["DemoMod:MachoBrace","DemoMod:Unmoved"],"picked":"DemoMod:ChanceBullets","floor":18.0},{"not_picked":["DemoMod:MachoBrace","DemoMod:TripleGun","DemoMod:GunstockTap"],"picked":"SKIP","floor":22.0},{"not_picked":["DemoMod:SpreadAmmo+1","DemoMod:HuntsMan"],"picked":"DemoMod:SAA","floor":24.0},{"not_picked":["DemoMod:Camera","DemoMod:Behold!"],"picked":"DemoMod:HighKaliber+1","floor":27.0},{"not_picked":["DemoMod:Ejector","DemoMod:CursedBullets"],"picked":"DemoMod:FortunesFavor+1","floor":28.0},{"not_picked":["DemoMod:SAA+1","DemoMod:ConditionalReflex"],"picked":"DemoMod:AWP","floor":31.0},{"not_picked":["DemoMod:Slinger","DemoMod:DarkMarker"],"picked":"DemoMod:SuppressiveFire","floor":33.0},{"not_picked":["DemoMod:TableSutra","DemoMod:AC15+1"],"picked":"DemoMod:TeaPot+1","floor":35.0},{"not_picked":["DemoMod:StickyCrossBow","DemoMod:TableSutra"],"picked":"DemoMod:FastSwitch+1","floor":39.0},{"not_picked":["DemoMod:Casey","DemoMod:PotionOfGunFriendShip","DemoMod:Ejector"],"picked":"SKIP","floor":41},{"not_picked":["DemoMod:StickyCrossBow","DemoMod:PotionOfGunFriendShip","DemoMod:HardPowerCard+1"],"picked":"Singing Bowl","floor":42},{"not_picked":["DemoMod:ZorGun+1","DemoMod:BattleInHaste"],"picked":"DemoMod:GunslingerForm","floor":42},{"not_picked":["DemoMod:HighKaliber","DemoMod:MachoBrace"],"picked":"DemoMod:HungryBullets+1","floor":43},{"not_picked":["DemoMod:CombinedRifle","DemoMod:PotionOfGunFriendShip+1"],"picked":"DemoMod:MegaHand+1","floor":44},{"not_picked":["DemoMod:Purify","DemoMod:TeaPot"],"picked":"DemoMod:CursedBullets","floor":45},{"not_picked":["DemoMod:SpreadAmmo+1","DemoMod:GunShield"],"picked":"DemoMod:ShadowBullets+1","floor":48},{"not_picked":["DemoMod:BattleInHaste","DemoMod:Casey+1","DemoMod:SuppressiveFire"],"picked":"SKIP","floor":54}],"player_experience":351532,"relics_obtained":[{"floor":7.0,"key":"DemoMod:PoisonVial"},{"floor":9.0,"key":"Blood Vial"},{"floor":10.0,"key":"Odd Mushroom"},{"floor":12.0,"key":"Bird Faced Urn"},{"floor":14.0,"key":"Mango"},{"floor":27.0,"key":"WingedGreaves"},{"floor":31.0,"key":"DemoMod:MemoryAlloy"},{"floor":38.0,"key":"Regal Pillow"},{"floor":41,"key":"DemoMod:MonsterBlood"},{"floor":42,"key":"Happy Flower"},{"floor":43,"key":"Thread and Needle"},{"floor":48,"key":"DemoMod:GreenGuonStone"},{"floor":54,"key":"Pantograph"}],"event_choices":[{"damage_healed":0.0,"max_hp_gain":0.0,"max_hp_loss":0.0,"gold_gain":0.0,"event_name":"Scrap Ooze","player_choice":"Success","floor":4.0,"gold_loss":0.0,"damage_taken":3.0,"relics_obtained":["Kunai"]},{"damage_healed":0.0,"max_hp_gain":0.0,"max_hp_loss":0.0,"gold_gain":30.0,"event_name":"Dead Adventurer","player_choice":"Searched \u00272\u0027 times","floor":8.0,"gold_loss":0.0,"damage_taken":0.0},{"damage_healed":0.0,"max_hp_gain":0.0,"max_hp_loss":0.0,"gold_gain":0.0,"event_name":"Mushrooms","player_choice":"Fought Mushrooms","floor":10.0,"gold_loss":0.0,"damage_taken":0.0},{"cards_removed":["DemoMod:Strike_Huntress"],"damage_healed":0.0,"max_hp_gain":0.0,"max_hp_loss":0.0,"gold_gain":0.0,"event_name":"Designer","player_choice":"Upgrade and Remove","floor":20.0,"gold_loss":90.0,"damage_taken":0.0,"cards_upgraded":["DemoMod:ManualReload"]},{"damage_healed":0.0,"max_hp_gain":0.0,"max_hp_loss":0.0,"gold_gain":0.0,"event_name":"WeMeetAgain","player_choice":"Paid Gold","floor":30.0,"gold_loss":116.0,"damage_taken":0.0,"relics_obtained":["Singing Bowl"]},{"damage_healed":0.0,"max_hp_gain":0.0,"max_hp_loss":0.0,"gold_gain":275.0,"event_name":"Golden Shrine","player_choice":"Desecrate","floor":36.0,"gold_loss":0.0,"damage_taken":0.0,"cards_obtained":["Regret"]}],"is_beta":false,"boss_relics":[{"not_picked":["Busted Crown","Black Star"],"picked":"DemoMod:Wolf"},{"not_picked":["Sozu","Calling Bell"],"picked":"Cursed Key"}],"items_purged_floors":[19,21,37,46],"is_endless":false,"potions_floor_spawned":[7,12,13,14,18,27,28,31,35,39,41,48,54],"ascension_level":5}}