{"host":"ewslc4o3o167ipk9","time":1611206000,"event":{"mods":["BaseMod","Colored Powertips","GifTheSpireLib","HexUI Lib","Minty Spire (QoL Compilation)","Quick Restart","Shop Mod","StSLib","The Bug Knight","The Trickster"],"gold_per_floor":[123,155,137,162,184,196,219,251,263,301,313,339,351,377,389,505,517,543,587,615,627,627],"floor_reached":21,"language":"ENG","playtime":1827,"items_purged":[],"score":185,"play_id":"e6f445a4-5e0c-4de3-b74a-9b738d3fc03b","local_time":"20210121001320","is_ascension_mode":false,"campfire_choices":[{"data":"Calculated Gamble","floor":6,"key":"SMITH"},{"floor":11,"key":"REST"},{"floor":13,"key":"REST"},{"floor":15,"key":"REST"}],"circlet_count":0,"master_deck":["Strike_G","Strike_G","Strike_G","Strike_G","Strike_G","Defend_G","Defend_G","Defend_G","Defend_G","Defend_G","Survivor","Neutralize","Calculated Gamble+1","Reflex","Terror","Underhanded Strike","Reflex","Escape Plan","Acrobatics","All Out Attack","Infinite Blades","Underhanded Strike","After Image","Quick Slash+1","Infinite Blades"],"relics":["Ring of the Snake","MawBank","Toy Ornithopter","Dream Catcher","WristBlade","Red Mask"],"acts_visited":["Exordium","TheCity"],"potions_floor_usage":[7,10,10,10,10,12,12,16,19,19],"damage_taken":[{"damage":0,"enemies":"Small Slimes","floor":1,"turns":5},{"damage":6,"enemies":"Cultist","floor":2,"turns":4},{"damage":0,"enemies":"2 Louse","floor":4,"turns":5},{"damage":6,"enemies":"Exordium Wildlife","floor":5,"turns":4},{"damage":15,"enemies":"Exordium Thugs","floor":7,"turns":4},{"damage":4,"enemies":"2 Fungi Beasts","floor":8,"turns":5},{"damage":14,"enemies":"HollowMod:MossKnight","floor":10,"turns":8},{"damage":8,"enemies":"Lots of Slimes","floor":12,"turns":4},{"damage":0,"enemies":"3 Louse","floor":14,"turns":2},{"damage":38,"enemies":"Slime Boss","floor":16,"turns":8},{"damage":1,"enemies":"Chosen","floor":18,"turns":4},{"damage":33,"enemies":"Masked Bandits","floor":19,"turns":5},{"damage":25,"enemies":"Spheric Guardian","floor":20,"turns":5},{"damage":14,"enemies":"3 Cultists","floor":21,"turns":3}],"seed_played":"4547927229361063136","potions_obtained":[{"floor":1,"key":"FearPotion"},{"floor":3,"key":"EntropicBrew"},{"floor":3,"key":"Regen Potion"},{"floor":8,"key":"LiquidMemories"},{"floor":10,"key":"AttackPotion"},{"floor":12,"key":"Energy Potion"},{"floor":16,"key":"Block Potion"},{"floor":20,"key":"SteroidPotion"}],"is_trial":false,"path_per_floor":["M","M","?","M","M","R","M","M","T","E","R","M","R","M","R","B",null,"M","?","M","M"],"character_chosen":"THE_SILENT","items_purchased":[],"campfire_rested":3,"item_purchase_floors":[],"current_hp_per_floor":[70,64,64,64,58,58,52,48,48,54,70,70,70,70,70,37,70,69,37,12,0,0],"gold":627,"neow_bonus":"RANDOM_COMMON_RELIC","is_daily":false,"chose_seed":false,"campfire_upgraded":1,"win_rate":0.0,"timestamp":1611206000,"path_taken":["M","M","?","M","M","R","M","M","T","E","R","?","R","M","R","BOSS","M","?","M","M"],"items_purchased_type":[],"build_version":"2020-12-22","purchased_purges":0,"victory":false,"max_hp_per_floor":[70,70,70,70,70,70,70,70,70,70,70,70,70,70,70,70,70,70,70,70,70,70],"card_choices":[{"not_picked":["Escape Plan","Flying Knee"],"picked":"Calculated Gamble","floor":1},{"not_picked":["Bane","Dodge and Roll"],"picked":"Reflex","floor":2},{"not_picked":["Footwork","Catalyst"],"picked":"Terror","floor":4},{"not_picked":["Caltrops","Noxious Fumes"],"picked":"Underhanded Strike","floor":5},{"not_picked":["Poisoned Stab","Burst","Choke"],"picked":"SKIP","floor":7},{"not_picked":["Dodge and Roll","Bouncing Flask"],"picked":"Reflex","floor":8},{"not_picked":["Bane","Slice","Wraith Form v2"],"picked":"SKIP","floor":10},{"not_picked":["Sucker Punch","Endless Agony"],"picked":"Escape Plan","floor":11},{"not_picked":["Underhanded Strike","Leg Sweep"],"picked":"Acrobatics","floor":12},{"not_picked":["Flying Knee","Distraction"],"picked":"All Out Attack","floor":13},{"not_picked":["Corpse Explosion","Reflex"],"picked":"Infinite Blades","floor":14},{"not_picked":["Acrobatics","Noxious Fumes"],"picked":"Underhanded Strike","floor":15},{"not_picked":["Burst","Corpse Explosion"],"picked":"After Image","floor":16},{"not_picked":["Sucker Punch","Outmaneuver","Flying Knee"],"picked":"SKIP","floor":18},{"not_picked":["Slice+1","Dash"],"picked":"Quick Slash+1","floor":19},{"not_picked":["Sucker Punch","Choke"],"picked":"Infinite Blades","floor":20}],"player_experience":35608,"relics_obtained":[{"floor":9,"key":"Toy Ornithopter"},{"floor":10,"key":"Dream Catcher"},{"floor":19,"key":"Red Mask"}],"event_choices":[{"damage_healed":0,"gold_gain":0,"player_choice":"Bought 2 Potions","damage_taken":0,"max_hp_gain":0,"max_hp_loss":0,"event_name":"The Woman in Blue","floor":3,"gold_loss":0},{"damage_healed":0,"gold_gain":0,"player_choice":"Fought Bandits","damage_taken":0,"max_hp_gain":0,"max_hp_loss":0,"event_name":"Masked Bandits","floor":19,"gold_loss":0}],"is_beta":false,"boss_relics":[{"not_picked":["Tiny House","Busted Crown"],"picked":"WristBlade"}],"items_purged_floors":[],"is_endless":false,"potions_floor_spawned":[1,5,8,10,12,16,20],"killed_by":"3 Cultists","ascension_level":0}}