{"host":"ggy1mjjy92c62u6a","time":1611216851,"event":{"mods":["10 clothes from DAL","Act Like it!","BaseMod","Colored Powertips","GifTheSpireLib","Library of Ruina","Library of Ruina Extra","Minty Spire (QoL Compilation)","Quick Restart","Relic Stats","RumiaBox-露米娅的神秘盒子","Shop Mod","Spicy Shops","StSLib","【功能Mod】混沌之环修复补丁","【遗物卡牌】REMEMod"],"gold_per_floor":[119,135,149,29,39,39,66,79,79,79,138,138,138,158,158,260,260,277,287,287,287,212,212,240,258,258,258,278,23,42,57,57,57,57],"floor_reached":33,"language":"ZHS","playtime":1695,"items_purged":["LightAttack","LightDefense"],"score":418,"play_id":"c63b1ef5-5b51-42db-9fd1-c4e06d2ef81f","local_time":"20210121161411","is_ascension_mode":true,"campfire_choices":[{"floor":6.0,"key":"REST"},{"floor":10.0,"key":"REST"},{"floor":12.0,"key":"REST"},{"data":"DevaForm","floor":15.0,"key":"SMITH"},{"data":"BattleCommand","floor":23.0,"key":"SMITH"},{"floor":32,"key":"REST"}],"circlet_count":0,"master_deck":["Dodge","LightDefense","LightAttack","LightDefense","LightDefense","ChargeAndCover","FocusedStrikes","DevaForm+1","ShrineToMusic","MultiHit","GrazeTheGrass","GrazeTheGrass","Unlock1","Quickness","Camael","ChargeAndCover","BattleCommand+1","Castigation","EnergyCycle+1","Unlock1","Faith","Faith","Leap_lor+1","GrazeTheGrass+1","Faith"],"relics":["PageOfLibrarian","REME_ComplimentaryCards","NeowsBlessing","Baka","SSSystem","Darkstone Periapt","DALC_SIX","Incense Burner","Philosopher\u0027s Stone","PageOfHappyTeddyBear","PageOfAspirationHeart","Bottled Flame","Thread and Needle","Calipers","SecretRecord","TungstenRod","PageOfSnowWhitesApple"],"acts_visited":["Exordium","TheCity"],"potions_floor_usage":[],"damage_taken":[{"damage":0.0,"enemies":"Cultist","floor":1.0,"turns":1.0},{"damage":0.0,"enemies":"Jaw Worm","floor":2.0,"turns":1.0},{"damage":0.0,"enemies":"Small Slimes","floor":3.0,"turns":2.0},{"damage":61.0,"enemies":"Exordium Thugs","floor":5.0,"turns":6.0},{"damage":25.0,"enemies":"3 Sentries","floor":7.0,"turns":6.0},{"damage":0.0,"enemies":"Exordium Wildlife","floor":8.0,"turns":2.0},{"damage":14.0,"enemies":"Lagavulin Event","floor":11.0,"turns":3.0},{"damage":4.0,"enemies":"Looter","floor":14.0,"turns":2.0},{"damage":19.0,"enemies":"Slime Boss","floor":16.0,"turns":10.0},{"damage":45.0,"enemies":"Shell Parasite","floor":18.0,"turns":7.0},{"damage":12.0,"enemies":"2 Thieves","floor":19.0,"turns":3.0},{"damage":0.0,"enemies":"Gremlin Leader","floor":24.0,"turns":3.0},{"damage":13.0,"enemies":"Snake Plant","floor":25.0,"turns":6.0},{"damage":7.0,"enemies":"Chosen and Byrds","floor":28.0,"turns":7.0},{"damage":0,"enemies":"Cultist and Chosen","floor":30,"turns":3},{"damage":0,"enemies":"Centurion and Healer","floor":31,"turns":5},{"damage":36,"enemies":"RedHoodMercenary","floor":33,"turns":5}],"seed_played":"-3929973727225573433","potions_obtained":[{"floor":1.0,"key":"DuplicationPotion"},{"floor":2.0,"key":"ColorlessPotion"},{"floor":11.0,"key":"PowerPotion"},{"floor":14.0,"key":"Explosive Potion"},{"floor":18.0,"key":"AttackPotion"},{"floor":25.0,"key":"Dexterity Potion"}],"is_trial":false,"path_per_floor":["M","M","M","$","M","R","E","M","T","R","?","R","?","M","R","B",null,"M","M","?","?","?","R","E","M","T","T","M","$","M","M","R","B"],"character_chosen":"Librarian","items_purchased":["GrazeTheGrass","PageOfSnowWhitesApple"],"campfire_rested":4,"item_purchase_floors":[4,29],"current_hp_per_floor":[60,62,62,62,1,27,2,1,1,30,16,45,45,41,41,22,79,34,31,31,31,31,31,31,18,18,18,11,11,11,11,48,12,12],"gold":57,"neow_bonus":"THREE_ENEMY_KILL","is_daily":false,"chose_seed":false,"campfire_upgraded":2,"win_rate":0.0,"timestamp":1611216851,"path_taken":["M","M","?","?","M","R","E","M","T","R","?","R","?","M","R","BOSS","M","M","?","?","?","R","E","M","T","?","M","$","M","M","R","BOSS"],"items_purchased_type":["Card","Relic"],"build_version":"2020-12-22","purchased_purges":2,"victory":false,"max_hp_per_floor":[62,89,89,89,89,89,89,98,98,98,98,98,98,98,98,98,98,98,124,124,124,124,124,124,124,124,124,124,124,124,124,124,124,124],"relic_stats":{"Darkstone Periapt":0,"counters":[17,70],"obtain_stats":[{"Darkstone Periapt":9,"Calipers":26,"NeowsBlessing":0,"DALC_SIX":11,"SSSystem":7,"Thread and Needle":25,"SecretRecord":27,"Baka":1,"Incense Burner":16,"PageOfLibrarian":0,"PageOfHappyTeddyBear":18,"PageOfAspirationHeart":19,"Bottled Flame":24,"Philosopher\u0027s Stone":17,"PageOfSnowWhitesApple":29,"TungstenRod":28,"REME_ComplimentaryCards":0},{"Darkstone Periapt":6,"Calipers":13,"NeowsBlessing":0,"DALC_SIX":7,"SSSystem":5,"Thread and Needle":13,"SecretRecord":13,"Baka":1,"Incense Burner":9,"PageOfLibrarian":0,"PageOfHappyTeddyBear":10,"PageOfAspirationHeart":11,"Bottled Flame":12,"Philosopher\u0027s Stone":9,"PageOfSnowWhitesApple":14,"TungstenRod":14,"REME_ComplimentaryCards":0},{"Darkstone Periapt":18,"Calipers":52,"NeowsBlessing":0,"DALC_SIX":21,"SSSystem":16,"Thread and Needle":52,"SecretRecord":52,"Baka":1,"Incense Burner":33,"PageOfLibrarian":0,"PageOfHappyTeddyBear":40,"PageOfAspirationHeart":43,"Bottled Flame":46,"Philosopher\u0027s Stone":33,"PageOfSnowWhitesApple":59,"TungstenRod":59,"REME_ComplimentaryCards":0}],"TungstenRod":4},"card_choices":[{"not_picked":["BurningFlash","QuickAttack","ShockingBlow","Castigation","DesperateStruggle","UpbeatPerformance","WrathOfTorment","ScatteringSlash"],"picked":"ShrineToMusic","floor":1.0},{"not_picked":["UpbeatPerformance","Endure","Rewind","HeavyPeaks","SuppressingShot","Faith","TimeForALittleTest","Marionette"],"picked":"MultiHit","floor":2.0},{"not_picked":["HighKick","QuickSuppression","Reload","BindingChains","SuppressingShot","MultiBlock","DarkCloud","GuardingStance","Thrust"],"picked":"SKIP","floor":3.0},{"not_picked":["MultiHit","Transpierce","ExtremeEdge","ViolentFlame","Multislash","FleetFootsteps","AbsorbImpact","FeatherShield"],"picked":"GrazeTheGrass","floor":5.0},{"not_picked":["Multislash","HighKick","TraceOfFumes","GroundSmash","GuardingStance","Creak","Faith","RhinoRam"],"picked":"Unlock1","floor":7.0},{"not_picked":["Leap_lor","Slice_lor","SharpNails","DefenseOrder","TendonChords","SuppressingShot","SunsetBlade","Parry"],"picked":"Quickness","floor":8.0},{"not_picked":["DimensionalRift","Pound","FrontalAssault","GrazeTheGrass","Standoff","CircusKnives","HighKick","FleetFootsteps"],"picked":"BattleCommand","floor":14.0},{"not_picked":["EmotionalTurbulence","EnergyBeam"],"picked":"Castigation","floor":16.0},{"not_picked":["SuppressingShot","SparkingSpear+1","SturdyDefense+1","FlashingStrike","Parry","Eradication","TimeForALittleTest","QuickSuppression+1"],"picked":"EnergyCycle+1","floor":18.0},{"not_picked":["Wallop_lor","Struggle","SunsetBlade+1","Marionette","ForTheFamily+1","ElectricShock","AGoldenOpportunity","QuickAttack+1","SinglePointStab+1"],"picked":"SKIP","floor":19.0},{"not_picked":["HandlingWork","Quickness","TraceOfFumes+1","FierceCharge+1","QuickSuppression","SpearedSweep","FlowOfTheSword","StrongStrike"],"picked":"Faith","floor":24.0},{"not_picked":["MultiBlock","HighKick","HiddenBlade","FierceCharge","EnergyStrike","SunsetBlade","ReadyUp","SuppressingShot"],"picked":"Faith","floor":25.0},{"not_picked":["HighSpeedStabbing","ClassAndRespect","BlowItUp","Clone","GuardingStance","TendonChords","Creak","GutHarvesting"],"picked":"Leap_lor+1","floor":28.0},{"not_picked":["GoinFirst","Multislash+1","UpbeatPerformance+1","Leap_lor","Retaliate","AsThePrescriptOrders","QuickSuppression","Rampage_lor+1"],"picked":"GrazeTheGrass+1","floor":30},{"not_picked":["DevastatingThrash","BlowItUp","Diversion","LawAndOrder","SenseQuarry","SunsetBlade","CumulusWall+1","SharpSwipe"],"picked":"Faith","floor":31}],"player_experience":55938,"relics_obtained":[{"floor":1.0,"key":"Baka"},{"floor":7.0,"key":"SSSystem"},{"floor":9.0,"key":"Darkstone Periapt"},{"floor":11.0,"key":"DALC_SIX"},{"floor":16.0,"key":"Incense Burner"},{"floor":18.0,"key":"PageOfHappyTeddyBear"},{"floor":19.0,"key":"PageOfAspirationHeart"},{"floor":24.0,"key":"Bottled Flame"},{"floor":25.0,"key":"Thread and Needle"},{"floor":26.0,"key":"Calipers"},{"floor":27.0,"key":"SecretRecord"},{"floor":28.0,"key":"TungstenRod"}],"event_choices":[{"damage_healed":0.0,"max_hp_gain":0.0,"max_hp_loss":0.0,"gold_gain":0.0,"event_name":"Dead Adventurer","player_choice":"Searched \u00271\u0027 times","floor":11.0,"gold_loss":0.0,"damage_taken":0.0},{"damage_healed":0.0,"max_hp_gain":0.0,"max_hp_loss":0.0,"gold_gain":0.0,"event_name":"Match and Keep!","player_choice":"2 cards matched","floor":13.0,"gold_loss":0.0,"damage_taken":0.0,"cards_obtained":["Camael","ChargeAndCover"]},{"damage_healed":0.0,"max_hp_gain":0.0,"max_hp_loss":0.0,"gold_gain":0.0,"event_name":"Vampires","player_choice":"Ignored","floor":20.0,"gold_loss":0.0,"damage_taken":0.0},{"damage_healed":0.0,"max_hp_gain":0.0,"max_hp_loss":0.0,"gold_gain":0.0,"event_name":"The Library","player_choice":"Read","floor":21.0,"gold_loss":0.0,"damage_taken":0.0,"cards_obtained":["Unlock1"]},{"cards_removed":["LightAttack"],"damage_healed":0.0,"max_hp_gain":0.0,"max_hp_loss":0.0,"gold_gain":0.0,"event_name":"Beggar","player_choice":"Gave Gold","floor":22.0,"gold_loss":75.0,"damage_taken":0.0}],"is_beta":false,"boss_relics":[{"not_picked":["Pandora\u0027s Box","Black Star"],"picked":"Philosopher\u0027s Stone"}],"items_purged_floors":[4,29],"is_endless":false,"potions_floor_spawned":[1,2,11,14,18,25],"killed_by":"RedHoodMercenary","ascension_level":5}}