{"host":"04hh9gplt9wkfmr1","time":1611211003,"event":{"mods":["AchievementEnabler","BaseMod","Colored Map","KOR Keyword Fix","Minty Spire (QoL Compilation)","Rare Cards Sparkle","SuperFastMode"],"gold_per_floor":[19,36,52,68,87,121,121,149,149,161,116,116,128,154,154,258,258,258,129,129,54,54,54,54,54,54,54,54,54,16,16,16,16,16,16,16,16,16,16,16],"floor_reached":39,"language":"KOR","playtime":981,"items_purged":["Strike_B"],"score":549,"play_id":"f4c193f4-5ecb-4f82-b1b0-eb724631b0e6","local_time":"20210121153643","is_ascension_mode":true,"campfire_choices":[{"data":"Zap","floor":7.0,"key":"SMITH"},{"data":"Genetic Algorithm","floor":15.0,"key":"SMITH"},{"data":"1","floor":23.0,"key":"LIFT"},{"data":"2","floor":25.0,"key":"LIFT"},{"data":"Sunder","floor":27.0,"key":"SMITH"},{"data":"3","floor":32.0,"key":"LIFT"}],"circlet_count":0,"master_deck":["Defend_B","Defend_B","Defend_B","Zap+1","Dualcast","Beam Cell","Loop","Beam Cell","Steam+1","Gash","All For One","Gash","Sunder+1","Defragment","Streamline","Genetic Algorithm+1","Consume","Amplify","Steam","J.A.X.+1","Hologram+1","Stack+1","Reinforced Body","Self Repair","Core Surge","Rip and Tear+1","Loop+1","Melter+1"],"relics":["Cracked Core","Eternal Feather","MealTicket","HornCleat","PreservedInsect","Ectoplasm","Girya","Omamori","Bottled Flame","War Paint","Inserter"],"acts_visited":["Exordium","TheCity","TheBeyond"],"potions_floor_usage":[33,33,37],"damage_taken":[{"damage":0.0,"enemies":"Cultist","floor":1.0,"turns":4.0},{"damage":0.0,"enemies":"Small Slimes","floor":2.0,"turns":2.0},{"damage":2.0,"enemies":"Jaw Worm","floor":3.0,"turns":3.0},{"damage":11.0,"enemies":"Blue Slaver","floor":4.0,"turns":3.0},{"damage":8.0,"enemies":"Large Slime","floor":5.0,"turns":5.0},{"damage":19.0,"enemies":"Lagavulin","floor":6.0,"turns":6.0},{"damage":5.0,"enemies":"3 Sentries","floor":8.0,"turns":3.0},{"damage":0.0,"enemies":"Looter","floor":10.0,"turns":3.0},{"damage":3.0,"enemies":"2 Fungi Beasts","floor":13.0,"turns":2.0},{"damage":15.0,"enemies":"Lagavulin","floor":14.0,"turns":5.0},{"damage":41.0,"enemies":"The Guardian","floor":16.0,"turns":10.0},{"damage":12.0,"enemies":"Shell Parasite","floor":18.0,"turns":4.0},{"damage":22.0,"enemies":"Book of Stabbing","floor":24.0,"turns":4.0},{"damage":0.0,"enemies":"Spheric Guardian","floor":28.0,"turns":3.0},{"damage":8.0,"enemies":"Slavers","floor":29.0,"turns":3.0},{"damage":25,"enemies":"Collector","floor":33,"turns":6},{"damage":19,"enemies":"Orb Walker","floor":35,"turns":2},{"damage":27,"enemies":"3 Shapes","floor":36,"turns":5},{"damage":23,"enemies":"Jaw Worm Horde","floor":37,"turns":4},{"damage":41,"enemies":"3 Darklings","floor":39,"turns":4}],"seed_played":"7825591234033478427","potions_obtained":[{"floor":2.0,"key":"DistilledChaos"},{"floor":5.0,"key":"AttackPotion"},{"floor":6.0,"key":"PowerPotion"},{"floor":10.0,"key":"Regen Potion"},{"floor":13.0,"key":"SkillPotion"},{"floor":16.0,"key":"Ancient Potion"},{"floor":24.0,"key":"PowerPotion"},{"floor":29.0,"key":"Energy Potion"},{"floor":35,"key":"Energy Potion"},{"floor":37,"key":"SpeedPotion"}],"is_trial":false,"path_per_floor":["M","M","M","M","M","E","R","E","T","M","$","?","M","E","R","B",null,"M","$","?","?","?","R","E","R","T","R","M","E","$","?","R","B",null,"M","M","M","?","M"],"character_chosen":"DEFECT","items_purchased":["Streamline","Steam","Self Repair"],"campfire_rested":0,"item_purchase_floors":[11,19,30],"current_hp_per_floor":[75,75,73,62,54,35,44,39,39,39,54,54,51,48,57,16,60,48,63,63,63,63,75,53,65,65,75,75,67,75,61,73,55,74,69,56,40,40,0,0],"gold":16,"neow_bonus":"TRANSFORM_TWO_CARDS","is_daily":false,"chose_seed":false,"campfire_upgraded":3,"win_rate":0.0,"timestamp":1611211003,"path_taken":["M","M","M","M","?","E","R","E","T","M","?","?","M","E","R","BOSS","M","?","?","?","?","R","E","R","T","R","M","E","?","?","R","BOSS","M","M","M","?","M"],"items_purchased_type":["Card","Card","Card"],"build_version":"2020-12-22","purchased_purges":1,"victory":false,"max_hp_per_floor":[75,75,75,75,75,75,75,75,75,75,75,75,75,75,75,75,75,75,75,75,75,75,75,75,75,75,75,75,75,75,80,80,80,80,80,80,80,80,80,80],"card_choices":[{"not_picked":["Compile Driver","Stack"],"picked":"Beam Cell","floor":1.0},{"not_picked":["Aggregate","Doom and Gloom"],"picked":"Steam","floor":2.0},{"not_picked":["White Noise","Ball Lightning"],"picked":"Gash","floor":3.0},{"not_picked":["Barrage","Coolheaded"],"picked":"All For One","floor":4.0},{"not_picked":["Ball Lightning","Turbo","Sweeping Beam"],"picked":"SKIP","floor":5.0},{"not_picked":["Sweeping Beam","Go for the Eyes"],"picked":"Gash","floor":6.0},{"not_picked":["Loop","Hyperbeam"],"picked":"Sunder","floor":8.0},{"not_picked":["Coolheaded","Barrage"],"picked":"Defragment","floor":10.0},{"not_picked":["Barrage","Darkness"],"picked":"Genetic Algorithm","floor":13.0},{"not_picked":["Steam Power","Rebound"],"picked":"Consume","floor":14.0},{"not_picked":["Rainbow","Multi-Cast"],"picked":"Amplify","floor":16.0},{"not_picked":["Compile Driver","Chaos+1","Turbo"],"picked":"SKIP","floor":18.0},{"not_picked":["Multi-Cast","Conserve Battery"],"picked":"Hologram+1","floor":24.0},{"not_picked":["Go for the Eyes","Aggregate"],"picked":"Stack+1","floor":28.0},{"not_picked":["Aggregate","Multi-Cast"],"picked":"Reinforced Body","floor":29.0},{"not_picked":["Electrodynamics","Amplify"],"picked":"Core Surge","floor":33},{"not_picked":["Coolheaded","Self Repair"],"picked":"Rip and Tear+1","floor":35},{"not_picked":["Sweeping Beam","Coolheaded"],"picked":"Loop+1","floor":36},{"not_picked":["Leap+1","Turbo"],"picked":"Melter+1","floor":37}],"player_experience":62992,"relics_obtained":[{"floor":6.0,"key":"Eternal Feather"},{"floor":8.0,"key":"MealTicket"},{"floor":9.0,"key":"HornCleat"},{"floor":14.0,"key":"PreservedInsect"},{"floor":24.0,"key":"Omamori"},{"floor":26.0,"key":"Bottled Flame"},{"floor":29.0,"key":"War Paint"}],"event_choices":[{"cards_removed":["Strike_B"],"damage_healed":0.0,"max_hp_gain":0.0,"max_hp_loss":0.0,"gold_gain":0.0,"event_name":"Bonfire Elementals","player_choice":"Offered Basic","floor":12.0,"gold_loss":0.0,"damage_taken":0.0},{"damage_healed":0.0,"max_hp_gain":0.0,"max_hp_loss":0.0,"gold_gain":0.0,"event_name":"Drug Dealer","player_choice":"Obtain J.A.X.","floor":20.0,"gold_loss":0.0,"damage_taken":0.0,"cards_obtained":["J.A.X."]},{"cards_removed":["Defend_B"],"damage_healed":0.0,"max_hp_gain":0.0,"max_hp_loss":0.0,"gold_gain":0.0,"event_name":"Beggar","player_choice":"Gave Gold","floor":21.0,"gold_loss":75.0,"damage_taken":0.0},{"damage_healed":0.0,"max_hp_gain":0.0,"max_hp_loss":0.0,"gold_gain":0.0,"event_name":"The Mausoleum","player_choice":"Opened","floor":22.0,"gold_loss":0.0,"damage_taken":0.0,"relics_obtained":["Girya"]},{"damage_healed":0.0,"max_hp_gain":5.0,"max_hp_loss":0.0,"gold_gain":0.0,"event_name":"Forgotten Altar","player_choice":"Shed Blood","floor":31.0,"gold_loss":0.0,"damage_taken":19.0},{"damage_healed":0,"gold_gain":300,"player_choice":"Gold","damage_taken":0,"max_hp_gain":0,"max_hp_loss":0,"event_name":"Wheel of Change","floor":38,"gold_loss":0}],"is_beta":false,"boss_relics":[{"not_picked":["Runic Dome","Tiny House"],"picked":"Ectoplasm"},{"not_picked":["Snecko Eye","Coffee Dripper"],"picked":"Inserter"}],"items_purged_floors":[19],"is_endless":false,"potions_floor_spawned":[2,5,6,10,13,16,24,28,29,35,37],"killed_by":"3 Darklings","ascension_level":5}}