{"host":"9op7xyky91xc1g6p","time":1611194864,"event":{"mods":["Act Like it!","Astrologer","Bartender","BaseMod","Beaked The Cultist","Better Altar","Better Note","Better Sensory Stone","Better Skull","Better Third Choice","Better Vampires","BshForSts","CapriCore","Energized Spire","Gensokyo","Hallownest","Hermit","HololiveMod","Infinite Spire","Koishi","Magitek Elite","Marisa????????","Minty Spire (QoL Compilation)","Random Character Button","Remilia??????","Retaliation","Robot Space Explorer","Shade Mod","SpireExporter+","StSLib","The Animator","The Disciple","The Dragon Tamer","The Elementalist","The Hierophant","The Immortal","The Marked","The Mystic","The Poker Player","The Runesmith","The Spell Scribe","TheBandit","Trackpad","Yuyuko","??????REMEMod"],"gold_per_floor":[115,221,237,248,19,19,19,33,33,33,33,50,5,18,18,117,117,129,279,279,292,24,24,39,49,75,87,87,87,87,135,135,235,235,250,160,13,13,13,28,28,38,90,90,105,16,16,42,42,234],"floor_reached":51,"language":"ENG","playtime":3542,"items_purged":[],"score":765,"play_id":"422db4e1-63b8-4abe-847c-12d0f0d92925","local_time":"20210120180744","is_ascension_mode":false,"campfire_choices":[{"floor":6,"key":"REST"},{"floor":10,"key":"REST"},{"floor":15,"key":"REST"},{"data":"hermit:Dive","floor":23,"key":"SMITH"},{"floor":32,"key":"REST"},{"data":"infinitespire:Collect","floor":41,"key":"SMITH"},{"floor":44,"key":"REST"},{"data":"hermit:GhostlyPresence","floor":49,"key":"SMITH"}],"circlet_count":0,"master_deck":["hermit:Strike_Hermit","hermit:Strike_Hermit","hermit:Strike_Hermit","hermit:Strike_Hermit","hermit:Defend_Hermit","hermit:Defend_Hermit","hermit:Defend_Hermit","hermit:Defend_Hermit","hermit:Snapshot","hermit:Covet","hermit:SprayPray","hermit:Determination","hermit:Enervate","hermit:PistolWhip","hermit:CalledShot+1","hermit:CursedWeapon","hermit:Misfire","hermit:BodyArmor","hermit:FromBeyond","hermit:Cheat","Finesse","Finesse","hermit:Misfire+1","hermit:Dive+1","hermit:Deadeye","hermit:PistolWhip","hermit:Coalescence","Regret","infinitespire:Collect+1","hermit:BlackWind","hermit:GhostlyPresence+1","Gensokyo:CustomPotion","Gensokyo:BlemishedSteel","Hololive_RevenueRecovery","Clumsy","infinitespire:Gouge","hermit:Magnum","hermit:Feint+1","hermit:CalledShot+1","Mind Blast","hermit:CursedWeapon+1"],"relics":["hermit:Momento","REME_ComplimentaryCards","Nunchaku","infinitespire:Beetle Shell","Bag of Preparation","trackpad:BiPhaseBiplane","infinitespire:EmpoweringShard","hermit:BartenderGlass","hermit:Horseshoe","Art of War","Question Card","trackpad:IceCube","Runesmith:AutoHammer","energizedSpire:DeadBattery","Gensokyo:TheCrow","Mythril_Glove","Juzu Bracelet","REME_PuzzleBoxRelic"],"acts_visited":["Gensokyo:Gensokyo","Hallownest:CityofTears","Gensokyo:Gensokyoest"],"potions_floor_usage":[16,16,16,18,18,24,25,25,33,33,33,35,35,40,40,42,45,48,48,48,50,50,50],"damage_taken":[{"damage":2,"enemies":"Gensokyo:Gryphon","floor":1,"turns":3},{"damage":0,"enemies":"Gensokyo:3_Fairies","floor":3,"turns":3},{"damage":6,"enemies":"Gensokyo:Python","floor":4,"turns":3},{"damage":0,"enemies":"Gensokyo:LivingMonolith","floor":8,"turns":2},{"damage":11,"enemies":"Gensokyo:Gryphon_and_Rabbit","floor":12,"turns":4},{"damage":10,"enemies":"Gensokyo:5_Fairies","floor":14,"turns":4},{"damage":41,"enemies":"Gensokyo:Kokoro","floor":16,"turns":8},{"damage":7,"enemies":"Hallownest:3_Youths","floor":18,"turns":6},{"damage":4,"enemies":"Hallownest:Flukemon_and_Top","floor":21,"turns":2},{"damage":16,"enemies":"Hallownest:2_Flukemon","floor":24,"turns":7},{"damage":20,"enemies":"Hallownest:3_Mistakes","floor":25,"turns":5},{"damage":2,"enemies":"Hallownest:Warrior_and_Youth","floor":27,"turns":3},{"damage":20,"enemies":"Hallownest:BossSoulMaster","floor":33,"turns":7},{"damage":4,"enemies":"Gensokyo:AncientGuardian","floor":35,"turns":3},{"damage":8,"enemies":"Gensokyo:3_Boulders","floor":40,"turns":4},{"damage":10,"enemies":"Gensokyo:4_Bats","floor":42,"turns":2},{"damage":6,"enemies":"Gensokyo:SeedOfUnknown","floor":45,"turns":2},{"damage":4,"enemies":"Gensokyo:Marisa","floor":48,"turns":2},{"damage":44,"enemies":"Gensokyo:Scarlet_Devils","floor":50,"turns":6}],"seed_played":"3175944741659123432","potions_obtained":[{"floor":8,"key":"FearPotion"},{"floor":12,"key":"hermit:BlackBile"},{"floor":14,"key":"hermit:BlackBile"},{"floor":16,"key":"LiquidMemories"},{"floor":18,"key":"Explosive Potion"},{"floor":33,"key":"Swift Potion"},{"floor":45,"key":"AttackPotion"},{"floor":48,"key":"SteroidPotion"}],"is_trial":false,"path_per_floor":["M","?","M","M","$","R","?","M","T","R","?","M","$","M","R","B",null,"M","?","?","M","$","R","M","M","T","M","?","?","AVR","T","R","B",null,"M","?","COS","?","?","M","R","M","T","R","M","$","?","E","R","B",null],"character_chosen":"HERMIT","items_purchased":["trackpad:BiPhaseBiplane","hermit:PistolWhip","hermit:Misfire","hermit:Horseshoe","hermit:Dive","Mind Blast"],"campfire_rested":5,"item_purchase_floors":[5,5,13,22,22,46],"current_hp_per_floor":[73,34,34,28,28,50,50,50,50,72,72,61,61,51,73,32,75,68,68,68,64,64,64,48,28,28,26,26,26,26,26,48,28,75,71,71,71,71,71,63,63,53,53,75,69,69,58,54,54,37],"gold":234,"neow_bonus":"RANDOM_COMMON_RELIC","is_daily":false,"chose_seed":false,"campfire_upgraded":3,"win_rate":0.0,"timestamp":1611194864,"path_taken":["M","?","M","M","?","R","?","M","T","R","?","?","?","M","R","BOSS","M","?","?","?","$","R","M","M","T","M","?","?","AVR","?","R","BOSS","M","?","COS","?","?","M","R","M","T","R","M","?","?","E","R","BOSS"],"items_purchased_type":["Relic","Card","Card","Relic","Card","Card"],"build_version":"2020-12-22","purchased_purges":0,"victory":true,"max_hp_per_floor":[75,75,75,75,75,75,75,75,75,75,75,75,75,75,75,75,75,75,75,75,75,75,75,75,75,75,75,75,75,75,75,75,75,75,75,75,75,75,75,75,75,75,75,75,75,75,75,75,75,75],"card_choices":[{"not_picked":["hermit:Manifest","hermit:Brawl"],"picked":"hermit:SprayPray","floor":1},{"not_picked":["hermit:Desperado","hermit:EyeOfTheStorm"],"picked":"hermit:Determination","floor":3},{"not_picked":["hermit:Quickdraw","hermit:Headshot"],"picked":"hermit:Enervate","floor":4},{"not_picked":["hermit:TrackingShot","hermit:Misfire"],"picked":"hermit:Desperado","floor":8},{"not_picked":["hermit:HoleUp","hermit:Midnight"],"picked":"hermit:CursedWeapon","floor":12},{"not_picked":["hermit:OverwhelmingPower","hermit:Quickdraw"],"picked":"hermit:BodyArmor","floor":14},{"not_picked":["hermit:Purgatory","hermit:HighNoon"],"picked":"hermit:FromBeyond","floor":16},{"not_picked":["hermit:Brawl","hermit:Enervate"],"picked":"hermit:Cheat","floor":18},{"not_picked":["Dramatic Entrance","Sadistic Nature"],"picked":"Finesse","floor":20},{"not_picked":["REME_BodyOfCthun","Deep Breath"],"picked":"Finesse","floor":20},{"not_picked":["hermit:Quickdraw","hermit:LuckOfTheDraw"],"picked":"hermit:Misfire+1","floor":21},{"not_picked":["hermit:HoleUp","hermit:Brawl"],"picked":"hermit:Deadeye","floor":24},{"not_picked":["hermit:Feint","hermit:BodyArmor"],"picked":"hermit:PistolWhip","floor":25},{"not_picked":["hermit:Misfire","hermit:Deadeye"],"picked":"hermit:Coalescence","floor":27},{"not_picked":["hermit:FatalDesire","hermit:DeadOrAlive","hermit:OverwhelmingPower"],"picked":"hermit:BlackWind","floor":33},{"not_picked":["hermit:Manifest+1","hermit:Feint","hermit:Headshot"],"picked":"hermit:GhostlyPresence","floor":35},{"not_picked":["infinitespire:FinalStrike","infinitespire:UltimateForm"],"picked":"infinitespire:Gouge","floor":38},{"not_picked":["hermit:Coalescence+1","hermit:Roulette+1","hermit:Midnight+1"],"picked":"hermit:Magnum","floor":40},{"not_picked":["hermit:Snipe","hermit:Desperado","hermit:Dive"],"picked":"hermit:Feint+1","floor":42},{"not_picked":["hermit:Ricochet","hermit:Cheat+1","hermit:Determination"],"picked":"hermit:CalledShot+1","floor":45},{"not_picked":["hermit:EyeOfTheStorm","hermit:CalledShot+1","hermit:Headshot+1"],"picked":"hermit:CursedWeapon+1","floor":48}],"player_experience":424232,"relics_obtained":[{"floor":9,"key":"infinitespire:EmpoweringShard"},{"floor":26,"key":"Art of War"},{"floor":31,"key":"Runesmith:AutoHammer"},{"floor":43,"key":"Juzu Bracelet"},{"floor":48,"key":"REME_PuzzleBoxRelic"}],"event_choices":[{"damage_healed":0,"gold_gain":106,"player_choice":"RE RE GO ","damage_taken":44,"relics_obtained":["infinitespire:Beetle Shell","Bag of Preparation"],"max_hp_gain":0,"max_hp_loss":0,"event_name":"betterSkull:BetterSkull","floor":2,"gold_loss":0,"cards_upgraded":[]},{"damage_healed":0,"gold_gain":2,"player_choice":"1","damage_taken":0,"max_hp_gain":0,"max_hp_loss":0,"event_name":"betterStone:BetterStone","floor":20,"gold_loss":0}],"is_beta":false,"boss_relics":[{"not_picked":["energizedSpire:NeverEndingSparkler","hermit:ClaspedLocket"],"picked":"hermit:BartenderGlass"},{"not_picked":["beaked:MawFillet","Velvet Choker"],"picked":"energizedSpire:DeadBattery"}],"items_purged_floors":[],"is_endless":false,"potions_floor_spawned":[8,12,14,16,18,33,40,45,48],"ascension_level":0}}