{"host":"haq22x9zdvtvc76a","time":1611269090,"event":{"mods":["BaseMod","Downfall","Minty Spire (QoL Compilation)","StSLib"],"gold_per_floor":[99,109,129,142,156,186,213,213,213,213],"floor_reached":8,"language":"ENG","playtime":636,"items_purged":[],"score":58,"play_id":"73882f35-6544-4d94-b413-c204d4729956","local_time":"20210121174450","is_ascension_mode":false,"campfire_choices":[{"floor":1,"key":"RECALL"}],"circlet_count":0,"master_deck":["bronze:Strike","bronze:Strike","bronze:Strike","bronze:Strike","bronze:Defend","bronze:Defend","bronze:Defend","bronze:Defend","bronze:Replicate","bronze:Goto","bronze:Branch","bronze:Flail","bronze:Return","bronze:BronzeOrb"],"relics":["bronze:BronzeCore","Pocketwatch","Bag of Preparation","Orichalcum"],"acts_visited":["Exordium"],"potions_floor_usage":[6,8],"damage_taken":[{"damage":0,"enemies":"Small Slimes","floor":2,"turns":3},{"damage":0,"enemies":"2 Louse","floor":3,"turns":3},{"damage":0,"enemies":"Cultist","floor":4,"turns":3},{"damage":19,"enemies":"Exordium Wildlife","floor":5,"turns":7},{"damage":12,"enemies":"3 Sentries","floor":6,"turns":4},{"damage":37,"enemies":"Gremlin Nob","floor":8,"turns":4}],"seed_played":"-5076839433852578832","potions_obtained":[{"floor":2,"key":"PowerPotion"},{"floor":4,"key":"bronze:FreeFunctionsPotion"}],"is_trial":false,"path_per_floor":["R","M","M","M","M","E","T","E"],"character_chosen":"THE_AUTOMATON","items_purchased":[],"campfire_rested":0,"item_purchase_floors":[],"current_hp_per_floor":[63,63,63,63,44,32,32,0,0,0],"gold":213,"neow_bonus":"ONE_RARE_RELIC","is_daily":false,"chose_seed":false,"campfire_upgraded":0,"win_rate":0.0,"timestamp":1611269090,"path_taken":["R","M","M","M","M","E","T","E"],"items_purchased_type":[],"build_version":"2020-12-22","purchased_purges":0,"victory":false,"max_hp_per_floor":[63,63,63,63,63,63,63,63,63,63],"card_choices":[{"not_picked":["bronze:CutThrough","bronze:Turbo","bronze:Invalidate"],"picked":"SKIP","floor":2},{"not_picked":["bronze:WhirlingStrike","bronze:Deprecate"],"picked":"bronze:Branch","floor":3},{"not_picked":["bronze:Repulsor","bronze:Turbo"],"picked":"bronze:Flail","floor":4},{"not_picked":["bronze:Frontload","bronze:Overheat"],"picked":"bronze:Return","floor":5},{"not_picked":["bronze:BronzeArmor","bronze:CleanCode"],"picked":"bronze:BronzeOrb","floor":6}],"player_experience":1635871,"relics_obtained":[{"floor":6,"key":"Bag of Preparation"},{"floor":7,"key":"Orichalcum"}],"event_choices":[],"is_beta":false,"boss_relics":[],"items_purged_floors":[],"is_endless":false,"potions_floor_spawned":[2,4],"killed_by":"Gremlin Nob","ascension_level":0}}