{"host":"ftwnpa9ceeptmrn1","time":1611194035,"event":{"mods":["Aspiration","BaseMod","Colored Map","Colored Powertips","Conspire","Downfall","Hubris","Infinite Spire","Minty Spire (QoL Compilation)","Relic Stats","StSLib","Waifu the Spire","vexMod"],"gold_per_floor":[109,109,122,135,146,146,146,146],"floor_reached":7,"language":"ENG","playtime":595,"items_purged":[],"score":47,"play_id":"9433a64a-c683-4856-9e55-532eb3efe66a","local_time":"20210120195355","is_ascension_mode":true,"campfire_choices":[{"floor":6,"key":"REST"}],"circlet_count":0,"master_deck":["Strike_B","Strike_B","Strike_B","Defend_B","Defend_B","Defend_B","Defend_B","Zap","Dualcast","Self Repair","hubris:PowerSurge","conspire:Rain","Gash"],"relics":["Cracked Core"],"acts_visited":["Exordium"],"potions_floor_usage":[7],"damage_taken":[{"damage":7,"enemies":"Small Slimes","floor":1,"turns":3},{"damage":9,"enemies":"2 Louse","floor":3,"turns":4},{"damage":7,"enemies":"Jaw Worm","floor":4,"turns":4},{"damage":55,"enemies":"Gremlin Gang","floor":5,"turns":5},{"damage":58,"enemies":"Gremlin Nob","floor":7,"turns":4}],"seed_played":"-7757237802088988762","potions_obtained":[{"floor":5,"key":"bronze:BurnAndBuffPotion"}],"is_trial":false,"path_per_floor":["M","?","M","M","M","R","E"],"character_chosen":"DEFECT","items_purchased":[],"campfire_rested":1,"item_purchase_floors":[],"current_hp_per_floor":[75,68,66,66,18,42,0,0],"gold":146,"neow_bonus":"TEN_PERCENT_HP_BONUS","is_daily":false,"chose_seed":false,"campfire_upgraded":0,"win_rate":0.0,"timestamp":1611194035,"path_taken":["M","?","M","M","M","R","E"],"items_purchased_type":[],"build_version":"2020-12-22","purchased_purges":0,"victory":false,"max_hp_per_floor":[82,82,82,82,82,82,82,82],"relic_stats":{"counters":[5,20],"obtain_stats":[{"Cracked Core":0},{"Cracked Core":0},{"Cracked Core":0}]},"card_choices":[{"not_picked":["Hello World","hubris:PowerSurge"],"picked":"Self Repair","floor":1},{"not_picked":["Chill","Storm"],"picked":"hubris:PowerSurge","floor":3},{"not_picked":["Barrage","Reboot"],"picked":"conspire:Rain","floor":4},{"not_picked":["Turbo","Chaos"],"picked":"Gash","floor":5}],"player_experience":262910,"relics_obtained":[],"event_choices":[{"cards_removed":["Strike_B"],"damage_healed":0,"gold_gain":0,"player_choice":"Card Removal","damage_taken":7,"max_hp_gain":0,"max_hp_loss":0,"event_name":"Golden Wing","floor":2,"gold_loss":0}],"is_beta":false,"boss_relics":[],"items_purged_floors":[],"is_endless":false,"potions_floor_spawned":[5],"killed_by":"Gremlin Nob","ascension_level":2}}