{"host":"sav7uxregyirlf69","time":1611202856,"event":{"mods":["AchievementEnabler","BaseMod","Colored Map","DeckTracker","Keyboard Shortcuts","Minty Spire (QoL Compilation)","READ ME - Guardian Mod","StSLib","SuperFastMode"],"gold_per_floor":[118,193,36,36,47,72,88,102,126,147,72,92,92,123,123,123,123],"floor_reached":16,"language":"KOR","playtime":207,"items_purged":["Strike_G"],"score":270,"play_id":"6f2fa902-7ee3-48de-9f67-a15b28e24c8b","local_time":"20210121132056","is_ascension_mode":true,"campfire_choices":[{"data":"Bouncing Flask","floor":15,"key":"SMITH"}],"circlet_count":0,"master_deck":["AscendersBane","Strike_G","Strike_G","Strike_G","Strike_G","Defend_G","Defend_G","Defend_G","Defend_G","Defend_G","Survivor","Neutralize+1","Bouncing Flask+1","Backstab","Poisoned Stab"],"relics":["Ring of the Snake","NeowsBlessing","Snake Skull","MealTicket","Oddly Smooth Stone","Odd Mushroom","Golden Idol","PreservedInsect"],"acts_visited":["Exordium"],"potions_floor_usage":[10,14,16],"damage_taken":[{"damage":0,"enemies":"Cultist","floor":1,"turns":1},{"damage":0,"enemies":"Small Slimes","floor":5,"turns":1},{"damage":0,"enemies":"Lagavulin","floor":6,"turns":1},{"damage":4,"enemies":"Jaw Worm","floor":7,"turns":3},{"damage":2,"enemies":"2 Fungi Beasts","floor":8,"turns":3},{"damage":11,"enemies":"The Mushroom Lair","floor":10,"turns":4},{"damage":3,"enemies":"3 Louse","floor":12,"turns":3},{"damage":6,"enemies":"Gremlin Nob","floor":14,"turns":3},{"damage":19,"enemies":"Slime Boss","floor":16,"turns":4}],"seed_played":"-6913585950594919321","potions_obtained":[{"floor":1,"key":"ColorlessPotion"},{"floor":7,"key":"SteroidPotion"},{"floor":8,"key":"LiquidMemories"},{"floor":12,"key":"PowerPotion"}],"is_trial":false,"path_per_floor":["M","?","$","?","M","E","M","M","T","?","$","M","?","E","R","B"],"character_chosen":"THE_SILENT","items_purchased":["Snake Skull"],"campfire_rested":0,"item_purchase_floors":[3],"current_hp_per_floor":[59,48,48,48,48,48,44,42,42,31,46,43,20,14,14,0,0],"gold":123,"neow_bonus":"THREE_ENEMY_KILL","is_daily":false,"chose_seed":false,"campfire_upgraded":1,"win_rate":0.0,"timestamp":1611202856,"path_taken":["M","?","$","?","?","E","M","M","T","?","$","M","?","E","R","BOSS"],"items_purchased_type":["Relic"],"build_version":"2020-12-22","purchased_purges":1,"victory":false,"max_hp_per_floor":[66,66,66,66,66,66,66,66,66,66,66,66,66,66,66,66,66],"card_choices":[{"not_picked":["Bane","Accuracy","Distraction"],"picked":"SKIP","floor":1},{"not_picked":["Terror","Finisher","Bane"],"picked":"SKIP","floor":5},{"not_picked":["Dodge and Roll","Concentrate"],"picked":"Bouncing Flask","floor":6},{"not_picked":["Concentrate","Outmaneuver"],"picked":"Backstab","floor":7},{"not_picked":["Finisher","Acrobatics","Outmaneuver"],"picked":"SKIP","floor":8},{"not_picked":["Endless Agony","Dodge and Roll"],"picked":"Poisoned Stab","floor":10},{"not_picked":["All Out Attack","Cloak And Dagger","Well Laid Plans"],"picked":"SKIP","floor":12},{"not_picked":["Night Terror","Deflect","Caltrops"],"picked":"SKIP","floor":14}],"player_experience":1338740,"relics_obtained":[{"floor":6,"key":"MealTicket"},{"floor":9,"key":"Oddly Smooth Stone"},{"floor":10,"key":"Odd Mushroom"},{"floor":14,"key":"PreservedInsect"}],"event_choices":[{"damage_healed":0,"gold_gain":75,"player_choice":"Gather Gold","damage_taken":11,"max_hp_gain":0,"max_hp_loss":0,"event_name":"World of Goop","floor":2,"gold_loss":0},{"damage_healed":0,"gold_gain":0,"player_choice":"Forge","damage_taken":0,"max_hp_gain":0,"max_hp_loss":0,"event_name":"Accursed Blacksmith","floor":4,"gold_loss":0,"cards_upgraded":["Neutralize"]},{"damage_healed":0,"gold_gain":0,"player_choice":"Fought Mushrooms","damage_taken":0,"max_hp_gain":0,"max_hp_loss":0,"event_name":"Mushrooms","floor":10,"gold_loss":0},{"damage_healed":0,"gold_gain":0,"player_choice":"Take Damage","damage_taken":23,"relics_obtained":["Golden Idol"],"max_hp_gain":0,"max_hp_loss":0,"event_name":"Golden Idol","floor":13,"gold_loss":0}],"is_beta":false,"boss_relics":[],"items_purged_floors":[11],"is_endless":false,"potions_floor_spawned":[1,7,8,12],"killed_by":"Slime Boss","ascension_level":20}}