{"host":"w3q5ijqu8eoknil3","time":1611235145,"event":{"mods":["AchievementEnabler","BaseMod","Block Reminder","Colored Map","Colored Powertips","Curses Come First","Dark Map","Minty Spire (QoL Compilation)","Quick Restart","Relic Stats","StSLib","ojb\u0027s Better Paths Mod","ojb\u0027s Info Mod","slay the spire mod where everything is the same but ironclad has a cowboy hat"],"gold_per_floor":[114,38,38,38,38,71,86,86,132,167,167,187,187,227,227,318,318,341,365,380,57,57,57,90,90,90,129,129,147,166,4,4,4,4],"floor_reached":33,"language":"ENG","playtime":870,"items_purged":[],"score":667,"play_id":"c4d0e53f-340c-4875-854e-c0da9ec0932e","local_time":"20210121131905","is_ascension_mode":true,"campfire_choices":[{"data":"Crippling Poison","floor":8,"key":"SMITH"},{"data":"Poisoned Stab","floor":11,"key":"SMITH"},{"floor":15,"key":"REST"},{"data":"Burst","floor":23,"key":"SMITH"},{"floor":25,"key":"REST"},{"data":"Deadly Poison","floor":28,"key":"SMITH"},{"floor":32,"key":"REST"}],"circlet_count":0,"master_deck":["AscendersBane","Strike_G","Strike_G","Defend_G","Defend_G","Defend_G","Defend_G","Defend_G","Survivor","Neutralize","Dagger Spray","Crippling Poison+1","Deadly Poison+1","Poisoned Stab+1","Bane+1","Burst+1","Acrobatics","Corpse Explosion","Dagger Spray+1","Dash+1","Deadly Poison+1","Backstab+1","Crippling Poison+1","Skewer+1","Blade Dance","PiercingWail","Endless Agony+1"],"relics":["Ring of the Snake","NeowsBlessing","Golden Idol","Regal Pillow","Bronze Scales","Mango","Molten Egg 2","Empty Cage","Shuriken","Toy Ornithopter","InkBottle","HornCleat","TwistedFunnel"],"acts_visited":["Exordium","TheCity"],"potions_floor_usage":[16,24,27],"damage_taken":[{"damage":0,"enemies":"Small Slimes","floor":1,"turns":1},{"damage":0,"enemies":"3 Sentries","floor":6,"turns":1},{"damage":0,"enemies":"2 Louse","floor":7,"turns":1},{"damage":20,"enemies":"Lagavulin","floor":10,"turns":5},{"damage":1,"enemies":"Cultist","floor":12,"turns":3},{"damage":29,"enemies":"Gremlin Nob","floor":14,"turns":4},{"damage":3,"enemies":"The Guardian","floor":16,"turns":9},{"damage":8,"enemies":"Spheric Guardian","floor":18,"turns":3},{"damage":0,"enemies":"3 Byrds","floor":19,"turns":2},{"damage":5,"enemies":"Centurion and Healer","floor":20,"turns":4},{"damage":44,"enemies":"Book of Stabbing","floor":24,"turns":4},{"damage":28,"enemies":"Slavers","floor":27,"turns":3},{"damage":13,"enemies":"Snake Plant","floor":29,"turns":3},{"damage":0,"enemies":"3 Cultists","floor":30,"turns":2},{"damage":58,"enemies":"Automaton","floor":33,"turns":6}],"seed_played":"-2499497497397405753","potions_obtained":[{"floor":1,"key":"Block Potion"},{"floor":7,"key":"SteroidPotion"},{"floor":12,"key":"Fire Potion"},{"floor":24,"key":"LiquidBronze"}],"is_trial":false,"path_per_floor":["M","$","?","?","?","E","M","R","T","E","R","M","?","E","R","B",null,"M","M","M","$","?","R","E","R","T","E","R","M","M","$","R","B"],"character_chosen":"THE_SILENT","items_purchased":["Crippling Poison","Shuriken","Backstab+1","TwistedFunnel"],"campfire_rested":3,"item_purchase_floors":[2,21,21,31],"current_hp_per_floor":[59,59,59,59,59,59,59,59,59,53,53,52,52,23,60,57,70,62,62,57,57,57,57,13,50,50,27,27,14,14,14,51,0,0],"gold":4,"neow_bonus":"THREE_ENEMY_KILL","is_daily":false,"chose_seed":false,"campfire_upgraded":4,"win_rate":0.0,"timestamp":1611235145,"path_taken":["M","$","?","?","?","E","?","R","T","E","R","M","?","E","R","BOSS","M","M","M","?","?","R","E","R","T","E","R","?","M","$","R","BOSS"],"items_purchased_type":["Card","Relic","Card","Relic"],"build_version":"2020-12-22","purchased_purges":0,"victory":false,"max_hp_per_floor":[66,66,66,60,60,60,60,60,60,74,74,74,74,74,74,74,74,74,74,74,74,74,74,74,74,74,74,74,74,74,74,74,74,74],"relic_stats":{"Regal Pillow":45,"counters":[15,51],"Golden Idol":83,"Shuriken":[4],"Bronze Scales":[162],"obtain_stats":[{"TwistedFunnel":31,"Regal Pillow":6,"NeowsBlessing":0,"Golden Idol":4,"Mango":10,"Empty Cage":17,"HornCleat":27,"Shuriken":21,"Bronze Scales":9,"Molten Egg 2":14,"Toy Ornithopter":24,"InkBottle":26,"Ring of the Snake":0},{"TwistedFunnel":14,"Regal Pillow":2,"NeowsBlessing":0,"Golden Idol":1,"Mango":4,"Empty Cage":7,"HornCleat":12,"Shuriken":10,"Bronze Scales":3,"Molten Egg 2":6,"Toy Ornithopter":11,"InkBottle":11,"Ring of the Snake":0},{"TwistedFunnel":45,"Regal Pillow":2,"NeowsBlessing":0,"Golden Idol":1,"Mango":8,"Empty Cage":24,"HornCleat":40,"Shuriken":33,"Bronze Scales":3,"Molten Egg 2":15,"Toy Ornithopter":37,"InkBottle":37,"Ring of the Snake":0}],"Toy Ornithopter":5,"InkBottle":[4],"Ring of the Snake":[30]},"card_choices":[{"not_picked":["Leg Sweep","Escape Plan"],"picked":"Dagger Spray","floor":1},{"not_picked":["Flying Knee","Dodge and Roll"],"picked":"Deadly Poison","floor":6},{"not_picked":["Dagger Throw","Cloak And Dagger"],"picked":"Poisoned Stab","floor":7},{"not_picked":["Crippling Poison","Setup"],"picked":"Bane","floor":10},{"not_picked":["Deflect","Backflip"],"picked":"Burst","floor":12},{"not_picked":["Blade Dance","Accuracy"],"picked":"Acrobatics","floor":14},{"not_picked":["Burst","After Image"],"picked":"Corpse Explosion","floor":16},{"not_picked":["Tactician","Dodge and Roll+1"],"picked":"Dagger Spray+1","floor":18},{"not_picked":["Dodge and Roll","Heel Hook+1"],"picked":"Dash+1","floor":19},{"not_picked":["Eviscerate+1","Quick Slash+1"],"picked":"Deadly Poison+1","floor":20},{"not_picked":["Dagger Spray+1","Bane+1"],"picked":"Skewer+1","floor":24},{"not_picked":["Expertise","Grand Finale+1"],"picked":"Blade Dance","floor":27},{"not_picked":["Acrobatics","Cloak And Dagger"],"picked":"PiercingWail","floor":29},{"not_picked":["Underhanded Strike+1","Setup"],"picked":"Endless Agony+1","floor":30}],"player_experience":1002182,"relics_obtained":[{"floor":6,"key":"Regal Pillow"},{"floor":9,"key":"Bronze Scales"},{"floor":10,"key":"Mango"},{"floor":14,"key":"Molten Egg 2"},{"floor":24,"key":"Toy Ornithopter"},{"floor":26,"key":"InkBottle"},{"floor":27,"key":"HornCleat"}],"event_choices":[{"damage_healed":0,"gold_gain":0,"player_choice":"Ignored","damage_taken":0,"max_hp_gain":0,"max_hp_loss":0,"event_name":"Liars Game","floor":3,"gold_loss":0},{"damage_healed":0,"gold_gain":0,"player_choice":"Lose Max HP","damage_taken":0,"relics_obtained":["Golden Idol"],"max_hp_gain":0,"max_hp_loss":6,"event_name":"Golden Idol","floor":4,"gold_loss":0},{"cards_removed":["Strike_G"],"damage_healed":0,"gold_gain":0,"player_choice":"Purged","damage_taken":0,"max_hp_gain":0,"max_hp_loss":0,"event_name":"Purifier","floor":5,"gold_loss":0},{"damage_healed":0,"gold_gain":0,"player_choice":"Upgraded","damage_taken":0,"max_hp_gain":0,"max_hp_loss":0,"event_name":"Upgrade Shrine","floor":13,"gold_loss":0,"cards_upgraded":["Bane"]},{"damage_healed":0,"gold_gain":0,"player_choice":"Copied","damage_taken":0,"max_hp_gain":0,"max_hp_loss":0,"event_name":"Duplicator","floor":22,"gold_loss":0,"cards_obtained":["Crippling Poison"]}],"is_beta":false,"boss_relics":[{"not_picked":["Ectoplasm","Runic Dome"],"picked":"Empty Cage"}],"items_purged_floors":[],"is_endless":false,"potions_floor_spawned":[1,7,12,24],"killed_by":"Automaton","ascension_level":18}}