{"host":"p8f0otjoacyb9giz","time":1611248805,"event":{"mods":["AchievementEnabler","BaseMod","Downfall","Minty Spire (QoL Compilation)","StSLib"],"gold_per_floor":[99,115,135,285,121,151,151,151,169,200,0,0,0,0,19,117,117,117,134,134,153,164,149,149,249,249,149,181,181,197,229,247,343,343,343,358,358,377,377,564,564,584,584,594,594,27,102,122,140,140,140,165,85,85,85,85,85,85],"floor_reached":56,"language":"ENG","playtime":1977,"items_purged":[],"score":1072,"play_id":"b577b36f-4d01-46e7-b55c-96516ae0879b","local_time":"20210121200645","is_ascension_mode":true,"campfire_choices":[{"data":"bronze:Replicate","floor":1,"key":"SMITH"},{"data":"bronze:Format","floor":11,"key":"SMITH"},{"floor":18,"key":"RECALL"},{"data":"bronze:Terminator","floor":27,"key":"SMITH"},{"data":"bronze:Mutator","floor":29,"key":"SMITH"},{"data":"bronze:FindAndReplace","floor":35,"key":"SMITH"},{"data":"bronze:GetLatest","floor":43,"key":"SMITH"},{"data":"bronze:Iterate","floor":54,"key":"SMITH"}],"circlet_count":0,"master_deck":["bronze:Strike","bronze:Strike","bronze:Strike","bronze:Strike","bronze:Defend","bronze:Defend","bronze:Defend","bronze:Defend","bronze:Replicate+1","bronze:Goto","CurseOfTheBell","bronze:Separator","bronze:Iterate","downfall:Icky","bronze:Format+1","bronze:ItsAFeature","bronze:GetLatest+1","bronze:Spike","bronze:DazingPulse","bronze:Explode","bronze:Separator","bronze:CleanCode","bronze:WildBeam+1","bronze:Refactor","bronze:Terminator+1","downfall:Icky","Injury","downfall:Haunted","bronze:BurnOut","Regret","downfall:Haunted","bronze:Mutator+1","bronze:ChildClass+1","bronze:MaxOutput+1","bronze:Philosophize+1","bronze:FindAndReplace+1","bronze:Verify","bronze:Iterate+1","expansioncontent:AwakenDeath+1","bronze:Flail+1","bronze:BronzeOrb+1"],"relics":["Calling Bell","Ornamental Fan","champ:DuelingGlove","bronze:BronzeIdol","Mercury Hourglass","downfall:ShatteredFragment","Blue Candle","downfall:HeartBlessingBlue","downfall:HeartBlessingGreen","Sozu","downfall:RedIOU","Bottled Lightning","Du-Vu Doll","Ginger","downfall:HeartBlessingRed","Matryoshka","Akabeko","Runic Pyramid","Bag of Marbles","Blood Vial","Guardian:BottledAnomaly","MealTicket","Frozen Egg 2","bronze:CableSpool","Turnip","Molten Egg 2","Guardian:PocketSentry"],"acts_visited":["Exordium","TheCity","TheBeyond","TheEnding"],"potions_floor_usage":[14,23],"damage_taken":[{"damage":0,"enemies":"Small Slimes","floor":2,"turns":4},{"damage":0,"enemies":"2 Louse","floor":3,"turns":3},{"damage":6,"enemies":"downfall:FleeingMerchant","floor":5,"turns":4},{"damage":23,"enemies":"Lagavulin","floor":6,"turns":5},{"damage":0,"enemies":"Jaw Worm","floor":9,"turns":2},{"damage":14,"enemies":"3 Sentries","floor":10,"turns":6},{"damage":2,"enemies":"downfall:FleeingMerchant","floor":12,"turns":4},{"damage":16,"enemies":"downfall:FleeingMerchant","floor":14,"turns":3},{"damage":0,"enemies":"2 Fungi Beasts","floor":15,"turns":2},{"damage":0,"enemies":"SI_SHIV_ARCHETYPE","floor":16,"turns":6},{"damage":6,"enemies":"Shell Parasite","floor":19,"turns":4},{"damage":5,"enemies":"Spheric Guardian","floor":21,"turns":3},{"damage":0,"enemies":"Centurion and Healer","floor":22,"turns":2},{"damage":17,"enemies":"downfall:FleeingMerchant","floor":23,"turns":4},{"damage":0,"enemies":"Book of Stabbing","floor":28,"turns":2},{"damage":2,"enemies":"Chosen and Byrds","floor":30,"turns":2},{"damage":1,"enemies":"Gremlin Leader","floor":31,"turns":2},{"damage":1,"enemies":"Snecko","floor":32,"turns":2},{"damage":31,"enemies":"IC_MUSHROOM_ARCHETYPE","floor":33,"turns":2},{"damage":0,"enemies":"3 Shapes","floor":36,"turns":1},{"damage":1,"enemies":"Orb Walker","floor":38,"turns":2},{"damage":0,"enemies":"downfall:FleeingMerchant","floor":40,"turns":1},{"damage":0,"enemies":"Sphere and 2 Shapes","floor":42,"turns":2},{"damage":0,"enemies":"Jaw Worm Horde","floor":44,"turns":1},{"damage":3,"enemies":"4 Shapes","floor":48,"turns":2},{"damage":1,"enemies":"Spire Growth","floor":49,"turns":2},{"damage":46,"enemies":"DF_ARCHETYPE_ORBS","floor":50,"turns":3},{"damage":41,"enemies":"downfall:CharBossMerchant","floor":52,"turns":5},{"damage":18,"enemies":"downfall:NeowBoss","floor":55,"turns":6},{"damage":80,"enemies":"downfall:NeowBossFinal","floor":56,"turns":3}],"seed_played":"-8073326199126800446","potions_obtained":[{"floor":2,"key":"FearPotion"},{"floor":9,"key":"GamblersBrew"},{"floor":10,"key":"LiquidMemories"},{"floor":15,"key":"sneckomod:MuddlingPotion"}],"is_trial":false,"path_per_floor":["R","M","M","?","$","E","T","?","M","E","R","$","?","?","M","B",null,"R","M","?","M","M","$","T","?","T","R","E","R","M","E","M","B",null,"R","M","?","M","?","$","T","M","R","M","?","$","T","M","M","B",null,"E","$","R","B","B"],"character_chosen":"THE_AUTOMATON","items_purchased":["bronze:BronzeIdol","Guardian:BottledAnomaly","bronze:CableSpool","Turnip","bronze:BronzeOrb+1"],"campfire_rested":0,"item_purchase_floors":[5,40,46,46,53],"current_hp_per_floor":[70,70,70,70,64,41,41,20,20,6,16,14,40,24,24,24,80,80,74,74,69,69,52,52,57,57,57,57,57,55,54,53,22,85,85,85,85,84,84,85,85,85,85,85,85,85,85,82,83,39,85,44,59,59,43,0,0,0],"gold":85,"neow_bonus":"BOSS_RELIC","is_daily":false,"chose_seed":false,"campfire_upgraded":7,"win_rate":0.0,"timestamp":1611248805,"path_taken":["R","M","M","?","$","E","T","?","M","E","R","$","?","?","M","BOSS","R","M","?","M","M","$","T","?","?","R","E","R","M","E","M","BOSS","R","M","?","M","?","$","T","M","R","M","?","$","?","M","M","BOSS","E","$","R","BOSS","BOSS"],"items_purchased_type":["Relic","Relic","Relic","Relic","Card"],"build_version":"2020-12-22","purchased_purges":0,"victory":false,"max_hp_per_floor":[70,70,70,70,70,70,70,70,70,70,80,80,80,80,80,80,80,80,80,80,80,80,80,80,85,85,85,85,85,85,85,85,85,85,85,85,85,85,85,85,85,85,85,85,85,85,85,85,85,85,85,85,85,85,85,85,85,85],"card_choices":[{"not_picked":["bronze:MaxOutput","bronze:Shield"],"picked":"bronze:Separator","floor":2},{"not_picked":["bronze:DelayedGuard","bronze:Frontload"],"picked":"bronze:Iterate","floor":3},{"not_picked":["bronze:Repair","bronze:Return","bronze:BugBarrage"],"picked":"SKIP","floor":5},{"not_picked":["bronze:CutThrough","bronze:Repulsor"],"picked":"bronze:Format","floor":6},{"not_picked":["bronze:Turbo","bronze:DigitalCarnage"],"picked":"bronze:ItsAFeature","floor":9},{"not_picked":["bronze:DelayedSlice","bronze:BuggyMess"],"picked":"bronze:GetLatest","floor":10},{"not_picked":["bronze:DelayedSlice","bronze:FollowUp","bronze:Branch"],"picked":"SKIP","floor":12},{"not_picked":[],"picked":"bronze:Spike","floor":14},{"not_picked":[],"picked":"bronze:DazingPulse","floor":14},{"not_picked":[],"picked":"bronze:Explode","floor":14},{"not_picked":["bronze:WhirlingStrike","bronze:Fortify"],"picked":"bronze:Separator","floor":14},{"not_picked":["bronze:Shield","bronze:Iterate","bronze:ForLoop"],"picked":"SKIP","floor":15},{"not_picked":["bronze:Virus","bronze:HyperBeam"],"picked":"bronze:CleanCode","floor":16},{"not_picked":["bronze:ChildClass+1","bronze:Shield+1"],"picked":"bronze:WildBeam+1","floor":19},{"not_picked":["bronze:Shield","bronze:GetLatest"],"picked":"bronze:Refactor","floor":21},{"not_picked":["bronze:Branch","bronze:MaxOutput"],"picked":"bronze:Terminator","floor":22},{"not_picked":["bronze:CloningBeam","bronze:Frontload","bronze:CutThrough"],"picked":"SKIP","floor":23},{"not_picked":["bronze:OilSpill","bronze:Shell"],"picked":"bronze:Mutator","floor":28},{"not_picked":["bronze:DelayedSlice+1","bronze:FineTuning"],"picked":"bronze:ChildClass+1","floor":30},{"not_picked":["bronze:ChildClass+1","bronze:WhirlingStrike"],"picked":"bronze:MaxOutput+1","floor":31},{"not_picked":["bronze:Deprecate","bronze:BuggyMess"],"picked":"bronze:Philosophize+1","floor":32},{"not_picked":["bronze:Format","bronze:SpaghettiCode"],"picked":"bronze:FindAndReplace","floor":33},{"not_picked":["bronze:DelayedSlice","bronze:Deprecate+1","bronze:Backtrace+1"],"picked":"SKIP","floor":36},{"not_picked":["bronze:WildBeam+1","bronze:Branch","bronze:Refactor"],"picked":"SKIP","floor":38},{"not_picked":["bronze:Invalidate+1","bronze:Safeguard"],"picked":"bronze:Verify","floor":40},{"not_picked":["bronze:ItsAFeature+1","bronze:Constructor"],"picked":"bronze:Iterate","floor":42},{"not_picked":["bronze:Shield","bronze:DelayedSlice+1","bronze:DelayedGuard+1"],"picked":"SKIP","floor":44},{"not_picked":["expansioncontent:Hexaburn+1","expansioncontent:GuardianWhirl"],"picked":"expansioncontent:AwakenDeath+1","floor":45},{"not_picked":["bronze:BuggyMess","bronze:ChildClass+1","bronze:FineTuning+1"],"picked":"SKIP","floor":48},{"not_picked":["bronze:FineTuning","bronze:NullPointer+1"],"picked":"bronze:Flail+1","floor":49},{"not_picked":["bronze:Philosophize","bronze:BitShift+1","bronze:FindAndReplace"],"picked":"SKIP","floor":52}],"player_experience":386467,"relics_obtained":[{"floor":0,"key":"Anchor"},{"floor":0,"key":"Ornamental Fan"},{"floor":0,"key":"champ:DuelingGlove"},{"floor":6,"key":"Mercury Hourglass"},{"floor":10,"key":"Blue Candle"},{"floor":24,"key":"Bottled Lightning"},{"floor":26,"key":"Ginger"},{"floor":28,"key":"Matryoshka"},{"floor":31,"key":"Akabeko"},{"floor":39,"key":"Bag of Marbles"},{"floor":39,"key":"Blood Vial"},{"floor":41,"key":"MealTicket"},{"floor":41,"key":"Frozen Egg 2"},{"floor":47,"key":"Molten Egg 2"},{"floor":52,"key":"Guardian:PocketSentry"}],"event_choices":[{"damage_healed":26,"gold_gain":0,"player_choice":"Banana","damage_taken":0,"max_hp_gain":0,"max_hp_loss":0,"event_name":"Big Fish","floor":13,"gold_loss":0}],"is_beta":false,"boss_relics":[{"not_picked":["Tiny House","Runic Dome"],"picked":"Sozu"},{"not_picked":["Black Star","Snecko Eye"],"picked":"Runic Pyramid"}],"items_purged_floors":[],"is_endless":false,"potions_floor_spawned":[2,9,10,15,16,19,30,31,32,42,49],"killed_by":"downfall:NeowBossFinal","ascension_level":2}}