{"host":"g8ufh7m4frdlkxwv","time":1611267233,"event":{"mods":["AchievementEnabler","BaseMod","Colored Map","Dark Map","Minty Spire (QoL Compilation)","Relic Stats","StSLib","ojb\u0027s Info Mod"],"gold_per_floor":[111,111,186,202,220,220,237,267,337,356,382,395,395,409,409,480,480,493,507,507,19,19,19,51,74,86,113,154,185,197,197],"floor_reached":30,"language":"ENG","playtime":1711,"items_purged":[],"score":768,"play_id":"4e3c96e1-da1d-48ab-89d1-c99defe24bbb","local_time":"20210121231353","is_ascension_mode":true,"campfire_choices":[{"floor":6.0,"key":"REST"},{"floor":15.0,"key":"RECALL"},{"floor":23.0,"key":"REST"}],"circlet_count":0,"master_deck":["AscendersBane","Strike_G","Strike_G","Strike_G","Strike_G+1","Defend_G","Defend_G","Defend_G","Defend_G","Survivor","Neutralize","Backflip","Dash+1","Blur","Footwork","Venomology","Calculated Gamble","Flying Knee","Dagger Spray","Tools of the Trade","Terror","Backflip","RitualDagger","Leg Sweep","Dagger Spray+1","Dodge and Roll","Tactician+1","Outmaneuver+1"],"relics":["Fusion Hammer","Thread and Needle","Mummified Hand","Whetstone","Letter Opener","Philosopher\u0027s Stone","TheAbacus","Pen Nib","Happy Flower","MawBank","Potion Belt"],"acts_visited":["Exordium","TheCity"],"potions_floor_usage":[30,30],"damage_taken":[{"damage":0.0,"enemies":"2 Louse","floor":1.0,"turns":3.0},{"damage":0.0,"enemies":"Jaw Worm","floor":4.0,"turns":4.0},{"damage":0.0,"enemies":"Cultist","floor":5.0,"turns":4.0},{"damage":0.0,"enemies":"3 Louse","floor":7.0,"turns":4.0},{"damage":9.0,"enemies":"Lagavulin","floor":8.0,"turns":12.0},{"damage":0.0,"enemies":"Red Slaver","floor":10.0,"turns":3.0},{"damage":0.0,"enemies":"3 Sentries","floor":11.0,"turns":8.0},{"damage":0.0,"enemies":"Exordium Thugs","floor":12.0,"turns":4.0},{"damage":0.0,"enemies":"Looter","floor":14.0,"turns":3.0},{"damage":0.0,"enemies":"Slime Boss","floor":16.0,"turns":9.0},{"damage":28.0,"enemies":"3 Byrds","floor":18.0,"turns":5.0},{"damage":13.0,"enemies":"Spheric Guardian","floor":19.0,"turns":5.0},{"damage":13.0,"enemies":"Book of Stabbing","floor":24.0,"turns":5.0},{"damage":0.0,"enemies":"Snake Plant","floor":25.0,"turns":4.0},{"damage":3.0,"enemies":"Centurion and Healer","floor":27.0,"turns":12.0},{"damage":0.0,"enemies":"Gremlin Leader","floor":28.0,"turns":7.0},{"damage":3.0,"enemies":"3 Cultists","floor":29.0,"turns":5.0},{"damage":26,"enemies":"Book of Stabbing","floor":30,"turns":4}],"seed_played":"5277131379957096295","potions_obtained":[{"floor":4.0,"key":"BlessingOfTheForge"},{"floor":8.0,"key":"CunningPotion"},{"floor":10.0,"key":"CunningPotion"},{"floor":16.0,"key":"BlessingOfTheForge"},{"floor":29.0,"key":"Regen Potion"}],"is_trial":false,"path_per_floor":["M","?","?","M","M","R","M","E","T","M","E","M","?","M","R","B",null,"M","M","?","$","?","R","E","M","T","M","E","M","E"],"character_chosen":"THE_SILENT","items_purchased":["TheAbacus","Pen Nib","Happy Flower"],"campfire_rested":2,"item_purchase_floors":[21,21,21],"current_hp_per_floor":[59,59,48,48,48,66,66,57,57,57,57,57,39,39,39,39,59,31,18,12,12,12,31,18,18,18,15,15,12,0,0],"gold":197,"neow_bonus":"BOSS_RELIC","is_daily":false,"chose_seed":false,"campfire_upgraded":0,"win_rate":0.0,"timestamp":1611267233,"path_taken":["M","?","?","M","M","R","M","E","T","M","E","M","?","M","R","BOSS","M","M","?","$","?","R","E","M","T","M","E","?","E"],"items_purchased_type":["Relic","Relic","Relic"],"build_version":"2020-12-22","purchased_purges":0,"victory":false,"max_hp_per_floor":[66,66,66,66,66,66,66,66,66,66,66,66,66,66,66,66,66,66,66,66,66,66,66,66,66,66,66,66,66,66,66],"relic_stats":{"TheAbacus":[54],"Happy Flower":[12],"counters":[18,101],"Mummified Hand":[21],"Pen Nib":[8],"Whetstone":["Dash","Strike_G"],"Letter Opener":[134],"MawBank":72,"obtain_stats":[{"Potion Belt":28,"TheAbacus":21,"Happy Flower":21,"Mummified Hand":9,"Thread and Needle":8,"Philosopher\u0027s Stone":17,"Fusion Hammer":0,"Pen Nib":21,"Whetstone":11,"Letter Opener":13,"MawBank":24,"Ring of the Snake":0},{"Potion Belt":16,"TheAbacus":12,"Happy Flower":12,"Mummified Hand":5,"Thread and Needle":5,"Philosopher\u0027s Stone":10,"Fusion Hammer":0,"Pen Nib":12,"Whetstone":7,"Letter Opener":8,"MawBank":13,"Ring of the Snake":0},{"Potion Belt":92,"TheAbacus":64,"Happy Flower":64,"Mummified Hand":27,"Thread and Needle":27,"Philosopher\u0027s Stone":54,"Fusion Hammer":0,"Pen Nib":64,"Whetstone":38,"Letter Opener":42,"MawBank":69,"Ring of the Snake":0}]},"card_choices":[{"not_picked":["Deflect","Outmaneuver"],"picked":"Backflip","floor":1.0},{"not_picked":["Tactician","Finisher"],"picked":"Blur","floor":4.0},{"not_picked":["Deadly Poison","Underhanded Strike"],"picked":"Footwork","floor":5.0},{"not_picked":["Sucker Punch","Prepared","Heel Hook"],"picked":"SKIP","floor":7.0},{"not_picked":["Reflex","Slice"],"picked":"Venomology","floor":8.0},{"not_picked":["Noxious Fumes","Well Laid Plans"],"picked":"Calculated Gamble","floor":10.0},{"not_picked":["Deflect","Tactician","Flechettes"],"picked":"SKIP","floor":11.0},{"not_picked":["Flying Knee","Sucker Punch","Outmaneuver"],"picked":"SKIP","floor":12.0},{"not_picked":["Sucker Punch","Outmaneuver"],"picked":"Flying Knee","floor":12.0},{"not_picked":["Flechettes","Accuracy"],"picked":"Dagger Spray","floor":14.0},{"not_picked":["Burst","Adrenaline"],"picked":"Tools of the Trade","floor":16.0},{"not_picked":["Heel Hook","Eviscerate"],"picked":"Terror","floor":18.0},{"not_picked":["Dodge and Roll","Acrobatics"],"picked":"Backflip","floor":19.0},{"not_picked":["Caltrops","Dagger Throw"],"picked":"Leg Sweep","floor":24.0},{"not_picked":["Distraction","Dagger Throw"],"picked":"Dagger Spray+1","floor":25.0},{"not_picked":["Masterful Stab","Terror"],"picked":"Dodge and Roll","floor":27.0},{"not_picked":["Escape Plan+1","Bane"],"picked":"Tactician+1","floor":28.0},{"not_picked":["Bullet Time","Backflip"],"picked":"Outmaneuver+1","floor":29.0}],"player_experience":1065270,"relics_obtained":[{"floor":8.0,"key":"Thread and Needle"},{"floor":9.0,"key":"Mummified Hand"},{"floor":11.0,"key":"Whetstone"},{"floor":24.0,"key":"MawBank"},{"floor":28.0,"key":"Potion Belt"}],"event_choices":[{"damage_healed":0.0,"max_hp_gain":0.0,"max_hp_loss":0.0,"gold_gain":0.0,"cards_transformed":["Defend_G"],"event_name":"Living Wall","player_choice":"Change","floor":2.0,"gold_loss":0.0,"damage_taken":0.0,"cards_obtained":["Dash"]},{"damage_healed":0.0,"max_hp_gain":0.0,"max_hp_loss":0.0,"gold_gain":75.0,"event_name":"World of Goop","player_choice":"Gather Gold","floor":3.0,"gold_loss":0.0,"damage_taken":11.0},{"damage_healed":0.0,"max_hp_gain":0.0,"max_hp_loss":0.0,"gold_gain":0.0,"event_name":"Scrap Ooze","player_choice":"Success","floor":13.0,"gold_loss":0.0,"damage_taken":18.0,"relics_obtained":["Letter Opener"]},{"damage_healed":0.0,"max_hp_gain":0.0,"max_hp_loss":0.0,"gold_gain":0.0,"event_name":"Nest","player_choice":"Joined the Cult","floor":20.0,"gold_loss":0.0,"damage_taken":6.0,"cards_obtained":["RitualDagger"]},{"cards_removed":["Strike_G"],"damage_healed":0.0,"max_hp_gain":0.0,"max_hp_loss":0.0,"gold_gain":0.0,"event_name":"Purifier","player_choice":"Purged","floor":22.0,"gold_loss":0.0,"damage_taken":0.0}],"is_beta":false,"boss_relics":[{"not_picked":["Sozu","Velvet Choker"],"picked":"Philosopher\u0027s Stone"}],"items_purged_floors":[],"is_endless":false,"potions_floor_spawned":[4,8,10,16,24,29],"killed_by":"Book of Stabbing","ascension_level":20}}