{"host":"v67gr4iepfhi0qby","time":1611267354,"event":{"mods":["BaseMod","Minty Spire (QoL Compilation)","StSLib","The Cursed","The Disciple"],"gold_per_floor":[116,136,136,96,107,107,137,137,137,137,165,200,200,210,210,310,310,322,332,332,30,30,30,50,67,115,126,142,142,142,142,142,247,247,263,43,1042,261,261,261,261],"floor_reached":40,"language":"ENG","playtime":2227,"items_purged":["TheCursedMod:Defend_TheCursed","Normality"],"score":467,"play_id":"a7e111dc-a432-42b5-9c7e-54d6fe49e76e","local_time":"20210121151554","is_ascension_mode":false,"campfire_choices":[{"data":"TheCursedMod:Evocation","floor":6,"key":"SMITH"},{"data":"TheCursedMod:SpreadPlague","floor":8,"key":"SMITH"},{"floor":13,"key":"REST"},{"floor":15,"key":"REST"},{"data":"TheCursedMod:AntiAging","floor":23,"key":"SMITH"},{"floor":29,"key":"REST"},{"floor":32,"key":"REST"}],"circlet_count":0,"master_deck":["TheCursedMod:Strike_TheCursed","TheCursedMod:Strike_TheCursed","TheCursedMod:Strike_TheCursed","TheCursedMod:Strike_TheCursed","TheCursedMod:Defend_TheCursed","TheCursedMod:Defend_TheCursed+1","TheCursedMod:Defend_TheCursed","TheCursedMod:CleanUpWorkshop","TheCursedMod:Dregs","TheCursedMod:CursedMace","TheCursedMod:FuryStrike+1","TheCursedMod:Evocation+1","TheCursedMod:SpreadPlague+1","TheCursedMod:CircleOfCorruption","TheCursedMod:SpitefulPray","TheCursedMod:AntiAging+1","TheCursedMod:Torture+1","TheCursedMod:Torture+1","TheCursedMod:Hemoplague","Decay","TheCursedMod:FleshFromBone","TheCursedMod:CursedAmulet+1","TheCursedMod:ForbiddenAlchemy","TheCursedMod:StunningStrike","TheCursedMod:LuckyCharm","Normality","Apotheosis","TheCursedMod:CursedAmulet"],"relics":["TheCursedMod:BlackMagic101","Bottled Lightning","White Beast Statue","Odd Mushroom","Mango","TheCursedMod:OminousMark","Juzu Bracelet","Lantern","MutagenicStrength","TheCursedMod:FourLeafCloverCharm","Pen Nib","Regal Pillow","Dream Catcher","Frozen Eye"],"acts_visited":["Exordium","TheCity","TheBeyond"],"potions_floor_usage":[16,28,28,33,33,33,33,33,40,40,40,40,40,40],"damage_taken":[{"damage":0,"enemies":"Small Slimes","floor":1,"turns":3},{"damage":1,"enemies":"Jaw Worm","floor":2,"turns":4},{"damage":0,"enemies":"2 Louse","floor":5,"turns":2},{"damage":20,"enemies":"Lagavulin","floor":7,"turns":5},{"damage":9,"enemies":"The Mushroom Lair","floor":11,"turns":4},{"damage":20,"enemies":"3 Sentries","floor":12,"turns":6},{"damage":10,"enemies":"Exordium Thugs","floor":14,"turns":3},{"damage":63,"enemies":"The Guardian","floor":16,"turns":10},{"damage":6,"enemies":"Chosen","floor":18,"turns":5},{"damage":22,"enemies":"Spheric Guardian","floor":19,"turns":5},{"damage":21,"enemies":"Centurion and Healer","floor":24,"turns":5},{"damage":36,"enemies":"Cultist and Chosen","floor":25,"turns":7},{"damage":13,"enemies":"Chosen and Byrds","floor":27,"turns":4},{"damage":8,"enemies":"Snecko","floor":28,"turns":4},{"damage":46,"enemies":"Champ","floor":33,"turns":13},{"damage":3,"enemies":"Orb Walker","floor":35,"turns":3},{"damage":109,"enemies":"Giant Head","floor":40,"turns":10}],"seed_played":"-1099770558183289018","potions_obtained":[{"floor":1,"key":"AttackPotion"},{"floor":5,"key":"LiquidMemories"},{"floor":11,"key":"Block Potion"},{"floor":12,"key":"Regen Potion"},{"floor":16,"key":"TheCursedMod:DregsPotion"},{"floor":27,"key":"Regen Potion"},{"floor":28,"key":"EssenceOfSteel"},{"floor":33,"key":"AttackPotion"},{"floor":35,"key":"SteroidPotion"}],"is_trial":false,"path_per_floor":["M","M","?","$","M","R","E","R","T","?","?","E","R","M","R","B",null,"M","M","?","$","?","R","M","M","T","M","M","R","?","?","R","B",null,"M","$","?","$","?","E"],"character_chosen":"THE_CURSED","items_purchased":["TheCursedMod:Evocation","TheCursedMod:Hemoplague","Juzu Bracelet","TheCursedMod:LuckyCharm","Pen Nib","Regal Pillow","Apotheosis","TheCursedMod:CursedAmulet","Dream Catcher","Frozen Eye"],"campfire_rested":4,"item_purchase_floors":[4,21,21,36,36,38,38,38,38,38],"current_hp_per_floor":[75,74,59,59,59,59,39,39,39,39,30,24,50,40,66,3,89,85,63,63,63,63,63,45,12,12,2,8,38,38,38,68,25,103,103,103,103,103,103,0,0],"gold":261,"neow_bonus":"","is_daily":false,"chose_seed":false,"campfire_upgraded":3,"win_rate":0.0,"timestamp":1611267354,"path_taken":["M","M","?","$","M","R","E","R","T","?","?","E","R","M","R","BOSS","M","M","?","?","?","R","M","M","T","M","M","R","?","?","R","BOSS","M","$","?","$","?","E"],"items_purchased_type":["Card","Card","Relic","Card","Relic","Relic","Card","Card","Relic","Relic"],"build_version":"2020-12-22","purchased_purges":2,"victory":false,"max_hp_per_floor":[75,75,75,75,75,75,75,75,75,75,75,89,89,89,89,89,89,91,91,91,91,91,91,94,97,97,100,100,100,100,100,100,103,103,106,106,106,106,106,109,109],"card_choices":[{"not_picked":["TheCursedMod:CursedBoomerang","TheCursedMod:TacticalStrike"],"picked":"TheCursedMod:CursedMace","floor":1},{"not_picked":["TheCursedMod:AbyssShockwave","TheCursedMod:StingEye"],"picked":"TheCursedMod:FuryStrike","floor":2},{"not_picked":["TheCursedMod:VitalStrike","TheCursedMod:CursedBlade"],"picked":"TheCursedMod:SpreadPlague","floor":5},{"not_picked":["TheCursedMod:BlessingInDisguise","TheCursedMod:CursedBlade"],"picked":"TheCursedMod:CircleOfCorruption","floor":7},{"not_picked":["TheCursedMod:RavingStaff","TheCursedMod:DarkBarrier"],"picked":"TheCursedMod:SpitefulPray","floor":12},{"not_picked":["TheCursedMod:WearCloak","TheCursedMod:Wield","TheCursedMod:Obscuration"],"picked":"SKIP","floor":14},{"not_picked":["TheCursedMod:DemonicPact","TheCursedMod:CursedRelics"],"picked":"TheCursedMod:AntiAging","floor":16},{"not_picked":["TheCursedMod:SmokeScreen+1","TheCursedMod:CursedBoomerang"],"picked":"TheCursedMod:Torture+1","floor":18},{"not_picked":["TheCursedMod:Wield+1","TheCursedMod:Hemoplague"],"picked":"TheCursedMod:Torture+1","floor":19},{"not_picked":["TheCursedMod:CursedBoomerang+1","TheCursedMod:CursedSpellbook"],"picked":"TheCursedMod:FleshFromBone","floor":24},{"not_picked":["TheCursedMod:Torture","TheCursedMod:SurpriseAttack","TheCursedMod:Obscuration"],"picked":"SKIP","floor":25},{"not_picked":["TheCursedMod:SoulCrush","TheCursedMod:Stigma"],"picked":"TheCursedMod:CursedAmulet+1","floor":27},{"not_picked":["TheCursedMod:CursedAmulet","TheCursedMod:FleshFromBone+1"],"picked":"TheCursedMod:ForbiddenAlchemy","floor":28},{"not_picked":["TheCursedMod:CollectTribute","TheCursedMod:NeowsMight"],"picked":"TheCursedMod:StunningStrike","floor":33},{"not_picked":["TheCursedMod:Mangle","TheCursedMod:Torture","TheCursedMod:SurpriseAttack"],"picked":"SKIP","floor":35}],"player_experience":0,"relics_obtained":[{"floor":7,"key":"Bottled Lightning"},{"floor":9,"key":"White Beast Statue"},{"floor":11,"key":"Odd Mushroom"},{"floor":12,"key":"Mango"},{"floor":26,"key":"Lantern"}],"event_choices":[{"damage_healed":0,"gold_gain":0,"player_choice":"Entered Light","damage_taken":15,"max_hp_gain":0,"max_hp_loss":0,"event_name":"Shining Light","floor":3,"gold_loss":0,"cards_upgraded":["TheCursedMod:Defend_TheCursed","TheCursedMod:FuryStrike"]},{"damage_healed":0,"gold_gain":0,"player_choice":"Searched \u00270\u0027 times","damage_taken":0,"max_hp_gain":0,"max_hp_loss":0,"event_name":"Dead Adventurer","floor":10,"gold_loss":0},{"damage_healed":0,"gold_gain":0,"player_choice":"Fought Mushrooms","damage_taken":0,"max_hp_gain":0,"max_hp_loss":0,"event_name":"Mushrooms","floor":11,"gold_loss":0},{"damage_healed":0,"gold_gain":0,"player_choice":"Ignored","damage_taken":0,"max_hp_gain":0,"max_hp_loss":0,"event_name":"Cursed Tome","floor":20,"gold_loss":0},{"damage_healed":0,"gold_gain":0,"player_choice":"Smashed Altar","damage_taken":0,"max_hp_gain":0,"max_hp_loss":0,"event_name":"Forgotten Altar","floor":22,"gold_loss":0,"cards_obtained":["Decay"]},{"damage_healed":0,"gold_gain":0,"player_choice":"Ignored","damage_taken":0,"max_hp_gain":0,"max_hp_loss":0,"event_name":"Beggar","floor":30,"gold_loss":0},{"damage_healed":0,"gold_gain":0,"player_choice":"Inject Mutagens","damage_taken":0,"relics_obtained":["MutagenicStrength"],"max_hp_gain":0,"max_hp_loss":0,"event_name":"Drug Dealer","floor":31,"gold_loss":0},{"damage_healed":0,"gold_gain":999,"player_choice":"Gold","damage_taken":0,"max_hp_gain":0,"max_hp_loss":0,"event_name":"MindBloom","floor":37,"gold_loss":0,"cards_obtained":["Normality","Normality"]},{"cards_removed":["TheCursedMod:CursedWand"],"damage_healed":0,"gold_gain":0,"player_choice":"Removed Attack","damage_taken":0,"max_hp_gain":0,"max_hp_loss":0,"event_name":"Falling","floor":39,"gold_loss":0}],"is_beta":false,"boss_relics":[{"not_picked":["Astrolabe","Ectoplasm"],"picked":"TheCursedMod:OminousMark"},{"not_picked":["Cursed Key","Velvet Choker"],"picked":"TheCursedMod:FourLeafCloverCharm"}],"items_purged_floors":[21,38],"is_endless":false,"potions_floor_spawned":[1,5,11,12,14,16,18,19,24,25,27,28,33,35],"killed_by":"Giant Head","ascension_level":0}}