{"host":"6drv1qzpbnls60z2","time":1611237971,"event":{"mods":["ATMod(°¢èªMod)","Act Like it!","Arknights The Spire","BaseMod","Hallownest","Minty Spire (QoL Compilation)","Reimu£¨²©ÀöÁéÃÎ£©","Replay The Spire","Shop Mod","Spicy Shops","StSLib","Uncapped","Warlord Emblem","¡¾ÒÅÎï¿¨ÅÆ¡¿REMEMod","²ÐÁôÖ®Îï","óô»ðÖ¸ÄÏ"],"gold_per_floor":[111,122,150,200,210,210,244,28,328,328,38,53,86,96,96,174,174,193,207,13,32,31,31,31,31,55,55,55,82,82,82,82],"floor_reached":31,"language":"ZHS","playtime":1763,"items_purged":[],"score":722,"play_id":"062a0c99-bfc1-4f64-b3d8-7b43d6a7a479","local_time":"20210121220611","daily_mods":["SealedDeck"],"is_ascension_mode":true,"campfire_choices":[{"data":"REME_Flogging","floor":6,"key":"SMITH"},{"data":"WarlordEmblem:DeathContract","floor":10,"key":"SMITH"},{"data":"WarlordEmblem:FrozenWill","floor":15,"key":"SMITH"},{"data":"SafetyPray:ReiMu","floor":23,"key":"SMITH"},{"data":"WarlordEmblem:ForceDeflexion","floor":25,"key":"SMITH"},{"data":"CareerPray:ReiMu","floor":27,"key":"SMITH"}],"circlet_count":0,"master_deck":["AscendersBane","WarlordEmblem:RealmStorm+1","WarlordEmblem:BloodStrike","WarlordEmblem:HeartStrike","SubcavityInstant:ReiMu","WarlordEmblem:VoidDefend","WarlordEmblem:DeathContract+1","WarlordEmblem:FrozenDeath","LearningPray:ReiMu","WarlordEmblem:FrozenDeath","SubAcupoint:ReiMu","WarlordEmblem:HeartStrike","SafetyPray:ReiMu+1","REME_Flogging+1","CareerPray:ReiMu+1","WarlordEmblem:DeathCoil","WarlordEmblem:RuneFocus","WarlordEmblem:CurseStrike","UniversalSpiritual:ReiMu","WarlordEmblem:Execute","WarlordEmblem:DeathCoil","WarlordEmblem:FrozenWill+1","Meditation:ReiMu","Determination:ReiMu+1","WarlordEmblem:RuneRecast","WarlordEmblem:ForceDeflexion+1","SpringWay:ReiMu","WarlordEmblem:DiseaseCloud","WarlordEmblem:ForceDeflexion+1","EmergencyTakeOff:ReiMu"],"relics":["WarlordEmblem:RuneSword","WarlordEmblem:BloodRealm","AT_ATBox","REME_ComplimentaryCards","Turnip","Torii","MerchantsRug","White Beast Statue","WarlordEmblem:IceDragon","PlaceholderMod:DeVermisMysteriis","Replay:Ringing Soul"],"acts_visited":["Exordium","TheCity"],"potions_floor_usage":[16,19,29,29],"damage_taken":[{"damage":24,"enemies":"Small Slimes","floor":1,"turns":3},{"damage":3,"enemies":"Cultist","floor":2,"turns":3},{"damage":0,"enemies":"2 Louse","floor":5,"turns":2},{"damage":10,"enemies":"Lagavulin","floor":7,"turns":6},{"damage":12,"enemies":"Large Slime","floor":12,"turns":3},{"damage":9,"enemies":"Gremlin Nob","floor":13,"turns":4},{"damage":16,"enemies":"2 Fungi Beasts","floor":14,"turns":2},{"damage":20,"enemies":"Hexaghost","floor":16,"turns":7},{"damage":19,"enemies":"3 Byrds","floor":18,"turns":3},{"damage":28,"enemies":"Shell Parasite","floor":19,"turns":5},{"damage":11,"enemies":"3 Cultists","floor":21,"turns":4},{"damage":15,"enemies":"Book of Stabbing","floor":29,"turns":3},{"damage":33,"enemies":"Gremlin Leader","floor":31,"turns":2}],"seed_played":"581594958472211822","potions_obtained":[{"floor":1,"key":"ZuzhouPotion:ReiMu"},{"floor":16,"key":"Block Potion"},{"floor":19,"key":"Weak Potion"},{"floor":21,"key":"EntropicBrew"},{"floor":29,"key":"SteroidPotion"}],"is_trial":true,"path_per_floor":["M","M","?","?","M","R","E","R","T","R","$","M","E","M","R","B",null,"M","M","$","M","$","R","?","R","T","R","$","E","?","E"],"character_chosen":"DeathKnight","items_purchased":["WarlordEmblem:CurseStrike","UniversalSpiritual:ReiMu","WarlordEmblem:Execute","WarlordEmblem:DeathCoil","MerchantsRug","WarlordEmblem:ReserveRunePotion","SpringWay:ReiMu","Guide Book","WarlordEmblem:ForceDeflexion+1"],"campfire_rested":0,"item_purchase_floors":[8,8,11,11,11,11,20,20,22],"current_hp_per_floor":[53,61,61,61,61,61,61,61,61,61,61,49,40,24,24,14,61,47,29,29,30,30,30,30,30,30,30,30,21,21,0,0],"gold":82,"neow_bonus":"","is_daily":false,"chose_seed":false,"campfire_upgraded":6,"win_rate":0.0,"timestamp":1611237971,"path_taken":["M","M","?","?","M","R","E","R","T","R","$","M","E","M","R","BOSS","M","M","$","M","?","R","?","R","T","R","$","E","?","E"],"items_purchased_type":["Card","Card","Card","Card","Relic","Potion","Card","Relic","Card"],"build_version":"2020-12-22","purchased_purges":0,"victory":false,"max_hp_per_floor":[76,76,76,76,76,76,76,76,76,76,76,76,76,76,76,76,76,76,76,76,78,78,78,78,78,78,78,78,83,83,83,83],"card_choices":[{"not_picked":["Intuition:ReiMu","TightArray:ReiMu"],"picked":"WarlordEmblem:HeartStrike","floor":1},{"not_picked":["SpreadBorder2:ReiMu","WarlordEmblem:RuneInspire"],"picked":"SafetyPray:ReiMu","floor":2},{"not_picked":["WarlordEmblem:RuneBlade","WarlordEmblem:EvilSee"],"picked":"CareerPray:ReiMu","floor":3},{"not_picked":["SafetyPray:ReiMu","Mountainwind:ReiMu"],"picked":"WarlordEmblem:DeathCoil","floor":5},{"not_picked":["Determination:ReiMu","ForcedLanding:ReiMu"],"picked":"WarlordEmblem:RuneFocus","floor":7},{"not_picked":["WarlordEmblem:RuneBlade","WarlordEmblem:VoidStrike"],"picked":"WarlordEmblem:FrozenWill","floor":12},{"not_picked":["NineCharacters:ReiMu","WarlordEmblem:WindStrike"],"picked":"Meditation:ReiMu","floor":13},{"not_picked":["OrbThrow:ReiMu","CollectionFlower2:ReiMu","BarrageOfMoneybags:ReiMu"],"picked":"SKIP","floor":14},{"not_picked":["WarlordEmblem:GhostStrike","Shading:ReiMu"],"picked":"Determination:ReiMu","floor":16},{"not_picked":["SubcavityInstant:ReiMu","WarlordEmblem:Infect+1"],"picked":"WarlordEmblem:RuneRecast","floor":18},{"not_picked":["AirManeuver:ReiMu","WarlordEmblem:EvilStrike"],"picked":"WarlordEmblem:ForceDeflexion","floor":19},{"not_picked":["DoubleButterfly:ReiMu","SubcavityInstant:ReiMu"],"picked":"WarlordEmblem:DiseaseCloud","floor":21},{"not_picked":["WarlordEmblem:VoidStrike","WarlordEmblem:FrozenWill"],"picked":"EmergencyTakeOff:ReiMu","floor":29}],"player_experience":100006,"relics_obtained":[{"floor":3,"key":"Turnip"},{"floor":7,"key":"Torii"},{"floor":9,"key":"Old Coin"},{"floor":13,"key":"White Beast Statue"},{"floor":26,"key":"PlaceholderMod:DeVermisMysteriis"},{"floor":29,"key":"Replay:Ringing Soul"}],"event_choices":[{"damage_healed":0,"gold_gain":50,"player_choice":"Pray","damage_taken":0,"max_hp_gain":0,"max_hp_loss":0,"event_name":"Golden Shrine","floor":4,"gold_loss":0},{"damage_healed":0,"gold_gain":0,"player_choice":"Ignored","damage_taken":0,"max_hp_gain":0,"max_hp_loss":0,"event_name":"Vampires","floor":24,"gold_loss":0}],"is_beta":false,"boss_relics":[{"not_picked":["SlaversCollar","Kintsugi"],"picked":"WarlordEmblem:IceDragon"}],"items_purged_floors":[],"is_endless":true,"potions_floor_spawned":[1,14,16,18,19,21,29],"killed_by":"Gremlin Leader","ascension_level":20}}