{"host":"s35zr3gblm7slh1q","time":1611239840,"event":{"mods":["BaseMod","Colored Powertips","Downfall","Hermit","Hero for Fun","Highlight Path","Marisa????????","Minty Spire (QoL Compilation)","Permanent Neow","StSLib","The Disciple"],"gold_per_floor":[1,1,1,1,1,101,127,157,171,201,214,14,158,185,205,306,306,306,324,344,360,377,221,244,276,292,192,192,192,224,224,243,348,348,348,363,382,394,414,414,440,454,479,506,537,537,537,554,578,578,578,612,537,537,537,537],"floor_reached":57,"language":"ENG","playtime":895,"items_purged":["Defend_Y"],"score":1893,"play_id":"f07aad44-64d0-40e5-90ee-597661b542da","local_time":"20210121093720","is_ascension_mode":true,"campfire_choices":[{"floor":1,"key":"RECALL"},{"data":"Slap","floor":12,"key":"SMITH"},{"floor":18,"key":"REST"},{"floor":27,"key":"REST"},{"floor":35,"key":"DIG"},{"floor":40,"key":"DIG"},{"floor":47,"key":"DIG"},{"floor":54,"key":"DIG"}],"circlet_count":0,"master_deck":["Strike_Y","Strike_Y+1","Strike_Y","Strike_Y","Strike_Y","Defend_Y+1","Defend_Y","Slap+1","Slap","Slap","Slap+1","Slap","Oh+1","Slap+1","Slap","Serious_Punch","Slap","Slap+1","Slap","Slap+1","Slap"],"relics":["Cape","downfall:HeartsMalice","Toy Ornithopter","War Paint","Frozen Egg 2","Lizard Tail","downfall:HeartBlessingRed","downfall:HeartBlessingGreen","Whetstone","Vajra","SacredBark","ClockworkSouvenir","Singing Bowl","downfall:HeartBlessingBlue","Shovel","Black Star","Akabeko","Calipers","Potion Belt","CeramicFish","Art of War","Boot","Question Card","MealTicket","Ice Cream","Bag of Marbles","Bottled Flame"],"acts_visited":["Exordium","TheCity","TheBeyond","TheEnding"],"potions_floor_usage":[],"damage_taken":[{"damage":0,"enemies":"Jaw Worm","floor":2,"turns":1},{"damage":0,"enemies":"2 Louse","floor":4,"turns":1},{"damage":0,"enemies":"Small Slimes","floor":5,"turns":1},{"damage":0,"enemies":"3 Sentries","floor":8,"turns":2},{"damage":0,"enemies":"Exordium Wildlife","floor":9,"turns":1},{"damage":0,"enemies":"Lagavulin","floor":10,"turns":1},{"damage":0,"enemies":"Exordium Thugs","floor":11,"turns":1},{"damage":0,"enemies":"downfall:FleeingMerchant","floor":13,"turns":1},{"damage":0,"enemies":"Gremlin Nob","floor":14,"turns":1},{"damage":0,"enemies":"Red Slaver","floor":15,"turns":1},{"damage":0,"enemies":"SI_SHIV_ARCHETYPE","floor":16,"turns":1},{"damage":0,"enemies":"Shell Parasite","floor":19,"turns":1},{"damage":0,"enemies":"3 Byrds","floor":20,"turns":1},{"damage":0,"enemies":"Snake Plant","floor":21,"turns":1},{"damage":0,"enemies":"Cultist and Chosen","floor":22,"turns":1},{"damage":0,"enemies":"Gremlin Leader","floor":25,"turns":1},{"damage":0,"enemies":"Chosen and Byrds","floor":26,"turns":1},{"damage":0,"enemies":"Book of Stabbing","floor":30,"turns":1},{"damage":0,"enemies":"Snake Plant","floor":32,"turns":1},{"damage":0,"enemies":"WA_ARCHETYPE_CALM","floor":33,"turns":1},{"damage":0,"enemies":"Orb Walker","floor":36,"turns":1},{"damage":0,"enemies":"3 Darklings","floor":37,"turns":1},{"damage":0,"enemies":"Sphere and 2 Shapes","floor":38,"turns":1},{"damage":0,"enemies":"Maw","floor":39,"turns":1},{"damage":0,"enemies":"Spire Growth","floor":42,"turns":1},{"damage":0,"enemies":"Nemesis","floor":43,"turns":1},{"damage":0,"enemies":"3 Darklings","floor":44,"turns":1},{"damage":0,"enemies":"Reptomancer","floor":45,"turns":1},{"damage":0,"enemies":"Transient","floor":48,"turns":1},{"damage":0,"enemies":"Maw","floor":49,"turns":1},{"damage":0,"enemies":"DF_ARCHETYPE_ORBS","floor":50,"turns":1},{"damage":0,"enemies":"downfall:CharBossMerchant","floor":52,"turns":1},{"damage":0,"enemies":"downfall:NeowBoss","floor":55,"turns":3},{"damage":0,"enemies":"downfall:NeowBossFinal","floor":56,"turns":1}],"seed_played":"1825740136878449805","potions_obtained":[{"floor":8,"key":"SpeedPotion"},{"floor":11,"key":"Strength Potion"},{"floor":14,"key":"Slimebound:ThreeZeroPotion"},{"floor":28,"key":"CultistPotion"},{"floor":42,"key":"SmokeBomb"},{"floor":45,"key":"FearPotion"},{"floor":48,"key":"PowerPotion"}],"is_trial":false,"path_per_floor":["R","M","?","M","M","?","T","E","M","E","M","R","$","E","M","B",null,"R","M","M","M","M","$","T","E","M","R","?","?","E","?","M","B",null,"R","M","M","M","M","R","T","M","E","M","E","?","R","M","M","B",null,"E","$","R","B","B",null],"character_chosen":"OPM","items_purchased":["Whetstone","ClockworkSouvenir"],"campfire_rested":2,"item_purchase_floors":[13,23],"current_hp_per_floor":[999,999,999,999,999,999,999,999,999,999,999,999,999,999,999,999,999,999,999,999,999,999,999,999,1001,1003,1013,1013,1013,1015,1015,1017,1017,1017,1017,1019,1021,1021,1023,1023,1023,1023,1025,1025,1027,1027,1027,1029,1029,1029,1029,1029,1029,1029,1029,1029],"gold":537,"neow_bonus":"THREE_ENEMY_KILL","is_daily":false,"chose_seed":false,"campfire_upgraded":1,"win_rate":0.0,"timestamp":1611239840,"path_taken":["R","M","?","M","M","?","T","E","M","E","M","R","$","E","M","BOSS","R","M","M","M","M","$","T","E","M","R","?","?","E","?","M","BOSS","R","M","M","M","M","R","T","M","E","M","E","?","R","M","M","BOSS","E","$","R","BOSS","BOSS"],"items_purchased_type":["Relic","Relic"],"build_version":"2020-12-22","purchased_purges":1,"victory":true,"max_hp_per_floor":[999,999,999,999,999,999,999,999,999,999,999,999,999,999,999,999,999,999,999,999,999,999,999,999,1001,1003,1013,1013,1013,1015,1015,1017,1017,1017,1017,1019,1021,1021,1023,1023,1023,1023,1025,1025,1027,1027,1027,1029,1029,1029,1029,1029,1029,1029,1029,1029],"card_choices":[{"not_picked":["Side_Hop","Ignore"],"picked":"Slap","floor":2},{"not_picked":["Side_Hop","Do_Nothing","Consecutive_Normal_Punch"],"picked":"SKIP","floor":4},{"not_picked":["Do_Nothing","Hop"],"picked":"Slap","floor":5},{"not_picked":["Toss_Stone","Do_Nothing","Consecutive_Normal_Punch"],"picked":"SKIP","floor":8},{"not_picked":["Get_Hopes_Up","Hop","Yawn"],"picked":"SKIP","floor":9},{"not_picked":["Consecutive_Normal_Punch","Normal_Punch"],"picked":"Slap","floor":10},{"not_picked":["Ignore","Hop"],"picked":"Slap","floor":11},{"not_picked":["Get_Hopes_Up","Wear_Disguise+1","Toss_Stone"],"picked":"SKIP","floor":13},{"not_picked":["Normal_Punch","Hop"],"picked":"Slap","floor":14},{"not_picked":["Consecutive_Normal_Punch","Do_Nothing","Toss_Stone"],"picked":"SKIP","floor":15},{"not_picked":["Serious_Punch","Serious_Side_Hops"],"picked":"Oh+1","floor":16},{"not_picked":["Hop","Wear_Disguise+1","Side_Hop"],"picked":"SKIP","floor":19},{"not_picked":["Wear_Disguise+1","Normal_Punch"],"picked":"Slap+1","floor":20},{"not_picked":["Wear_Disguise+1","Toss_Stone"],"picked":"Slap","floor":21},{"not_picked":["Yawn","Ignore+1","Hop"],"picked":"SKIP","floor":22},{"not_picked":["Wear_Disguise+1","Toss_Stone","Consecutive_Normal_Punch+1"],"picked":"Singing Bowl","floor":25},{"not_picked":["Do_Nothing","Serious_Side_Hops","Slap"],"picked":"Singing Bowl","floor":26},{"not_picked":["Toss_Stone+1","Wear_Disguise+1","Ignore"],"picked":"Singing Bowl","floor":30},{"not_picked":["Wear_Disguise+1","Do_Nothing","Consecutive_Normal_Punch+1"],"picked":"Singing Bowl","floor":32},{"not_picked":["Serious_Side_Hops","Terrifying_Presence+1"],"picked":"Serious_Punch","floor":33},{"not_picked":["Toss_Stone","Slap+1","Ignore+1"],"picked":"Singing Bowl","floor":36},{"not_picked":["Hop+1","Ignore","Do_Nothing"],"picked":"Singing Bowl","floor":37},{"not_picked":["Consecutive_Normal_Punch+1","Side_Hop+1"],"picked":"Slap","floor":38},{"not_picked":["Toss_Stone","Yawn","Ignore+1"],"picked":"Singing Bowl","floor":39},{"not_picked":["Toss_Stone","Wear_Disguise+1"],"picked":"Slap+1","floor":42},{"not_picked":["Consecutive_Normal_Punch","Get_Hopes_Up","Toss_Stone+1"],"picked":"Singing Bowl","floor":43},{"not_picked":["Side_Hop","Hop"],"picked":"Slap","floor":44},{"not_picked":["Consecutive_Normal_Punch+1","Toss_Stone","Wear_Disguise+1"],"picked":"Singing Bowl","floor":45},{"not_picked":["Wear_Disguise+1","Consecutive_Normal_Punch","Yawn+1","Side_Hop"],"picked":"Singing Bowl","floor":48},{"not_picked":["Hip_Strike","Ignore","Yawn"],"picked":"Slap+1","floor":49},{"not_picked":["Side_Hop+1","Consecutive_Normal_Punch","Wear_Disguise+1"],"picked":"Slap","floor":52}],"player_experience":379237,"relics_obtained":[{"floor":7,"key":"War Paint"},{"floor":8,"key":"Frozen Egg 2"},{"floor":10,"key":"Lizard Tail"},{"floor":14,"key":"Vajra"},{"floor":25,"key":"Singing Bowl"},{"floor":30,"key":"Shovel"},{"floor":35,"key":"Akabeko"},{"floor":40,"key":"Calipers"},{"floor":41,"key":"Potion Belt"},{"floor":43,"key":"CeramicFish"},{"floor":43,"key":"Art of War"},{"floor":45,"key":"Boot"},{"floor":45,"key":"Question Card"},{"floor":47,"key":"MealTicket"},{"floor":52,"key":"Ice Cream"},{"floor":52,"key":"Bag of Marbles"},{"floor":54,"key":"Bottled Flame"}],"event_choices":[{"damage_healed":0,"gold_gain":0,"player_choice":"Success","damage_taken":3,"relics_obtained":["Toy Ornithopter"],"max_hp_gain":0,"max_hp_loss":0,"event_name":"Scrap Ooze","floor":3,"gold_loss":0},{"cards_removed":["Defend_Y"],"damage_healed":0,"gold_gain":0,"player_choice":"Removed Skill","damage_taken":0,"max_hp_gain":0,"max_hp_loss":0,"event_name":"Falling","floor":46,"gold_loss":0}],"is_beta":false,"boss_relics":[{"not_picked":["Cursed Key","Empty Cage"],"picked":"SacredBark"},{"not_picked":["Snecko Eye","Sozu"],"picked":"Black Star"}],"items_purged_floors":[53],"is_endless":false,"potions_floor_spawned":[8,11,14,16,19,21,25,30,38,42,45,48,49],"ascension_level":1}}