{"host":"uv231blk40vjdojr","time":1611248205,"event":{"mods":["AchievementEnabler","BaseMod","Bestiary","Minty Spire (QoL Compilation)","Relic Stats"],"gold_per_floor":[114,124,137,148,31,31,43,43,68,68,68,78,118,43,43,125,125,139,160,160,179,197,197,197],"floor_reached":23,"language":"ENG","playtime":1141,"items_purged":["Strike_G"],"score":390,"play_id":"57de7998-b957-4411-b303-c36812000061","local_time":"20210121175645","is_ascension_mode":true,"campfire_choices":[{"floor":6.0,"key":"REST"},{"data":"Doppelganger","floor":8.0,"key":"SMITH"},{"data":"Bouncing Flask","floor":10.0,"key":"SMITH"},{"data":"Noxious Fumes","floor":15.0,"key":"SMITH"}],"circlet_count":0,"master_deck":["AscendersBane","Strike_G","Strike_G","Defend_G","Defend_G","Defend_G","Defend_G","Survivor","Neutralize","Doppelganger+1","Tactician","Skewer","Dash","Noxious Fumes+1","Predator","Bouncing Flask+1","Acrobatics","Adrenaline","Malaise","Well Laid Plans","Noxious Fumes+1"],"relics":["Ring of the Snake","Snake Skull","CeramicFish","Fusion Hammer","Pen Nib"],"acts_visited":["Exordium","TheCity"],"potions_floor_usage":[23],"damage_taken":[{"damage":11.0,"enemies":"Cultist","floor":1.0,"turns":5.0},{"damage":0.0,"enemies":"2 Louse","floor":2.0,"turns":3.0},{"damage":4.0,"enemies":"Jaw Worm","floor":3.0,"turns":4.0},{"damage":8.0,"enemies":"Blue Slaver","floor":4.0,"turns":5.0},{"damage":5.0,"enemies":"Large Slime","floor":7.0,"turns":7.0},{"damage":1.0,"enemies":"2 Fungi Beasts","floor":12.0,"turns":4.0},{"damage":12.0,"enemies":"3 Sentries","floor":13.0,"turns":6.0},{"damage":1.0,"enemies":"Hexaghost","floor":16.0,"turns":6.0},{"damage":0.0,"enemies":"Chosen","floor":18.0,"turns":4.0},{"damage":5.0,"enemies":"Shell Parasite","floor":19.0,"turns":4.0},{"damage":3.0,"enemies":"Snake Plant","floor":21.0,"turns":4.0},{"damage":23,"enemies":"Sentry and Sphere","floor":22,"turns":4},{"damage":27,"enemies":"Slavers","floor":23,"turns":1}],"seed_played":"7235863620147042151","potions_obtained":[{"floor":1.0,"key":"PowerPotion"},{"floor":4.0,"key":"SpeedPotion"},{"floor":13.0,"key":"Strength Potion"},{"floor":16.0,"key":"Dexterity Potion"},{"floor":18.0,"key":"Weak Potion"}],"is_trial":false,"path_per_floor":["M","M","M","M","$","R","M","R","T","R","$","M","E","?","R","B",null,"M","M","?","M","M","E"],"character_chosen":"THE_SILENT","items_purchased":["Bouncing Flask"],"campfire_rested":1,"item_purchase_floors":[5],"current_hp_per_floor":[33,33,29,21,21,40,35,35,35,35,35,34,22,22,22,21,55,55,50,50,47,24,0,0],"gold":197,"neow_bonus":"TRANSFORM_TWO_CARDS","is_daily":false,"chose_seed":false,"campfire_upgraded":3,"win_rate":0.0,"timestamp":1611248205,"path_taken":["M","M","M","M","$","R","M","R","T","R","?","M","E","?","R","BOSS","M","M","?","?","M","E"],"items_purchased_type":["Card"],"build_version":"2020-12-22","purchased_purges":1,"victory":false,"max_hp_per_floor":[66,66,66,66,66,66,66,66,66,66,66,66,66,66,66,66,66,66,66,66,66,66,66,66],"relic_stats":{"counters":[13,57],"CeramicFish":36,"Snake Skull":[64],"Pen Nib":[1],"obtain_stats":[{"CeramicFish":13,"Snake Skull":9,"Fusion Hammer":17,"Pen Nib":20,"Ring of the Snake":0},{"CeramicFish":7,"Snake Skull":5,"Fusion Hammer":8,"Pen Nib":10,"Ring of the Snake":0},{"CeramicFish":34,"Snake Skull":24,"Fusion Hammer":40,"Pen Nib":48,"Ring of the Snake":0}],"Ring of the Snake":[26]},"card_choices":[{"not_picked":["Backstab","Backflip"],"picked":"Skewer","floor":1.0},{"not_picked":["Expertise","Slice"],"picked":"Dash","floor":2.0},{"not_picked":["Slice","Dodge and Roll"],"picked":"Noxious Fumes","floor":3.0},{"not_picked":["Flying Knee","Deadly Poison"],"picked":"Predator","floor":4.0},{"not_picked":["Underhanded Strike","Deadly Poison"],"picked":"Acrobatics","floor":7.0},{"not_picked":["Underhanded Strike","Dodge and Roll","Dash"],"picked":"SKIP","floor":12.0},{"not_picked":["Escape Plan","Prepared"],"picked":"Adrenaline","floor":13.0},{"not_picked":["Doppelganger","After Image"],"picked":"Malaise","floor":16.0},{"not_picked":["Heel Hook","Backstab","Underhanded Strike"],"picked":"SKIP","floor":18.0},{"not_picked":["Eviscerate","Underhanded Strike"],"picked":"Well Laid Plans","floor":19.0},{"not_picked":["Dodge and Roll","Cloak And Dagger+1"],"picked":"Noxious Fumes+1","floor":21.0},{"not_picked":["Flechettes","Dash","Slice"],"picked":"SKIP","floor":22}],"player_experience":710584,"relics_obtained":[{"floor":9.0,"key":"Snake Skull"},{"floor":13.0,"key":"CeramicFish"}],"event_choices":[{"cards_removed":["Strike_G"],"damage_healed":0.0,"max_hp_gain":0.0,"max_hp_loss":0.0,"gold_gain":0.0,"event_name":"The Cleric","player_choice":"Card Removal","floor":14.0,"gold_loss":75.0,"damage_taken":0.0},{"damage_healed":0.0,"max_hp_gain":0.0,"max_hp_loss":0.0,"gold_gain":0.0,"event_name":"WeMeetAgain","player_choice":"Gave Potion","floor":20.0,"gold_loss":0.0,"damage_taken":0.0,"relics_obtained":["Pen Nib"]}],"is_beta":false,"boss_relics":[{"not_picked":["Runic Dome","Philosopher\u0027s Stone"],"picked":"Fusion Hammer"}],"items_purged_floors":[5],"is_endless":false,"potions_floor_spawned":[1,4,13,16,18],"killed_by":"Slavers","ascension_level":20}}