{"host":"w3q5ijqu8eoknil3","time":1611247990,"event":{"mods":["AchievementEnabler","BaseMod","Block Reminder","Colored Map","Colored Powertips","Curses Come First","Dark Map","Minty Spire (QoL Compilation)","Quick Restart","Relic Stats","StSLib","ojb\u0027s Better Paths Mod","ojb\u0027s Info Mod","slay the spire mod where everything is the same but ironclad has a cowboy hat"],"gold_per_floor":[115,134,148,148,148,148,174,229,229,71,71,83,98,109,109,109,109],"floor_reached":16,"language":"ENG","playtime":285,"items_purged":[],"score":194,"play_id":"c72e2c6c-dc43-4fa3-8256-44744f9b7d71","local_time":"20210121165310","is_ascension_mode":true,"campfire_choices":[{"data":"Choke","floor":6,"key":"SMITH"},{"floor":15,"key":"REST"}],"circlet_count":0,"master_deck":["AscendersBane","Strike_G","Strike_G","Strike_G","Strike_G","Strike_G","Defend_G","Defend_G+1","Defend_G","Defend_G","Defend_G","Survivor","Neutralize","All Out Attack","Well Laid Plans+1","Choke+1","PiercingWail","Dagger Spray","Acrobatics","Backflip"],"relics":["Ring of the Snake","NeowsBlessing","Shovel","Matryoshka","Akabeko","Anchor"],"acts_visited":["Exordium"],"potions_floor_usage":[7,7,12,14,16,16],"damage_taken":[{"damage":0,"enemies":"Jaw Worm","floor":1,"turns":1},{"damage":0,"enemies":"Small Slimes","floor":2,"turns":1},{"damage":0,"enemies":"2 Louse","floor":3,"turns":1},{"damage":32,"enemies":"Gremlin Nob","floor":7,"turns":4},{"damage":1,"enemies":"Exordium Thugs","floor":12,"turns":4},{"damage":0,"enemies":"2 Fungi Beasts","floor":13,"turns":3},{"damage":0,"enemies":"Lots of Slimes","floor":14,"turns":1},{"damage":26,"enemies":"Slime Boss","floor":16,"turns":5}],"seed_played":"-11780727765570230","potions_obtained":[{"floor":1,"key":"EntropicBrew"},{"floor":7,"key":"Poison Potion"},{"floor":13,"key":"Poison Potion"},{"floor":14,"key":"ColorlessPotion"}],"is_trial":false,"path_per_floor":["M","M","M","?","?","R","E","?","T","$","?","M","M","M","R","B"],"character_chosen":"THE_SILENT","items_purchased":["Akabeko"],"campfire_rested":1,"item_purchase_floors":[10],"current_hp_per_floor":[59,59,59,59,39,39,7,7,7,7,2,1,1,1,20,0,0],"gold":109,"neow_bonus":"THREE_ENEMY_KILL","is_daily":false,"chose_seed":false,"campfire_upgraded":1,"win_rate":0.0,"timestamp":1611247990,"path_taken":["M","M","M","?","?","R","E","?","T","?","?","?","M","M","R","BOSS"],"items_purchased_type":["Relic"],"build_version":"2020-12-22","purchased_purges":0,"victory":false,"max_hp_per_floor":[66,66,66,66,66,66,66,66,66,66,66,66,66,66,66,66,66],"relic_stats":{"Shovel":0,"counters":[8,20],"obtain_stats":[{"Anchor":11,"Shovel":7,"Matryoshka":9,"NeowsBlessing":0,"Akabeko":10,"Ring of the Snake":0},{"Anchor":4,"Shovel":4,"Matryoshka":4,"NeowsBlessing":0,"Akabeko":4,"Ring of the Snake":0},{"Anchor":7,"Shovel":7,"Matryoshka":7,"NeowsBlessing":0,"Akabeko":7,"Ring of the Snake":0}],"Ring of the Snake":[16]},"card_choices":[{"not_picked":["Prepared","Sucker Punch"],"picked":"All Out Attack","floor":1},{"not_picked":["Cloak And Dagger","Setup"],"picked":"Well Laid Plans","floor":2},{"not_picked":["Acrobatics","Dodge and Roll"],"picked":"Choke","floor":3},{"not_picked":["Flying Knee","Tactician"],"picked":"PiercingWail","floor":7},{"not_picked":["Terror","Sucker Punch"],"picked":"Dagger Spray","floor":12},{"not_picked":["Sucker Punch","Dodge and Roll"],"picked":"Acrobatics","floor":13},{"not_picked":["Choke","Dodge and Roll"],"picked":"Backflip","floor":14}],"player_experience":1006273,"relics_obtained":[{"floor":7,"key":"Shovel"},{"floor":9,"key":"Matryoshka"}],"event_choices":[{"damage_healed":0,"gold_gain":0,"player_choice":"Leave","damage_taken":0,"max_hp_gain":0,"max_hp_loss":0,"event_name":"The Cleric","floor":4,"gold_loss":0},{"damage_healed":0,"gold_gain":0,"player_choice":"Entered Light","damage_taken":20,"max_hp_gain":0,"max_hp_loss":0,"event_name":"Shining Light","floor":5,"gold_loss":0,"cards_upgraded":["Defend_G","Well Laid Plans"]},{"damage_healed":0,"gold_gain":55,"player_choice":"Gained Gold","damage_taken":0,"max_hp_gain":0,"max_hp_loss":0,"event_name":"Golden Wing","floor":8,"gold_loss":0},{"damage_healed":0,"gold_gain":0,"player_choice":"Success","damage_taken":5,"relics_obtained":["Anchor"],"max_hp_gain":0,"max_hp_loss":0,"event_name":"Scrap Ooze","floor":11,"gold_loss":0}],"is_beta":false,"boss_relics":[],"items_purged_floors":[],"is_endless":false,"potions_floor_spawned":[1,7,13,14],"killed_by":"Slime Boss","ascension_level":18}}