{"host":"4nqeo0vu1vuav7gg","time":1611248188,"event":{"mods":["AchievementEnabler","BaseMod","Block Reminder","Colored Map","Colored Powertips","Highlight Path","Minty Spire (QoL Compilation)","Quick Restart","Rare Cards Sparkle","Relic Relevance Reorder","StSLib"],"gold_per_floor":[112,112,9,21,96,129,147,147,171,171,206,131,158,174,174,174,174],"floor_reached":16,"language":"ENG","playtime":384,"items_purged":[],"score":279,"play_id":"d445b087-0b35-469a-a67b-6c57355b1e15","local_time":"20210121175628","is_ascension_mode":true,"campfire_choices":[{"data":"Loop","floor":8.0,"key":"SMITH"},{"floor":15.0,"key":"REST"}],"circlet_count":0,"master_deck":["AscendersBane","Strike_B","Strike_B","Strike_B","Strike_B","Defend_B+1","Defend_B+1","Defend_B","Defend_B","Zap","Dualcast","Lockon","Loop+1","Gash","Darkness","Capacitor","Chill","Glacier","Loop","Defragment"],"relics":["Cracked Core","InkBottle","Cables","Emotion Chip","Toy Ornithopter","NeowsBlessing","War Paint","Strawberry"],"acts_visited":["Exordium"],"potions_floor_usage":[],"damage_taken":[{"damage":0.0,"enemies":"Cultist","floor":1.0,"turns":1.0},{"damage":0.0,"enemies":"Jaw Worm","floor":4.0,"turns":1.0},{"damage":0.0,"enemies":"3 Sentries","floor":6.0,"turns":1.0},{"damage":0.0,"enemies":"2 Louse","floor":7.0,"turns":2.0},{"damage":18.0,"enemies":"Lagavulin","floor":11.0,"turns":5.0},{"damage":33.0,"enemies":"3 Sentries","floor":13.0,"turns":9.0},{"damage":7.0,"enemies":"Exordium Wildlife","floor":14.0,"turns":2.0},{"damage":30,"enemies":"The Guardian","floor":16,"turns":2}],"seed_played":"-7422131496021131975","potions_obtained":[{"floor":1.0,"key":"ColorlessPotion"},{"floor":6.0,"key":"PowerPotion"}],"is_trial":false,"path_per_floor":["M","?","$","M","?","E","M","R","T","?","E","?","E","M","R","B"],"character_chosen":"DEFECT","items_purchased":["Loop","Gash"],"campfire_rested":1,"item_purchase_floors":[3,3],"current_hp_per_floor":[64,59,59,59,48,48,48,48,48,48,37,37,9,7,30,0,0],"gold":174,"neow_bonus":"THREE_ENEMY_KILL","is_daily":false,"chose_seed":false,"campfire_upgraded":1,"win_rate":0.0,"timestamp":1611248188,"path_taken":["M","?","$","M","?","E","M","R","T","?","E","?","E","M","R","BOSS"],"items_purchased_type":["Card","Card"],"build_version":"2020-12-22","purchased_purges":0,"victory":false,"max_hp_per_floor":[71,71,71,71,71,71,71,71,71,71,78,78,78,78,78,78,78],"card_choices":[{"not_picked":["Double Energy","Rebound"],"picked":"Lockon","floor":1.0},{"not_picked":["Scrape","Steam"],"picked":"Darkness","floor":4.0},{"not_picked":["Rebound","Scrape"],"picked":"Capacitor","floor":6.0},{"not_picked":["BootSequence","Capacitor"],"picked":"Chill","floor":7.0},{"not_picked":["Go for the Eyes","Turbo"],"picked":"Glacier","floor":11.0},{"not_picked":["Recycle","Double Energy"],"picked":"Loop","floor":13.0},{"not_picked":["Compile Driver","Gash"],"picked":"Defragment","floor":14.0}],"player_experience":1064850,"relics_obtained":[{"floor":6.0,"key":"Emotion Chip"},{"floor":9.0,"key":"Toy Ornithopter"},{"floor":11.0,"key":"Strawberry"},{"floor":13.0,"key":"InkBottle"}],"event_choices":[{"damage_healed":0.0,"max_hp_gain":0.0,"max_hp_loss":0.0,"gold_gain":0.0,"event_name":"Scrap Ooze","player_choice":"Success","floor":2.0,"gold_loss":0.0,"damage_taken":5.0,"relics_obtained":["War Paint"]},{"damage_healed":0.0,"max_hp_gain":0.0,"max_hp_loss":0.0,"gold_gain":75.0,"event_name":"World of Goop","player_choice":"Gather Gold","floor":5.0,"gold_loss":0.0,"damage_taken":11.0},{"damage_healed":0.0,"max_hp_gain":0.0,"max_hp_loss":0.0,"gold_gain":0.0,"event_name":"Big Fish","player_choice":"Box","floor":10.0,"gold_loss":0.0,"damage_taken":0.0,"relics_obtained":["Cables"],"cards_obtained":["Regret"]},{"cards_removed":["Regret"],"damage_healed":0.0,"max_hp_gain":0.0,"max_hp_loss":0.0,"gold_gain":0.0,"event_name":"The Cleric","player_choice":"Card Removal","floor":12.0,"gold_loss":75.0,"damage_taken":0.0}],"is_beta":false,"boss_relics":[],"items_purged_floors":[],"is_endless":false,"potions_floor_spawned":[1,6],"killed_by":"The Guardian","ascension_level":19}}