{"host":"o42wl4m5pnzrnqrg","time":1611201263,"event":{"mods":["100% Spire Juice","2.2 Compatiblity","Act Like it!","Arknights The Spire","BaseMod","Best Route Mod","Better Match","Better Note","Better Skull","Better Third Choice","Better Vampires","CapriCore","Colored Map","Curses Come First","Dota2Spire","Evolution","Friendly Minions","GifTheSpireLib","Gold Saver","Hallownest","Hubris","Jess\u0027s Bottle","Luminous","Mari Mod (Legacy)","Mari\u0027s V1 Patch","Marisa????????","Minty Spire (QoL Compilation)","Permanent Neow","Poor People Problems","Rare Cards Sparkle","Relic Stats","Replay The Spire","Robot Space Explorer","SOS???????","Shop Mod","Small Relic Pack","Spicy Shops","StSLib","The Bladedancer","The Blue Laboratory","The Bug Knight","The Dragon Tamer","The Marked","TheSwordswoman","TheWitcher","Transform Curses","???mod?????","??????REMEMod"],"gold_per_floor":[364,384,384,399,50,50,94,94,94,94,94,194,230,246,246,375,375,391,391,21,39,52,52,91,297,297,318,318,393,407,431,431,555,555,579,579,597,613,613,613,651,651,651,676,712,1,77,92,92,2],"floor_reached":51,"language":"ENG","playtime":68228,"items_purged":["Parasite"],"score":896,"play_id":"58df125d-29dd-4f1f-bc90-6a94b55bab1d","local_time":"20210120235423","is_ascension_mode":true,"campfire_choices":[{"floor":6,"key":"REST"},{"floor":8,"key":"REST"},{"data":"blazmod:MirrorImage","floor":10,"key":"SMITH"},{"floor":15,"key":"REST"},{"floor":23,"key":"REST"},{"data":"Mayhem","floor":28,"key":"SMITH"},{"data":"blademaster:UnrelentingWind","floor":32,"key":"SMITH"},{"floor":40,"key":"RECALL"},{"floor":49,"key":"REST"}],"circlet_count":0,"master_deck":["blademaster:Strike","blademaster:Strike","blademaster:Strike","blademaster:Defend","blademaster:Defend","blademaster:Defend","blademaster:Defend","blademaster:RagingBlow","blademaster:HighVoltage","ReplayTheSpireMod:Faulty Equipment","blazmod:MirrorImage+1","blademaster:Flurry","blademaster:DeadlyDance","blademaster:ThunderingOpener","blademaster:Blockade+1","blademaster:UnrelentingWind+1","blademaster:Breeze","blademaster:DaggerAndCloak","blademaster:Bloodbath","blademaster:FuriousStrike","blademaster:Flash","blademaster:ParryingStrike+1","blademaster:Meditate+1","Mayhem+1","blademaster:Safeguard+1","blademaster:Flurry+1","blademaster:ParryingStrike","blademaster:Empower+1","blademaster:Vortex+1","blademaster:Sharpen","blademaster:WindSlash","blademaster:Blockade+1","blademaster:CloudOfSteel","blademaster:CombatPrep+1","blademaster:Rupture+1","blademaster:TraverseCut","blademaster:FuriousStrike","blademaster:Frontflip","blademaster:LightningDraw","Clumsy","blademaster:Empower","blademaster:Stability+1","blademaster:ThreePointStrike"],"relics":["blademaster:DancersAmulet","EVO:Axolotl","REME_ComplimentaryCards","Golden Idol","Strawberry","Dota2Spire:MonkeyKingBar","Orichalcum","Snecko Heart","hubris:GlazedTorus","Dota2Spire:ShivaGuard","Onion Ring","Frozen Egg 2","Fusion Hammer","hubris:Towel","Sundial","hubris:Icosahedron","Dota2Spire:OctarineCore","ReplayFunnel","REME_OnlineShoppingPlatform","hubris:SlimyHat","Art of War","hubris:BottledRain"],"acts_visited":["Exordium","Exordium","TheBeyond"],"potions_floor_usage":[7,7,14,14,18,21,22,24,31,33,37,38,41,45,45,50,50,50,50,50,50],"damage_taken":[{"damage":7,"enemies":"Small Slimes","floor":1,"turns":6},{"damage":1,"enemies":"Cultist","floor":2,"turns":4},{"damage":8,"enemies":"2 Louse","floor":4,"turns":4},{"damage":32,"enemies":"3 Sentries","floor":7,"turns":7},{"damage":40,"enemies":"Lagavulin","floor":13,"turns":4},{"damage":0,"enemies":"2 Fungi Beasts","floor":14,"turns":2},{"damage":25,"enemies":"Slime Boss","floor":16,"turns":5},{"damage":4,"enemies":"Hallownest:3_Youths","floor":18,"turns":3},{"damage":9,"enemies":"Hallownest:Flukemon_and_Top","floor":21,"turns":3},{"damage":30,"enemies":"Hallownest:Master_and_Novice","floor":22,"turns":3},{"damage":1,"enemies":"Hallownest:Nosk","floor":24,"turns":5},{"damage":14,"enemies":"Hallownest:2_Flukemon","floor":27,"turns":5},{"damage":0,"enemies":"Hallownest:monsterShrumalOgre","floor":30,"turns":2},{"damage":7,"enemies":"Hallownest:3_Mistakes","floor":31,"turns":3},{"damage":0,"enemies":"Hallownest:BossSoulMaster","floor":33,"turns":5},{"damage":0,"enemies":"Orb Walker","floor":35,"turns":2},{"damage":27,"enemies":"3 Shapes","floor":37,"turns":3},{"damage":0,"enemies":"Writhing Mass","floor":38,"turns":4},{"damage":28,"enemies":"Reptomancer","floor":41,"turns":4},{"damage":5,"enemies":"Spire Growth","floor":44,"turns":2},{"damage":1,"enemies":"Giant Head","floor":45,"turns":3},{"damage":0,"enemies":"Transient","floor":48,"turns":5},{"damage":2,"enemies":"Replay:Hell Engine","floor":50,"turns":2}],"seed_played":"6009231401111794560","potions_obtained":[{"floor":1,"key":"blueLaboratory:AbyssPotion"},{"floor":13,"key":"Dota2Spire:Clarity"},{"floor":16,"key":"blueLaboratory:SavagePotion"},{"floor":21,"key":"blueLaboratory:PyrophylliteBrew"},{"floor":27,"key":"blueLaboratory:HorrorPotion"},{"floor":29,"key":"blueLaboratory:ArtificerPotion"},{"floor":30,"key":"Block Potion"},{"floor":31,"key":"blueLaboratory:EnragingPotion"},{"floor":38,"key":"Dota2Spire:HealingSalve"},{"floor":41,"key":"REME_GoldPotion"},{"floor":44,"key":"Flashbang"}],"is_trial":false,"path_per_floor":["M","M","?","M","$","R","E","R","T","R","?","?","E","M","R","B",null,"M","?","$","M","M","R","E","?","T","M","R","?","M","M","R","B",null,"M","?","M","M","?","R","E","?","T","M","E","$","T","M","R","B",null],"character_chosen":"THE_BLADEMASTER","items_purchased":["hubris:EmptyBottle","blademaster:Blockade","blademaster:UnrelentingWind","blademaster:Breeze","hubris:GlazedTorus","Mayhem","blademaster:Safeguard+1","REME_OnlineShoppingPlatform","blademaster:Empower","blademaster:Stability+1","hubris:SlimyHat","Art of War"],"campfire_rested":5,"item_purchase_floors":[5,5,5,5,20,20,20,46,46,46,46,46],"current_hp_per_floor":[61,60,42,34,34,56,31,55,55,55,50,50,10,16,40,15,65,67,67,67,64,46,70,75,75,75,82,82,62,68,67,67,82,82,82,82,61,79,79,79,66,66,66,67,72,72,72,79,79,79],"gold":2,"neow_bonus":"TWO_FIFTY_GOLD","is_daily":false,"chose_seed":false,"campfire_upgraded":3,"win_rate":0.0,"timestamp":1611201263,"path_taken":["M","M","?","M","$","R","E","R","T","R","?","?","E","M","R","BOSS","M","?","$","M","?","R","E","?","T","M","R","?","M","M","R","BOSS","M","?","?","M","?","R","E","?","T","M","E","$","?","M","R","BOSS"],"items_purchased_type":["Relic","Card","Card","Card","Relic","Card","Card","Relic","Card","Card","Relic","Relic"],"build_version":"2020-12-22","purchased_purges":1,"victory":true,"max_hp_per_floor":[75,75,75,75,75,75,82,82,82,82,82,82,82,82,82,82,82,82,82,82,82,82,82,82,82,82,82,82,82,82,82,82,82,82,82,82,82,82,82,82,82,82,82,82,82,79,79,79,79,79],"relic_stats":{"counters":[23,86],"Golden Idol":178,"Sundial":[0],"Art of War":[0],"Orichalcum":[42],"obtain_stats":[{"ReplayFunnel":45,"Snecko Heart":17,"blademaster:BonusFuryPerk":41,"hubris:SlimyHat":46,"EVO:Axolotl":0,"hubris:EmptyBottle":5,"hubris:Icosahedron":42,"Sundial":41,"Strawberry":7,"Fusion Hammer":34,"REME_OnlineShoppingPlatform":46,"hubris:GlazedTorus":20,"Golden Idol":3,"blademaster:StrongPerk":24,"Dota2Spire:ShivaGuard":24,"blademaster:OnAttackedChargePerk":45,"Orichalcum":13,"Frozen Egg 2":29,"hubris:Towel":39,"blademaster:BleedingMoreDamagePerk":7,"Onion Ring":26,"blademaster:StanceHealPerk":13,"Dota2Spire:OctarineCore":43,"Art of War":46,"blademaster:DancersAmulet":0,"Dota2Spire:MonkeyKingBar":9,"REME_ComplimentaryCards":0,"hubris:BottledRain":47},{"ReplayFunnel":21,"Snecko Heart":7,"blademaster:BonusFuryPerk":19,"hubris:SlimyHat":21,"EVO:Axolotl":0,"hubris:EmptyBottle":3,"hubris:Icosahedron":19,"Sundial":19,"Strawberry":4,"Fusion Hammer":15,"REME_OnlineShoppingPlatform":21,"hubris:GlazedTorus":8,"Golden Idol":2,"blademaster:StrongPerk":11,"Dota2Spire:ShivaGuard":11,"blademaster:OnAttackedChargePerk":21,"Orichalcum":5,"Frozen Egg 2":12,"hubris:Towel":18,"blademaster:BleedingMoreDamagePerk":4,"Onion Ring":11,"blademaster:StanceHealPerk":5,"Dota2Spire:OctarineCore":19,"Art of War":21,"blademaster:DancersAmulet":0,"Dota2Spire:MonkeyKingBar":4,"REME_ComplimentaryCards":0,"hubris:BottledRain":21},{"ReplayFunnel":79,"Snecko Heart":32,"blademaster:BonusFuryPerk":74,"hubris:SlimyHat":79,"EVO:Axolotl":0,"hubris:EmptyBottle":14,"hubris:Icosahedron":74,"Sundial":74,"Strawberry":21,"Fusion Hammer":61,"REME_OnlineShoppingPlatform":79,"hubris:GlazedTorus":35,"Golden Idol":10,"blademaster:StrongPerk":46,"Dota2Spire:ShivaGuard":46,"blademaster:OnAttackedChargePerk":79,"Orichalcum":25,"Frozen Egg 2":51,"hubris:Towel":70,"blademaster:BleedingMoreDamagePerk":21,"Onion Ring":46,"blademaster:StanceHealPerk":25,"Dota2Spire:OctarineCore":74,"Art of War":79,"blademaster:DancersAmulet":0,"Dota2Spire:MonkeyKingBar":21,"REME_ComplimentaryCards":0,"hubris:BottledRain":79}]},"card_choices":[{"not_picked":["blademaster:CullingStrike","blademaster:AirSlash"],"picked":"blademaster:Flurry","floor":1},{"not_picked":["blademaster:AirSlash","blademaster:Stability"],"picked":"blademaster:DeadlyDance","floor":2},{"not_picked":["blademaster:AspectOfWind","blademaster:Slice"],"picked":"blademaster:ThunderingOpener","floor":4},{"not_picked":["blademaster:LeechingStrike","blademaster:AncestralHealing"],"picked":"blademaster:DaggerAndCloak","floor":7},{"not_picked":["blademaster:BrainBloom","blademaster:Bloodbath","blademaster:AspectOfWind"],"picked":"SKIP","floor":13},{"not_picked":["blademaster:BrainBloom","blademaster:AspectOfWind"],"picked":"blademaster:Bloodbath","floor":13},{"not_picked":["blademaster:CombatPrep","blademaster:Frontflip"],"picked":"blademaster:FuriousStrike","floor":14},{"not_picked":["blademaster:FlockOfBlades","blademaster:ThreePointStrike"],"picked":"blademaster:Flash","floor":16},{"not_picked":["blademaster:ChargingUp","blademaster:Cut"],"picked":"blademaster:ParryingStrike+1","floor":18},{"not_picked":["blademaster:BladeCross+1","blademaster:LightningCrash+1"],"picked":"blademaster:Meditate+1","floor":19},{"not_picked":["blademaster:FuriousStrike","blademaster:Thrust"],"picked":"blademaster:Flurry+1","floor":21},{"not_picked":["blademaster:Quickness","blademaster:Flurry"],"picked":"blademaster:ParryingStrike","floor":22},{"not_picked":["blademaster:Safeguard+1","blademaster:AncestralHealing"],"picked":"blademaster:Empower","floor":24},{"not_picked":["blademaster:SlyStabs","blademaster:AspectOfLightning"],"picked":"blademaster:Vortex+1","floor":27},{"not_picked":["blademaster:SlyStabs","blademaster:LeechingStrike"],"picked":"blademaster:Sharpen","floor":29},{"not_picked":["blademaster:ThunderingOpener","blademaster:AspectOfWind"],"picked":"blademaster:WindSlash","floor":30},{"not_picked":["blademaster:AspectOfLightning","blademaster:AncestralHealing+1"],"picked":"blademaster:Blockade+1","floor":31},{"not_picked":["blademaster:StanceMastery+1","blademaster:RagingBlow"],"picked":"blademaster:CloudOfSteel","floor":33},{"not_picked":["blademaster:Havoc","blademaster:Sharpen"],"picked":"blademaster:CombatPrep+1","floor":35},{"not_picked":["blademaster:SlyStabs","blademaster:AirSlash"],"picked":"blademaster:Rupture+1","floor":37},{"not_picked":["blademaster:ChargingUp","blademaster:AspectOfWind+1"],"picked":"blademaster:TraverseCut","floor":38},{"not_picked":["blademaster:Sunder","blademaster:Slice"],"picked":"blademaster:FuriousStrike","floor":41},{"not_picked":["blademaster:AirSlash","blademaster:CombatPrep+1"],"picked":"blademaster:Frontflip","floor":44},{"not_picked":["blademaster:Sunder","blademaster:SlyStabs"],"picked":"blademaster:LightningDraw","floor":45},{"not_picked":["blademaster:CombatPrep","blademaster:Flurry"],"picked":"blademaster:ThreePointStrike","floor":48}],"player_experience":524414,"relics_obtained":[{"floor":7,"key":"Strawberry"},{"floor":7,"key":"blademaster:BleedingMoreDamagePerk"},{"floor":9,"key":"Dota2Spire:MonkeyKingBar"},{"floor":13,"key":"Orichalcum"},{"floor":13,"key":"blademaster:StanceHealPerk"},{"floor":24,"key":"Dota2Spire:ShivaGuard"},{"floor":24,"key":"blademaster:StrongPerk"},{"floor":26,"key":"Onion Ring"},{"floor":29,"key":"Frozen Egg 2"},{"floor":41,"key":"Sundial"},{"floor":41,"key":"blademaster:BonusFuryPerk"},{"floor":43,"key":"Dota2Spire:OctarineCore"},{"floor":45,"key":"ReplayFunnel"},{"floor":45,"key":"blademaster:OnAttackedChargePerk"},{"floor":47,"key":"hubris:BottledRain"}],"event_choices":[{"damage_healed":0,"gold_gain":0,"player_choice":"Take Damage","damage_taken":18,"relics_obtained":["Golden Idol"],"max_hp_gain":0,"max_hp_loss":0,"event_name":"Golden Idol","floor":3,"gold_loss":0},{"damage_healed":0,"gold_gain":100,"player_choice":"Pray","damage_taken":0,"max_hp_gain":0,"max_hp_loss":0,"event_name":"Golden Shrine","floor":12,"gold_loss":0},{"damage_healed":0,"gold_gain":0,"player_choice":"2","damage_taken":0,"max_hp_gain":0,"max_hp_loss":0,"event_name":"betterMatch:BetterMatch","floor":19,"gold_loss":0,"cards_obtained":["betterMatch:UncommonCard"]},{"damage_healed":0,"gold_gain":0,"player_choice":"Upgraded","damage_taken":0,"max_hp_gain":0,"max_hp_loss":0,"event_name":"Upgrade Shrine","floor":36,"gold_loss":0,"cards_upgraded":["blademaster:Empower"]}],"is_beta":false,"boss_relics":[{"not_picked":["relicPack:StarArrow","hubris:ScarierMask"],"picked":"Snecko Heart"},{"not_picked":["Astrolabe","Replay:Ancient Bell"],"picked":"Fusion Hammer"}],"items_purged_floors":[46],"is_endless":false,"potions_floor_spawned":[1,13,16,21,27,30,31,38,41,44],"ascension_level":8}}