{"host":"sav7uxregyirlf69","time":1611232120,"event":{"mods":["AchievementEnabler","BaseMod","Colored Map","DeckTracker","Keyboard Shortcuts","Minty Spire (QoL Compilation)","READ ME - Guardian Mod","StSLib","SuperFastMode"],"gold_per_floor":[118,118,118,43,61,61,94,111,111,36,46,78,96,431,431,504,504,516,528,528,528],"floor_reached":20,"language":"KOR","playtime":321,"items_purged":["Strike_G"],"score":438,"play_id":"18924cfe-da3d-4490-abd4-33b589bbe6ca","local_time":"20210121212840","is_ascension_mode":true,"campfire_choices":[{"data":"Noxious Fumes","floor":6.0,"key":"SMITH"},{"floor":15,"key":"REST"}],"circlet_count":0,"master_deck":["AscendersBane","Strike_G","Strike_G","Strike_G","Defend_G","Defend_G","Defend_G","Defend_G","Defend_G","Survivor","Neutralize","Noxious Fumes+1","Poisoned Stab","Crippling Poison","Glass Knife","Malaise"],"relics":["Ring of the Snake","NeowsBlessing","Shovel","Lizard Tail","Nunchaku","Old Coin","Cursed Key"],"acts_visited":["Exordium","TheCity"],"potions_floor_usage":[14],"damage_taken":[{"damage":0.0,"enemies":"Jaw Worm","floor":1.0,"turns":1.0},{"damage":0.0,"enemies":"2 Louse","floor":5.0,"turns":1.0},{"damage":0.0,"enemies":"3 Sentries","floor":7.0,"turns":1.0},{"damage":4.0,"enemies":"Small Slimes","floor":8.0,"turns":4.0},{"damage":9.0,"enemies":"Looter","floor":11.0,"turns":3.0},{"damage":22.0,"enemies":"Lagavulin","floor":12.0,"turns":6.0},{"damage":4.0,"enemies":"Blue Slaver","floor":13.0,"turns":4.0},{"damage":24,"enemies":"Gremlin Nob","floor":14,"turns":4},{"damage":32,"enemies":"Hexaghost","floor":16,"turns":12},{"damage":7,"enemies":"Shell Parasite","floor":18,"turns":6},{"damage":19,"enemies":"Chosen","floor":19,"turns":7},{"damage":38,"enemies":"Masked Bandits","floor":20,"turns":3}],"seed_played":"3261458441506160622","potions_obtained":[{"floor":1.0,"key":"Ancient Potion"},{"floor":7.0,"key":"Explosive Potion"},{"floor":11.0,"key":"CunningPotion"},{"floor":12.0,"key":"AttackPotion"}],"is_trial":false,"path_per_floor":["M","?","?","$","M","R","E","M","T","?","M","E","M","E","R","B",null,"M","M","?"],"character_chosen":"THE_SILENT","items_purchased":[],"campfire_rested":1,"item_purchase_floors":[],"current_hp_per_floor":[59,64,64,64,64,64,64,60,60,60,51,29,25,1,22,28,60,53,34,0,0],"gold":528,"neow_bonus":"THREE_ENEMY_KILL","is_daily":false,"chose_seed":false,"campfire_upgraded":1,"win_rate":0.0,"timestamp":1611232120,"path_taken":["M","?","?","?","M","R","E","M","T","?","M","E","M","E","R","BOSS","M","M","?"],"items_purchased_type":[],"build_version":"2020-12-22","purchased_purges":1,"victory":false,"max_hp_per_floor":[66,71,71,71,71,71,71,71,71,71,71,71,71,71,71,71,71,71,71,71,71],"card_choices":[{"not_picked":["Infinite Blades","Backflip"],"picked":"Noxious Fumes","floor":1.0},{"not_picked":["All Out Attack","Eviscerate"],"picked":"Poisoned Stab","floor":5.0},{"not_picked":["Underhanded Strike","Deadly Poison"],"picked":"Crippling Poison","floor":7.0},{"not_picked":["Dagger Spray","Deadly Poison"],"picked":"Glass Knife","floor":8.0},{"not_picked":["PiercingWail","Cloak And Dagger","Dagger Spray"],"picked":"SKIP","floor":11.0},{"not_picked":["Blur","Predator"],"picked":"Malaise","floor":12.0},{"not_picked":["Bane","Deflect","Crippling Poison"],"picked":"SKIP","floor":13.0},{"not_picked":["Noxious Fumes","Acrobatics","Flying Knee"],"picked":"SKIP","floor":14},{"not_picked":["Acrobatics","Skewer+1","Infinite Blades+1"],"picked":"SKIP","floor":18},{"not_picked":["Backstab","Flying Knee","Choke"],"picked":"SKIP","floor":19}],"player_experience":1348794,"relics_obtained":[{"floor":7.0,"key":"Shovel"},{"floor":9.0,"key":"Lizard Tail"},{"floor":12.0,"key":"Nunchaku"},{"floor":14,"key":"Old Coin"}],"event_choices":[{"damage_healed":0.0,"max_hp_gain":5.0,"max_hp_loss":0.0,"gold_gain":0.0,"event_name":"Big Fish","player_choice":"Donut","floor":2.0,"gold_loss":0.0,"damage_taken":0.0},{"damage_healed":0.0,"max_hp_gain":0.0,"max_hp_loss":0.0,"gold_gain":0.0,"event_name":"Liars Game","player_choice":"Ignored","floor":3.0,"gold_loss":0.0,"damage_taken":0.0},{"cards_removed":["Strike_G"],"damage_healed":0.0,"max_hp_gain":0.0,"max_hp_loss":0.0,"gold_gain":0.0,"event_name":"The Cleric","player_choice":"Card Removal","floor":10.0,"gold_loss":75.0,"damage_taken":0.0},{"damage_healed":0,"gold_gain":0,"player_choice":"Fought Bandits","damage_taken":0,"max_hp_gain":0,"max_hp_loss":0,"event_name":"Masked Bandits","floor":20,"gold_loss":0}],"is_beta":false,"boss_relics":[{"not_picked":["Ectoplasm","Busted Crown"],"picked":"Cursed Key"}],"items_purged_floors":[4],"is_endless":false,"potions_floor_spawned":[1,7,11,12],"killed_by":"Masked Bandits","ascension_level":20}}