{"host":"1a32ffxog1zcqoh0","time":1611187551,"event":{"mods":["BaseMod","Block Reminder","Colored Map","Colored Powertips","Googly Eyes","Minty Spire (QoL Compilation)","Quick Restart","Rare Cards Sparkle","Relic Stats","StSLib","Unceasing Turn Reminder","everything is the same but u backflip on backflip","slay the spire mod where everything is the same but ironclad has a cowboy hat"],"gold_per_floor":[115,390,408,107,119,152,152,184,184,194,269,281,281,311,311,410,410,424,424,349,299,309,309,320,339,339,339,339],"floor_reached":27,"language":"ENG","playtime":1870,"items_purged":["Regret"],"score":355,"play_id":"5be2d84a-1950-4619-98bc-d58533c233f5","local_time":"20210120190551","is_ascension_mode":true,"campfire_choices":[{"data":"Noxious Fumes","floor":7,"key":"SMITH"},{"floor":13,"key":"REST"},{"floor":15,"key":"REST"},{"floor":23,"key":"REST"}],"circlet_count":0,"master_deck":["Strike_G","Strike_G","Strike_G","Strike_G","Defend_G","Defend_G","Defend_G","Defend_G","Defend_G","Survivor","Neutralize","Deadly Poison","Bane","Catalyst","Noxious Fumes+1","Bane","Poisoned Stab","Dagger Spray","Poisoned Stab","Prepared","Crippling Poison","After Image","Catalyst","RitualDagger","Backflip","Terror","Bane"],"relics":["Ring of the Snake","Snake Skull","Potion Belt","Peace Pipe","Question Card","Odd Mushroom","Fusion Hammer","Boot","Ancient Tea Set"],"acts_visited":["Exordium","TheCity"],"potions_floor_usage":[6,6,6,12,16,27],"damage_taken":[{"damage":3,"enemies":"Small Slimes","floor":1,"turns":5},{"damage":2,"enemies":"Cultist","floor":3,"turns":4},{"damage":3,"enemies":"2 Louse","floor":5,"turns":3},{"damage":7,"enemies":"Lagavulin","floor":6,"turns":4},{"damage":24,"enemies":"Gremlin Nob","floor":8,"turns":4},{"damage":1,"enemies":"Red Slaver","floor":10,"turns":4},{"damage":8,"enemies":"3 Louse","floor":12,"turns":4},{"damage":18,"enemies":"The Mushroom Lair","floor":14,"turns":3},{"damage":0,"enemies":"Slime Boss","floor":16,"turns":6},{"damage":16,"enemies":"Spheric Guardian","floor":18,"turns":4},{"damage":16,"enemies":"Shell Parasite","floor":22,"turns":3},{"damage":19,"enemies":"3 Cultists","floor":24,"turns":5},{"damage":15,"enemies":"Shelled Parasite and Fungi","floor":25,"turns":3},{"damage":26,"enemies":"Slavers","floor":27,"turns":1}],"seed_played":"1567666194269270535","potions_obtained":[{"floor":1,"key":"SkillPotion"},{"floor":3,"key":"Explosive Potion"},{"floor":6,"key":"Fruit Juice"},{"floor":10,"key":"Swift Potion"},{"floor":14,"key":"LiquidMemories"},{"floor":22,"key":"SneckoOil"},{"floor":24,"key":"BlessingOfTheForge"},{"floor":25,"key":"Weak Potion"}],"is_trial":false,"path_per_floor":["M","?","M","$","M","E","R","E","T","M","?","M","R","?","R","B",null,"M","?","?","?","M","R","M","M","T","E"],"character_chosen":"THE_SILENT","items_purchased":["Noxious Fumes","Snake Skull"],"campfire_rested":3,"item_purchase_floors":[4,4],"current_hp_per_floor":[60,60,58,58,55,53,53,29,29,28,21,13,35,17,39,39,66,50,44,44,44,28,50,31,16,16,0,0],"gold":339,"neow_bonus":"THREE_CARDS","is_daily":false,"chose_seed":false,"campfire_upgraded":1,"win_rate":0.0,"timestamp":1611187551,"path_taken":["M","?","?","$","M","E","R","E","T","M","?","?","R","?","R","BOSS","M","?","?","?","M","R","?","?","T","E"],"items_purchased_type":["Card","Relic"],"build_version":"2020-12-22","purchased_purges":1,"victory":false,"max_hp_per_floor":[70,70,70,70,70,75,75,75,75,75,75,75,75,75,75,75,75,75,75,75,75,75,75,75,75,75,75,75],"relic_stats":{"Peace Pipe":0,"counters":[14,53],"Snake Skull":[72],"Question Card":8,"Boot":[11],"obtain_stats":[{"Potion Belt":6,"Peace Pipe":8,"Snake Skull":4,"Fusion Hammer":17,"Odd Mushroom":14,"Question Card":9,"Boot":21,"Ancient Tea Set":26,"Ring of the Snake":0},{"Potion Belt":4,"Peace Pipe":5,"Snake Skull":2,"Fusion Hammer":9,"Odd Mushroom":8,"Question Card":5,"Boot":10,"Ancient Tea Set":13,"Ring of the Snake":0},{"Potion Belt":16,"Peace Pipe":20,"Snake Skull":9,"Fusion Hammer":37,"Odd Mushroom":31,"Question Card":20,"Boot":41,"Ancient Tea Set":52,"Ring of the Snake":0}],"Ring of the Snake":[28]},"card_choices":[{"not_picked":["PiercingWail","Crippling Poison"],"picked":"Deadly Poison","floor":0},{"not_picked":["Setup","Acrobatics"],"picked":"Bane","floor":1},{"not_picked":["Crippling Poison","All Out Attack"],"picked":"Catalyst","floor":3},{"not_picked":["Accuracy","Flying Knee"],"picked":"Bane","floor":5},{"not_picked":["Flechettes","Skewer"],"picked":"Poisoned Stab","floor":6},{"not_picked":["Flying Knee","Unload"],"picked":"Dagger Spray","floor":8},{"not_picked":["Quick Slash","Choke","Expertise"],"picked":"Poisoned Stab","floor":10},{"not_picked":["Underhanded Strike","Blade Dance","Backflip"],"picked":"Prepared","floor":12},{"not_picked":["Poisoned Stab","Eviscerate","Die Die Die"],"picked":"Crippling Poison","floor":14},{"not_picked":["Tools of the Trade","Grand Finale","Night Terror"],"picked":"After Image","floor":16},{"not_picked":["Blade Dance","Prepared","Predator+1"],"picked":"Catalyst","floor":18},{"not_picked":["Choke+1","Dagger Throw","Flying Knee"],"picked":"Backflip","floor":22},{"not_picked":["Eviscerate","Acrobatics","A Thousand Cuts"],"picked":"Terror","floor":24},{"not_picked":["Backstab+1","Acrobatics","Caltrops"],"picked":"Bane","floor":25}],"player_experience":276288,"relics_obtained":[{"floor":6,"key":"Potion Belt"},{"floor":8,"key":"Peace Pipe"},{"floor":9,"key":"Question Card"},{"floor":14,"key":"Odd Mushroom"},{"floor":26,"key":"Ancient Tea Set"}],"event_choices":[{"damage_healed":0,"gold_gain":275,"player_choice":"Desecrate","damage_taken":0,"max_hp_gain":0,"max_hp_loss":0,"event_name":"Golden Shrine","floor":2,"gold_loss":0,"cards_obtained":["Regret"]},{"damage_healed":0,"gold_gain":75,"player_choice":"Touch","damage_taken":7,"max_hp_gain":0,"max_hp_loss":0,"event_name":"FaceTrader","floor":11,"gold_loss":0},{"damage_healed":0,"gold_gain":0,"player_choice":"Fought Mushrooms","damage_taken":0,"max_hp_gain":0,"max_hp_loss":0,"event_name":"Mushrooms","floor":14,"gold_loss":0},{"damage_healed":0,"gold_gain":0,"player_choice":"Joined the Cult","damage_taken":6,"max_hp_gain":0,"max_hp_loss":0,"event_name":"Nest","floor":19,"gold_loss":0,"cards_obtained":["RitualDagger"]},{"cards_removed":["Strike_G"],"damage_healed":0,"gold_gain":0,"player_choice":"Gave Gold","damage_taken":0,"max_hp_gain":0,"max_hp_loss":0,"event_name":"Beggar","floor":20,"gold_loss":75},{"damage_healed":0,"gold_gain":0,"player_choice":"Paid Gold","damage_taken":0,"relics_obtained":["Boot"],"max_hp_gain":0,"max_hp_loss":0,"event_name":"WeMeetAgain","floor":21,"gold_loss":50}],"is_beta":false,"boss_relics":[{"not_picked":["Runic Pyramid","Empty Cage"],"picked":"Fusion Hammer"}],"items_purged_floors":[4],"is_endless":false,"potions_floor_spawned":[1,3,6,10,14,22,24,25],"killed_by":"Slavers","ascension_level":6}}