{"host":"axuns55dzq466eei","time":1611240405,"event":{"mods":["BaseMod","Colored Map","Keyboard Shortcuts","Minty Spire (QoL Compilation)","StSLib","SuperFastMode"],"gold_per_floor":[119,133,133,148,165,165,182,182,182,199,199,216,245,261,261,261,261],"floor_reached":16,"language":"KOR","playtime":332,"items_purged":[],"score":212,"play_id":"66a4bf4c-91f7-431a-8fff-43f455a6aca7","local_time":"20210121234645","is_ascension_mode":true,"campfire_choices":[{"data":"Chaos","floor":6.0,"key":"SMITH"},{"floor":11,"key":"REST"},{"data":"Chaos","floor":15,"key":"SMITH"}],"circlet_count":0,"master_deck":["AscendersBane","Strike_B","Strike_B","Defend_B","Defend_B","Defend_B","Defend_B","Zap","Dualcast","Rainbow","Glacier","Compile Driver","Blizzard","Undo","Chaos+1","Biased Cognition","Chaos+1"],"relics":["Cracked Core","Vajra"],"acts_visited":["Exordium"],"potions_floor_usage":[13,13],"damage_taken":[{"damage":1.0,"enemies":"Cultist","floor":1.0,"turns":5.0},{"damage":10.0,"enemies":"Small Slimes","floor":2.0,"turns":3.0},{"damage":4.0,"enemies":"2 Louse","floor":4.0,"turns":3.0},{"damage":6.0,"enemies":"2 Fungi Beasts","floor":5.0,"turns":5.0},{"damage":8,"enemies":"Large Slime","floor":7,"turns":8},{"damage":0,"enemies":"Looter","floor":10,"turns":3},{"damage":0,"enemies":"Blue Slaver","floor":12,"turns":3},{"damage":3,"enemies":"Gremlin Nob","floor":13,"turns":4},{"damage":2,"enemies":"2 Fungi Beasts","floor":14,"turns":3},{"damage":45,"enemies":"Slime Boss","floor":16,"turns":6}],"seed_played":"4353006191931914085","potions_obtained":[{"floor":1.0,"key":"Energy Potion"},{"floor":2.0,"key":"Dexterity Potion"},{"floor":12,"key":"PotionOfCapacity"}],"is_trial":false,"path_per_floor":["M","M","?","M","M","R","M","?","T","M","R","M","E","M","R","B"],"character_chosen":"DEFECT","items_purchased":[],"campfire_rested":1,"item_purchase_floors":[],"current_hp_per_floor":[63,53,53,49,43,43,35,28,28,28,49,49,46,44,44,0,0],"gold":261,"neow_bonus":"ONE_RANDOM_RARE_CARD","is_daily":false,"chose_seed":false,"campfire_upgraded":2,"win_rate":0.0,"timestamp":1611240405,"path_taken":["M","?","?","M","?","R","M","?","T","M","R","M","E","M","R","BOSS"],"items_purchased_type":[],"build_version":"2020-12-22","purchased_purges":0,"victory":false,"max_hp_per_floor":[71,71,71,71,71,71,71,71,71,71,71,71,71,71,71,71,71],"card_choices":[{"not_picked":["Steam Power","Hologram"],"picked":"Glacier","floor":1.0},{"not_picked":["Steam","Coolheaded"],"picked":"Compile Driver","floor":2.0},{"not_picked":["Stack","Auto Shields"],"picked":"Undo","floor":4.0},{"not_picked":["Leap","Turbo"],"picked":"Chaos","floor":5.0},{"not_picked":["Steam","Hologram"],"picked":"Biased Cognition","floor":7},{"not_picked":["Hologram","Darkness","Force Field"],"picked":"SKIP","floor":10},{"not_picked":["Sweeping Beam","Melter"],"picked":"Chaos","floor":12},{"not_picked":["Darkness","Storm","Chaos"],"picked":"SKIP","floor":13},{"not_picked":["Melter","Gash","All For One"],"picked":"SKIP","floor":14}],"player_experience":1096148,"relics_obtained":[{"floor":13,"key":"Vajra"}],"event_choices":[{"damage_healed":0.0,"max_hp_gain":0.0,"max_hp_loss":0.0,"gold_gain":0.0,"cards_transformed":["Strike_B"],"event_name":"Transmorgrifier","player_choice":"Transformed","floor":3.0,"gold_loss":0.0,"damage_taken":0.0,"cards_obtained":["Blizzard"]},{"cards_removed":["Strike_B"],"damage_healed":0,"gold_gain":0,"player_choice":"Card Removal","damage_taken":7,"max_hp_gain":0,"max_hp_loss":0,"event_name":"Golden Wing","floor":8,"gold_loss":0}],"is_beta":false,"boss_relics":[],"items_purged_floors":[],"is_endless":false,"potions_floor_spawned":[1,2,5,12],"killed_by":"Slime Boss","ascension_level":20}}