{"host":"928gv66myv2vlnsd","time":1611268870,"event":{"mods":["BaseMod","Minty Spire (QoL Compilation)","StSLib"],"gold_per_floor":[117,117,137,23,23,23,58,58,58,76,46,81,94,125,125,125,125],"floor_reached":16,"language":"ENG","playtime":339,"items_purged":[],"score":279,"play_id":"b763df95-92c2-43df-a9b0-123862aa6c5e","local_time":"20210121174110","is_ascension_mode":true,"campfire_choices":[{"data":"Pommel Strike","floor":6,"key":"SMITH"},{"data":"Immolate","floor":8,"key":"SMITH"},{"floor":15,"key":"REST"}],"circlet_count":0,"master_deck":["AscendersBane","Strike_R","Strike_R","Strike_R","Strike_R","Strike_R","Defend_R","Defend_R","Defend_R+1","Defend_R","Bash","Shrug It Off+1","Cleave","Pommel Strike+1","Burning Pact","Regret","Immolate+1","Fire Breathing","Metallicize","Feel No Pain"],"relics":["Burning Blood","NeowsBlessing","Golden Idol","Tiny Chest","Ancient Tea Set","Champion Belt","Bag of Marbles","War Paint"],"acts_visited":["Exordium"],"potions_floor_usage":[12,14],"damage_taken":[{"damage":0,"enemies":"Small Slimes","floor":1,"turns":1},{"damage":0,"enemies":"2 Louse","floor":3,"turns":1},{"damage":0,"enemies":"Lagavulin","floor":7,"turns":1},{"damage":12,"enemies":"Cultist","floor":10,"turns":4},{"damage":41,"enemies":"Gremlin Nob","floor":12,"turns":4},{"damage":0,"enemies":"2 Fungi Beasts","floor":13,"turns":1},{"damage":20,"enemies":"Lagavulin","floor":14,"turns":5},{"damage":34,"enemies":"The Guardian","floor":16,"turns":11}],"seed_played":"911068895533401101","potions_obtained":[{"floor":1,"key":"PowerPotion"},{"floor":10,"key":"Fire Potion"}],"is_trial":false,"path_per_floor":["M","?","M","$","?","R","E","R","T","M","?","E","M","E","R","B"],"character_chosen":"IRONCLAD","items_purchased":["Pommel Strike","Burning Pact"],"campfire_rested":1,"item_purchase_floors":[4,4],"current_hp_per_floor":[74,48,54,54,54,54,60,60,60,54,54,19,25,11,33,0,0],"gold":125,"neow_bonus":"THREE_ENEMY_KILL","is_daily":false,"chose_seed":false,"campfire_upgraded":2,"win_rate":0.0,"timestamp":1611268870,"path_taken":["M","?","M","$","?","R","E","R","T","M","?","E","?","E","R","BOSS"],"items_purchased_type":["Card","Card"],"build_version":"2020-12-22","purchased_purges":0,"victory":false,"max_hp_per_floor":[75,75,75,75,75,75,75,75,75,75,75,75,75,75,75,75,75],"card_choices":[{"not_picked":["Twin Strike","Armaments"],"picked":"Shrug It Off","floor":1},{"not_picked":["Rage","Ghostly Armor"],"picked":"Cleave","floor":3},{"not_picked":["Pommel Strike","Twin Strike"],"picked":"Immolate","floor":7},{"not_picked":["Wild Strike","Armaments"],"picked":"Fire Breathing","floor":10},{"not_picked":["Immolate","Wild Strike"],"picked":"Metallicize","floor":12},{"not_picked":["Entrench","Flex","Clash"],"picked":"SKIP","floor":13},{"not_picked":["Disarm","Intimidate"],"picked":"Feel No Pain","floor":14}],"player_experience":1281253,"relics_obtained":[{"floor":7,"key":"Ancient Tea Set"},{"floor":9,"key":"Champion Belt"},{"floor":12,"key":"Bag of Marbles"},{"floor":14,"key":"War Paint"}],"event_choices":[{"damage_healed":0,"gold_gain":0,"player_choice":"Take Damage","damage_taken":26,"relics_obtained":["Golden Idol"],"max_hp_gain":0,"max_hp_loss":0,"event_name":"Golden Idol","floor":2,"gold_loss":0},{"damage_healed":0,"gold_gain":0,"player_choice":"Box","damage_taken":0,"relics_obtained":["Tiny Chest"],"max_hp_gain":0,"max_hp_loss":0,"event_name":"Big Fish","floor":5,"gold_loss":0,"cards_obtained":["Regret"]},{"damage_healed":0,"gold_gain":0,"player_choice":"Bought 2 Potions","damage_taken":0,"max_hp_gain":0,"max_hp_loss":0,"event_name":"The Woman in Blue","floor":11,"gold_loss":0}],"is_beta":false,"boss_relics":[],"items_purged_floors":[],"is_endless":false,"potions_floor_spawned":[1,10],"killed_by":"The Guardian","ascension_level":19}}