{"host":"l5xpox9cbdko122s","time":1611234430,"event":{"mods":["AchievementEnabler","BaseMod","Better Skull","Colored Map","Colored Powertips","Curses Come First","Displayed Cursed Tome","Hermit","Highlight Path","Minty Spire (QoL Compilation)","Quick Restart","Shop Mod","StSLib"],"gold_per_floor":[117,117,132,150,150,150,185,185,185,185,106,181,198,208,208,312,312,322,98,48,48,63,63,77,77,77,77,77,87,0,15,15,118,118,129,50,50,50,0,0,14,14,40,40,77,77,92,107,107,107,107],"floor_reached":50,"language":"ENG","playtime":2234,"items_purged":[],"score":438,"play_id":"326d792d-cd8f-477b-a7e3-51b8777501c0","local_time":"20210121080710","is_ascension_mode":false,"campfire_choices":[{"floor":6,"key":"RECALL"},{"floor":8,"key":"REST"},{"data":"hermit:Maintenance","floor":15,"key":"SMITH"},{"data":"hermit:Shortfuse","floor":23,"key":"SMITH"},{"floor":25,"key":"REST"},{"floor":28,"key":"REST"},{"data":"hermit:Showdown","floor":32,"key":"SMITH"},{"data":"hermit:Snapshot","floor":40,"key":"SMITH"},{"floor":42,"key":"REST"},{"data":"hermit:Strike_Hermit","floor":46,"key":"SMITH"},{"floor":49,"key":"REST"}],"circlet_count":0,"master_deck":["hermit:Strike_Hermit","hermit:Strike_Hermit","hermit:Strike_Hermit","hermit:Strike_Hermit+1","hermit:Defend_Hermit","hermit:Defend_Hermit","hermit:Defend_Hermit","hermit:Snapshot+1","hermit:Shortfuse+1","hermit:Maintenance+1","hermit:Showdown+1","Parasite"],"relics":["NeowsBlessing","Eternal Feather","MerchantsRug","Runic Pyramid","Membership Card","Lantern","Sozu","Lee\u0027s Waffle","Red Mask","Blood Vial"],"acts_visited":["Exordium","TheCity","TheBeyond"],"potions_floor_usage":[7,14,16,29,31,48],"damage_taken":[{"damage":0,"enemies":"2 Louse","floor":1,"turns":1},{"damage":0,"enemies":"Cultist","floor":3,"turns":1},{"damage":0,"enemies":"Jaw Worm","floor":4,"turns":1},{"damage":42,"enemies":"Lagavulin","floor":7,"turns":6},{"damage":0,"enemies":"Large Slime","floor":13,"turns":4},{"damage":6,"enemies":"3 Louse","floor":14,"turns":3},{"damage":34,"enemies":"The Guardian","floor":16,"turns":10},{"damage":4,"enemies":"Spheric Guardian","floor":18,"turns":6},{"damage":10,"enemies":"2 Thieves","floor":22,"turns":5},{"damage":23,"enemies":"Shelled Parasite and Fungi","floor":24,"turns":7},{"damage":0,"enemies":"Cultist and Chosen","floor":29,"turns":6},{"damage":13,"enemies":"Centurion and Healer","floor":31,"turns":5},{"damage":51,"enemies":"Collector","floor":33,"turns":10},{"damage":10,"enemies":"3 Shapes","floor":35,"turns":6},{"damage":26,"enemies":"3 Darklings","floor":41,"turns":6},{"damage":24,"enemies":"Writhing Mass","floor":47,"turns":7},{"damage":21,"enemies":"Spire Growth","floor":48,"turns":5},{"damage":82,"enemies":"Time Eater","floor":50,"turns":7}],"seed_played":"-2326450751798757166","potions_obtained":[{"floor":1,"key":"SkillPotion"},{"floor":13,"key":"hermit:Tonic"},{"floor":14,"key":"Weak Potion"},{"floor":24,"key":"Weak Potion"},{"floor":29,"key":"Block Potion"},{"floor":33,"key":"SpeedPotion"}],"is_trial":false,"path_per_floor":["M","?","M","M","$","R","E","R","T","?","$","?","M","M","R","B",null,"M","$","?","$","M","R","M","R","T","?","R","M","?","M","R","B",null,"M","$","?","?","?","R","M","R","T","?","$","R","M","M","R","B"],"character_chosen":"HERMIT","items_purchased":["MerchantsRug","Membership Card","Lantern","Lee\u0027s Waffle"],"campfire_rested":5,"item_purchase_floors":[11,19,19,36],"current_hp_per_floor":[75,75,75,75,75,75,33,61,61,61,61,50,50,44,50,16,75,71,71,71,71,61,67,44,72,72,58,80,80,80,67,73,22,80,70,87,87,87,87,87,61,87,87,83,83,83,59,40,70,0,0],"gold":107,"neow_bonus":"THREE_ENEMY_KILL","is_daily":false,"chose_seed":false,"campfire_upgraded":5,"win_rate":0.0,"timestamp":1611234430,"path_taken":["M","?","M","?","$","R","E","R","T","?","?","?","M","M","R","BOSS","M","$","?","?","M","R","M","R","T","?","R","M","?","M","R","BOSS","M","$","?","?","?","R","M","R","T","?","$","R","M","M","R","BOSS"],"items_purchased_type":["Relic","Relic","Relic","Relic"],"build_version":"2020-12-22","purchased_purges":0,"victory":false,"max_hp_per_floor":[75,75,75,75,75,75,75,75,75,75,75,75,75,75,75,75,75,75,75,75,75,75,75,75,75,75,80,80,80,80,80,80,80,80,80,87,87,87,87,87,87,87,87,83,83,83,83,83,83,83,83],"card_choices":[{"not_picked":["hermit:Enervate","hermit:Vantage"],"picked":"hermit:Shortfuse","floor":1},{"not_picked":["hermit:Quickdraw","hermit:Gestalt","hermit:ShadowCloak"],"picked":"SKIP","floor":3},{"not_picked":["hermit:Desperado","hermit:Malice"],"picked":"hermit:Maintenance","floor":4},{"not_picked":["hermit:CalledShot","hermit:Malice","hermit:Magnum"],"picked":"SKIP","floor":7},{"not_picked":["hermit:CalledShot","hermit:BodyArmor","hermit:Midnight"],"picked":"SKIP","floor":13},{"not_picked":["hermit:Horror","hermit:Gestalt","hermit:Manifest"],"picked":"SKIP","floor":14},{"not_picked":["hermit:Horror","hermit:Gestalt","hermit:Manifest"],"picked":"SKIP","floor":14},{"not_picked":["hermit:SprayPray+1","hermit:Brawl","hermit:CursedWeapon+1"],"picked":"SKIP","floor":18},{"not_picked":["hermit:Grudge","hermit:NoHoldsBarred","hermit:Scavenge"],"picked":"SKIP","floor":22},{"not_picked":["hermit:Horror","hermit:TrackingShot","hermit:Desperado"],"picked":"SKIP","floor":24},{"not_picked":["hermit:Coalescence","hermit:LuckOfTheDraw"],"picked":"hermit:Showdown","floor":29},{"not_picked":["hermit:Glare+1","hermit:Vantage+1","hermit:CalledShot"],"picked":"SKIP","floor":31},{"not_picked":["hermit:Headshot","hermit:LoneWolf+1","hermit:NoHoldsBarred+1"],"picked":"SKIP","floor":35},{"not_picked":["hermit:Glare+1","hermit:Misfire","hermit:Shortfuse"],"picked":"SKIP","floor":41},{"not_picked":["hermit:PistolWhip+1","hermit:LowProfile+1","hermit:GhostlyPresence+1"],"picked":"SKIP","floor":47},{"not_picked":["hermit:Headshot","hermit:Deadeye+1","hermit:ItchyTrigger+1"],"picked":"SKIP","floor":48}],"player_experience":171500,"relics_obtained":[{"floor":7,"key":"Eternal Feather"},{"floor":26,"key":"Art of War"},{"floor":43,"key":"Blood Vial"}],"event_choices":[{"cards_removed":["hermit:Defend_Hermit"],"damage_healed":0,"gold_gain":0,"player_choice":"Offered Basic","damage_taken":0,"max_hp_gain":0,"max_hp_loss":0,"event_name":"Bonfire Elementals","floor":2,"gold_loss":0},{"damage_healed":0,"gold_gain":0,"player_choice":"Leave","damage_taken":0,"max_hp_gain":0,"max_hp_loss":0,"event_name":"The Cleric","floor":10,"gold_loss":0},{"damage_healed":0,"gold_gain":75,"player_choice":"Gather Gold","damage_taken":11,"max_hp_gain":0,"max_hp_loss":0,"event_name":"World of Goop","floor":12,"gold_loss":0},{"damage_healed":0,"gold_gain":0,"player_choice":"Bet on Murderer","damage_taken":0,"max_hp_gain":0,"max_hp_loss":0,"event_name":"The Joust","floor":20,"gold_loss":50},{"damage_healed":0,"gold_gain":0,"player_choice":"Shed Blood","damage_taken":19,"max_hp_gain":5,"max_hp_loss":0,"event_name":"Forgotten Altar","floor":27,"gold_loss":0},{"damage_healed":0,"gold_gain":0,"player_choice":"Paid Fearfully","damage_taken":0,"max_hp_gain":0,"max_hp_loss":0,"event_name":"Masked Bandits","floor":30,"gold_loss":87},{"damage_healed":0,"gold_gain":0,"player_choice":"Ignored","damage_taken":0,"max_hp_gain":0,"max_hp_loss":0,"event_name":"Mysterious Sphere","floor":37,"gold_loss":0},{"cards_removed":["hermit:Covet"],"damage_healed":0,"gold_gain":0,"player_choice":"Removed Skill","damage_taken":0,"max_hp_gain":0,"max_hp_loss":0,"event_name":"Falling","floor":38,"gold_loss":0},{"damage_healed":0,"gold_gain":0,"player_choice":"Paid","damage_taken":0,"relics_obtained":["Red Mask"],"max_hp_gain":0,"max_hp_loss":0,"event_name":"Tomb of Lord Red Mask","floor":39,"gold_loss":50},{"damage_healed":0,"gold_gain":0,"player_choice":"Max HP","damage_taken":0,"max_hp_gain":0,"max_hp_loss":4,"event_name":"Winding Halls","floor":44,"gold_loss":0}],"is_beta":false,"boss_relics":[{"not_picked":["Fusion Hammer","Busted Crown"],"picked":"Runic Pyramid"},{"not_picked":["Snecko Eye","Runic Dome"],"picked":"Sozu"}],"items_purged_floors":[],"is_endless":false,"potions_floor_spawned":[1,13,14,24,29,33,41,47],"killed_by":"Time Eater","ascension_level":0}}