{"host":"ndpbn7fqb3wjbd7p","time":1611270392,"event":{"mods":["AchievementEnabler","Act Like it!","AlwaysNeverKeys","BaseMod","Better Vampires","Block Reminder","Colored Powertips","DeckTracker","Defuse TimeMaze Blight","Friendly Minions","Hallownest","Hermit","Highlight Path","MarisaÅiñ∂âJÅ@ñÇóùçπÅj","Minty Spire (QoL Compilation)","Permanent Neow","Shade Mod","StSLib","SuperFastMode","Synergy Search","The Mystic","Unceasing Turn Reminder","egg"],"gold_per_floor":[114,39,39,39,53,53,53,53,79,102,102,102,102],"floor_reached":12,"language":"ENG","playtime":287,"items_purged":["Defend_G"],"score":132,"play_id":"c1382853-4c57-4fc3-b01d-2ca7ecb0c9e1","local_time":"20210122000632","is_ascension_mode":true,"campfire_choices":[{"data":"Concentrate","floor":6,"key":"SMITH"},{"data":"Choke","floor":11,"key":"SMITH"}],"circlet_count":0,"master_deck":["AscendersBane","Strike_G","Strike_G","Strike_G+1","Strike_G","Defend_G","Defend_G","Defend_G","Defend_G","Survivor","Neutralize+1","Choke+1","Concentrate+1","Heel Hook"],"relics":["Ring of the Snake","Pear","Golden Idol","Happy Flower"],"acts_visited":["Exordium"],"potions_floor_usage":[],"damage_taken":[{"damage":1,"enemies":"Small Slimes","floor":1,"turns":3},{"damage":1,"enemies":"Jaw Worm","floor":5,"turns":5},{"damage":0,"enemies":"Cultist","floor":10,"turns":3},{"damage":55,"enemies":"Lagavulin","floor":12,"turns":9}],"seed_played":"4776822672077991924","potions_obtained":[],"is_trial":false,"path_per_floor":["M","$","?","$","M","R","T","?","T","M","R","E"],"character_chosen":"THE_SILENT","items_purchased":[],"campfire_rested":0,"item_purchase_floors":[],"current_hp_per_floor":[58,58,38,38,37,37,47,47,47,47,47,0,0],"gold":102,"neow_bonus":"TRANSFORM_CARD","is_daily":false,"chose_seed":false,"campfire_upgraded":2,"win_rate":0.0,"timestamp":1611270392,"path_taken":["M","$","?","?","?","R","?","?","T","M","R","E"],"items_purchased_type":[],"build_version":"2020-12-22","purchased_purges":1,"victory":false,"max_hp_per_floor":[66,66,66,66,66,66,76,69,69,69,69,69,69],"card_choices":[{"not_picked":["Deflect","Quick Slash"],"picked":"Concentrate","floor":1},{"not_picked":["Cloak And Dagger","Acrobatics"],"picked":"Heel Hook","floor":5},{"not_picked":["Backflip","Skewer","Catalyst"],"picked":"SKIP","floor":10}],"player_experience":1177995,"relics_obtained":[{"floor":7,"key":"Pear"},{"floor":9,"key":"Happy Flower"}],"event_choices":[{"damage_healed":0,"gold_gain":0,"player_choice":"Entered Light","damage_taken":20,"max_hp_gain":0,"max_hp_loss":0,"event_name":"Shining Light","floor":3,"gold_loss":0,"cards_upgraded":["Neutralize","Strike_G"]},{"damage_healed":0,"gold_gain":0,"player_choice":"Lose Max HP","damage_taken":0,"relics_obtained":["Golden Idol"],"max_hp_gain":0,"max_hp_loss":7,"event_name":"Golden Idol","floor":8,"gold_loss":0}],"is_beta":false,"boss_relics":[],"items_purged_floors":[2],"is_endless":false,"potions_floor_spawned":[],"killed_by":"Lagavulin","ascension_level":20}}