{"host":"55tc37xg1wo9jlmy","time":1611251657,"event":{"mods":["BaseMod","GifTheSpireLib","Minty Spire (QoL Compilation)","StSLib","The Alterego","The Animator","The Runesmith"],"gold_per_floor":[115,190,190,365,365,379,379,406,453,472,472,6,6,6,6,6,6],"floor_reached":16,"language":"ZHS","playtime":566,"items_purged":["alterego_mod:Defend"],"score":121,"play_id":"514cdece-a567-4948-a72c-10c43bf9edfd","local_time":"20210122015417","is_ascension_mode":false,"campfire_choices":[{"data":"alterego_mod:Impale","floor":7,"key":"SMITH"},{"data":"alterego_mod:AlterEgo","floor":11,"key":"SMITH"},{"data":"alterego_mod:TrashNCrash","floor":13,"key":"SMITH"},{"data":"alterego_mod:Mirror","floor":15,"key":"SMITH"}],"circlet_count":0,"master_deck":["alterego_mod:Strike","alterego_mod:Strike","alterego_mod:Strike","alterego_mod:Defend","alterego_mod:Defend","alterego_mod:Defend","alterego_mod:Impale+1","alterego_mod:BigMeatyClaws","alterego_mod:BrynhildrsRune","alterego_mod:RocketPunch","Doubt","alterego_mod:Punishment","alterego_mod:AlterEgo+1","alterego_mod:Mirror+1","alterego_mod:TrashNCrash+1"],"relics":["alterego_mod:MasochisticConstitution","NeowsBlessing","Bag of Marbles","Akabeko","MealTicket","Blue Candle","Golden Idol"],"acts_visited":["Exordium"],"potions_floor_usage":[],"damage_taken":[{"damage":0,"enemies":"2 Louse","floor":1,"turns":1},{"damage":0,"enemies":"Small Slimes","floor":6,"turns":1},{"damage":0,"enemies":"Gremlin Nob","floor":8,"turns":1},{"damage":8,"enemies":"Jaw Worm","floor":10,"turns":4},{"damage":80,"enemies":"The Guardian","floor":16,"turns":11}],"seed_played":"7301771630516416403","potions_obtained":[{"floor":1,"key":"Fire Potion"},{"floor":8,"key":"Swift Potion"},{"floor":10,"key":"DuplicationPotion"}],"is_trial":false,"path_per_floor":["M","?","?","?","?","M","R","E","T","M","R","$","R","?","R","B"],"character_chosen":"The_Alterego","items_purchased":["Blue Candle","alterego_mod:TrashNCrash","FairyPotion"],"campfire_rested":0,"item_purchase_floors":[12,12,12],"current_hp_per_floor":[70,59,56,56,49,49,49,49,49,42,42,57,57,57,57,0,0],"gold":6,"neow_bonus":"THREE_ENEMY_KILL","is_daily":false,"chose_seed":false,"campfire_upgraded":4,"win_rate":0.0,"timestamp":1611251657,"path_taken":["M","?","?","?","?","M","R","E","T","?","R","?","R","?","R","BOSS"],"items_purchased_type":["Relic","Card","Potion"],"build_version":"2020-12-22","purchased_purges":1,"victory":false,"max_hp_per_floor":[70,70,70,70,70,70,70,70,70,71,71,71,71,66,66,66,66],"card_choices":[{"not_picked":["alterego_mod:Santa","alterego_mod:Rip"],"picked":"alterego_mod:RocketPunch","floor":1},{"not_picked":["alterego_mod:Bounce","alterego_mod:Schoolgirl"],"picked":"alterego_mod:Punishment","floor":6},{"not_picked":["alterego_mod:DeftHands","alterego_mod:Mirror"],"picked":"alterego_mod:AlterEgo","floor":8},{"not_picked":["alterego_mod:Bounce","alterego_mod:BeGentle"],"picked":"alterego_mod:Mirror","floor":10}],"player_experience":912328,"relics_obtained":[{"floor":8,"key":"Akabeko"},{"floor":9,"key":"MealTicket"}],"event_choices":[{"damage_healed":0,"gold_gain":75,"player_choice":"Gather Gold","damage_taken":11,"max_hp_gain":0,"max_hp_loss":0,"event_name":"World of Goop","floor":2,"gold_loss":0},{"damage_healed":0,"gold_gain":0,"player_choice":"Success","damage_taken":3,"relics_obtained":["Bag of Marbles"],"max_hp_gain":0,"max_hp_loss":0,"event_name":"Scrap Ooze","floor":3,"gold_loss":0},{"damage_healed":0,"gold_gain":175,"player_choice":"AGREE","damage_taken":0,"max_hp_gain":0,"max_hp_loss":0,"event_name":"Liars Game","floor":4,"gold_loss":0,"cards_obtained":["Doubt"]},{"cards_removed":["alterego_mod:Strike"],"damage_healed":0,"gold_gain":0,"player_choice":"Card Removal","damage_taken":7,"max_hp_gain":0,"max_hp_loss":0,"event_name":"Golden Wing","floor":5,"gold_loss":0},{"damage_healed":0,"gold_gain":0,"player_choice":"Lose Max HP","damage_taken":0,"relics_obtained":["Golden Idol"],"max_hp_gain":0,"max_hp_loss":5,"event_name":"Golden Idol","floor":14,"gold_loss":0}],"is_beta":false,"boss_relics":[],"items_purged_floors":[12],"is_endless":false,"potions_floor_spawned":[1,8,10],"killed_by":"The Guardian","ascension_level":0}}