{"host":"hcfgv6p6h0ubjkk0","time":1611201524,"event":{"mods":["BaseMod","Downfall","Minty Spire (QoL Compilation)","Quick Restart","StSLib","The Cursed","The Forsaken"],"gold_per_floor":[99,119,119,119,119,129,177,195,212,212,228,138,138,150,170,268,268,268,288,288,173,191,191,216,216,235,235,235,235,235,37,37,37,37],"floor_reached":32,"language":"ENG","playtime":1442,"items_purged":["champ:Strike","champ:Defend"],"score":255,"play_id":"2db96153-656c-415e-952d-8081853fdde3","local_time":"20210121035844","is_ascension_mode":false,"campfire_choices":[{"data":"champ:Execute","floor":1,"key":"SMITH"},{"data":"champ:StanceDance","floor":13,"key":"SMITH"},{"data":"champ:EnragedBash","floor":18,"key":"SMITH"},{"data":"champ:StanceDance","floor":23,"key":"SMITH"},{"data":"champ:GladiatorForm","floor":25,"key":"SMITH"},{"data":"champ:FanOfKnives","floor":28,"key":"SMITH"}],"circlet_count":0,"master_deck":["champ:Strike","champ:Defend","champ:Defend","champ:Defend","champ:Execute+1","champ:Taunt","champ:CalledShot","champ:StanceDance+1","champ:BringItOn","champ:FanOfKnives","champ:FanOfKnives+1","champ:EnragedBash+1","champ:EndlessRage","champ:GladiatorForm+1","champ:StanceDance+1","champ:RecklessLeap+1","champ:PreciseThrust","Ghostly","Ghostly","Ghostly","Ghostly","Ghostly","expansioncontent:DashGenerateEvil"],"relics":["champ:ChampionCrown","theForsaken:PlagueMask","Pen Nib","Orichalcum","Empty Cage","Tiny Chest"],"acts_visited":["Exordium","TheCity"],"potions_floor_usage":[11,16,16,32],"damage_taken":[{"damage":16,"enemies":"Jaw Worm","floor":2,"turns":3},{"damage":10,"enemies":"2 Louse","floor":6,"turns":3},{"damage":15,"enemies":"Cultist","floor":8,"turns":4},{"damage":38,"enemies":"Large Slime","floor":9,"turns":8},{"damage":5,"enemies":"Lots of Slimes","floor":11,"turns":3},{"damage":10,"enemies":"downfall:FleeingMerchant","floor":12,"turns":4},{"damage":2,"enemies":"3 Louse","floor":14,"turns":2},{"damage":22,"enemies":"Large Slime","floor":15,"turns":3},{"damage":63,"enemies":"SI_SHIV_ARCHETYPE","floor":16,"turns":7},{"damage":32,"enemies":"3 Byrds","floor":19,"turns":6},{"damage":24,"enemies":"downfall:FleeingMerchant","floor":21,"turns":4},{"damage":45,"enemies":"Cultist and Chosen","floor":22,"turns":6},{"damage":62,"enemies":"Snake Plant","floor":26,"turns":6},{"damage":5,"enemies":"downfall:FleeingMerchant","floor":31,"turns":4},{"damage":29,"enemies":"Centurion and Healer","floor":32,"turns":4}],"seed_played":"3478460465766648156","potions_obtained":[{"floor":6,"key":"DistilledChaos"},{"floor":9,"key":"champ:OpenerPotion"},{"floor":15,"key":"FearPotion"},{"floor":16,"key":"LiquidMemories"},{"floor":22,"key":"SpeedPotion"},{"floor":30,"key":"CultistPotion"}],"is_trial":false,"path_per_floor":["R","M","?","?","?","M","T","M","M","T","M","$","R","M","M","B",null,"R","M","?","$","M","R","T","R","M","?","R","?","?","$","M"],"character_chosen":"THE_CHAMP","items_purchased":["expansioncontent:DashGenerateEvil"],"campfire_rested":0,"item_purchase_floors":[31],"current_hp_per_floor":[99,93,93,93,93,93,93,93,70,70,70,70,70,68,61,43,99,99,92,92,88,63,63,63,63,26,26,26,26,26,26,0,0,0],"gold":37,"neow_bonus":"TEN_PERCENT_HP_BONUS","is_daily":false,"chose_seed":false,"campfire_upgraded":6,"win_rate":0.0,"timestamp":1611201524,"path_taken":["R","M","?","?","?","M","T","M","M","?","?","?","R","M","M","BOSS","R","M","?","$","?","R","T","R","M","?","R","?","?","$","M"],"items_purchased_type":["Card"],"build_version":"2020-12-22","purchased_purges":2,"victory":false,"max_hp_per_floor":[99,99,99,99,99,99,99,99,99,99,99,99,99,99,99,99,99,99,99,99,99,99,99,99,99,99,49,49,49,49,49,49,49,49],"card_choices":[{"not_picked":["champ:CrookedStrike","champ:HeartStrike"],"picked":"champ:CalledShot","floor":2},{"not_picked":["champ:TornadoPunch","champ:FancyFootwork"],"picked":"champ:StanceDance","floor":6},{"not_picked":["champ:RapidStrikes","champ:PreciseThrust"],"picked":"champ:BringItOn","floor":8},{"not_picked":["champ:TornadoPunch","champ:EnGarde"],"picked":"champ:FanOfKnives","floor":9},{"not_picked":["champ:Duel","champ:Shatter"],"picked":"champ:FanOfKnives","floor":11},{"not_picked":["champ:BerserkersShout","champ:Lariat"],"picked":"champ:EnragedBash","floor":12},{"not_picked":["champ:SkillfulDodge","champ:FanOfKnives"],"picked":"champ:EndlessRage","floor":14},{"not_picked":["champ:EndlessRage","champ:IronFortress","champ:Parry"],"picked":"SKIP","floor":15},{"not_picked":["champ:HeavySlash","champ:IgnorePain"],"picked":"champ:GladiatorForm","floor":16},{"not_picked":["champ:EnGarde+1","champ:DeathBlow+1"],"picked":"champ:StanceDance","floor":19},{"not_picked":["champ:Haymaker","champ:HeartStrike","champ:EnGarde+1"],"picked":"SKIP","floor":21},{"not_picked":["champ:CalledShot+1","champ:RisingSlash"],"picked":"champ:RecklessLeap+1","floor":22},{"not_picked":["champ:FalseCounter","champ:Backstep"],"picked":"champ:PreciseThrust","floor":26},{"not_picked":["champ:Backstep+1","champ:Circumvent+1","champ:GladiatorStyle"],"picked":"SKIP","floor":31}],"player_experience":128380,"relics_obtained":[{"floor":7,"key":"Pen Nib"},{"floor":10,"key":"Orichalcum"},{"floor":24,"key":"Tiny Chest"}],"event_choices":[{"damage_healed":0,"gold_gain":0,"player_choice":"Obtain Plague Curse","damage_taken":0,"max_hp_gain":0,"max_hp_loss":0,"event_name":"Plague Doctor","floor":3,"gold_loss":0,"cards_obtained":["theForsaken:PlagueCurse"]},{"cards_removed":["theForsaken:PlagueCurse"],"damage_healed":0,"gold_gain":0,"player_choice":"Card Removal","damage_taken":0,"max_hp_gain":0,"max_hp_loss":0,"event_name":"The Cleric","floor":5,"gold_loss":0},{"damage_healed":0,"gold_gain":0,"player_choice":"Became a Ghost","damage_taken":0,"max_hp_gain":0,"max_hp_loss":50,"event_name":"Ghosts","floor":27,"gold_loss":0,"cards_obtained":["Ghostly","Ghostly","Ghostly","Ghostly","Ghostly"]}],"is_beta":false,"boss_relics":[{"not_picked":["Pandora\u0027s Box","Astrolabe"],"picked":"Empty Cage"}],"items_purged_floors":[12,21],"is_endless":false,"potions_floor_spawned":[6,9,15,16,22],"killed_by":"Centurion and Healer","ascension_level":0}}