{"host":"bxd97rc2ofc6op20","time":1611205778,"event":{"mods":["BaseMod","Googly Eyes","Minty Spire (QoL Compilation)"],"gold_per_floor":[115,126,126,140,160,160,185,185,185,185,10,10,38,52,52,149,149,163,197,217,231,231,231,258,29,29,29,29],"floor_reached":27,"language":"ENG","playtime":2090,"items_purged":[],"score":302,"play_id":"26568024-2022-4fe7-9cae-eaae9d060300","local_time":"20210120210938","is_ascension_mode":true,"campfire_choices":[{"data":"Tools of the Trade","floor":6,"key":"SMITH"},{"data":"Neutralize","floor":8,"key":"SMITH"},{"data":"Riddle With Holes","floor":10,"key":"SMITH"},{"floor":15,"key":"REST"},{"floor":23,"key":"REST"}],"circlet_count":0,"master_deck":["Strike_G","Strike_G","Strike_G","Strike_G","Defend_G","Defend_G","Defend_G","Defend_G","Defend_G","Survivor","Neutralize+1","Tools of the Trade+1","Poisoned Stab","Riddle With Holes+1","Bane","Reflex","Poisoned Stab","Noxious Fumes","Glass Knife","Underhanded Strike","Distraction","Backflip","Eviscerate","Calculated Gamble","Malaise","Noxious Fumes+1","Writhe","Acrobatics+1","Tools of the Trade+1","Catalyst","Parasite"],"relics":["Ring of the Snake","Pear","Gremlin Horn","Orrery","Darkstone Periapt","Cursed Key","Red Mask","Bag of Preparation","Art of War","DollysMirror","Frozen Egg 2"],"acts_visited":["Exordium","TheCity"],"potions_floor_usage":[7,16,21,21],"damage_taken":[{"damage":12,"enemies":"Jaw Worm","floor":1,"turns":5},{"damage":11,"enemies":"Cultist","floor":2,"turns":5},{"damage":2,"enemies":"Small Slimes","floor":4,"turns":4},{"damage":1,"enemies":"Blue Slaver","floor":5,"turns":4},{"damage":24,"enemies":"3 Sentries","floor":7,"turns":8},{"damage":8,"enemies":"Lagavulin","floor":13,"turns":7},{"damage":0,"enemies":"3 Louse","floor":14,"turns":2},{"damage":11,"enemies":"The Guardian","floor":16,"turns":7},{"damage":13,"enemies":"Shell Parasite","floor":18,"turns":5},{"damage":49,"enemies":"Masked Bandits","floor":19,"turns":6},{"damage":3,"enemies":"3 Byrds","floor":20,"turns":4},{"damage":11,"enemies":"Snake Plant","floor":21,"turns":5},{"damage":9,"enemies":"Gremlin Leader","floor":24,"turns":6},{"damage":42,"enemies":"Slavers","floor":27,"turns":3}],"seed_played":"2823389209612669719","potions_obtained":[{"floor":1,"key":"ColorlessPotion"},{"floor":14,"key":"Poison Potion"},{"floor":19,"key":"Ancient Potion"},{"floor":20,"key":"EssenceOfSteel"}],"is_trial":false,"path_per_floor":["M","M","?","M","M","R","E","R","T","R","$","?","E","M","R","B",null,"M","?","M","M","?","R","E","$","T","E"],"character_chosen":"THE_SILENT","items_purchased":["Orrery","Backflip","DollysMirror","Catalyst"],"campfire_rested":2,"item_purchase_floors":[11,11,25,25],"current_hp_per_floor":[58,47,47,45,44,44,30,30,30,30,30,30,22,22,46,35,80,67,18,15,4,10,35,26,26,32,0,0],"gold":29,"neow_bonus":"ONE_RANDOM_RARE_CARD","is_daily":false,"chose_seed":false,"campfire_upgraded":3,"win_rate":0.0,"timestamp":1611205778,"path_taken":["M","M","?","?","M","R","E","R","T","R","$","?","E","M","R","BOSS","M","?","M","M","?","R","E","$","T","E"],"items_purchased_type":["Relic","Card","Relic","Card"],"build_version":"2020-12-22","purchased_purges":0,"victory":false,"max_hp_per_floor":[70,70,70,70,70,70,80,80,80,80,80,80,80,80,80,80,80,80,80,80,80,86,86,86,86,92,92,92],"card_choices":[{"not_picked":["Leg Sweep","Bane"],"picked":"Poisoned Stab","floor":1},{"not_picked":["Slice","Dagger Spray"],"picked":"Riddle With Holes","floor":2},{"not_picked":["Night Terror","Outmaneuver"],"picked":"Bane","floor":4},{"not_picked":["Dodge and Roll","Blade Dance"],"picked":"Reflex","floor":5},{"not_picked":["Sucker Punch","Quick Slash"],"picked":"Poisoned Stab","floor":7},{"not_picked":["Quick Slash","Slice"],"picked":"Noxious Fumes","floor":11},{"not_picked":["Dodge and Roll","Dagger Throw"],"picked":"Glass Knife","floor":11},{"not_picked":["Outmaneuver","Slice"],"picked":"Underhanded Strike","floor":11},{"not_picked":["Prepared","Terror"],"picked":"Distraction","floor":11},{"not_picked":["Finisher","Dagger Spray"],"picked":"Eviscerate","floor":13},{"not_picked":["Sucker Punch","Backflip"],"picked":"Calculated Gamble","floor":14},{"not_picked":["Envenom","Bullet Time"],"picked":"Malaise","floor":16},{"not_picked":["Outmaneuver","Distraction"],"picked":"Noxious Fumes+1","floor":19},{"not_picked":["Backflip","Flechettes+1","Reflex"],"picked":"SKIP","floor":20},{"not_picked":["Deflect","Poisoned Stab","Riddle With Holes+1"],"picked":"SKIP","floor":21},{"not_picked":["Outmaneuver+1","Deflect"],"picked":"Acrobatics+1","floor":24}],"player_experience":341258,"relics_obtained":[{"floor":7,"key":"Pear"},{"floor":9,"key":"Gremlin Horn"},{"floor":13,"key":"Darkstone Periapt"},{"floor":19,"key":"Red Mask"},{"floor":24,"key":"Art of War"},{"floor":26,"key":"Frozen Egg 2"}],"event_choices":[{"cards_removed":["Strike_G"],"damage_healed":0,"gold_gain":0,"player_choice":"Purged","damage_taken":0,"max_hp_gain":0,"max_hp_loss":0,"event_name":"Purifier","floor":3,"gold_loss":0},{"damage_healed":0,"gold_gain":0,"player_choice":"Ignored","damage_taken":0,"max_hp_gain":0,"max_hp_loss":0,"event_name":"Shining Light","floor":12,"gold_loss":0},{"damage_healed":0,"gold_gain":0,"player_choice":"Fought Bandits","damage_taken":0,"max_hp_gain":0,"max_hp_loss":0,"event_name":"Masked Bandits","floor":19,"gold_loss":0},{"damage_healed":0,"gold_gain":0,"player_choice":"Opened","damage_taken":0,"relics_obtained":["Bag of Preparation"],"max_hp_gain":0,"max_hp_loss":0,"event_name":"The Mausoleum","floor":22,"gold_loss":0,"cards_obtained":["Writhe"]}],"is_beta":false,"boss_relics":[{"not_picked":["Ectoplasm","Pandora\u0027s Box"],"picked":"Cursed Key"}],"items_purged_floors":[],"is_endless":false,"potions_floor_spawned":[1,14,19,20],"killed_by":"Slavers","ascension_level":3}}