{"host":"vqs1j3qalc1cciyt","time":1611252547,"event":{"mods":["2.2 Compatiblity","AchievementEnabler","Aspiration","Bard","BaseMod","Beaked The Cultist","Better Altar","Better Match","Better Note","Better Sensory Stone","Better Skull","Better Third Choice","Clockwork Mod","Colored Map","Conspire","Friendly Minions","GifTheSpireLib","Glutton Mod","Halation","Highlight Path","Hubris","Infinite Spire","Minty Spire (QoL Compilation)","READ ME - Snecko Mod","RRrroohrrRGHHhhh!!","Replay The Spire","Spicy Shops","StSLib","Stuff the Spire","The Bladedancer","The Construct","The Cursed","The Disciple","The Hierophant","The Jungle","vexMod"],"gold_per_floor":[112,126,137,147,0,25,25,55,55,68,68,78,105,120,120,224,224,244,92,92,92,104,139,139,139,139],"floor_reached":25,"language":"ENG","playtime":3210,"items_purged":["Defend_B","Strike_B"],"score":279,"play_id":"3ccfd6fc-912d-45d1-83b9-79cf2c00cce7","local_time":"20210121100907","is_ascension_mode":true,"campfire_choices":[{"data":"StuffTheSpire:Synthwave","floor":7.0,"key":"SMITH"},{"floor":15.0,"key":"REST"}],"circlet_count":0,"master_deck":["Strike_B","Strike_B","Defend_B","Defend_B","Defend_B","Zap","Dualcast","StuffTheSpire:Synthwave+1","rorgmod:Steady Aim","StuffTheSpire:Synthwave","Force Field","StuffTheSpire:Synthwave","Ball Lightning","Steam Power","Electrodynamics","StuffTheSpire:Plugnplay","Conserve Battery"],"relics":["Cracked Core","aspiration:Nostalgia","Ring of the Snake","Geode","StuffTheSpire:OldFever","aspiration:FaultyCoupler","rorgmod:Coolant Medium","Replay:Bronze Core","aspiration:ChemicalBlood","StuffTheSpire:Barrel","hubris:BottledHeart"],"acts_visited":["Exordium","TheCity"],"potions_floor_usage":[],"damage_taken":[{"damage":4.0,"enemies":"Jaw Worm","floor":1.0,"turns":4.0},{"damage":1.0,"enemies":"Cultist","floor":2.0,"turns":3.0},{"damage":0.0,"enemies":"conspire:RoseBush","floor":3.0,"turns":3.0},{"damage":12.0,"enemies":"Exordium Wildlife","floor":4.0,"turns":3.0},{"damage":15.0,"enemies":"Lagavulin","floor":6.0,"turns":4.0},{"damage":11.0,"enemies":"3 Sentries","floor":8.0,"turns":6.0},{"damage":4.0,"enemies":"2 Fungi Beasts","floor":10.0,"turns":2.0},{"damage":0.0,"enemies":"Blue Slaver","floor":12.0,"turns":3.0},{"damage":10.0,"enemies":"Lagavulin","floor":13.0,"turns":5.0},{"damage":11.0,"enemies":"Exordium Wildlife","floor":14.0,"turns":4.0},{"damage":15.0,"enemies":"Hexaghost","floor":16.0,"turns":6.0},{"damage":30.0,"enemies":"3 Byrds","floor":18.0,"turns":4.0},{"damage":12.0,"enemies":"Shell Parasite","floor":22.0,"turns":2.0},{"damage":5.0,"enemies":"conspire:Head Lice","floor":23.0,"turns":3.0},{"damage":0,"enemies":"Replay:Snechameleon","floor":25,"turns":1}],"seed_played":"-6726895385605427829","potions_obtained":[{"floor":1.0,"key":"FocusPotion"},{"floor":3.0,"key":"Elixir"},{"floor":4.0,"key":"SkillPotion"},{"floor":10.0,"key":"Ancient Potion"},{"floor":23.0,"key":"Reflective Coating"}],"is_trial":false,"path_per_floor":["M","M","M","M","$","E","R","E","T","M","?","M","E","M","R","B",null,"M","$","?","T","M","E","?","E"],"character_chosen":"DEFECT","items_purchased":["StuffTheSpire:Synthwave","PowerPotion"],"campfire_rested":1,"item_purchase_floors":[5,19],"current_hp_per_floor":[71,70,70,58,58,43,43,32,32,28,28,28,18,7,29,14,75,45,45,45,45,33,28,1,1,1],"gold":139,"neow_bonus":"NOSTALGIA","is_daily":false,"chose_seed":false,"campfire_upgraded":1,"win_rate":0.0,"timestamp":1611252547,"path_taken":["M","M","M","M","$","E","R","E","T","M","?","?","E","M","R","BOSS","M","$","?","?","M","E","?","E"],"items_purchased_type":["Card","Potion"],"build_version":"2020-12-22","purchased_purges":2,"victory":false,"max_hp_per_floor":[75,75,75,75,75,75,75,75,75,75,75,75,75,75,75,75,75,75,75,75,75,75,75,1,1,1],"card_choices":[{"not_picked":["Cold Snap","Recycle"],"picked":"StuffTheSpire:Synthwave","floor":1.0},{"not_picked":["rorgmod:Centralize","Time Bomb"],"picked":"rorgmod:Steady Aim","floor":2.0},{"not_picked":["Compile Driver","rorgmod:Overcurrent"],"picked":"StuffTheSpire:Synthwave","floor":3.0},{"not_picked":["Streamline","rorgmod:Refrigerate"],"picked":"Force Field","floor":4.0},{"not_picked":["ReplayTheSpireMod:Reroute Power","Hologram","Sunder"],"picked":"SKIP","floor":6.0},{"not_picked":["Streamline","Meteor Strike"],"picked":"Ball Lightning","floor":8.0},{"not_picked":["BasicCrystalCard","Barrage","StuffTheSpire:NuclearReactor"],"picked":"SKIP","floor":10.0},{"not_picked":["Melter","Rebound","rorgmod:Overcurrent"],"picked":"SKIP","floor":12.0},{"not_picked":["rorgmod:Refrigerate","rorgmod:Overcurrent","Buffer"],"picked":"SKIP","floor":13.0},{"not_picked":["rorgmod:Refrigerate","rorgmod:Overcurrent","Buffer"],"picked":"SKIP","floor":13.0},{"not_picked":["conspire:Rain","rorgmod:Overcurrent","BootSequence"],"picked":"SKIP","floor":14.0},{"not_picked":["Seek","All For One"],"picked":"Electrodynamics","floor":16.0},{"not_picked":["ReplayGash","Barrage"],"picked":"StuffTheSpire:Plugnplay","floor":18.0},{"not_picked":["Compile Driver","Rebound"],"picked":"Conserve Battery","floor":22.0},{"not_picked":["Sweeping Beam","StuffTheSpire:ShieldGenerator","rorgmod:Overcurrent+1"],"picked":"SKIP","floor":23.0}],"player_experience":826175,"relics_obtained":[{"floor":6.0,"key":"Geode"},{"floor":8.0,"key":"StuffTheSpire:OldFever"},{"floor":9.0,"key":"aspiration:FaultyCoupler"},{"floor":13.0,"key":"rorgmod:Coolant Medium"},{"floor":21.0,"key":"aspiration:ChemicalBlood"},{"floor":23.0,"key":"StuffTheSpire:Barrel"}],"event_choices":[{"damage_healed":0.0,"max_hp_gain":0.0,"max_hp_loss":0.0,"gold_gain":0.0,"cards_transformed":["Strike_B"],"event_name":"Transmorgrifier","player_choice":"Transformed","floor":11.0,"gold_loss":0.0,"damage_taken":0.0,"cards_obtained":["Steam Power"]}],"is_beta":false,"boss_relics":[{"not_picked":["Fusion Hammer","aspiration:WatcherSkillbook"],"picked":"Replay:Bronze Core"}],"items_purged_floors":[5,19],"is_endless":false,"potions_floor_spawned":[1,3,4,10,12,23],"killed_by":"Replay:Snechameleon","ascension_level":3}}