{"host":"nb3r5a3er9rrnn3n","time":1611218733,"event":{"mods":["BaseMod","Colored Map","Downfall","Minty Spire (QoL Compilation)","Spire Arcade","StSLib"],"gold_per_floor":[0,20,30,15,15,15,68,103,113,144,160,195,195,213,231,333,333,333,351,364,33,45,73,99,199,199,199,199,99,129,142,153,248,248,48,68,84,190,190,200,223,223,223,223,238,273,273,149,169,169,169,169],"floor_reached":50,"language":"ENG","playtime":5682,"items_purged":["bronze:Strike","bronze:Replicate"],"score":691,"play_id":"58d9e3c2-a4d6-49c3-ad15-bab1741898a7","local_time":"20210121194533","is_ascension_mode":true,"campfire_choices":[{"data":"bronze:Backtrace","floor":1,"key":"SMITH"},{"data":"bronze:ForLoop","floor":6,"key":"SMITH"},{"floor":18,"key":"RECALL"},{"data":"Ghostly","floor":29,"key":"SMITH"},{"data":"bronze:Terminator","floor":35,"key":"SMITH"},{"data":"bronze:Shell","floor":42,"key":"SMITH"},{"data":"bronze:ForceShield","floor":44,"key":"SMITH"},{"data":"bronze:ForceShield","floor":47,"key":"SMITH"}],"circlet_count":0,"master_deck":["bronze:Defend","bronze:Defend+1","bronze:Defend","bronze:Goto+1","bronze:Backtrace+1","bronze:ForLoop+1","bronze:OilSpill+1","bronze:Backtrace+1","bronze:Refactor","bronze:InfiniteBeams","bronze:ForceShield+1","bronze:DelayedGuard+1","bronze:Shield","bronze:ForceShield+1","bronze:Shell+1","bronze:ThunderWave","bronze:Invalidate","bronze:Return+1","bronze:Shell+1","bronze:MaxOutput","bronze:DelayedSlice+1","bronze:Terminator+1","Ghostly+1","Ghostly","Ghostly","Ghostly","Ghostly","bronze:TinkerersToolbox","bronze:Philosophize+1","bronze:CloningBeam","bronze:Terminator+1","bronze:ForceShield+1","bronze:MaxOutput+1"],"relics":["bronze:BronzeCore","Boot","Mummified Hand","bronze:CableSpool","Runic Pyramid","Bag of Marbles","champ:DeflectingBracers","Regal Pillow","Calipers","Eternal Feather","downfall:HeartBlessingRed","Art of War","Philosopher\u0027s Stone","downfall:HeartBlessingGreen","downfall:HeartBlessingBlue","Membership Card","Potion Belt","StrikeDummy","War Paint"],"acts_visited":["Exordium","TheCity","TheBeyond"],"potions_floor_usage":[11,16,23,23,33,38,50,50],"damage_taken":[{"damage":0,"enemies":"2 Louse","floor":2,"turns":2},{"damage":0,"enemies":"Small Slimes","floor":3,"turns":2},{"damage":5,"enemies":"downfall:FleeingMerchant","floor":4,"turns":4},{"damage":10,"enemies":"3 Sentries","floor":8,"turns":8},{"damage":0,"enemies":"Cultist","floor":9,"turns":2},{"damage":0,"enemies":"Gremlin Nob","floor":10,"turns":2},{"damage":0,"enemies":"3 Louse","floor":11,"turns":1},{"damage":3,"enemies":"Lagavulin","floor":12,"turns":5},{"damage":0,"enemies":"Large Slime","floor":14,"turns":2},{"damage":0,"enemies":"Gremlin Gang","floor":15,"turns":3},{"damage":2,"enemies":"IC_STATUS_ARCHETYPE","floor":16,"turns":7},{"damage":2,"enemies":"3 Byrds","floor":19,"turns":5},{"damage":9,"enemies":"Centurion and Healer","floor":20,"turns":4},{"damage":4,"enemies":"downfall:FleeingMerchant","floor":21,"turns":4},{"damage":0,"enemies":"Sentry and Sphere","floor":22,"turns":3},{"damage":33,"enemies":"Book of Stabbing","floor":23,"turns":4},{"damage":7,"enemies":"Colosseum Nobs","floor":25,"turns":3},{"damage":4,"enemies":"Slavers","floor":30,"turns":3},{"damage":0,"enemies":"Snake Plant","floor":31,"turns":2},{"damage":0,"enemies":"3 Cultists","floor":32,"turns":3},{"damage":3,"enemies":"SI_MIRROR_ARCHETYPE","floor":33,"turns":10},{"damage":0,"enemies":"3 Shapes","floor":36,"turns":4},{"damage":1,"enemies":"3 Darklings","floor":37,"turns":4},{"damage":0,"enemies":"downfall:FleeingMerchant","floor":38,"turns":4},{"damage":0,"enemies":"Transient","floor":40,"turns":5},{"damage":1,"enemies":"Maw","floor":45,"turns":5},{"damage":1,"enemies":"Giant Head","floor":46,"turns":5},{"damage":19,"enemies":"Spire Growth","floor":49,"turns":4},{"damage":34,"enemies":"WA_ARCHETYPE_DIVINITY","floor":50,"turns":12}],"seed_played":"8489750714010801482","potions_obtained":[{"floor":8,"key":"LiquidBronze"},{"floor":9,"key":"sneckomod:MuddlingPotion"},{"floor":10,"key":"DistilledChaos"},{"floor":14,"key":"bronze:FreeFunctionsPotion"},{"floor":20,"key":"LiquidBronze"},{"floor":23,"key":"GamblersBrew"},{"floor":32,"key":"Fruit Juice"},{"floor":33,"key":"Swift Potion"},{"floor":45,"key":"Dexterity Potion"},{"floor":49,"key":"SkillPotion"}],"is_trial":false,"path_per_floor":["R","M","M","$","?","R","T","E","M","E","M","E","?","M","M","B",null,"R","M","M","$","M","E","T","?","?","?","?","R","E","M","M","B",null,"R","M","M","$","?","M","T","R","?","R","M","E","R","$","M","B"],"character_chosen":"THE_AUTOMATON","items_purchased":["Bag of Marbles","bronze:Shell","bronze:MaxOutput","Membership Card","bronze:ForceShield","War Paint"],"campfire_rested":0,"item_purchase_floors":[21,21,21,38,38,48],"current_hp_per_floor":[70,70,70,65,65,65,65,55,55,55,55,52,52,52,52,50,70,70,68,59,55,55,22,22,15,15,15,15,30,26,26,26,28,40,50,50,49,49,49,49,49,50,50,50,49,48,50,50,31,0,0,0],"gold":169,"neow_bonus":"TRANSFORM_TWO_CARDS","is_daily":false,"chose_seed":false,"campfire_upgraded":7,"win_rate":0.0,"timestamp":1611218733,"path_taken":["R","M","M","$","?","R","T","E","M","E","M","E","?","M","M","BOSS","R","M","M","$","?","E","T","?","?","?","?","R","E","M","M","BOSS","R","M","M","$","?","?","T","R","?","R","?","E","R","?","M","BOSS"],"items_purchased_type":["Relic","Card","Card","Relic","Card","Relic"],"build_version":"2020-12-22","purchased_purges":2,"victory":false,"max_hp_per_floor":[70,70,70,70,70,70,70,70,70,70,70,70,70,70,70,70,70,70,70,70,70,70,70,70,70,70,35,35,35,35,35,35,40,40,50,50,50,50,50,50,50,50,50,50,50,50,50,50,50,50,50,50],"card_choices":[{"not_picked":["bronze:Frontload","bronze:Overheat"],"picked":"bronze:OilSpill","floor":2},{"not_picked":["bronze:CutThrough","bronze:Fortify"],"picked":"bronze:Backtrace","floor":3},{"not_picked":["bronze:BitShift","bronze:ChildClass"],"picked":"bronze:Refactor","floor":4},{"not_picked":["bronze:Deprecate","bronze:Separator"],"picked":"bronze:InfiniteBeams","floor":8},{"not_picked":["bronze:Turbo","bronze:ClassDefault"],"picked":"bronze:ForceShield","floor":9},{"not_picked":["bronze:Philosophize","bronze:FineTuning"],"picked":"bronze:DelayedGuard","floor":10},{"not_picked":["bronze:WildBeam","bronze:Frontload"],"picked":"bronze:Shield","floor":11},{"not_picked":["bronze:NullPointer","bronze:Backtrace"],"picked":"bronze:ForceShield","floor":12},{"not_picked":["bronze:Constructor","bronze:Turbo"],"picked":"bronze:Shell","floor":14},{"not_picked":["bronze:DigitalCarnage","bronze:BronzeOrb","bronze:Frontload"],"picked":"SKIP","floor":15},{"not_picked":["bronze:Verify","bronze:FindAndReplace"],"picked":"bronze:ThunderWave","floor":16},{"not_picked":["bronze:Branch","bronze:Separator","bronze:Boost"],"picked":"SKIP","floor":19},{"not_picked":["bronze:WildBeam","bronze:Repair+1"],"picked":"bronze:Invalidate","floor":20},{"not_picked":["bronze:Fortify","bronze:Safeguard"],"picked":"bronze:Return+1","floor":21},{"not_picked":["bronze:Overheat","bronze:Iterate+1"],"picked":"bronze:DelayedSlice+1","floor":22},{"not_picked":["bronze:Deprecate","bronze:Turbo"],"picked":"bronze:Terminator","floor":23},{"not_picked":["bronze:Separator","bronze:Shield","bronze:ChildClass"],"picked":"SKIP","floor":30},{"not_picked":["bronze:AlphaBuild","bronze:Safeguard","bronze:Branch"],"picked":"SKIP","floor":31},{"not_picked":["bronze:AlphaBuild","bronze:Safeguard","bronze:Branch"],"picked":"SKIP","floor":31},{"not_picked":["bronze:Branch","bronze:Shield","bronze:Invalidate"],"picked":"SKIP","floor":32},{"not_picked":["bronze:Break","bronze:InfiniteLoop"],"picked":"bronze:TinkerersToolbox","floor":33},{"not_picked":["bronze:BugBarrage+1","bronze:Overheat+1"],"picked":"bronze:Philosophize+1","floor":36},{"not_picked":["bronze:Frontload","bronze:BugBarrage"],"picked":"bronze:CloningBeam","floor":37},{"not_picked":["bronze:Format","bronze:ChosenStrike"],"picked":"bronze:Terminator+1","floor":38},{"not_picked":["bronze:OilSpill+1","bronze:BugBarrage"],"picked":"bronze:MaxOutput+1","floor":40},{"not_picked":["bronze:BuggyMess+1","bronze:WildBeam","bronze:OilSpill+1"],"picked":"SKIP","floor":45},{"not_picked":["bronze:DigitalCarnage+1","bronze:ChildClass+1","bronze:Separator"],"picked":"SKIP","floor":46},{"not_picked":["bronze:BugBarrage","bronze:Fortify","bronze:FineTuning+1"],"picked":"SKIP","floor":49}],"player_experience":1919499,"relics_obtained":[{"floor":8,"key":"Boot"},{"floor":10,"key":"Mummified Hand"},{"floor":12,"key":"bronze:CableSpool"},{"floor":23,"key":"champ:DeflectingBracers"},{"floor":24,"key":"Regal Pillow"},{"floor":25,"key":"Calipers"},{"floor":25,"key":"Eternal Feather"},{"floor":30,"key":"Art of War"},{"floor":41,"key":"Potion Belt"},{"floor":46,"key":"StrikeDummy"}],"event_choices":[{"damage_healed":0,"gold_gain":0,"player_choice":"Became a Ghost","damage_taken":0,"max_hp_gain":0,"max_hp_loss":35,"event_name":"Ghosts","floor":27,"gold_loss":0,"cards_obtained":["Ghostly","Ghostly","Ghostly","Ghostly","Ghostly"]}],"is_beta":false,"boss_relics":[{"not_picked":["Fusion Hammer","Black Star"],"picked":"Runic Pyramid"},{"not_picked":["Snecko Eye","SacredBark"],"picked":"Philosopher\u0027s Stone"}],"items_purged_floors":[38,48],"is_endless":false,"potions_floor_spawned":[8,9,10,14,20,23,32,33,37,45,49],"killed_by":"WA_ARCHETYPE_DIVINITY","ascension_level":3}}