{"host":"3jhxjeq8h3mqaq9s","time":1611192756,"event":{"mods":["BaseMod","Bestiary","Colored Map","Highlight Path","Minty Spire (QoL Compilation)","Rare Cards Sparkle","Relic Stats","StSLib","everything is the same but u backflip on backflip","slay the spire mod where everything is the same but ironclad has a cowboy hat"],"gold_per_floor":[110,110,124,124,179,208,208,222,247,247,247,263,44,85,97,237,249,275,300,312,324,251,301,363,375,432,467,479,535,547,597,609,751,763,795,825,837,625,659,659,702,702,749,749,749,772,772,810,810,810,810,810,177,212,212,212],"floor_reached":55,"language":"ENG","playtime":4712,"items_purged":["Strike_P+1","Defend_P+1"],"score":1088,"play_id":"0f8b8184-ff95-4ed9-bd62-3c6a86c99bb7","local_time":"20210120203236","is_ascension_mode":true,"campfire_choices":[{"data":"Eruption","floor":7.0,"key":"SMITH"},{"data":"DeceiveReality","floor":10.0,"key":"SMITH"},{"data":"Wallop","floor":15.0,"key":"SMITH"},{"floor":28.0,"key":"REST"},{"data":"Vigilance","floor":30.0,"key":"SMITH"},{"data":"LikeWater","floor":32.0,"key":"SMITH"},{"floor":40.0,"key":"REST"},{"floor":42.0,"key":"RECALL"},{"data":"BowlingBash","floor":45.0,"key":"SMITH"},{"data":"Conclude","floor":47.0,"key":"SMITH"},{"floor":49.0,"key":"REST"},{"floor":52,"key":"REST"}],"circlet_count":0,"master_deck":["Strike_P+1","Strike_P+1","Strike_P+1","Defend_P+1","Defend_P+1","Eruption+1","Vigilance+1","FlyingSleeves+1","DeceiveReality+1","BowlingBash+1","CutThroughFate+1","BattleHymn+1","Wallop+1","DevaForm+1","CutThroughFate+1","LikeWater+1","Conclude+1","LessonLearned+1","Wallop+1","DeceiveReality+1"],"relics":["PureWater","NeowsBlessing","Bag of Marbles","Meat on the Bone","Orichalcum","Golden Idol","Bronze Scales","MawBank","Sozu","Vajra","Blood Vial","Centennial Puzzle","Whetstone","Tiny Chest","CeramicFish","Snecko Eye","Frozen Eye","Letter Opener","Potion Belt","Toxic Egg 2","War Paint","Bottled Flame","Happy Flower","Nunchaku","HandDrill","Akabeko"],"acts_visited":["Exordium","TheCity","TheBeyond","TheEnding"],"potions_floor_usage":[50,55],"damage_taken":[{"damage":0.0,"enemies":"Small Slimes","floor":1.0,"turns":1.0},{"damage":0.0,"enemies":"2 Louse","floor":3.0,"turns":1.0},{"damage":0.0,"enemies":"3 Sentries","floor":6.0,"turns":1.0},{"damage":4.0,"enemies":"Jaw Worm","floor":8.0,"turns":2.0},{"damage":3.0,"enemies":"Looter","floor":12.0,"turns":2.0},{"damage":0.0,"enemies":"Gremlin Nob","floor":14.0,"turns":2.0},{"damage":29.0,"enemies":"Hexaghost","floor":16.0,"turns":7.0},{"damage":5.0,"enemies":"2 Thieves","floor":18.0,"turns":2.0},{"damage":3.0,"enemies":"Spheric Guardian","floor":19.0,"turns":5.0},{"damage":42.0,"enemies":"Book of Stabbing","floor":23.0,"turns":4.0},{"damage":0.0,"enemies":"Chosen and Byrds","floor":27.0,"turns":3.0},{"damage":0.0,"enemies":"Gremlin Leader","floor":29.0,"turns":3.0},{"damage":4.0,"enemies":"Book of Stabbing","floor":31.0,"turns":4.0},{"damage":42.0,"enemies":"Collector","floor":33.0,"turns":10.0},{"damage":9.0,"enemies":"3 Darklings","floor":35.0,"turns":3.0},{"damage":8.0,"enemies":"3 Shapes","floor":36.0,"turns":3.0},{"damage":0.0,"enemies":"Maw","floor":39.0,"turns":6.0},{"damage":8.0,"enemies":"Nemesis","floor":41.0,"turns":5.0},{"damage":47.0,"enemies":"Giant Head","floor":48.0,"turns":6.0},{"damage":41,"enemies":"Donu and Deca","floor":50,"turns":9},{"damage":64,"enemies":"Shield and Spear","floor":54,"turns":8},{"damage":23,"enemies":"The Heart","floor":55,"turns":2}],"seed_played":"5790842409627889719","potions_obtained":[{"floor":1.0,"key":"PowerPotion"},{"floor":8.0,"key":"FearPotion"},{"floor":12.0,"key":"Strength Potion"}],"is_trial":false,"path_per_floor":["M","?","M","?","T","E","R","M","T","R","?","M","$","E","R","B",null,"M","M","?","T","?","E","T","?","T","M","R","E","R","E","R","B",null,"M","M","?","$","M","R","E","R","T","T","R","T","R","E","R","B",null,"R","$","E","B"],"character_chosen":"WATCHER","items_purchased":["Bronze Scales","Wallop","Frozen Eye","Happy Flower","Nunchaku","DeceiveReality+1","HandDrill"],"campfire_rested":4,"item_purchase_floors":[13,13,38,53,53,53,53],"current_hp_per_floor":[72,77,77,70,70,70,70,66,66,66,66,63,63,63,63,46,65,60,57,57,57,57,27,27,27,27,41,62,64,64,62,62,34,62,55,49,42,42,44,65,59,59,59,59,59,59,59,26,47,20,58,71,71,19,0,0],"gold":212,"neow_bonus":"THREE_ENEMY_KILL","is_daily":false,"chose_seed":false,"campfire_upgraded":7,"win_rate":0.0,"timestamp":1611192756,"path_taken":["M","?","M","?","?","E","R","M","T","R","?","M","$","E","R","BOSS","M","M","?","?","?","E","?","?","T","?","R","E","R","E","R","BOSS","M","M","?","$","?","R","E","R","T","?","R","?","R","E","R","BOSS","R","$","E","BOSS"],"items_purchased_type":["Relic","Card","Relic","Relic","Relic","Card","Relic"],"build_version":"2020-12-22","purchased_purges":2,"victory":false,"max_hp_per_floor":[72,77,77,77,77,77,77,77,77,77,71,71,71,71,71,71,71,71,71,71,71,71,71,71,71,71,71,71,71,71,71,71,71,71,71,71,71,71,71,71,71,71,71,71,71,71,71,71,71,71,71,71,71,71,71,71],"relic_stats":{"Happy Flower":[3],"counters":[22,89],"Golden Idol":158,"CeramicFish":27,"Whetstone":["CutThroughFate","FlyingSleeves"],"Letter Opener":[30],"Orichalcum":[60],"War Paint":[],"MawBank":288,"Sozu":7,"Blood Vial":22,"Centennial Puzzle":[27],"Nunchaku":[2],"Bronze Scales":[216],"Snecko Eye":[70,85,75,75],"Tiny Chest":1,"HandDrill":[6],"obtain_stats":[{"CeramicFish":31,"Vajra":22,"Whetstone":26,"Sozu":17,"Blood Vial":23,"Frozen Eye":38,"Centennial Puzzle":24,"Nunchaku":53,"Tiny Chest":29,"HandDrill":53,"Toxic Egg 2":44,"Potion Belt":43,"NeowsBlessing":0,"Happy Flower":53,"Golden Idol":11,"Letter Opener":41,"Orichalcum":9,"War Paint":46,"MawBank":14,"Akabeko":54,"Bottled Flame":48,"Bronze Scales":13,"Snecko Eye":34,"Bag of Marbles":5,"PureWater":0,"Meat on the Bone":6},{"CeramicFish":13,"Vajra":9,"Whetstone":10,"Sozu":7,"Blood Vial":10,"Frozen Eye":16,"Centennial Puzzle":10,"Nunchaku":20,"Tiny Chest":12,"HandDrill":20,"Toxic Egg 2":18,"Potion Belt":18,"NeowsBlessing":0,"Happy Flower":20,"Golden Idol":4,"Letter Opener":18,"Orichalcum":4,"War Paint":18,"MawBank":6,"Akabeko":21,"Bottled Flame":19,"Bronze Scales":5,"Snecko Eye":14,"Bag of Marbles":2,"PureWater":0,"Meat on the Bone":3},{"CeramicFish":37,"Vajra":23,"Whetstone":27,"Sozu":16,"Blood Vial":27,"Frozen Eye":53,"Centennial Puzzle":27,"Nunchaku":79,"Tiny Chest":33,"HandDrill":79,"Toxic Egg 2":64,"Potion Belt":64,"NeowsBlessing":0,"Happy Flower":79,"Golden Idol":5,"Letter Opener":64,"Orichalcum":5,"War Paint":64,"MawBank":9,"Akabeko":87,"Bottled Flame":70,"Bronze Scales":7,"Snecko Eye":47,"Bag of Marbles":2,"PureWater":0,"Meat on the Bone":3}],"Meat on the Bone":84},"card_choices":[{"not_picked":["Swivel","CrushJoints"],"picked":"FlyingSleeves","floor":1.0},{"not_picked":["WreathOfFlame","Evaluate"],"picked":"DeceiveReality","floor":3.0},{"not_picked":["Establishment","SignatureMove"],"picked":"BowlingBash","floor":6.0},{"not_picked":["Evaluate","FlyingSleeves"],"picked":"CutThroughFate","floor":8.0},{"not_picked":["WreathOfFlame","Fasting2"],"picked":"BattleHymn","floor":12.0},{"not_picked":["PathToVictory","ForeignInfluence","ClearTheMind"],"picked":"SKIP","floor":14.0},{"not_picked":["Judgement","Ragnarok"],"picked":"DevaForm","floor":16.0},{"not_picked":["FlurryOfBlows","EmptyBody"],"picked":"CutThroughFate+1","floor":18.0},{"not_picked":["Prostrate","Study"],"picked":"LikeWater","floor":19.0},{"not_picked":["Prostrate+1","WreathOfFlame","Vengeance"],"picked":"SKIP","floor":23.0},{"not_picked":["WaveOfTheHand","ForeignInfluence+1","Sanctity+1"],"picked":"SKIP","floor":27.0},{"not_picked":["Indignation","Wireheading"],"picked":"Conclude","floor":29.0},{"not_picked":["Judgement","BowlingBash","EmptyBody+1"],"picked":"SKIP","floor":31.0},{"not_picked":["Blasphemy","DeusExMachina"],"picked":"LessonLearned","floor":33.0},{"not_picked":["Collect+1","FlyingSleeves","CrushJoints"],"picked":"SKIP","floor":35.0},{"not_picked":["Halt","ForeignInfluence","Consecrate"],"picked":"SKIP","floor":36.0},{"not_picked":["PathToVictory","SignatureMove"],"picked":"Wallop+1","floor":39.0},{"not_picked":["EmptyMind+1","ClearTheMind+1","BowlingBash+1"],"picked":"SKIP","floor":41.0},{"not_picked":["JustLucky","Conclude+1","WindmillStrike"],"picked":"SKIP","floor":48.0},{"not_picked":["ConjureBlade+1","Prostrate+1","Vengeance+1"],"picked":"SKIP","floor":54}],"player_experience":2463761,"relics_obtained":[{"floor":5.0,"key":"Bag of Marbles"},{"floor":6.0,"key":"Meat on the Bone"},{"floor":9.0,"key":"Orichalcum"},{"floor":14.0,"key":"MawBank"},{"floor":23.0,"key":"Blood Vial"},{"floor":24.0,"key":"Centennial Puzzle"},{"floor":26.0,"key":"Whetstone"},{"floor":29.0,"key":"Tiny Chest"},{"floor":31.0,"key":"CeramicFish"},{"floor":41.0,"key":"Letter Opener"},{"floor":43.0,"key":"Potion Belt"},{"floor":44.0,"key":"Toxic Egg 2"},{"floor":46.0,"key":"War Paint"},{"floor":48.0,"key":"Bottled Flame"},{"floor":54,"key":"Akabeko"}],"event_choices":[{"damage_healed":0.0,"max_hp_gain":5.0,"max_hp_loss":0.0,"gold_gain":0.0,"event_name":"Big Fish","player_choice":"Donut","floor":2.0,"gold_loss":0.0,"damage_taken":0.0},{"cards_removed":["Defend_P"],"damage_healed":0.0,"max_hp_gain":0.0,"max_hp_loss":0.0,"gold_gain":0.0,"event_name":"Golden Wing","player_choice":"Card Removal","floor":4.0,"gold_loss":0.0,"damage_taken":7.0},{"damage_healed":0.0,"max_hp_gain":0.0,"max_hp_loss":6.0,"gold_gain":0.0,"event_name":"Golden Idol","player_choice":"Lose Max HP","floor":11.0,"gold_loss":0.0,"damage_taken":0.0,"relics_obtained":["Golden Idol"]},{"damage_healed":0.0,"max_hp_gain":0.0,"max_hp_loss":0.0,"gold_gain":0.0,"event_name":"Back to Basics","player_choice":"Simplicity","floor":20.0,"gold_loss":0.0,"damage_taken":0.0,"cards_upgraded":["Strike_P","Strike_P","Strike_P","Strike_P","Defend_P","Defend_P","Defend_P"]},{"damage_healed":0.0,"max_hp_gain":0.0,"max_hp_loss":0.0,"gold_gain":0.0,"event_name":"Addict","player_choice":"Obtained Relic","floor":22.0,"gold_loss":85.0,"damage_taken":0.0,"relics_obtained":["Vajra"]},{"damage_healed":0.0,"max_hp_gain":0.0,"max_hp_loss":0.0,"gold_gain":0.0,"event_name":"The Mausoleum","player_choice":"Ignored","floor":25.0,"gold_loss":0.0,"damage_taken":0.0},{"damage_healed":0.0,"max_hp_gain":0.0,"max_hp_loss":0.0,"gold_gain":0.0,"event_name":"Wheel of Change","player_choice":"Damaged","floor":37.0,"gold_loss":0.0,"damage_taken":7.0}],"is_beta":false,"boss_relics":[{"not_picked":["Ectoplasm","Runic Pyramid"],"picked":"Sozu"},{"not_picked":["SacredBark","Busted Crown"],"picked":"Snecko Eye"}],"items_purged_floors":[38,53],"is_endless":false,"potions_floor_spawned":[1,8,12,16,23,27,31,33,39,41,48],"killed_by":"The Heart","ascension_level":5}}