{"host":"uyrebrj0204enqpc","time":1611259843,"event":{"mods":["Act Like it!","Bard","BaseMod","Block Reminder","Challenge The Spire","Colored Map","Colored Powertips","DeckTracker","Downfall","GifTheSpireLib","HexUI Lib","Highlight Path","Hubris","Infinite Spire","Minty Spire (QoL Compilation)","Pale of the Ancients","Quick Restart","Random Character Button","Relic Sorter","Relic Stats","Shop Mod","StSLib","The Blue Laboratory","The Bug Knight","The Cursed","The Jungle","The Marked","Wandering Minibosses"],"gold_per_floor":[118,132,132,132,144,144,144],"floor_reached":6,"language":"ENG","playtime":263,"items_purged":[],"score":47,"play_id":"14d42b8f-2025-4379-baaf-80d88630e6b7","local_time":"20210121151043","is_ascension_mode":true,"campfire_choices":[],"circlet_count":0,"master_deck":["theMarked:Strike","theMarked:Strike","theMarked:Strike","theMarked:Defend","theMarked:Defend","theMarked:Defend","theMarked:Defend","theMarked:SoldierOfQuellstein+1","hubris:DuctTapeCard","theMarked:AttractMetal"],"relics":["theMarked:ArtifactOfAir","hubris:DuctTape","hubris:Towel"],"acts_visited":["Exordium"],"potions_floor_usage":[],"damage_taken":[{"damage":8.0,"enemies":"Small Slimes","floor":1.0,"turns":3.0},{"damage":0.0,"enemies":"2 Louse","floor":2.0,"turns":2.0},{"damage":1.0,"enemies":"Cultist","floor":5.0,"turns":4.0},{"damage":47,"enemies":"HollowMod:MossKnight","floor":6,"turns":15}],"seed_played":"-4855730907397101168","potions_obtained":[{"floor":1.0,"key":"blueLaboratory:BottleOfRum"},{"floor":5,"key":"blueLaboratory:PolymorphPotion"}],"is_trial":false,"path_per_floor":["M","M","?","?","M","E"],"character_chosen":"THE_DEFAULT","items_purchased":[],"campfire_rested":0,"item_purchase_floors":[],"current_hp_per_floor":[55,55,48,48,47,0,0],"gold":144,"neow_bonus":"UPGRADE_CARD","is_daily":false,"chose_seed":false,"campfire_upgraded":0,"win_rate":0.0,"timestamp":1611259843,"path_taken":["M","M","?","?","M","E"],"items_purchased_type":[],"build_version":"2020-12-22","purchased_purges":0,"victory":false,"max_hp_per_floor":[70,70,70,70,70,70,70],"relic_stats":{"counters":[4,24],"obtain_stats":[{"theMarked:ArtifactOfAir":0,"hubris:DuctTape":3,"hubris:Towel":4},{"theMarked:ArtifactOfAir":0,"hubris:DuctTape":2,"hubris:Towel":2},{"theMarked:ArtifactOfAir":0,"hubris:DuctTape":5,"hubris:Towel":5}]},"card_choices":[{"not_picked":["theMarked:ResourceFulStrike","theMarked:TwofoldDefense","theMarked:SwordAndMagic"],"picked":"SKIP","floor":1.0},{"not_picked":["theMarked:Improvise","theMarked:Generate","theMarked:ElectricStrings"],"picked":"SKIP","floor":2.0},{"not_picked":["theMarked:SwordAndMagic","theMarked:EmpowerWeapon"],"picked":"theMarked:AttractMetal","floor":5}],"player_experience":1089967,"relics_obtained":[],"event_choices":[{"damage_healed":0.0,"max_hp_gain":0.0,"max_hp_loss":0.0,"gold_gain":0.0,"event_name":"Scrap Ooze","player_choice":"Success","floor":3.0,"gold_loss":0.0,"damage_taken":7.0,"relics_obtained":["hubris:DuctTape"]}],"is_beta":false,"boss_relics":[],"items_purged_floors":[],"is_endless":false,"potions_floor_spawned":[1,5],"killed_by":"HollowMod:MossKnight","ascension_level":6}}