{"host":"wutzay93uet9pf9y","time":1611251125,"event":{"mods":["BaseMod","Colored Map","Downfall","Minty Spire (QoL Compilation)","StSLib"],"gold_per_floor":[113,45,55,73,73,100,100,133,211,236,253,264,278,289,289,364,364,384,56,75,87,87,87,114,16,16,16,34,34,34,63,63,134,134,147,72,72,38,38,72,72,86,86,86,100,117,77,93,93,93],"floor_reached":51,"language":"ENG","playtime":1847,"items_purged":["Decay"],"score":1409,"play_id":"26c047fc-708e-4f2e-9fdf-24d53a873143","local_time":"20210121124525","is_ascension_mode":true,"campfire_choices":[{"data":"1","floor":7.0,"key":"LIFT"},{"data":"2","floor":15.0,"key":"LIFT"},{"data":"3","floor":23.0,"key":"LIFT"},{"floor":30.0,"key":"REST"},{"data":"Berserk","floor":32.0,"key":"SMITH"},{"data":"Heavy Blade","floor":41.0,"key":"SMITH"},{"data":"Berserk","floor":44.0,"key":"SMITH"},{"data":"Armaments","floor":49.0,"key":"SMITH"}],"circlet_count":0,"master_deck":["AscendersBane","Strike_R","Strike_R","Strike_R","Strike_R","Strike_R","Defend_R","Defend_R","Defend_R","Bash","Clash","Sword Boomerang","Berserk+1","Spot Weakness","Sword Boomerang","Shockwave","Flex","Inflame","Thunderclap","Reaper","Heavy Blade+1","Armaments+1","Heavy Blade","Ghostly Armor","Pommel Strike","Disarm","Reaper","Armaments+1","Metallicize","Battle Trance+1","Berserk+1","Fire Breathing","Dropkick","Evolve","Reaper"],"relics":["Black Blood","NeowsBlessing","Girya","Bag of Preparation","Red Skull","Paper Frog","Orichalcum","Medical Kit","Oddly Smooth Stone","Turnip","Bird Faced Urn","NlothsMask","Regal Pillow","Sozu","Calipers"],"acts_visited":["Exordium","TheCity","TheBeyond"],"potions_floor_usage":[],"damage_taken":[{"damage":0.0,"enemies":"Small Slimes","floor":1.0,"turns":1.0},{"damage":0.0,"enemies":"Cultist","floor":3.0,"turns":1.0},{"damage":0.0,"enemies":"Jaw Worm","floor":4.0,"turns":1.0},{"damage":35.0,"enemies":"3 Sentries","floor":6.0,"turns":10.0},{"damage":21.0,"enemies":"Gremlin Nob","floor":8.0,"turns":4.0},{"damage":20.0,"enemies":"3 Sentries","floor":10.0,"turns":5.0},{"damage":1.0,"enemies":"Looter","floor":11.0,"turns":2.0},{"damage":0.0,"enemies":"Exordium Wildlife","floor":12.0,"turns":2.0},{"damage":1.0,"enemies":"Lots of Slimes","floor":13.0,"turns":3.0},{"damage":6.0,"enemies":"Looter","floor":14.0,"turns":2.0},{"damage":0.0,"enemies":"Slime Boss","floor":16.0,"turns":7.0},{"damage":0.0,"enemies":"3 Byrds","floor":18.0,"turns":5.0},{"damage":48.0,"enemies":"Shell Parasite","floor":20.0,"turns":6.0},{"damage":8.0,"enemies":"Shelled Parasite and Fungi","floor":21.0,"turns":3.0},{"damage":26.0,"enemies":"Slavers","floor":24.0,"turns":5.0},{"damage":18.0,"enemies":"Snake Plant","floor":28.0,"turns":2.0},{"damage":30.0,"enemies":"Gremlin Leader","floor":31.0,"turns":4.0},{"damage":23.0,"enemies":"Champ","floor":33.0,"turns":7.0},{"damage":14.0,"enemies":"Orb Walker","floor":35.0,"turns":4.0},{"damage":30.0,"enemies":"Nemesis","floor":40.0,"turns":5.0},{"damage":17.0,"enemies":"3 Darklings","floor":42.0,"turns":6.0},{"damage":26.0,"enemies":"Spire Growth","floor":45.0,"turns":5.0},{"damage":38.0,"enemies":"Maw","floor":46.0,"turns":6.0},{"damage":36.0,"enemies":"Writhing Mass","floor":48.0,"turns":5.0},{"damage":156,"enemies":"Awakened One","floor":50,"turns":10}],"seed_played":"-4133633164436967420","potions_obtained":[{"floor":3.0,"key":"Guardian:BlockOnCardUsePotion"},{"floor":6.0,"key":"Block Potion"},{"floor":12.0,"key":"BloodPotion"},{"floor":16.0,"key":"SpeedPotion"},{"floor":20.0,"key":"PowerPotion"},{"floor":21.0,"key":"DuplicationPotion"}],"is_trial":false,"path_per_floor":["M","?","M","M","?","E","R","E","T","E","M","M","M","M","R","B",null,"M","$","M","M","?","R","E","$","T","$","M","?","R","E","R","B",null,"M","$","?","$","?","E","R","M","T","R","M","M","$","M","R","B",null],"character_chosen":"IRONCLAD","items_purchased":["Medical Kit","Oddly Smooth Stone","Armaments","Fruit Juice","Metallicize","Evolve"],"campfire_rested":1,"item_purchase_floors":[19,19,19,25,38,47],"current_hp_per_floor":[74,74,75,75,75,46,46,31,31,17,22,28,48,48,48,54,70,75,75,39,43,43,43,29,34,34,34,28,28,52,55,55,70,78,80,80,80,80,80,62,62,80,80,80,73,66,66,80,80,26],"gold":93,"neow_bonus":"THREE_ENEMY_KILL","is_daily":false,"chose_seed":false,"campfire_upgraded":4,"win_rate":0.0,"timestamp":1611251125,"path_taken":["M","?","?","M","?","E","R","E","T","E","M","M","M","M","R","BOSS","M","$","M","M","?","R","E","$","T","$","M","?","R","E","R","BOSS","M","?","?","$","?","E","R","M","T","R","?","M","$","M","R","BOSS"],"items_purchased_type":["Relic","Relic","Card","Potion","Card","Card"],"build_version":"2020-12-22","purchased_purges":1,"victory":true,"max_hp_per_floor":[75,75,75,75,75,75,75,75,75,75,75,75,75,75,75,75,75,75,75,75,75,75,75,75,80,80,80,80,80,80,80,80,80,80,80,80,80,80,80,80,80,80,80,80,80,80,80,80,80,80],"card_choices":[{"not_picked":["Cleave","Perfected Strike"],"picked":"Clash","floor":1.0},{"not_picked":["Armaments","Clothesline"],"picked":"Sword Boomerang","floor":3.0},{"not_picked":["Cleave","Perfected Strike"],"picked":"Berserk","floor":4.0},{"not_picked":["Warcry","Iron Wave"],"picked":"Spot Weakness","floor":6.0},{"not_picked":["Battle Trance","Demon Form"],"picked":"Anger","floor":8.0},{"not_picked":["Clothesline","Offering"],"picked":"Sword Boomerang","floor":10.0},{"not_picked":["Clothesline","Havoc"],"picked":"Shockwave","floor":11.0},{"not_picked":["Sentinel","Clothesline"],"picked":"Flex","floor":12.0},{"not_picked":["Dark Embrace","Wild Strike"],"picked":"Inflame","floor":13.0},{"not_picked":["Anger","Iron Wave"],"picked":"Thunderclap","floor":14.0},{"not_picked":["Corruption","Offering"],"picked":"Reaper","floor":16.0},{"not_picked":["Thunderclap","Perfected Strike"],"picked":"Heavy Blade","floor":18.0},{"not_picked":["True Grit","Anger"],"picked":"Heavy Blade","floor":20.0},{"not_picked":["Heavy Blade","Armaments"],"picked":"Ghostly Armor","floor":21.0},{"not_picked":["Uppercut","Warcry"],"picked":"Pommel Strike","floor":24.0},{"not_picked":["Combust","Uppercut"],"picked":"Disarm","floor":28.0},{"not_picked":["Exhume","Wild Strike","Clothesline"],"picked":"SKIP","floor":31.0},{"not_picked":["Feed","Bludgeon"],"picked":"Reaper","floor":33.0},{"not_picked":["Anger","Carnage"],"picked":"Armaments+1","floor":35.0},{"not_picked":["Evolve","Perfected Strike"],"picked":"Battle Trance+1","floor":40.0},{"not_picked":["Combust+1","Twin Strike+1"],"picked":"Berserk","floor":42.0},{"not_picked":["Dropkick","Anger"],"picked":"Fire Breathing","floor":45.0},{"not_picked":["Iron Wave","Thunderclap"],"picked":"Dropkick","floor":46.0},{"not_picked":["Feel No Pain","Twin Strike"],"picked":"Reaper","floor":48.0}],"player_experience":321576,"relics_obtained":[{"floor":6.0,"key":"Bag of Preparation"},{"floor":8.0,"key":"Red Skull"},{"floor":9.0,"key":"Paper Frog"},{"floor":10.0,"key":"Orichalcum"},{"floor":24.0,"key":"Turnip"},{"floor":26.0,"key":"Bird Faced Urn"},{"floor":31.0,"key":"Regal Pillow"},{"floor":40.0,"key":"Calipers"}],"event_choices":[{"damage_healed":0.0,"max_hp_gain":0.0,"max_hp_loss":0.0,"gold_gain":0.0,"event_name":"WeMeetAgain","player_choice":"Paid Gold","floor":2.0,"gold_loss":68.0,"damage_taken":0.0,"relics_obtained":["Girya"]},{"damage_healed":0.0,"max_hp_gain":0.0,"max_hp_loss":0.0,"gold_gain":0.0,"event_name":"Liars Game","player_choice":"Ignored","floor":5.0,"gold_loss":0.0,"damage_taken":0.0},{"damage_healed":0.0,"max_hp_gain":0.0,"max_hp_loss":0.0,"gold_gain":0.0,"event_name":"Forgotten Altar","player_choice":"Smashed Altar","floor":22.0,"gold_loss":0.0,"damage_taken":0.0,"cards_obtained":["Decay"]},{"damage_healed":0.0,"max_hp_gain":0.0,"max_hp_loss":0.0,"gold_gain":0.0,"event_name":"FaceTrader","player_choice":"Trade","floor":29.0,"gold_loss":0.0,"damage_taken":0.0,"relics_obtained":["NlothsMask"]},{"cards_removed":["Anger"],"damage_healed":0.0,"max_hp_gain":0.0,"max_hp_loss":0.0,"gold_gain":0.0,"event_name":"Falling","player_choice":"Removed Attack","floor":37.0,"gold_loss":0.0,"damage_taken":0.0},{"cards_removed":["Defend_R"],"damage_healed":0.0,"max_hp_gain":0.0,"max_hp_loss":0.0,"gold_gain":0.0,"event_name":"Bonfire Elementals","player_choice":"Offered Basic","floor":39.0,"gold_loss":0.0,"damage_taken":0.0}],"is_beta":false,"boss_relics":[{"not_picked":["Runic Cube","Snecko Eye"],"picked":"Black Blood"},{"not_picked":["Fusion Hammer","Cursed Key"],"picked":"Sozu"}],"items_purged_floors":[36],"is_endless":false,"potions_floor_spawned":[3,6,12,16,20,21,42,46],"ascension_level":15}}