{"host":"msfr2axb1w9025n0","time":1611223756,"event":{"mods":["BaseMod","Colored Map","DeckTracker","Minty Spire (QoL Compilation)"],"gold_per_floor":[13,13,36,36,51,76,76,87,87,114,125,145,162,193,193,289,289,303,323,342,342,362,390,390,417,417,448,448,25,125,204,204,304,304,316,328,328,328],"floor_reached":37,"language":"ENG","playtime":1337,"items_purged":["Anger"],"score":758,"play_id":"465d9a8f-4a67-4942-ae48-13a3c76aae3f","local_time":"20210121170916","is_ascension_mode":true,"campfire_choices":[{"data":"Spot Weakness","floor":7.0,"key":"SMITH"},{"data":"Twin Strike","floor":15.0,"key":"SMITH"},{"floor":24,"key":"REST"},{"data":"Berserk","floor":32,"key":"SMITH"}],"circlet_count":0,"master_deck":["AscendersBane","Strike_R+1","Strike_R+1","Strike_R+1","Strike_R+1","Strike_R+1","Defend_R+1","Defend_R+1","Defend_R+1","Defend_R+1","Bash","Inflame+1","Spot Weakness+1","Twin Strike+1","Rage","Twin Strike","Offering","Armaments","Body Slam","Dual Wield","True Grit","J.A.X.","Sword Boomerang","Berserk+1","Ghostly Armor","Limit Break+1","Armaments+1","Rage+1"],"relics":["Burning Blood","CaptainsWheel","Akabeko","Kunai","PreservedInsect","Vajra","Regal Pillow","Darkstone Periapt","Runic Pyramid","Dead Branch","Du-Vu Doll","HornCleat","Mango","Orrery","Thread and Needle","Matryoshka","Meat on the Bone","Toxic Egg 2","Empty Cage"],"acts_visited":["Exordium","TheCity","TheBeyond"],"potions_floor_usage":[27],"damage_taken":[{"damage":13.0,"enemies":"Jaw Worm","floor":1.0,"turns":5.0},{"damage":1.0,"enemies":"Cultist","floor":5.0,"turns":3.0},{"damage":8.0,"enemies":"Gremlin Nob","floor":6.0,"turns":4.0},{"damage":0.0,"enemies":"Small Slimes","floor":8.0,"turns":3.0},{"damage":10.0,"enemies":"3 Sentries","floor":10.0,"turns":4.0},{"damage":1.0,"enemies":"Looter","floor":11.0,"turns":2.0},{"damage":20.0,"enemies":"Gremlin Gang","floor":12.0,"turns":3.0},{"damage":9.0,"enemies":"Exordium Thugs","floor":13.0,"turns":4.0},{"damage":9.0,"enemies":"Lagavulin","floor":14.0,"turns":4.0},{"damage":21.0,"enemies":"The Guardian","floor":16.0,"turns":8.0},{"damage":12.0,"enemies":"3 Byrds","floor":18.0,"turns":4.0},{"damage":28.0,"enemies":"2 Thieves","floor":19.0,"turns":4.0},{"damage":24.0,"enemies":"Snake Plant","floor":20.0,"turns":4.0},{"damage":6,"enemies":"Cultist and Chosen","floor":22,"turns":4},{"damage":24,"enemies":"Gremlin Leader","floor":23,"turns":4},{"damage":6,"enemies":"Book of Stabbing","floor":25,"turns":3},{"damage":13,"enemies":"Slavers","floor":27,"turns":4},{"damage":11,"enemies":"Colosseum Slavers","floor":30,"turns":4},{"damage":0,"enemies":"Colosseum Nobs","floor":30,"turns":3},{"damage":48,"enemies":"Automaton","floor":33,"turns":9},{"damage":19,"enemies":"3 Darklings","floor":35,"turns":4},{"damage":16,"enemies":"3 Shapes","floor":36,"turns":4},{"damage":72,"enemies":"2 Orb Walkers","floor":37,"turns":5}],"seed_played":"2578840593641939884","potions_obtained":[{"floor":5.0,"key":"Fire Potion"},{"floor":6.0,"key":"DistilledChaos"},{"floor":12.0,"key":"FearPotion"},{"floor":18.0,"key":"DuplicationPotion"},{"floor":20.0,"key":"BloodPotion"},{"floor":25,"key":"BloodPotion"}],"is_trial":false,"path_per_floor":["M","?","T","?","M","E","R","M","T","E","M","M","M","E","R","B",null,"M","M","M","?","M","E","R","E","T","E","?","$","?","T","R","B",null,"M","M","?"],"character_chosen":"IRONCLAD","items_purchased":["Strength Potion","Orrery","Berserk"],"campfire_rested":1,"item_purchase_floors":[29,29,29],"current_hp_per_floor":[65,65,65,65,70,68,68,74,74,70,75,61,58,55,55,40,70,64,42,40,40,40,22,61,61,61,84,84,84,85,85,85,55,84,71,61,0,0],"gold":328,"neow_bonus":"ONE_RARE_RELIC","is_daily":false,"chose_seed":false,"campfire_upgraded":3,"win_rate":0.0,"timestamp":1611223756,"path_taken":["M","?","?","?","M","E","R","M","T","E","M","M","?","E","R","BOSS","M","M","M","?","M","E","R","E","T","E","?","$","?","?","R","BOSS","M","?","?"],"items_purchased_type":["Potion","Relic","Card"],"build_version":"2020-12-22","purchased_purges":1,"victory":false,"max_hp_per_floor":[80,80,80,80,80,80,80,80,80,80,80,80,80,80,80,80,80,80,80,80,80,80,80,80,80,80,94,94,94,94,94,94,94,94,94,94,94,94],"card_choices":[{"not_picked":["Thunderclap","Havoc"],"picked":"Inflame","floor":1.0},{"not_picked":["True Grit","Second Wind"],"picked":"Anger","floor":5.0},{"not_picked":["Bloodletting","Thunderclap"],"picked":"Spot Weakness","floor":6.0},{"not_picked":["Headbutt","Pummel"],"picked":"Twin Strike","floor":8.0},{"not_picked":["Clothesline","Fire Breathing","Brutality"],"picked":"SKIP","floor":10.0},{"not_picked":["Havoc","Pommel Strike","True Grit"],"picked":"SKIP","floor":11.0},{"not_picked":["Armaments","Burning Pact","Clothesline"],"picked":"SKIP","floor":12.0},{"not_picked":["Blood for Blood","Anger"],"picked":"Rage","floor":13.0},{"not_picked":["Sever Soul","Warcry"],"picked":"Twin Strike","floor":14.0},{"not_picked":["Barricade","Berserk"],"picked":"Offering","floor":16.0},{"not_picked":["Fire Breathing","Body Slam"],"picked":"Armaments","floor":18.0},{"not_picked":["Searing Blow","Armaments","Battle Trance"],"picked":"SKIP","floor":19.0},{"not_picked":["Pommel Strike","Clash","Iron Wave"],"picked":"SKIP","floor":20.0},{"not_picked":["Cleave","Sever Soul"],"picked":"Body Slam","floor":22},{"not_picked":["Power Through","Iron Wave"],"picked":"Dual Wield","floor":23},{"not_picked":["Pummel","Iron Wave"],"picked":"Juggernaut","floor":25},{"not_picked":["Wild Strike","Power Through+1"],"picked":"True Grit","floor":27},{"not_picked":["Carnage","Reckless Charge"],"picked":"Sword Boomerang","floor":29},{"not_picked":["Infernal Blade","Thunderclap"],"picked":"Barricade","floor":29},{"not_picked":["Sword Boomerang+1","Iron Wave"],"picked":"Ghostly Armor","floor":30},{"not_picked":["Berserk","Offering+1"],"picked":"Limit Break+1","floor":33},{"not_picked":["Shrug It Off+1","Havoc+1"],"picked":"Armaments+1","floor":35},{"not_picked":["Wild Strike","Fire Breathing"],"picked":"Rage+1","floor":36}],"player_experience":261093,"relics_obtained":[{"floor":3.0,"key":"Akabeko"},{"floor":4.0,"key":"Kunai"},{"floor":6.0,"key":"PreservedInsect"},{"floor":9.0,"key":"Vajra"},{"floor":10.0,"key":"Regal Pillow"},{"floor":14.0,"key":"Darkstone Periapt"},{"floor":23,"key":"Dead Branch"},{"floor":25,"key":"Du-Vu Doll"},{"floor":26,"key":"HornCleat"},{"floor":27,"key":"Mango"},{"floor":30,"key":"Thread and Needle"},{"floor":30,"key":"Matryoshka"},{"floor":31,"key":"Meat on the Bone"},{"floor":31,"key":"Toxic Egg 2"}],"event_choices":[{"damage_healed":0.0,"max_hp_gain":0.0,"max_hp_loss":0.0,"gold_gain":0.0,"event_name":"Living Wall","player_choice":"Grow","floor":2.0,"gold_loss":0.0,"damage_taken":0.0,"cards_upgraded":["Inflame"]},{"damage_healed":0.0,"max_hp_gain":0.0,"max_hp_loss":0.0,"gold_gain":0.0,"event_name":"Wheel of Change","player_choice":"Relic","floor":4.0,"gold_loss":0.0,"damage_taken":0.0},{"damage_healed":0.0,"max_hp_gain":0.0,"max_hp_loss":0.0,"gold_gain":0.0,"event_name":"Back to Basics","player_choice":"Simplicity","floor":21.0,"gold_loss":0.0,"damage_taken":0.0,"cards_upgraded":["Strike_R","Strike_R","Strike_R","Strike_R","Strike_R","Defend_R","Defend_R","Defend_R","Defend_R"]},{"damage_healed":0,"gold_gain":0,"player_choice":"Obtain J.A.X.","damage_taken":0,"max_hp_gain":0,"max_hp_loss":0,"event_name":"Drug Dealer","floor":28,"gold_loss":0,"cards_obtained":["J.A.X."]},{"damage_healed":0,"gold_gain":0,"player_choice":"Fight","damage_taken":0,"max_hp_gain":0,"max_hp_loss":0,"event_name":"Colosseum","floor":30,"gold_loss":0},{"damage_healed":0,"gold_gain":0,"player_choice":"Fought Nobs","damage_taken":0,"max_hp_gain":0,"max_hp_loss":0,"event_name":"Colosseum","floor":30,"gold_loss":0},{"damage_healed":0,"gold_gain":0,"player_choice":"Fight","damage_taken":0,"max_hp_gain":0,"max_hp_loss":0,"event_name":"Mysterious Sphere","floor":37,"gold_loss":0}],"is_beta":false,"boss_relics":[{"not_picked":["SlaversCollar","SacredBark"],"picked":"Runic Pyramid"},{"not_picked":["Cursed Key","Tiny House"],"picked":"Empty Cage"}],"items_purged_floors":[29],"is_endless":false,"potions_floor_spawned":[5,6,10,12,18,20,25,30],"killed_by":"2 Orb Walkers","ascension_level":12}}