{"host":"urvvf8749ekcxo1a","time":1611267057,"event":{"mods":["AchievementEnabler","BaseMod","Better Sensory Stone","BetterRewards","Colored Powertips","Evolution","Gold Saver","Marisa????????","Minty Spire (QoL Compilation)","Quick Restart","StSLib","SuperFastMode","The Cursed","The Hierophant","The Saiyan","The Servant 0.9.4","The Wild Card"],"gold_per_floor":[689,702,702,721,733,733,744,761,788,788,808,808,838,852,852,852,852],"floor_reached":16,"language":"ENG","playtime":269,"items_purged":[],"score":106,"play_id":"60bfe699-cd58-4011-aaa0-81ffbd8fceb5","local_time":"20210121171057","is_ascension_mode":false,"campfire_choices":[{"floor":6,"key":"REST"},{"data":"Electrodynamics","floor":10,"key":"SMITH"},{"floor":15,"key":"REST"}],"circlet_count":0,"master_deck":["Strike_B","Strike_B","Strike_B","Defend_B+1","Defend_B+1","Defend_B","Defend_B","Zap","Dualcast","Electrodynamics+1","Ball Lightning","Defragment","Capacitor","Gash","Gash","Gash","Go for the Eyes"],"relics":["Cracked Core","EVO:Axolotl","War Paint","Symbiotic Virus"],"acts_visited":["Exordium"],"potions_floor_usage":[8,13,13,13],"damage_taken":[{"damage":6,"enemies":"Cultist","floor":1,"turns":3},{"damage":13,"enemies":"2 Louse","floor":2,"turns":2},{"damage":11,"enemies":"Jaw Worm","floor":4,"turns":3},{"damage":19,"enemies":"Blue Slaver","floor":5,"turns":3},{"damage":12,"enemies":"2 Fungi Beasts","floor":7,"turns":2},{"damage":5,"enemies":"Looter","floor":8,"turns":3},{"damage":5,"enemies":"Red Slaver","floor":11,"turns":2},{"damage":14,"enemies":"3 Sentries","floor":13,"turns":4},{"damage":0,"enemies":"3 Louse","floor":14,"turns":1},{"damage":24,"enemies":"The Guardian","floor":16,"turns":2}],"seed_played":"3138868059613225169","potions_obtained":[{"floor":1,"key":"DuplicationPotion"},{"floor":5,"key":"Energy Potion"},{"floor":7,"key":"BlessingOfTheForge"},{"floor":8,"key":"Fire Potion"}],"is_trial":false,"path_per_floor":["M","M","?","M","M","R","M","M","T","R","M","?","E","M","R","B"],"character_chosen":"DEFECT","items_purchased":[],"campfire_rested":2,"item_purchase_floors":[],"current_hp_per_floor":[62,49,54,43,24,44,32,27,27,27,22,15,1,1,21,0,0],"gold":852,"neow_bonus":"THREE_RARE_CARDS","is_daily":false,"chose_seed":false,"campfire_upgraded":1,"win_rate":0.0,"timestamp":1611267057,"path_taken":["M","?","?","M","M","R","M","M","T","R","?","?","E","M","R","BOSS"],"items_purchased_type":[],"build_version":"2020-12-22","purchased_purges":0,"victory":false,"max_hp_per_floor":[68,68,68,68,68,68,68,68,68,68,68,68,68,68,68,68,68],"card_choices":[{"not_picked":["Biased Cognition","Amplify"],"picked":"Electrodynamics","floor":0},{"not_picked":["Aggregate","FTL","Force Field"],"picked":"SKIP","floor":1},{"not_picked":["White Noise","Doom and Gloom"],"picked":"Ball Lightning","floor":2},{"not_picked":["Doom and Gloom","Chaos"],"picked":"Defragment","floor":4},{"not_picked":["Coolheaded","Hologram"],"picked":"Rebound","floor":5},{"not_picked":["Glacier","Steam"],"picked":"Capacitor","floor":7},{"not_picked":["Doom and Gloom","Streamline"],"picked":"Gash","floor":8},{"not_picked":["Steam","Compile Driver"],"picked":"Gash","floor":11},{"not_picked":["Electrodynamics","Go for the Eyes"],"picked":"Gash","floor":13},{"not_picked":["Sweeping Beam","Cold Snap"],"picked":"Go for the Eyes","floor":14}],"player_experience":129758,"relics_obtained":[{"floor":9,"key":"War Paint"},{"floor":13,"key":"Symbiotic Virus"}],"event_choices":[{"cards_removed":["Sweeping Beam"],"damage_healed":5,"gold_gain":0,"player_choice":"Offered Common","damage_taken":0,"max_hp_gain":0,"max_hp_loss":0,"event_name":"Bonfire Elementals","floor":3,"gold_loss":0},{"cards_removed":["Sweeping Beam"],"damage_healed":5,"gold_gain":0,"player_choice":"Offered Special","damage_taken":0,"max_hp_gain":0,"max_hp_loss":0,"event_name":"Bonfire Elementals","floor":3,"gold_loss":0},{"cards_removed":["Rebound"],"damage_healed":0,"gold_gain":0,"player_choice":"Card Removal","damage_taken":7,"max_hp_gain":0,"max_hp_loss":0,"event_name":"Golden Wing","floor":12,"gold_loss":0}],"is_beta":false,"boss_relics":[],"items_purged_floors":[],"is_endless":false,"potions_floor_spawned":[1,5,7,8],"killed_by":"The Guardian","ascension_level":0}}