{"host":"3twtdwjpiqhvvn5s","time":1611261940,"event":{"mods":["AchievementEnabler","Act Like it!","Aspiration","BaseMod","BetterRewards","Colored Map","Colored Powertips","Downfall","Duelist Mod","Friendly Minions","GifTheSpireLib","Hallownest","Hermit","Hubris","Infinite Spire","Jorbs\u0027s Wanderer Trilogy","Koishi","KomeijiMod","Marisa????????","Minty Spire (QoL Compilation)","Random Character Mod","Rare Cards Sparkle","Shop Mod","StSLib","Td1madao Mod","The Administrix","The Animator","The Bug Knight","The Caster","The Cursed","The Disciple","The Hierophant","The Necromancer","The Poker Player","The Runesmith","The Servant 0.9.4","TheFirefly"],"gold_per_floor":[119,155,173,200,224,224,224,258,303,338,370,416,450,469,469,469,469],"floor_reached":16,"language":"ENG","playtime":33856,"items_purged":[],"score":142,"play_id":"19082b8b-d5c1-42f7-b778-dcafb8f3a6bd","local_time":"20210121144540","daily_mods":["SealedDeck","Flight","Elite Swarm"],"is_ascension_mode":false,"campfire_choices":[{"floor":6,"key":"REST"},{"floor":7,"key":"REST"},{"floor":15,"key":"REST"}],"circlet_count":0,"master_deck":["animator:Chung","animator:Chung","animator:Add","animator:Darkness","animator:DolaRiku","animator:Aisha","animator:Jibril","animator:DwarfShaman","animator:Vanir","animator:Megumin+11","animator:GuildGirl","animator:Mitsurugi","animator:Eris","animator:Elesis","animator:Hans","animator:Wiz"],"relics":["animator:LivingPicture","animator:TheMissingPiece","animator:PurgingStone","Vajra","hexamod:BolsterEngine","animator:HallowedScabbard","StoneCalendar","Oddly Smooth Stone","Tiny Chest"],"acts_visited":["Hallownest:Greenpath"],"potions_floor_usage":[3,10,11,13],"damage_taken":[{"damage":14,"enemies":"Hallownest:2_Baldur","floor":1,"turns":5},{"damage":17,"enemies":"Hallownest:2_MossCreeps","floor":2,"turns":7},{"damage":0,"enemies":"Hallownest:monsterHuskWarrior","floor":3,"turns":3},{"damage":11,"enemies":"Hallownest:1_Baldur_1_Crawlid_1_Warrior","floor":4,"turns":7},{"damage":20,"enemies":"Hallownest:MossCreep_and_Mosskin","floor":5,"turns":5},{"damage":5,"enemies":"Hallownest:eliteVengeflyKing","floor":8,"turns":6},{"damage":8,"enemies":"Hallownest:eliteMossKnight","floor":10,"turns":4},{"damage":13,"enemies":"Hallownest:eliteCrystalGuardian","floor":11,"turns":5},{"damage":1,"enemies":"Hallownest:eliteMossKnight","floor":12,"turns":5},{"damage":23,"enemies":"Hallownest:eliteVengeflyKing","floor":13,"turns":5},{"damage":6,"enemies":"Hallownest:monsterMossCharger","floor":14,"turns":3},{"damage":114,"enemies":"Hallownest:BossHornet","floor":16,"turns":6}],"seed_played":"-9166378845062177501","potions_obtained":[{"floor":2,"key":"SkillPotion"},{"floor":5,"key":"Regen Potion"},{"floor":8,"key":"Strength Potion"},{"floor":10,"key":"Regen Potion"}],"is_trial":true,"path_per_floor":["M","M","M","M","M","R","R","E","T","E","E","E","E","M","R","B"],"character_chosen":"THE_ANIMATOR","items_purchased":[],"campfire_rested":3,"item_purchase_floors":[],"current_hp_per_floor":[52,35,35,24,4,23,42,38,38,45,48,50,35,32,52,0,0],"gold":469,"neow_bonus":"","is_daily":false,"chose_seed":false,"campfire_upgraded":0,"win_rate":0.0,"timestamp":1611261940,"path_taken":["M","M","M","M","M","R","R","E","T","E","E","E","E","M","R","BOSS"],"items_purchased_type":[],"build_version":"2020-12-22","purchased_purges":0,"victory":false,"max_hp_per_floor":[66,66,66,66,66,66,66,67,67,67,67,67,68,68,68,68,68],"card_choices":[{"not_picked":["animator:Fredrika","animator:DolaCouronne"],"picked":"animator:GuildGirl","floor":1},{"not_picked":["animator:Azekura","animator:Souei"],"picked":"animator:Mitsurugi","floor":2},{"not_picked":["animator:KrulTepes","animator:Tyuule","animator:AcuraShin"],"picked":"SKIP","floor":3},{"not_picked":["animator:Mitsuba","animator:LeleiLaLalena","animator:Mikaela"],"picked":"SKIP","floor":5},{"not_picked":["animator:HigakiRinne","animator:SwordMaiden"],"picked":"animator:Eris","floor":8},{"not_picked":["animator:Rimuru","animator:Guren"],"picked":"animator:Elesis","floor":10},{"not_picked":["animator:Vanir","animator:YunYun"],"picked":"animator:Megumin","floor":11},{"not_picked":["animator:HigakiRinne","animator:Rimuru"],"picked":"animator:Hans","floor":12},{"not_picked":["animator:FeridBathory","animator:ChaikaTrabant"],"picked":"animator:Wiz","floor":13},{"not_picked":["animator:Hitei","animator:Hakurou","animator:ZankiKiguchi"],"picked":"SKIP","floor":14}],"player_experience":2032293,"relics_obtained":[{"floor":8,"key":"Vajra"},{"floor":9,"key":"hexamod:BolsterEngine"},{"floor":10,"key":"animator:HallowedScabbard"},{"floor":11,"key":"StoneCalendar"},{"floor":12,"key":"Oddly Smooth Stone"},{"floor":13,"key":"Tiny Chest"}],"event_choices":[],"is_beta":false,"boss_relics":[],"items_purged_floors":[],"is_endless":false,"potions_floor_spawned":[2,5,8,10],"killed_by":"Hallownest:BossHornet","ascension_level":0}}