{"host":"qxeepl7ydvsgmfdb","time":1611248322,"event":{"mods":["AchievementEnabler","BaseMod","Colored Powertips","Minty Spire (QoL Compilation)","Quick Restart","slay the spire mod where everything is the same but ironclad has a cowboy hat"],"gold_per_floor":[119,119,129,129,129,129,141,179,191,203,215,227,253,299,311,419,431,453,555,567,579,506,548,560,572,584,596,596],"floor_reached":27,"language":"ENG","playtime":575,"items_purged":[],"score":258,"play_id":"b3ccc9e3-68ba-4a06-8c19-5cddb310beb2","local_time":"20210121115842","is_ascension_mode":false,"campfire_choices":[{"floor":7,"key":"RECALL"},{"data":"Strike_G","floor":11,"key":"SMITH"},{"floor":15,"key":"REST"},{"floor":24,"key":"REST"}],"circlet_count":0,"master_deck":["Strike_G","Strike_G","Strike_G+1","Strike_G","Strike_G+1","Defend_G","Defend_G+1","Defend_G","Defend_G","Defend_G","Survivor+1","Neutralize+1","Deadly Poison","Adrenaline"],"relics":["Ring of the Snake","NeowsBlessing","MawBank","Oddly Smooth Stone","Ornamental Fan","Juzu Bracelet","Calipers","WristBlade","Dead Branch","The Specimen","Regal Pillow"],"acts_visited":["Exordium","TheCity"],"potions_floor_usage":[16,23,23],"damage_taken":[{"damage":0,"enemies":"2 Louse","floor":1,"turns":1},{"damage":0,"enemies":"Cultist","floor":3,"turns":1},{"damage":0,"enemies":"3 Sentries","floor":8,"turns":1},{"damage":4,"enemies":"Small Slimes","floor":13,"turns":3},{"damage":17,"enemies":"Gremlin Nob","floor":14,"turns":5},{"damage":28,"enemies":"The Guardian","floor":16,"turns":15},{"damage":17,"enemies":"Shell Parasite","floor":18,"turns":7},{"damage":12,"enemies":"Book of Stabbing","floor":23,"turns":6},{"damage":67,"enemies":"Gremlin Leader","floor":27,"turns":5}],"seed_played":"6999721547970002694","potions_obtained":[{"floor":1,"key":"AttackPotion"},{"floor":8,"key":"LiquidMemories"}],"is_trial":false,"path_per_floor":["M","?","M","?","$","?","R","E","T","?","R","?","M","E","R","B",null,"M","?","$","T","?","E","R","?","T","E"],"character_chosen":"THE_SILENT","items_purchased":[],"campfire_rested":2,"item_purchase_floors":[],"current_hp_per_floor":[70,70,70,70,70,70,70,70,70,67,67,53,49,32,53,25,70,53,35,35,35,35,23,59,59,59,0,0],"gold":596,"neow_bonus":"THREE_ENEMY_KILL","is_daily":false,"chose_seed":false,"campfire_upgraded":1,"win_rate":0.0,"timestamp":1611248322,"path_taken":["M","?","?","?","?","?","R","E","T","?","R","?","M","E","R","BOSS","M","?","?","?","?","E","R","?","T","E"],"items_purchased_type":[],"build_version":"2020-12-22","purchased_purges":0,"victory":false,"max_hp_per_floor":[70,70,70,70,70,70,70,70,70,70,70,70,70,70,70,70,70,70,70,70,70,70,70,70,70,70,70,70],"card_choices":[{"not_picked":["Dash","Concentrate","Acrobatics"],"picked":"SKIP","floor":1},{"not_picked":["Prepared","PiercingWail","Eviscerate"],"picked":"SKIP","floor":3},{"not_picked":["Masterful Stab","Backflip","Wraith Form v2"],"picked":"SKIP","floor":8},{"not_picked":["Bane","Backflip"],"picked":"Deadly Poison","floor":13},{"not_picked":["Bouncing Flask","Quick Slash","Expertise"],"picked":"SKIP","floor":14},{"not_picked":["Bullet Time","Grand Finale"],"picked":"Adrenaline","floor":16},{"not_picked":["Concentrate","Acrobatics","Sucker Punch+1"],"picked":"SKIP","floor":18},{"not_picked":["Flechettes","Adrenaline","Dodge and Roll"],"picked":"SKIP","floor":23}],"player_experience":196793,"relics_obtained":[{"floor":8,"key":"Oddly Smooth Stone"},{"floor":9,"key":"Ornamental Fan"},{"floor":14,"key":"Calipers"},{"floor":21,"key":"Dead Branch"},{"floor":23,"key":"Regal Pillow"}],"event_choices":[{"damage_healed":0,"gold_gain":0,"player_choice":"Upgraded","damage_taken":0,"max_hp_gain":0,"max_hp_loss":0,"event_name":"Upgrade Shrine","floor":2,"gold_loss":0,"cards_upgraded":["Neutralize"]},{"damage_healed":0,"gold_gain":0,"player_choice":"Grow","damage_taken":0,"max_hp_gain":0,"max_hp_loss":0,"event_name":"Living Wall","floor":4,"gold_loss":0,"cards_upgraded":["Survivor"]},{"damage_healed":0,"gold_gain":0,"player_choice":"Box","damage_taken":0,"relics_obtained":["MawBank"],"max_hp_gain":0,"max_hp_loss":0,"event_name":"Big Fish","floor":6,"gold_loss":0,"cards_obtained":["Regret"]},{"damage_healed":0,"gold_gain":0,"player_choice":"Success","damage_taken":3,"relics_obtained":["Juzu Bracelet"],"max_hp_gain":0,"max_hp_loss":0,"event_name":"Scrap Ooze","floor":10,"gold_loss":0},{"damage_healed":0,"gold_gain":0,"player_choice":"Entered Light","damage_taken":14,"max_hp_gain":0,"max_hp_loss":0,"event_name":"Shining Light","floor":12,"gold_loss":0,"cards_upgraded":["Defend_G","Strike_G"]},{"damage_healed":0,"gold_gain":90,"player_choice":"GOLD POTION ","damage_taken":18,"max_hp_gain":0,"max_hp_loss":0,"event_name":"Knowing Skull","floor":19,"potions_obtained":["Fire Potion"],"gold_loss":0,"cards_obtained":[]},{"damage_healed":0,"gold_gain":0,"player_choice":"Obtained Relic","damage_taken":0,"relics_obtained":["The Specimen"],"max_hp_gain":0,"max_hp_loss":0,"event_name":"Addict","floor":22,"gold_loss":85},{"cards_removed":["Regret"],"damage_healed":0,"gold_gain":0,"player_choice":"Elegance","damage_taken":0,"max_hp_gain":0,"max_hp_loss":0,"event_name":"Back to Basics","floor":25,"gold_loss":0}],"is_beta":false,"boss_relics":[{"not_picked":["Astrolabe","Runic Dome"],"picked":"WristBlade"}],"items_purged_floors":[],"is_endless":false,"potions_floor_spawned":[1,8],"killed_by":"Gremlin Leader","ascension_level":0}}