{"host":"15ff3ltgpietarej","time":1611233238,"event":{"mods":["BaseMod","Bestiary","Downfall","Highlight Path","Minty Spire (QoL Compilation)","Relic Stats","StSLib"],"gold_per_floor":[99,113,124,124,124,137,137,137,151,179,179,213,99,99,119,219,219,219,229,242,342,342,342,342,342],"floor_reached":23,"language":"ENG","playtime":2708,"items_purged":["hexamod:Strike"],"score":219,"play_id":"835a7f36-47a5-4a6e-878c-8f9c43e9953f","local_time":"20210121134718","is_ascension_mode":true,"campfire_choices":[{"data":"hexamod:Sear","floor":1.0,"key":"SMITH"},{"data":"hexamod:WildfireWeapon","floor":8.0,"key":"SMITH"},{"floor":11.0,"key":"REST"},{"data":"hexamod:WildfireWeapon","floor":18.0,"key":"SMITH"}],"circlet_count":0,"master_deck":["hexamod:Strike","hexamod:Strike","hexamod:Strike","hexamod:Defend","hexamod:Defend","hexamod:Defend","hexamod:Defend","hexamod:Sear+1","hexamod:Float","hexamod:WildfireWeapon+1","hexamod:Hexaguard","hexamod:ThermalTransfer","hexamod:WildfireWeapon+1","hexamod:AdvancingGuard","hexamod:GhostflameBarrier","hexamod:FlamesFromBeyond","hexamod:BurningTouch","hexamod:Hexaguard","hexamod:Rewind","hexamod:PhantomCloak"],"relics":["hexamod:SpiritBrand","Bag of Marbles","downfall:ShatteredFragment","hexamod:CandleOfCauterizing","Dream Catcher","MealTicket","Philosopher\u0027s Stone","FossilizedHelix","Pantograph"],"acts_visited":["Exordium","TheCity"],"potions_floor_usage":[23],"damage_taken":[{"damage":2.0,"enemies":"Jaw Worm","floor":2.0,"turns":3.0},{"damage":2.0,"enemies":"2 Louse","floor":3.0,"turns":4.0},{"damage":0.0,"enemies":"Cultist","floor":6.0,"turns":3.0},{"damage":3.0,"enemies":"3 Louse","floor":9.0,"turns":3.0},{"damage":8.0,"enemies":"3 Sentries","floor":10.0,"turns":5.0},{"damage":3.0,"enemies":"Lagavulin","floor":12.0,"turns":4.0},{"damage":0.0,"enemies":"downfall:FleeingMerchant","floor":13.0,"turns":4.0},{"damage":0.0,"enemies":"Lots of Slimes","floor":15.0,"turns":4.0},{"damage":24.0,"enemies":"WA_ARCHETYPE_RETAIN","floor":16.0,"turns":6.0},{"damage":38.0,"enemies":"3 Byrds","floor":19.0,"turns":5.0},{"damage":0.0,"enemies":"Chosen","floor":20.0,"turns":3.0},{"damage":13.0,"enemies":"IC_STATUS_ARCHETYPE","floor":21.0,"turns":6.0},{"damage":27,"enemies":"Slavers","floor":23,"turns":3}],"seed_played":"8091422083650290301","potions_obtained":[{"floor":9.0,"key":"DuplicationPotion"},{"floor":10.0,"key":"hexamod:DoubleChargePotion"},{"floor":14.0,"key":"Fire Potion"},{"floor":14.0,"key":"SpeedPotion"},{"floor":15.0,"key":"CultistPotion"}],"is_trial":false,"path_per_floor":["R","M","M","?","?","M","T","R","M","E","R","E","$","?","M","B",null,"R","M","M","?","?","E"],"character_chosen":"THE_SPIRIT","items_purchased":["hexamod:BurningTouch"],"campfire_rested":1,"item_purchase_floors":[13],"current_hp_per_floor":[70,68,66,63,42,42,42,42,39,31,52,49,64,64,64,40,70,70,32,32,19,19,0,0,0],"gold":342,"neow_bonus":"ONE_RANDOM_RARE_CARD","is_daily":false,"chose_seed":false,"campfire_upgraded":3,"win_rate":0.0,"timestamp":1611233238,"path_taken":["R","M","M","?","?","M","T","R","M","E","R","E","$","?","M","BOSS","R","M","M","?","?","E"],"items_purchased_type":["Card"],"build_version":"2020-12-22","purchased_purges":1,"victory":false,"max_hp_per_floor":[70,70,70,70,70,70,70,70,70,70,70,70,70,70,70,70,70,70,70,70,70,70,70,70,70],"relic_stats":{"Dream Catcher":1,"counters":[13,53],"Pantograph":0,"MealTicket":15,"obtain_stats":[{"hexamod:CandleOfCauterizing":7,"Dream Catcher":10,"downfall:ShatteredFragment":5,"Pantograph":21,"MealTicket":12,"Philosopher\u0027s Stone":17,"Bag of Marbles":4,"hexamod:SpiritBrand":0,"FossilizedHelix":21},{"hexamod:CandleOfCauterizing":3,"Dream Catcher":5,"downfall:ShatteredFragment":2,"Pantograph":12,"MealTicket":6,"Philosopher\u0027s Stone":9,"Bag of Marbles":2,"hexamod:SpiritBrand":0,"FossilizedHelix":12},{"hexamod:CandleOfCauterizing":10,"Dream Catcher":18,"downfall:ShatteredFragment":7,"Pantograph":50,"MealTicket":22,"Philosopher\u0027s Stone":36,"Bag of Marbles":7,"hexamod:SpiritBrand":0,"FossilizedHelix":50}]},"card_choices":[{"not_picked":["hexamod:FastForward","hexamod:GhostLash"],"picked":"hexamod:Hexaguard","floor":2.0},{"not_picked":["hexamod:InspiringFlames","hexamod:Again"],"picked":"hexamod:ThermalTransfer","floor":3.0},{"not_picked":["hexamod:Firestarter","hexamod:NightmareGuise"],"picked":"hexamod:WildfireWeapon","floor":6.0},{"not_picked":["hexamod:ShieldOfDarkness","hexamod:GhostShield","hexamod:CatchUp"],"picked":"SKIP","floor":9.0},{"not_picked":["hexamod:CatchUp","hexamod:NecessarySacrifice"],"picked":"hexamod:AdvancingGuard","floor":10.0},{"not_picked":["hexamod:ChargedBarrage","hexamod:GhostOfSpirePast"],"picked":"hexamod:GhostflameBarrier","floor":11.0},{"not_picked":["hexamod:BacktrackSmack","hexamod:AdvancingGuard"],"picked":"hexamod:FlamesFromBeyond","floor":12.0},{"not_picked":["hexamod:UnleashSpirits","hexamod:DynamicBlow","hexamod:RecurringNightmare"],"picked":"SKIP","floor":13.0},{"not_picked":["hexamod:SuperheatedStrike","hexamod:EtherealExpedition"],"picked":"hexamod:Hexaguard","floor":15.0},{"not_picked":["hexamod:FlamesFromBeyond","hexamod:GhostLash"],"picked":"hexamod:Rewind","floor":19.0},{"not_picked":["hexamod:SpectersWail","hexamod:FastForward+1"],"picked":"hexamod:PhantomCloak","floor":20.0}],"player_experience":423304,"relics_obtained":[{"floor":7.0,"key":"hexamod:CandleOfCauterizing"},{"floor":10.0,"key":"Dream Catcher"},{"floor":12.0,"key":"MealTicket"},{"floor":21.0,"key":"FossilizedHelix"},{"floor":21.0,"key":"Pantograph"}],"event_choices":[{"damage_healed":0.0,"max_hp_gain":0.0,"max_hp_loss":0.0,"gold_gain":0.0,"event_name":"Scrap Ooze","player_choice":"Success","floor":4.0,"gold_loss":0.0,"damage_taken":3.0,"relics_obtained":["Bag of Marbles"]},{"damage_healed":0.0,"max_hp_gain":0.0,"max_hp_loss":0.0,"gold_gain":0.0,"event_name":"Lab","player_choice":"Got Potions","floor":14.0,"gold_loss":0.0,"damage_taken":0.0}],"is_beta":false,"boss_relics":[{"not_picked":["Astrolabe","Black Star"],"picked":"Philosopher\u0027s Stone"}],"items_purged_floors":[13],"is_endless":false,"potions_floor_spawned":[9,10,15],"killed_by":"Slavers","ascension_level":2}}