{"host":"1rf9pknejqhzkc4o","time":1611259620,"event":{"mods":["A Penny For Your Troubles","Aspiration","BaseMod","Better Altar","Better Match","Better Note","Better Sensory Stone","Better Skull","Better Third Choice","Colored Map","Colored Powertips","Communication Mod","Conspire","Displayed Cursed Tome","Energized Spire","Hubris","Infinite Spire","Ironclad Rager","Minty Spire (QoL Compilation)","Quick Restart","RNG Fix","Rare Cards Sparkle","Relic Stats","Replay The Spire","Retaliation","Spicy Shops","StS++","StSLib","The Blue Laboratory","Trackpad"],"gold_per_floor":[17,17,17,33,33,33,51,51,51,51,51,66,86,86,86,94,94],"floor_reached":16,"language":"ENG","playtime":454,"items_purged":[],"score":90,"play_id":"d6642bba-db62-4d61-bdf6-1c3655e77be5","local_time":"20210121230700","is_ascension_mode":false,"campfire_choices":[{"data":"Vigilance","floor":6.0,"key":"SMITH"},{"data":"Replay:Battleflow","floor":11.0,"key":"SMITH"},{"floor":15.0,"key":"REST"}],"circlet_count":0,"master_deck":["Eruption+1","Vigilance+1","Parasite","FollowUp","FollowUp","FollowUp","FollowUp","ThirdEye","ThirdEye","ThirdEye","Swivel","Halt+1","FollowUp","Replay:Battleflow+1","FlurryOfBlows","Crescendo"],"relics":["PureWater","infinitespire:Midas Blood"],"acts_visited":["Exordium"],"potions_floor_usage":[],"damage_taken":[{"damage":0.0,"enemies":"Cultist","floor":1.0,"turns":2.0},{"damage":0.0,"enemies":"Small Slimes","floor":4.0,"turns":3.0},{"damage":5.0,"enemies":"infinitespire:Voidling","floor":7.0,"turns":3.0},{"damage":5.0,"enemies":"Exordium Wildlife","floor":12.0,"turns":4.0},{"damage":9.0,"enemies":"Exordium Thugs","floor":13.0,"turns":4.0},{"damage":55,"enemies":"Slime Boss","floor":16,"turns":10}],"seed_played":"5643353612571190313","potions_obtained":[{"floor":1.0,"key":"blueLaboratory:BottledHope"},{"floor":4.0,"key":"DuplicationPotion"},{"floor":7.0,"key":"blueLaboratory:TrueEctoplasm"}],"is_trial":false,"path_per_floor":["M","?","?","M","?","R","M","?","T","$","R","M","M","$","R","B"],"character_chosen":"WATCHER","items_purchased":[],"campfire_rested":1,"item_purchase_floors":[],"current_hp_per_floor":[47,47,54,54,54,54,49,49,49,49,49,44,35,35,54,0,0],"gold":94,"neow_bonus":"WATCHER_SHAOLIN","is_daily":false,"chose_seed":false,"campfire_upgraded":2,"win_rate":0.0,"timestamp":1611259620,"path_taken":["M","?","?","?","?","R","M","?","T","?","R","?","M","$","R","BOSS"],"items_purchased_type":[],"build_version":"2020-12-22","purchased_purges":0,"victory":false,"max_hp_per_floor":[65,65,65,65,65,65,65,65,65,65,65,65,65,65,65,65,65],"relic_stats":{"counters":[6,26],"obtain_stats":[{"PureWater":0,"infinitespire:Midas Blood":9},{"PureWater":0,"infinitespire:Midas Blood":3},{"PureWater":0,"infinitespire:Midas Blood":8}]},"card_choices":[{"not_picked":["StSpp:Renounce","Replay:BluntJabs"],"picked":"Swivel","floor":1.0},{"not_picked":["Protect","Replay:BluntJabs"],"picked":"FollowUp","floor":4.0},{"not_picked":["SashWhip","ThirdEye"],"picked":"Replay:Battleflow","floor":7.0},{"not_picked":["SashWhip","Wireheading"],"picked":"FlurryOfBlows","floor":12.0},{"not_picked":["StSpp:Renounce","TalkToTheHand"],"picked":"Crescendo","floor":13.0}],"player_experience":142138,"relics_obtained":[{"floor":9.0,"key":"infinitespire:Midas Blood"}],"event_choices":[{"damage_healed":0.0,"max_hp_gain":0.0,"max_hp_loss":0.0,"gold_gain":0.0,"event_name":"Living Wall","player_choice":"Grow","floor":5.0,"gold_loss":0.0,"damage_taken":0.0,"cards_upgraded":["Eruption"]}],"is_beta":false,"boss_relics":[],"items_purged_floors":[],"is_endless":false,"potions_floor_spawned":[1,4,7],"killed_by":"Slime Boss","ascension_level":0}}