{"host":"d8hh7rr4yzitjeuj","time":1611215739,"event":{"mods":["2.2 Compatiblity","AchievementEnabler","Act Like it!","BaseMod","Colored Map","Colored Powertips","Highlight Path","Keyboard Shortcuts","Minty Spire (QoL Compilation)","Permanent Neow","Quick Restart","StSLib","SuperFastMode"],"gold_per_floor":[113,130,143,153,153,182,182,211,290,290,2,21,36,48,48,120,120,136,154,172,172,172],"floor_reached":21,"language":"KOR","playtime":810,"items_purged":[],"score":394,"play_id":"5ef4834e-8b42-468e-b537-3fa7327d89b2","local_time":"20210121165539","is_ascension_mode":true,"campfire_choices":[{"floor":7,"key":"REST"},{"floor":15,"key":"REST"}],"circlet_count":0,"master_deck":["AscendersBane","Strike_B","Strike_B","Strike_B","Defend_B","Defend_B","Defend_B","Defend_B","Zap","Dualcast","Madness","Leap","Barrage","Ball Lightning","Streamline","Echo Form","Conserve Battery","Apotheosis","Flash of Steel","Buffer","Beam Cell","Reinforced Body","All For One","Compile Driver","Turbo","Skim+1"],"relics":["Cracked Core","Ancient Tea Set","Incense Burner","Question Card","Philosopher\u0027s Stone"],"acts_visited":["Exordium","TheCity"],"potions_floor_usage":[5,6,20],"damage_taken":[{"damage":9.0,"enemies":"2 Louse","floor":1.0,"turns":2.0},{"damage":0.0,"enemies":"Cultist","floor":2.0,"turns":3.0},{"damage":1.0,"enemies":"Small Slimes","floor":3.0,"turns":3.0},{"damage":10.0,"enemies":"2 Fungi Beasts","floor":4.0,"turns":4.0},{"damage":0,"enemies":"Gremlin Gang","floor":5,"turns":1},{"damage":35,"enemies":"3 Sentries","floor":6,"turns":7},{"damage":20,"enemies":"Lagavulin","floor":8,"turns":7},{"damage":1,"enemies":"Exordium Thugs","floor":12,"turns":4},{"damage":0,"enemies":"Exordium Wildlife","floor":13,"turns":3},{"damage":0,"enemies":"Large Slime","floor":14,"turns":5},{"damage":3,"enemies":"Hexaghost","floor":16,"turns":11},{"damage":0,"enemies":"Chosen","floor":18,"turns":4},{"damage":3,"enemies":"Shell Parasite","floor":19,"turns":4},{"damage":30,"enemies":"3 Cultists","floor":20,"turns":6},{"damage":30,"enemies":"Shelled Parasite and Fungi","floor":21,"turns":2}],"seed_played":"2636313384725979258","potions_obtained":[{"floor":1.0,"key":"PowerPotion"},{"floor":4.0,"key":"SmokeBomb"},{"floor":13,"key":"Ancient Potion"},{"floor":14,"key":"AttackPotion"}],"is_trial":false,"path_per_floor":["M","M","M","M","M","E","R","E","T","?","$","M","M","M","R","B",null,"M","M","M","M"],"character_chosen":"DEFECT","items_purchased":["Apotheosis","Flash of Steel"],"campfire_rested":2,"item_purchase_floors":[11,11],"current_hp_per_floor":[55,55,54,44,44,9,30,10,10,10,10,9,9,9,30,27,60,60,57,27,0,0],"gold":172,"neow_bonus":"RANDOM_COLORLESS","is_daily":false,"chose_seed":false,"campfire_upgraded":0,"win_rate":0.0,"timestamp":1611215739,"path_taken":["M","M","M","M","M","E","R","E","T","?","?","?","M","M","R","BOSS","M","M","M","?"],"items_purchased_type":["Card","Card"],"build_version":"2020-12-22","purchased_purges":0,"victory":false,"max_hp_per_floor":[71,71,71,71,71,71,71,71,71,71,71,71,71,71,71,71,71,71,71,71,71,71],"card_choices":[{"not_picked":["Forethought","Enlightenment"],"picked":"Madness","floor":0.0},{"not_picked":["Hologram","Steam"],"picked":"Leap","floor":1.0},{"not_picked":["Stack","Turbo"],"picked":"Barrage","floor":2.0},{"not_picked":["Static Discharge","Stack"],"picked":"Ball Lightning","floor":3.0},{"not_picked":["Sweeping Beam","Hologram"],"picked":"Streamline","floor":4.0},{"not_picked":["Leap","Gash"],"picked":"Echo Form","floor":6},{"not_picked":["Auto Shields","FTL"],"picked":"Conserve Battery","floor":8},{"not_picked":["Static Discharge","Streamline","Hello World"],"picked":"Buffer","floor":12},{"not_picked":["Turbo","Scrape","Steam"],"picked":"Beam Cell","floor":13},{"not_picked":["Chill","Coolheaded","Recycle"],"picked":"Reinforced Body","floor":14},{"not_picked":["Buffer","Thunder Strike","Biased Cognition"],"picked":"All For One","floor":16},{"not_picked":["Cold Snap","Consume","Steam"],"picked":"Compile Driver","floor":18},{"not_picked":["Consume","Ball Lightning","Stack"],"picked":"Turbo","floor":19},{"not_picked":["Stack","Sweeping Beam","Redo"],"picked":"Skim+1","floor":20}],"player_experience":1449510,"relics_obtained":[{"floor":6,"key":"Ancient Tea Set"},{"floor":8,"key":"Incense Burner"},{"floor":9,"key":"Question Card"}],"event_choices":[{"cards_removed":["Strike_B"],"damage_healed":0,"gold_gain":0,"player_choice":"Card Removal","damage_taken":0,"max_hp_gain":0,"max_hp_loss":0,"event_name":"Wheel of Change","floor":10,"gold_loss":0}],"is_beta":false,"boss_relics":[{"not_picked":["Coffee Dripper","Velvet Choker"],"picked":"Philosopher\u0027s Stone"}],"items_purged_floors":[],"is_endless":false,"potions_floor_spawned":[1,4,5,13,14,16],"killed_by":"Shelled Parasite and Fungi","ascension_level":20}}