{"host":"359hz4210ybch7ku","time":1611207457,"event":{"mods":["BaseMod","Block Reminder","Colored Map","Colored Powertips","Highlight Path","Minty Spire (QoL Compilation)","Slay the Relics Exporter","StSLib"],"gold_per_floor":[116,191,121,136,147,174,10,10,10,44,61,61,71,136,136,239,239,252,271,65,65,95,95,123,123,174,25,59,59,79,131,131,252,302,314,384,36,76,76,106,106,141,214,214,229,229,229],"floor_reached":46,"language":"ENG","playtime":5252,"items_purged":["Defend_G","Strike_G"],"score":712,"play_id":"1f3d580f-fb76-4ec5-9d29-fb81b1e8cf7e","local_time":"20210120213737","is_ascension_mode":true,"campfire_choices":[{"floor":12,"key":"REST"},{"data":"Adrenaline","floor":15,"key":"SMITH"},{"data":"Infinite Blades","floor":23,"key":"SMITH"},{"data":"A Thousand Cuts","floor":25,"key":"SMITH"},{"floor":29,"key":"REST"},{"floor":32,"key":"REST"},{"floor":41,"key":"REST"}],"circlet_count":0,"master_deck":["Strike_G","Strike_G","Strike_G","Defend_G","Defend_G","Defend_G","Survivor","Neutralize","Panacea","Backstab","Concentrate","Endless Agony","Cloak And Dagger","Adrenaline+1","Backstab","Choke","Eviscerate+1","Underhanded Strike","Prepared","A Thousand Cuts+1","Acrobatics","HandOfGreed","Infinite Blades+1","Setup","Prepared","Infinite Blades","Leg Sweep","A Thousand Cuts","Skewer+1","After Image","Prepared+1","Blur","Writhe","Acrobatics+1","Deflect+1"],"relics":["Ring of the Snake","Toy Ornithopter","Mummified Hand","Darkstone Periapt","Bronze Scales","SlaversCollar","Girya","Akabeko","Pocketwatch","Tiny House","Ginger","Ninja Scroll","Thread and Needle","StrikeDummy","Gremlin Horn"],"acts_visited":["Exordium","TheCity","TheBeyond"],"potions_floor_usage":[6,16,19,31,33,38,40,40,46],"damage_taken":[{"damage":3,"enemies":"Jaw Worm","floor":1,"turns":4},{"damage":0,"enemies":"Cultist","floor":4,"turns":4},{"damage":2,"enemies":"Small Slimes","floor":5,"turns":4},{"damage":23,"enemies":"3 Sentries","floor":6,"turns":11},{"damage":15,"enemies":"Lagavulin","floor":10,"turns":6},{"damage":8,"enemies":"Exordium Thugs","floor":11,"turns":2},{"damage":0,"enemies":"Large Slime","floor":13,"turns":1},{"damage":2,"enemies":"Gremlin Nob","floor":14,"turns":3},{"damage":0,"enemies":"Slime Boss","floor":16,"turns":5},{"damage":1,"enemies":"3 Byrds","floor":18,"turns":3},{"damage":9,"enemies":"2 Thieves","floor":19,"turns":3},{"damage":14,"enemies":"Shelled Parasite and Fungi","floor":22,"turns":4},{"damage":24,"enemies":"Book of Stabbing","floor":24,"turns":4},{"damage":13,"enemies":"Centurion and Healer","floor":28,"turns":2},{"damage":3,"enemies":"Cultist and Chosen","floor":30,"turns":4},{"damage":25,"enemies":"Slavers","floor":31,"turns":5},{"damage":8,"enemies":"Automaton","floor":33,"turns":6},{"damage":9,"enemies":"Orb Walker","floor":35,"turns":3},{"damage":1,"enemies":"Mind Bloom Boss Battle","floor":36,"turns":5},{"damage":21,"enemies":"3 Shapes","floor":38,"turns":4},{"damage":75,"enemies":"Giant Head","floor":40,"turns":9},{"damage":10,"enemies":"Nemesis","floor":42,"turns":5},{"damage":13,"enemies":"Sphere and 2 Shapes","floor":45,"turns":4},{"damage":17,"enemies":"3 Darklings","floor":46,"turns":2}],"seed_played":"5063716326094567075","potions_obtained":[{"floor":1,"key":"Fire Potion"},{"floor":4,"key":"Weak Potion"},{"floor":6,"key":"LiquidMemories"},{"floor":14,"key":"Energy Potion"},{"floor":19,"key":"Weak Potion"},{"floor":31,"key":"Swift Potion"},{"floor":33,"key":"Explosive Potion"},{"floor":34,"key":"Block Potion"},{"floor":36,"key":"LiquidMemories"},{"floor":45,"key":"SkillPotion"}],"is_trial":false,"path_per_floor":["M","?","$","M","M","E","$","?","T","E","M","R","M","?","R","B",null,"M","M","$","?","M","R","E","R","T","$","M","R","M","E","R","B",null,"M","?","$","M","?","E","R","E","T","?","M","M"],"character_chosen":"THE_SILENT","items_purchased":["Concentrate","Adrenaline","HandOfGreed","Infinite Blades","Infinite Blades","Ninja Scroll"],"campfire_rested":4,"item_purchase_floors":[3,7,20,20,27,37],"current_hp_per_floor":[67,56,56,56,54,31,31,31,31,16,8,29,29,27,27,32,70,69,61,61,61,47,47,23,23,23,23,10,31,28,8,29,26,75,66,65,65,49,74,9,33,23,23,23,10,0,0],"gold":229,"neow_bonus":"RANDOM_COLORLESS","is_daily":false,"chose_seed":false,"campfire_upgraded":3,"win_rate":0.0,"timestamp":1611207457,"path_taken":["M","?","$","M","M","E","$","?","T","E","?","R","M","?","R","BOSS","M","M","$","?","M","R","E","R","T","?","M","R","M","E","R","BOSS","M","?","$","M","?","E","R","E","T","?","M","M"],"items_purchased_type":["Card","Card","Card","Card","Card","Relic"],"build_version":"2020-12-22","purchased_purges":2,"victory":false,"max_hp_per_floor":[70,70,70,70,70,70,70,70,70,70,70,70,70,70,70,70,70,70,70,70,70,70,70,70,70,70,70,70,70,70,70,70,70,75,75,75,75,75,81,81,81,81,81,81,81,81,81],"card_choices":[{"not_picked":["Bandage Up","Blind"],"picked":"Panacea","floor":0},{"not_picked":["Outmaneuver","Dash"],"picked":"Backstab","floor":1},{"not_picked":["Calculated Gamble","Flechettes","Outmaneuver"],"picked":"SKIP","floor":4},{"not_picked":["Cloak And Dagger","Poisoned Stab"],"picked":"Endless Agony","floor":5},{"not_picked":["Bane","A Thousand Cuts"],"picked":"Cloak And Dagger","floor":6},{"not_picked":["Riddle With Holes","Bane"],"picked":"Choke","floor":10},{"not_picked":["Concentrate","Dodge and Roll"],"picked":"Eviscerate","floor":11},{"not_picked":["Dagger Throw","Slice"],"picked":"Underhanded Strike","floor":13},{"not_picked":["Deadly Poison","Slice"],"picked":"Prepared","floor":14},{"not_picked":["Doppelganger","Unload"],"picked":"A Thousand Cuts","floor":16},{"not_picked":["Endless Agony","Flying Knee+1"],"picked":"Acrobatics","floor":18},{"not_picked":["Riddle With Holes","Masterful Stab"],"picked":"Reflex+1","floor":19},{"not_picked":["Dagger Throw","Bane+1"],"picked":"Setup","floor":22},{"not_picked":["Acrobatics","Backstab+1"],"picked":"Prepared","floor":24},{"not_picked":["Cloak And Dagger","Expertise+1"],"picked":"Leg Sweep","floor":28},{"not_picked":["Quick Slash","Skewer"],"picked":"A Thousand Cuts","floor":30},{"not_picked":["Blade Dance","Calculated Gamble"],"picked":"Skewer+1","floor":31},{"not_picked":["Burst","Grand Finale"],"picked":"After Image","floor":33},{"not_picked":["Expertise+1","Dagger Spray"],"picked":"Prepared+1","floor":34},{"not_picked":["Blade Dance+1","Caltrops"],"picked":"Blur","floor":35},{"not_picked":["Crippling Poison","Quick Slash+1","Dodge and Roll"],"picked":"SKIP","floor":38},{"not_picked":["Sucker Punch","Dagger Spray"],"picked":"Acrobatics+1","floor":40},{"not_picked":["Deadly Poison","Reflex","Masterful Stab+1"],"picked":"SKIP","floor":42},{"not_picked":["Acrobatics","Grand Finale"],"picked":"Deflect+1","floor":45}],"player_experience":244217,"relics_obtained":[{"floor":6,"key":"Toy Ornithopter"},{"floor":9,"key":"Mummified Hand"},{"floor":10,"key":"Darkstone Periapt"},{"floor":14,"key":"Bronze Scales"},{"floor":24,"key":"Girya"},{"floor":26,"key":"Akabeko"},{"floor":31,"key":"Pocketwatch"},{"floor":36,"key":"Ginger"},{"floor":40,"key":"Thread and Needle"},{"floor":42,"key":"StrikeDummy"},{"floor":43,"key":"Gremlin Horn"}],"event_choices":[{"damage_healed":0,"gold_gain":75,"player_choice":"Gather Gold","damage_taken":11,"max_hp_gain":0,"max_hp_loss":0,"event_name":"World of Goop","floor":2,"gold_loss":0},{"damage_healed":0,"gold_gain":0,"cards_transformed":["Defend_G"],"player_choice":"Transformed","damage_taken":0,"max_hp_gain":0,"max_hp_loss":0,"event_name":"Transmorgrifier","floor":8,"gold_loss":0,"cards_obtained":["Backstab"]},{"damage_healed":0,"gold_gain":0,"player_choice":"Searched \u00271\u0027 times","damage_taken":0,"max_hp_gain":0,"max_hp_loss":0,"event_name":"Dead Adventurer","floor":14,"gold_loss":0},{"cards_removed":["Strike_G"],"damage_healed":0,"gold_gain":0,"player_choice":"Offered Basic","damage_taken":0,"max_hp_gain":0,"max_hp_loss":0,"event_name":"Bonfire Elementals","floor":21,"gold_loss":0},{"damage_healed":0,"gold_gain":0,"player_choice":"Fight","damage_taken":0,"max_hp_gain":0,"max_hp_loss":0,"event_name":"MindBloom","floor":36,"gold_loss":0},{"damage_healed":19,"gold_gain":0,"player_choice":"Writhe","damage_taken":0,"max_hp_gain":0,"max_hp_loss":0,"event_name":"Winding Halls","floor":39,"gold_loss":0,"cards_obtained":["Writhe"]},{"cards_removed":["Reflex"],"damage_healed":0,"gold_gain":0,"player_choice":"Removed Skill","damage_taken":0,"max_hp_gain":0,"max_hp_loss":0,"event_name":"Falling","floor":44,"gold_loss":0}],"is_beta":false,"boss_relics":[{"not_picked":["Fusion Hammer","SacredBark"],"picked":"SlaversCollar"},{"not_picked":["Ring of the Serpent","Black Star"],"picked":"Tiny House"}],"items_purged_floors":[27,37],"is_endless":false,"potions_floor_spawned":[1,4,6,14,19,31,33,36,45],"killed_by":"3 Darklings","ascension_level":3}}