{"host":"bf9sa99gaumonoeu","time":1611266419,"event":{"mods":["AchievementEnabler","Act Like it!","Aspiration","BaseMod","Bestiary","Better Note","Block Reminder","Colored Map","Colored Powertips","Fox Events","Friendly Minions","Gensokyo","GifTheSpireLib","Googly Eyes","Hallownest","Hermit","Highlight Path","Jorbs\u0027s Wanderer Trilogy","KinomotoSakuraMod(????)","Koishi","Marisa????????","Minty Spire (QoL Compilation)","Rare Cards Sparkle","Relic Stats","Spire Arcade","StS++","StSLib","The Administrix","The Animator","The Bug Knight","The Construct","The Cursed","The Hierophant","The Mystic","The Necromancer","The Poker Player","The Runesmith","The Senshi","The Servant 0.9.4","ojb\u0027s Info Mod"],"gold_per_floor":[110,122,139,158,158,158,158,188,188,188,188],"floor_reached":10,"language":"ENG","playtime":622,"items_purged":[],"score":136,"play_id":"596df07b-84c7-4a20-a075-6b870591c2ca","local_time":"20210121200019","is_ascension_mode":true,"campfire_choices":[{"data":"All Out Attack","floor":6,"key":"SMITH"}],"circlet_count":0,"master_deck":["AscendersBane","Strike_G","Strike_G","Strike_G","Defend_G","Defend_G","Defend_G","Defend_G","Defend_G","Survivor","Neutralize","Dash","All Out Attack+1","StSpp:ChainedTrap","Eviscerate","Caltrops","Dodge and Roll","Bane"],"relics":["Ring of the Snake","Pen Nib","Incense Burner"],"acts_visited":["Exordium"],"potions_floor_usage":[8,10],"damage_taken":[{"damage":0,"enemies":"Cultist","floor":1,"turns":4},{"damage":0,"enemies":"Small Slimes","floor":2,"turns":4},{"damage":0,"enemies":"Jaw Worm","floor":3,"turns":4},{"damage":4,"enemies":"3 Louse","floor":4,"turns":6},{"damage":33,"enemies":"Gremlin Nob","floor":8,"turns":6},{"damage":32,"enemies":"Lagavulin","floor":10,"turns":7}],"seed_played":"8462090539251892164","potions_obtained":[{"floor":4,"key":"Weak Potion"},{"floor":8,"key":"SteroidPotion"}],"is_trial":false,"path_per_floor":["M","M","M","M","?","R","?","E","T","E"],"character_chosen":"THE_SILENT","items_purchased":[],"campfire_rested":0,"item_purchase_floors":[],"current_hp_per_floor":[65,65,65,61,61,61,61,28,28,0,0],"gold":188,"neow_bonus":"TEN_PERCENT_HP_BONUS","is_daily":false,"chose_seed":false,"campfire_upgraded":1,"win_rate":0.0,"timestamp":1611266419,"path_taken":["M","M","M","M","?","R","?","E","T","E"],"items_purchased_type":[],"build_version":"2020-12-22","purchased_purges":0,"victory":false,"max_hp_per_floor":[72,72,72,72,72,72,72,72,72,72,72],"relic_stats":{"counters":[6,31],"Pen Nib":[1],"obtain_stats":[{"Pen Nib":8,"Incense Burner":9,"Ring of the Snake":0},{"Pen Nib":5,"Incense Burner":5,"Ring of the Snake":0},{"Pen Nib":24,"Incense Burner":24,"Ring of the Snake":0}],"Ring of the Snake":[12]},"card_choices":[{"not_picked":["Quick Slash","Backflip"],"picked":"Dash","floor":1},{"not_picked":["Eviscerate","Backflip"],"picked":"All Out Attack","floor":2},{"not_picked":["Well Laid Plans","Outmaneuver"],"picked":"StSpp:ChainedTrap","floor":3},{"not_picked":["Setup","Poisoned Stab"],"picked":"Eviscerate","floor":4},{"not_picked":["StSpp:CorrosivePoison","Cloak And Dagger"],"picked":"Bane","floor":8}],"player_experience":1079746,"relics_obtained":[{"floor":8,"key":"Pen Nib"},{"floor":9,"key":"Incense Burner"}],"event_choices":[{"damage_healed":0,"gold_gain":0,"cards_transformed":["Strike_G"],"player_choice":"Change","damage_taken":0,"max_hp_gain":0,"max_hp_loss":0,"event_name":"Living Wall","floor":5,"gold_loss":0,"cards_obtained":["Caltrops"]},{"damage_healed":0,"gold_gain":0,"cards_transformed":["Strike_G"],"player_choice":"Transformed","damage_taken":0,"max_hp_gain":0,"max_hp_loss":0,"event_name":"Transmorgrifier","floor":7,"gold_loss":0,"cards_obtained":["Dodge and Roll"]}],"is_beta":false,"boss_relics":[],"items_purged_floors":[],"is_endless":false,"potions_floor_spawned":[4,8],"killed_by":"Lagavulin","ascension_level":20}}