{"host":"1a3cjta80tad0aqj","time":1611263636,"event":{"mods":["2.2 Compatiblity","AchievementEnabler","BaseMod","Colored Map","DeckTracker","KOR Keyword Fix","Keyboard Shortcuts","Minty Spire (QoL Compilation)","Permanent Neow","Quick Restart","Random Character Button","StSLib","SuperFastMode","everything is the same but u backflip on backflip"],"gold_per_floor":[111,125,143,1,19,54,74,74,74,74,99,64,64,108,108,221,221,250,220,240,252,266,266,285,285,285,305,325,325,336,336,336],"floor_reached":31,"language":"KOR","playtime":1369,"items_purged":["Strike_R"],"score":351,"play_id":"8a5a7873-5036-4514-8ec7-2fac2253fd81","local_time":"20210122061356","is_ascension_mode":true,"campfire_choices":[{"floor":8.0,"key":"REST"},{"data":"Whirlwind","floor":13.0,"key":"SMITH"},{"floor":15.0,"key":"REST"},{"data":"Body Slam","floor":23,"key":"SMITH"},{"floor":29,"key":"REST"}],"circlet_count":0,"master_deck":["Strike_R","Strike_R","Strike_R","Strike_R","Defend_R","Defend_R","Defend_R","Defend_R","Bash","Cleave","Armaments","Body Slam+1","Whirlwind+1","Disarm","Uppercut","Flame Barrier","Impervious","Infernal Blade+1","Bloodletting","Warcry","Seeing Red"],"relics":["Burning Blood","CeramicFish","Unceasing Top","Smiling Mask","Singing Bowl","Velvet Choker","CultistMask","Self Forming Clay"],"acts_visited":["Exordium","TheCity"],"potions_floor_usage":[22,22,28,28],"damage_taken":[{"damage":23.0,"enemies":"Cultist","floor":1.0,"turns":6.0},{"damage":7.0,"enemies":"Small Slimes","floor":2.0,"turns":4.0},{"damage":3.0,"enemies":"2 Louse","floor":3.0,"turns":2.0},{"damage":16.0,"enemies":"Red Slaver","floor":5.0,"turns":6.0},{"damage":25.0,"enemies":"Lagavulin","floor":6.0,"turns":8.0},{"damage":27.0,"enemies":"Exordium Thugs","floor":7.0,"turns":5.0},{"damage":20.0,"enemies":"Gremlin Nob","floor":14.0,"turns":4.0},{"damage":74.0,"enemies":"The Guardian","floor":16.0,"turns":17.0},{"damage":1.0,"enemies":"3 Byrds","floor":18.0,"turns":5.0},{"damage":2.0,"enemies":"Chosen","floor":20.0,"turns":4.0},{"damage":11.0,"enemies":"Centurion and Healer","floor":21.0,"turns":6.0},{"damage":38,"enemies":"Sentry and Sphere","floor":22,"turns":4},{"damage":15,"enemies":"Snake Plant","floor":24,"turns":3},{"damage":19,"enemies":"3 Cultists","floor":27,"turns":5},{"damage":22,"enemies":"Shelled Parasite and Fungi","floor":28,"turns":7},{"damage":24,"enemies":"Snake Plant","floor":30,"turns":6},{"damage":14,"enemies":"Centurion and Healer","floor":31,"turns":4}],"seed_played":"-3535565895483368656","potions_obtained":[{"floor":0.0,"key":"HeartOfIron"},{"floor":0.0,"key":"Dexterity Potion"},{"floor":0.0,"key":"FairyPotion"},{"floor":2.0,"key":"AttackPotion"},{"floor":6.0,"key":"Dexterity Potion"},{"floor":18.0,"key":"Energy Potion"},{"floor":19.0,"key":"SkillPotion"},{"floor":19.0,"key":"Weak Potion"},{"floor":21.0,"key":"Strength Potion"},{"floor":24,"key":"DistilledChaos"}],"is_trial":false,"path_per_floor":["M","M","M","$","M","E","M","R","T","$","T","?","R","E","R","B",null,"M","?","M","M","M","R","M","?","T","M","M","R","M","M"],"character_chosen":"IRONCLAD","items_purchased":["Whirlwind"],"campfire_rested":3,"item_purchase_floors":[4],"current_hp_per_floor":[55,54,57,57,47,28,7,31,31,31,31,51,51,37,61,30,68,73,73,77,74,44,44,37,37,37,24,8,33,17,3,3],"gold":336,"neow_bonus":"THREE_SMALL_POTIONS","is_daily":false,"chose_seed":false,"campfire_upgraded":2,"win_rate":0.0,"timestamp":1611263636,"path_taken":["M","M","?","$","M","E","M","R","T","$","?","?","R","E","R","BOSS","M","?","M","?","M","R","M","?","T","M","M","R","M","?"],"items_purchased_type":["Card"],"build_version":"2020-12-22","purchased_purges":1,"victory":false,"max_hp_per_floor":[80,80,80,80,80,80,80,80,80,80,80,80,80,80,80,80,80,80,80,80,82,84,84,86,86,86,86,86,86,88,88,88],"card_choices":[{"not_picked":["Carnage","Uppercut"],"picked":"Cleave","floor":1.0},{"not_picked":["Anger","Headbutt"],"picked":"Armaments","floor":2.0},{"not_picked":["Pummel","Intimidate"],"picked":"Body Slam","floor":3.0},{"not_picked":["Iron Wave","Warcry"],"picked":"Disarm","floor":5.0},{"not_picked":["Warcry","Exhume"],"picked":"Uppercut","floor":6.0},{"not_picked":["Clothesline","Anger","Metallicize"],"picked":"SKIP","floor":7.0},{"not_picked":["Dark Embrace","Twin Strike"],"picked":"Flame Barrier","floor":14.0},{"not_picked":["Corruption","Exhume"],"picked":"Impervious","floor":16.0},{"not_picked":["Whirlwind","True Grit"],"picked":"Infernal Blade+1","floor":18.0},{"not_picked":["Dropkick","Anger"],"picked":"Bloodletting","floor":20.0},{"not_picked":["Wild Strike","Whirlwind+1","Cleave+1"],"picked":"Singing Bowl","floor":21.0},{"not_picked":["Heavy Blade","Anger","Wild Strike"],"picked":"Singing Bowl","floor":22},{"not_picked":["Disarm","Clothesline","Perfected Strike"],"picked":"Singing Bowl","floor":24},{"not_picked":["True Grit","Armaments"],"picked":"Warcry","floor":27},{"not_picked":["Flame Barrier","Cleave"],"picked":"Seeing Red","floor":28},{"not_picked":["Infernal Blade","Anger","Warcry+1"],"picked":"Singing Bowl","floor":30}],"player_experience":863235,"relics_obtained":[{"floor":6.0,"key":"CeramicFish"},{"floor":9.0,"key":"Unceasing Top"},{"floor":11.0,"key":"Smiling Mask"},{"floor":14.0,"key":"Singing Bowl"},{"floor":26,"key":"Self Forming Clay"}],"event_choices":[{"damage_healed":20.0,"max_hp_gain":0.0,"max_hp_loss":0.0,"gold_gain":0.0,"event_name":"The Cleric","player_choice":"Healed","floor":12.0,"gold_loss":35.0,"damage_taken":0.0},{"damage_healed":0.0,"max_hp_gain":0.0,"max_hp_loss":0.0,"gold_gain":0.0,"event_name":"The Woman in Blue","player_choice":"Bought 2 Potions","floor":19.0,"gold_loss":0.0,"damage_taken":0.0},{"damage_healed":0,"gold_gain":0,"player_choice":"Trade","damage_taken":0,"relics_obtained":["CultistMask"],"max_hp_gain":0,"max_hp_loss":0,"event_name":"FaceTrader","floor":25,"gold_loss":0}],"is_beta":false,"boss_relics":[{"not_picked":["Coffee Dripper","Tiny House"],"picked":"Velvet Choker"}],"items_purged_floors":[4],"is_endless":false,"potions_floor_spawned":[1,2,6,18,21,24],"killed_by":"Centurion and Healer","ascension_level":8}}