{"host":"0fm1w3v00gid44jl","time":1611211655,"event":{"mods":["AchievementEnabler","BaseMod","Colored Map","Colored Powertips","Displayed Cursed Tome","Downfall","Googly Eyes","Highlight Path","Minty Spire (QoL Compilation)","Permanent Neow","Relic Stats","StSLib","SuperFastMode","slay the spire mod where everything is the same but ironclad has a cowboy hat"],"gold_per_floor":[99,119,25,44,44,506,544,566,591,147,161,171,171,190,200,305,305,305,317,334,434,534,534,534,384,410,423,442,41,41,26,26,26,26],"floor_reached":32,"language":"ENG","playtime":1343,"items_purged":["downfall:Icky"],"score":404,"play_id":"2680a978-87d4-45c2-b5c3-01bbff0816dd","local_time":"20210121004735","is_ascension_mode":false,"campfire_choices":[{"data":"bronze:Goto","floor":1.0,"key":"SMITH"},{"data":"bronze:Boost","floor":13.0,"key":"SMITH"},{"data":"bronze:DelayedSlice","floor":18.0,"key":"SMITH"},{"data":"bronze:Safeguard","floor":30,"key":"SMITH"}],"circlet_count":0,"master_deck":["bronze:Strike","bronze:Strike","bronze:Strike","bronze:Strike","bronze:Defend","bronze:Defend","bronze:Defend","bronze:Defend","bronze:Replicate","bronze:Goto+1","bronze:CloningBeam","bronze:Separator","bronze:CloningBeam","bronze:Iterate","downfall:Icky","downfall:Icky","bronze:GetLatest","bronze:Boost+1","bronze:Turbo","bronze:FineTuning","bronze:HardenedForm","bronze:FineTuning","bronze:DelayedSlice+1","bronze:ItsAFeature","bronze:Mutator","bronze:Safeguard+1","bronze:Frontload+1","bronze:Constructor","bronze:Frontload","bronze:Deprecate+1","bronze:WhirlingStrike","bronze:Flail","bronze:Constructor"],"relics":["Coffee Dripper","MawBank","bronze:SilverBullet","champ:DeflectingBracers","Runic Pyramid","Mango","Pantograph","Vajra","Ginger"],"acts_visited":["TheCity"],"potions_floor_usage":[],"damage_taken":[{"damage":0.0,"enemies":"Cultist","floor":2.0,"turns":3.0},{"damage":0.0,"enemies":"downfall:FleeingMerchant","floor":3.0,"turns":4.0},{"damage":6.0,"enemies":"2 Louse","floor":4.0,"turns":3.0},{"damage":1.0,"enemies":"Jaw Worm","floor":8.0,"turns":2.0},{"damage":7.0,"enemies":"Exordium Thugs","floor":9.0,"turns":6.0},{"damage":10.0,"enemies":"downfall:FleeingMerchant","floor":10.0,"turns":4.0},{"damage":0.0,"enemies":"3 Louse","floor":11.0,"turns":4.0},{"damage":4.0,"enemies":"2 Fungi Beasts","floor":12.0,"turns":3.0},{"damage":12.0,"enemies":"Exordium Thugs","floor":14.0,"turns":5.0},{"damage":0.0,"enemies":"Lots of Slimes","floor":15.0,"turns":1.0},{"damage":27.0,"enemies":"WA_ARCHETYPE_RETAIN","floor":16.0,"turns":5.0},{"damage":17.0,"enemies":"Shell Parasite","floor":19.0,"turns":3.0},{"damage":17.0,"enemies":"Snecko","floor":20.0,"turns":5.0},{"damage":0,"enemies":"Colosseum Nobs","floor":22,"turns":4},{"damage":66,"enemies":"Book of Stabbing","floor":26,"turns":7},{"damage":21,"enemies":"Snake Plant","floor":27,"turns":4},{"damage":0,"enemies":"Centurion and Healer","floor":28,"turns":5},{"damage":0,"enemies":"downfall:FleeingMerchant","floor":29,"turns":4},{"damage":6,"enemies":"downfall:FleeingMerchant","floor":31,"turns":4},{"damage":9,"enemies":"3 Cultists","floor":32,"turns":4}],"seed_played":"5957748403155395761","potions_obtained":[{"floor":2.0,"key":"Block Potion"},{"floor":9.0,"key":"bronze:FreeFunctionsPotion"},{"floor":12.0,"key":"Guardian:BlockOnCardUsePotion"},{"floor":15.0,"key":"Ancient Potion"}],"is_trial":false,"path_per_floor":["R","M","$","M","T","?","T","M","M","$","M","M","R","M","M","B",null,"R","M","M","?","?","?","T","?","E","M","M","$","R","$","M"],"character_chosen":"THE_AUTOMATON","items_purchased":["bronze:CloningBeam","champ:DeflectingBracers","bronze:FineTuning","bronze:WhirlingStrike","bronze:Flail","Ginger"],"campfire_rested":0,"item_purchase_floors":[3,10,10,29,29,29],"current_hp_per_floor":[70,70,70,64,64,64,64,63,56,46,46,42,42,30,30,3,70,70,53,36,36,50,50,50,94,28,7,7,7,7,1,0,0,0],"gold":26,"neow_bonus":"BOSS_RELIC","is_daily":false,"chose_seed":false,"campfire_upgraded":4,"win_rate":0.0,"timestamp":1611211655,"path_taken":["R","M","$","M","?","?","T","M","M","?","M","?","R","M","M","BOSS","R","M","M","?","?","?","T","?","E","?","M","$","R","?","M"],"items_purchased_type":["Card","Relic","Card","Card","Card","Relic"],"build_version":"2020-12-22","purchased_purges":1,"victory":false,"max_hp_per_floor":[70,70,70,70,70,70,70,70,70,70,70,70,70,70,70,70,70,70,70,70,70,84,84,84,94,94,94,94,94,94,94,94,94,94],"relic_stats":{"counters":[20,80],"Pantograph":0,"Ginger":[2],"MawBank":60,"obtain_stats":[{"bronze:BronzeCore":0,"Pantograph":22,"Vajra":26,"Mango":22,"champ:DeflectingBracers":10,"Coffee Dripper":0,"Ginger":29,"MawBank":5,"bronze:SilverBullet":7,"Runic Pyramid":17},{"bronze:BronzeCore":0,"Pantograph":14,"Vajra":15,"Mango":14,"champ:DeflectingBracers":6,"Coffee Dripper":0,"Ginger":18,"MawBank":3,"bronze:SilverBullet":3,"Runic Pyramid":11},{"bronze:BronzeCore":0,"Pantograph":52,"Vajra":59,"Mango":52,"champ:DeflectingBracers":22,"Coffee Dripper":0,"Ginger":72,"MawBank":10,"bronze:SilverBullet":10,"Runic Pyramid":40}]},"card_choices":[{"not_picked":["bronze:ForceShield","bronze:Invalidate"],"picked":"bronze:CloningBeam","floor":2.0},{"not_picked":["bronze:CloningBeam","bronze:ForLoop"],"picked":"bronze:Separator","floor":3.0},{"not_picked":["bronze:CutThrough","bronze:DelayedGuard"],"picked":"bronze:Iterate","floor":4.0},{"not_picked":["bronze:BronzeArmor","bronze:FollowUp"],"picked":"bronze:GetLatest","floor":8.0},{"not_picked":["bronze:BitShift","bronze:FineTuning"],"picked":"bronze:Boost","floor":9.0},{"not_picked":["bronze:Iterate","bronze:BitShift"],"picked":"bronze:Turbo","floor":10.0},{"not_picked":["bronze:DelayedSlice","bronze:Overheat"],"picked":"bronze:HardenedForm","floor":11.0},{"not_picked":["bronze:CutThrough","bronze:Shield"],"picked":"bronze:FineTuning","floor":12.0},{"not_picked":["bronze:Branch","bronze:Return"],"picked":"bronze:DelayedSlice","floor":14.0},{"not_picked":["bronze:OilSpill","bronze:Iterate"],"picked":"bronze:ItsAFeature","floor":15.0},{"not_picked":["bronze:AlphaBuild","bronze:SpaghettiCode"],"picked":"bronze:Mutator","floor":16.0},{"not_picked":["bronze:ChosenStrike","bronze:Invalidate"],"picked":"bronze:Safeguard","floor":19.0},{"not_picked":["bronze:CutThrough","bronze:Iterate"],"picked":"bronze:Frontload+1","floor":20.0},{"not_picked":["bronze:Repair+1","bronze:OilSpill"],"picked":"bronze:Constructor","floor":22},{"not_picked":["bronze:DarkDash+1","bronze:FineTuning+1","bronze:CleanCode"],"picked":"SKIP","floor":26},{"not_picked":["bronze:Branch","bronze:ChosenStrike+1"],"picked":"bronze:Frontload","floor":27},{"not_picked":["bronze:Separator","bronze:Constructor","bronze:BitShift"],"picked":"SKIP","floor":28},{"not_picked":["bronze:FollowUp","bronze:DelayedSlice"],"picked":"bronze:Deprecate+1","floor":29},{"not_picked":["bronze:Deprecate","bronze:DelayedSlice"],"picked":"bronze:Constructor","floor":31}],"player_experience":1481678,"relics_obtained":[{"floor":5.0,"key":"MawBank"},{"floor":7.0,"key":"bronze:SilverBullet"},{"floor":22,"key":"Mango"},{"floor":22,"key":"Pantograph"},{"floor":26,"key":"Vajra"}],"event_choices":[],"is_beta":false,"boss_relics":[{"not_picked":["Philosopher\u0027s Stone","Black Star"],"picked":"Runic Pyramid"}],"items_purged_floors":[10],"is_endless":false,"potions_floor_spawned":[2,9,12,15,19],"killed_by":"3 Cultists","ascension_level":0}}