{"host":"rwzz6mk6bpmb57ql","time":1611272244,"event":{"mods":["AchievementEnabler","BaseMod","Better Third Choice","BetterRewards","Colored Map","Highlight Path","Hubris","Infinite Spire","Minty Spire (QoL Compilation)","Replay The Spire","StSLib","Wandering Minibosses"],"gold_per_floor":[5618,5637,5151,4047,4063,4095,4095,4125,4125,4125,4135,3616,3629,3649,3649,3720,3720,3738,3758,3758,3096,3109,3144,3156,3186,3186,3218,3218,3249,3349,3299,3299,3373,3373,3390,2463,2482,2482,2494,2522,2522,2550,2550,2550,2562,2562,2574,2602,2602,2602,2602,2602,2099,2134,2134],"floor_reached":56,"language":"ENG","playtime":2951,"items_purged":["Strike_G","Defend_G","Strike_G","Defend_G","Strike_G"],"score":2695,"play_id":"3155d6b7-74be-4cb6-9958-c80e4c47cda4","local_time":"20210121173724","is_ascension_mode":true,"campfire_choices":[{"floor":7,"key":"RECALL"},{"data":"infinitespire:Gouge","floor":10,"key":"SMITH"},{"floor":15,"key":"REST"},{"data":"Flying Knee","floor":32,"key":"SMITH"},{"data":"Terror","floor":41,"key":"SMITH"},{"data":"Slice","floor":44,"key":"SMITH"},{"data":"Madness","floor":49,"key":"SMITH"},{"data":"Madness","floor":52,"key":"SMITH"}],"circlet_count":0,"master_deck":["AscendersBane","Survivor","Neutralize","Quick Slash","Acrobatics","Outmaneuver","Blade Dance","infinitespire:Gouge+1","Envenom+1","Sucker Punch","Heel Hook","Heel Hook","Backstab","Backstab+1","infinitespire:Gouge+1","Prepared","Envenom+1","Heel Hook","Backstab","Terror+1","Flying Knee","Flying Knee+1","Heel Hook","Phantasmal Killer","Concentrate","Panache","Slice+1","Deflect","Madness+1","Madness+1"],"relics":["Ring of the Serpent","Snack Pack","Paper Crane","Prayer Wheel","PreservedInsect","Iron Hammer","wanderingMiniBosses:OtherGremlinHorn","Omamori","DollysMirror","Replay:Drink Me","Unceasing Top","infinitespire:Lucky Rock","Replay:Bottled Steam","Oddly Smooth Stone","Runic Dome","hubris:SphereOfDissonance","hubris:MedicalManual","infinitespire:Bottled Soul","Bag of Preparation","Guide Book","hubris:PeanutButter","Toolbox","Shuriken","Sundial","White Beast Statue","infinitespire:FocusingShard","Thread and Needle","Lee\u0027s Waffle","Mango"],"acts_visited":["Exordium","TheCity","TheBeyond","TheEnding"],"potions_floor_usage":[6,16,25,30,45,47,50,50,55,55,55,55],"damage_taken":[{"damage":19,"enemies":"Jaw Worm","floor":1,"turns":4},{"damage":9,"enemies":"Small Slimes","floor":2,"turns":4},{"damage":0,"enemies":"Cultist","floor":5,"turns":3},{"damage":6,"enemies":"Gremlin Nob","floor":6,"turns":4},{"damage":60,"enemies":"3 Sentries","floor":8,"turns":9},{"damage":5,"enemies":"3 Louse","floor":11,"turns":4},{"damage":0,"enemies":"Large Slime","floor":13,"turns":1},{"damage":0,"enemies":"2 Fungi Beasts","floor":14,"turns":2},{"damage":10,"enemies":"Fading Forest","floor":16,"turns":11},{"damage":21,"enemies":"Shell Parasite","floor":18,"turns":2},{"damage":0,"enemies":"2 Thieves","floor":19,"turns":2},{"damage":0,"enemies":"Sentry and Sphere","floor":22,"turns":3},{"damage":8,"enemies":"Slavers","floor":23,"turns":2},{"damage":14,"enemies":"Centurion and Healer","floor":24,"turns":2},{"damage":0,"enemies":"Gremlin Leader","floor":25,"turns":2},{"damage":14,"enemies":"Book of Stabbing","floor":27,"turns":2},{"damage":0,"enemies":"Gremlin Leader","floor":29,"turns":1},{"damage":0,"enemies":"Colosseum Slavers","floor":30,"turns":1},{"damage":0,"enemies":"Colosseum Nobs","floor":30,"turns":1},{"damage":16,"enemies":"Champ","floor":33,"turns":3},{"damage":0,"enemies":"3 Shapes","floor":35,"turns":1},{"damage":0,"enemies":"Orb Walker","floor":37,"turns":1},{"damage":0,"enemies":"Spire Growth","floor":39,"turns":2},{"damage":0,"enemies":"R_Hoarder","floor":40,"turns":3},{"damage":0,"enemies":"Nemesis","floor":42,"turns":1},{"damage":0,"enemies":"Transient","floor":45,"turns":3},{"damage":0,"enemies":"3 Darklings","floor":47,"turns":2},{"damage":0,"enemies":"Reptomancer","floor":48,"turns":2},{"damage":4,"enemies":"hubris:GrandSnecko","floor":50,"turns":2},{"damage":0,"enemies":"Shield and Spear","floor":54,"turns":1},{"damage":66,"enemies":"The Heart","floor":55,"turns":4}],"seed_played":"-193091414768348020","potions_obtained":[{"floor":1,"key":"FairyPotion"},{"floor":11,"key":"Weak Potion"},{"floor":23,"key":"EssenceOfSteel"},{"floor":25,"key":"FearPotion"},{"floor":33,"key":"FearPotion"},{"floor":37,"key":"LifebloodPotion"},{"floor":39,"key":"CultistPotion"},{"floor":42,"key":"DuplicationPotion"},{"floor":45,"key":"Poison Potion"},{"floor":47,"key":"SkillPotion"},{"floor":54,"key":"PowerPotion"}],"is_trial":false,"path_per_floor":["M","M","?","$","M","E","R","E","T","R","M","$","M","M","R","B",null,"M","M","?","$","M","E","M","E","T","E","AVR","E","?","?","R","B",null,"M","$","M","AVR","M","E","R","E","T","R","M","?","M","E","R","B",null,"R","$","E","B",null],"character_chosen":"THE_SILENT","items_purchased":["Envenom","ReplayTheSpireMod:Tripwire","Snack Pack","Paper Crane","Sucker Punch","Heel Hook","DuplicationPotion","Backstab","Omamori","DollysMirror","Unceasing Top","Backstab","Terror","Flying Knee","Bag of Preparation","Guide Book","hubris:PeanutButter","Panache","Thread and Needle","Lee\u0027s Waffle"],"campfire_rested":1,"item_purchase_floors":[4,4,4,4,4,4,4,12,12,12,21,21,21,21,36,36,36,36,53,53],"current_hp_per_floor":[130,121,121,121,123,123,123,71,71,71,72,72,78,80,119,130,98,79,85,85,85,93,90,84,92,92,84,84,90,98,98,98,90,96,98,98,98,98,98,98,98,98,98,98,98,80,86,92,92,98,98,98,105,119,63],"gold":2134,"neow_bonus":"TRANSFORM_TWO_CARDS","is_daily":false,"chose_seed":false,"campfire_upgraded":6,"win_rate":0.0,"timestamp":1611272244,"path_taken":["M","M","?","?","M","E","R","E","T","R","M","$","M","?","R","BOSS","M","M","?","$","M","E","M","E","T","E","AVR","E","?","?","R","BOSS","M","$","M","AVR","M","E","R","E","T","R","M","?","M","E","R","BOSS","R","$","E","BOSS"],"items_purchased_type":["Card","Card","Relic","Relic","Card","Card","Potion","Card","Relic","Relic","Relic","Card","Card","Card","Relic","Relic","Relic","Card","Relic","Relic"],"build_version":"2020-12-22","purchased_purges":5,"victory":true,"max_hp_per_floor":[130,130,130,130,130,130,130,130,130,130,130,130,130,130,130,130,98,98,98,98,98,98,98,98,98,98,98,98,98,98,98,98,98,98,98,98,98,98,98,98,98,98,98,98,98,98,98,98,98,98,98,98,105,119,119],"card_choices":[{"not_picked":["Bane","Backflip"],"picked":"Outmaneuver","floor":1},{"not_picked":["Underhanded Strike","Caltrops"],"picked":"Blade Dance","floor":2},{"not_picked":["infinitespire:SealOfDarkness+","Replay:Fractal Strike"],"picked":"infinitespire:Gouge","floor":3},{"not_picked":["hubris:SlightOfHand","Predator","PiercingWail"],"picked":"SKIP","floor":5},{"not_picked":["Dagger Throw","Malaise","Blade Dance"],"picked":"SKIP","floor":6},{"not_picked":["Quick Slash","Slice"],"picked":"Heel Hook","floor":8},{"not_picked":["Blade Dance","Flechettes"],"picked":"Backstab","floor":11},{"not_picked":["Dodge and Roll","Bane","ReplayTheSpireMod:Speed Training"],"picked":"SKIP","floor":11},{"not_picked":["Dagger Spray","Blur"],"picked":"Prepared","floor":13},{"not_picked":["Distraction","Slice","Fluid Movement"],"picked":"SKIP","floor":13},{"not_picked":["Quick Slash","Sneak Up","Blade Dance"],"picked":"SKIP","floor":14},{"not_picked":["Poisoned Stab","Dagger Throw","Storm of Steel"],"picked":"SKIP","floor":14},{"not_picked":["Grand Finale","Malaise"],"picked":"Envenom","floor":16},{"not_picked":["Bane","Leg Sweep","Hidden Blade+1"],"picked":"SKIP","floor":18},{"not_picked":["Dagger Throw","hubris:TrickCloak","Dash+1"],"picked":"SKIP","floor":18},{"not_picked":["Infinite Blades","Backflip"],"picked":"Heel Hook","floor":19},{"not_picked":["Accuracy","Acrobatics","Poisoned Stab"],"picked":"SKIP","floor":19},{"not_picked":["Outmaneuver","Deadly Poison"],"picked":"Heel Hook","floor":22},{"not_picked":["Predator","Masterful Stab","Poisoned Stab"],"picked":"SKIP","floor":22},{"not_picked":["Poisoned Stab","Setup+1","Flying Knee"],"picked":"SKIP","floor":23},{"not_picked":["Infinite Blades","Slice","Dagger Spray"],"picked":"SKIP","floor":24},{"not_picked":["Bane","Escape Plan","ReplayTheSpireMod:From All Sides"],"picked":"SKIP","floor":24},{"not_picked":["Flechettes","Finisher","Acrobatics"],"picked":"SKIP","floor":25},{"not_picked":["Poisoned Stab","ReplayTheSpireMod:The Works","Bane"],"picked":"SKIP","floor":27},{"not_picked":["Dodge and Roll","hubris:SlightOfHand","Reflex"],"picked":"SKIP","floor":29},{"not_picked":["Atom Bomb","Venomology"],"picked":"Phantasmal Killer","floor":33},{"not_picked":["Accuracy","Sucker Punch"],"picked":"Concentrate","floor":35},{"not_picked":["Outmaneuver","Blur","Concentrate+1"],"picked":"SKIP","floor":35},{"not_picked":["Quick Slash","ReplayTheSpireMod:Speed Training"],"picked":"Slice","floor":37},{"not_picked":["Dagger Throw","ReplayTheSpireMod:Speed Training","Dagger Spray"],"picked":"SKIP","floor":37},{"not_picked":["ReplayTheSpireMod:Speed Training","Flying Knee","Backflip"],"picked":"SKIP","floor":39},{"not_picked":["Expertise","ReplayTheSpireMod:Scrap Shanks","Blur"],"picked":"SKIP","floor":39},{"not_picked":["Concentrate+1","Phantasmal Killer","Backflip"],"picked":"SKIP","floor":40},{"not_picked":["Reflex","Dagger Spray"],"picked":"Deflect","floor":42},{"not_picked":["Dodge and Roll","Outmaneuver+1","Setup+1"],"picked":"SKIP","floor":45},{"not_picked":["Poisoned Stab","Footwork","hubris:SlightOfHand"],"picked":"SKIP","floor":45},{"not_picked":["Backflip","PiercingWail","Blur+1"],"picked":"SKIP","floor":47},{"not_picked":["Sucker Punch","Endless Agony","ReplayTheSpireMod:Speed Training"],"picked":"SKIP","floor":47},{"not_picked":["After Image","ReplayTheSpireMod:Scrap Shanks","Acrobatics"],"picked":"SKIP","floor":48},{"not_picked":["Terror","Hidden Blade","Setup"],"picked":"SKIP","floor":54}],"player_experience":188538,"relics_obtained":[{"floor":6,"key":"Prayer Wheel"},{"floor":8,"key":"PreservedInsect"},{"floor":9,"key":"Iron Hammer"},{"floor":11,"key":"wanderingMiniBosses:OtherGremlinHorn"},{"floor":23,"key":"infinitespire:Lucky Rock"},{"floor":25,"key":"Replay:Bottled Steam"},{"floor":27,"key":"Oddly Smooth Stone"},{"floor":29,"key":"hubris:SphereOfDissonance"},{"floor":30,"key":"hubris:MedicalManual"},{"floor":30,"key":"infinitespire:Bottled Soul"},{"floor":40,"key":"Shuriken"},{"floor":42,"key":"Sundial"},{"floor":43,"key":"White Beast Statue"},{"floor":48,"key":"infinitespire:FocusingShard"},{"floor":54,"key":"Mango"}],"event_choices":[{"cards_removed":["Defend_G"],"damage_healed":0,"gold_gain":0,"player_choice":"Elegance","damage_taken":0,"max_hp_gain":0,"max_hp_loss":0,"event_name":"betterThird:BetterWriting","floor":20,"gold_loss":0},{"damage_healed":0,"gold_gain":0,"player_choice":"Fight","damage_taken":0,"max_hp_gain":0,"max_hp_loss":0,"event_name":"Colosseum","floor":30,"gold_loss":0},{"damage_healed":0,"gold_gain":0,"player_choice":"Fought Nobs","damage_taken":0,"max_hp_gain":0,"max_hp_loss":0,"event_name":"Colosseum","floor":30,"gold_loss":0},{"damage_healed":0,"gold_gain":0,"player_choice":"Upgrade","damage_taken":0,"max_hp_gain":0,"max_hp_loss":0,"event_name":"Designer","floor":31,"gold_loss":50,"cards_upgraded":["Backstab"]},{"damage_healed":0,"gold_gain":0,"player_choice":"Embrace Madness","damage_taken":18,"max_hp_gain":0,"max_hp_loss":0,"event_name":"Winding Halls","floor":46,"gold_loss":0,"cards_obtained":["Madness","Madness"]}],"is_beta":false,"boss_relics":[{"not_picked":["hubris:ScarierMask","SlaversCollar"],"picked":"Replay:Drink Me"},{"not_picked":["Snecko Scales","Runic Pyramid"],"picked":"Ring of the Serpent"}],"items_purged_floors":[4,12,21,28,36],"is_endless":false,"potions_floor_spawned":[1,5,11,13,23,24,25,27,33,37,39,42,45,47,48,54],"ascension_level":17}}