{"host":"hszimsrtxxc2k25w","time":1611267343,"event":{"mods":["AchievementEnabler","BaseMod","Colored Map","DeckTracker","Minty Spire (QoL Compilation)","Rare Cards Sparkle","SuperFastMode"],"gold_per_floor":[109,34,34,55,70,70,105,30,30,68,122,137,152,173,173,173,173],"floor_reached":16,"language":"KOR","playtime":337,"items_purged":["Strike_R"],"score":224,"play_id":"1c6ed814-3e47-4248-a87e-3932c2e3c90c","local_time":"20210122071543","is_ascension_mode":true,"campfire_choices":[{"data":"Armaments","floor":6,"key":"SMITH"},{"floor":15,"key":"REST"}],"circlet_count":0,"master_deck":["AscendersBane","Strike_R","Strike_R","Strike_R","Defend_R","Defend_R","Defend_R","Defend_R","Bash","Wild Strike","Armaments+1","Carnage","Pommel Strike","Fiend Fire","Pommel Strike","Metallicize"],"relics":["Burning Blood","Golden Idol","Mercury Hourglass","Du-Vu Doll","Ornamental Fan","MealTicket"],"acts_visited":["Exordium"],"potions_floor_usage":[10,16,16],"damage_taken":[{"damage":12,"enemies":"Small Slimes","floor":1,"turns":4},{"damage":1,"enemies":"2 Louse","floor":4,"turns":3},{"damage":7,"enemies":"Jaw Worm","floor":5,"turns":3},{"damage":34,"enemies":"Gremlin Nob","floor":7,"turns":4},{"damage":35,"enemies":"Lagavulin","floor":10,"turns":4},{"damage":4,"enemies":"Exordium Thugs","floor":12,"turns":4},{"damage":7,"enemies":"Exordium Wildlife","floor":13,"turns":3},{"damage":6,"enemies":"Lots of Slimes","floor":14,"turns":4},{"damage":32,"enemies":"Hexaghost","floor":16,"turns":9}],"seed_played":"-2068637231454204919","potions_obtained":[{"floor":1,"key":"SkillPotion"},{"floor":4,"key":"DuplicationPotion"},{"floor":12,"key":"DuplicationPotion"}],"is_trial":false,"path_per_floor":["M","?","?","M","M","R","E","$","T","E","T","M","M","M","R","B"],"character_chosen":"IRONCLAD","items_purchased":[],"campfire_rested":1,"item_purchase_floors":[],"current_hp_per_floor":[62,62,62,67,66,66,38,38,38,9,9,11,10,10,30,0,0],"gold":173,"neow_bonus":"THREE_CARDS","is_daily":false,"chose_seed":false,"campfire_upgraded":1,"win_rate":0.0,"timestamp":1611267343,"path_taken":["M","?","?","?","M","R","E","?","T","E","?","M","M","M","R","BOSS"],"items_purchased_type":[],"build_version":"2020-12-22","purchased_purges":1,"victory":false,"max_hp_per_floor":[75,75,68,68,68,68,68,68,68,68,68,68,68,68,68,68,68],"card_choices":[{"not_picked":["Spot Weakness","Body Slam"],"picked":"Wild Strike","floor":0},{"not_picked":["Seeing Red","Cleave","Warcry"],"picked":"SKIP","floor":1},{"not_picked":["Wild Strike","Reckless Charge","Disarm"],"picked":"SKIP","floor":4},{"not_picked":["Twin Strike","Anger"],"picked":"Armaments","floor":5},{"not_picked":["Limit Break","Wild Strike"],"picked":"Carnage","floor":7},{"not_picked":["Blood for Blood","Body Slam"],"picked":"Pommel Strike","floor":10},{"not_picked":["Clash","Fire Breathing"],"picked":"Fiend Fire","floor":12},{"not_picked":["Blood for Blood","Armaments"],"picked":"Pommel Strike","floor":13},{"not_picked":["Clash","Pummel"],"picked":"Metallicize","floor":14}],"player_experience":634444,"relics_obtained":[{"floor":7,"key":"Mercury Hourglass"},{"floor":9,"key":"Du-Vu Doll"},{"floor":10,"key":"Ornamental Fan"},{"floor":11,"key":"MealTicket"}],"event_choices":[{"cards_removed":["Strike_R"],"damage_healed":0,"gold_gain":0,"player_choice":"Card Removal","damage_taken":0,"max_hp_gain":0,"max_hp_loss":0,"event_name":"The Cleric","floor":2,"gold_loss":75},{"damage_healed":0,"gold_gain":0,"player_choice":"Lose Max HP","damage_taken":0,"relics_obtained":["Golden Idol"],"max_hp_gain":0,"max_hp_loss":7,"event_name":"Golden Idol","floor":3,"gold_loss":0}],"is_beta":false,"boss_relics":[],"items_purged_floors":[8],"is_endless":false,"potions_floor_spawned":[1,4,12,13,14],"killed_by":"Hexaghost","ascension_level":20}}