{"host":"v711dtdb46xe9u7l","time":1611270019,"event":{"mods":["BaseMod","Bestiary","Highlight Path","Minty Spire (QoL Compilation)","Quick Restart","StSLib"],"gold_per_floor":[112,112,125,135,135,135,85,85,161,161,20,20,354,367,367,471,471,486,461,461,480,4,4,4,4,28,39,65,79,109,124,124,124,124],"floor_reached":33,"language":"ENG","playtime":1848,"items_purged":["Defend_B","Strike_B"],"score":399,"play_id":"d1774c8e-299b-4ae2-b8cf-147fc94eab76","local_time":"20210121230019","is_ascension_mode":true,"campfire_choices":[{"data":"Double Energy","floor":6,"key":"SMITH"},{"data":"Conserve Battery","floor":8,"key":"SMITH"},{"data":"Defend_B","floor":10,"key":"SMITH"},{"data":"Streamline","floor":15,"key":"SMITH"},{"data":"Hello World","floor":23,"key":"SMITH"},{"data":"Multi-Cast","floor":25,"key":"SMITH"},{"data":"Amplify","floor":32,"key":"SMITH"}],"circlet_count":0,"master_deck":["Strike_B","Strike_B","Strike_B","Defend_B","Defend_B+1","Defend_B+1","Zap","Dualcast","Double Energy+1","Self Repair+1","Cold Snap","Conserve Battery+1","Redo","Leap","Streamline+1","Core Surge","Multi-Cast+1","Chaos+1","Rebound","Defragment","Hello World+1","Defragment","Stack","Amplify+1","Beam Cell","Biased Cognition"],"relics":["Cracked Core","Strawberry","The Courier","Coffee Dripper","Nloth\u0027s Gift","Membership Card","Lizard Tail","Eternal Feather","Matryoshka","Tiny Chest","Happy Flower","Anchor"],"acts_visited":["Exordium","TheCity"],"potions_floor_usage":[16,16,29,31,33,33],"damage_taken":[{"damage":8,"enemies":"Jaw Worm","floor":1,"turns":4},{"damage":7,"enemies":"Small Slimes","floor":3,"turns":4},{"damage":2,"enemies":"Cultist","floor":4,"turns":4},{"damage":14,"enemies":"Lagavulin","floor":13,"turns":12},{"damage":1,"enemies":"Looter","floor":14,"turns":3},{"damage":24,"enemies":"Hexaghost","floor":16,"turns":11},{"damage":7,"enemies":"Spheric Guardian","floor":18,"turns":4},{"damage":18,"enemies":"2 Thieves","floor":19,"turns":5},{"damage":20,"enemies":"Cultist and Chosen","floor":21,"turns":7},{"damage":16,"enemies":"Shelled Parasite and Fungi","floor":27,"turns":7},{"damage":53,"enemies":"Slavers","floor":28,"turns":7},{"damage":11,"enemies":"Centurion and Healer","floor":29,"turns":7},{"damage":34,"enemies":"Gremlin Leader","floor":30,"turns":5},{"damage":1,"enemies":"Snecko","floor":31,"turns":6},{"damage":99,"enemies":"Automaton","floor":33,"turns":12}],"seed_played":"5468503367471718250","potions_obtained":[{"floor":1,"key":"FocusPotion"},{"floor":4,"key":"Energy Potion"},{"floor":14,"key":"Block Potion"},{"floor":18,"key":"Fire Potion"},{"floor":28,"key":"Explosive Potion"},{"floor":29,"key":"Dexterity Potion"},{"floor":31,"key":"PowerPotion"}],"is_trial":false,"path_per_floor":["M","?","M","M","?","R","?","R","T","R","$","$","E","M","R","B",null,"M","M","?","M","$","R","?","R","T","M","E","M","E","M","R","B"],"character_chosen":"DEFECT","items_purchased":["Redo","Leap","Membership Card","Lizard Tail","Eternal Feather","Defragment","Hello World","Defragment"],"campfire_rested":0,"item_purchase_floors":[11,11,22,22,22,22,22,22],"current_hp_per_floor":[60,67,67,72,56,56,56,56,56,56,56,56,52,61,61,47,73,76,68,68,58,58,70,70,82,82,76,33,42,8,17,32,0,0],"gold":124,"neow_bonus":"THREE_CARDS","is_daily":false,"chose_seed":false,"campfire_upgraded":7,"win_rate":0.0,"timestamp":1611270019,"path_taken":["M","?","M","M","?","R","?","R","T","R","?","$","E","?","R","BOSS","M","M","?","?","?","R","?","R","T","?","E","M","E","M","R","BOSS"],"items_purchased_type":["Card","Card","Relic","Relic","Relic","Card","Card","Card"],"build_version":"2020-12-22","purchased_purges":2,"victory":false,"max_hp_per_floor":[75,82,82,82,82,82,82,82,82,82,82,82,82,82,82,82,82,82,82,82,82,82,82,82,82,82,82,82,82,82,82,82,82,82],"card_choices":[{"not_picked":["Turbo","Aggregate"],"picked":"Double Energy","floor":0},{"not_picked":["Doom and Gloom","Loop"],"picked":"Self Repair","floor":1},{"not_picked":["Double Energy","Gash"],"picked":"Cold Snap","floor":3},{"not_picked":["Leap","Steam"],"picked":"Conserve Battery","floor":4},{"not_picked":["Leap","Storm"],"picked":"Streamline","floor":13},{"not_picked":["Leap","Recycle"],"picked":"Core Surge","floor":14},{"not_picked":["Thunder Strike","Rainbow"],"picked":"Multi-Cast","floor":16},{"not_picked":["Barrage","Streamline"],"picked":"Chaos+1","floor":18},{"not_picked":["Streamline","Compile Driver"],"picked":"Rebound","floor":19},{"not_picked":["Scrape","Rebound","Force Field"],"picked":"SKIP","floor":21},{"not_picked":["Redo+1","Turbo"],"picked":"Stack","floor":27},{"not_picked":["Steam Power","Sweeping Beam"],"picked":"Amplify","floor":28},{"not_picked":["Leap+1","Fusion"],"picked":"Beam Cell","floor":29},{"not_picked":["Turbo+1","Stack+1"],"picked":"Biased Cognition","floor":30},{"not_picked":["Reprogram","Undo","Turbo+1"],"picked":"SKIP","floor":31}],"player_experience":373869,"relics_obtained":[{"floor":9,"key":"The Courier"},{"floor":13,"key":"Old Coin"},{"floor":26,"key":"Tiny Chest"},{"floor":28,"key":"Happy Flower"},{"floor":30,"key":"Anchor"}],"event_choices":[{"damage_healed":0,"gold_gain":0,"player_choice":"Box","damage_taken":0,"relics_obtained":["Strawberry"],"max_hp_gain":0,"max_hp_loss":0,"event_name":"Big Fish","floor":2,"gold_loss":0,"cards_obtained":["Regret"]},{"damage_healed":0,"gold_gain":0,"player_choice":"Entered Light","damage_taken":16,"max_hp_gain":0,"max_hp_loss":0,"event_name":"Shining Light","floor":5,"gold_loss":0,"cards_upgraded":["Self Repair","Defend_B"]},{"cards_removed":["Regret"],"damage_healed":0,"gold_gain":0,"player_choice":"Card Removal","damage_taken":0,"max_hp_gain":0,"max_hp_loss":0,"event_name":"The Cleric","floor":7,"gold_loss":50},{"damage_healed":0,"gold_gain":0,"player_choice":"Traded Relic","damage_taken":0,"relics_obtained":["Nloth\u0027s Gift"],"max_hp_gain":0,"max_hp_loss":0,"event_name":"N\u0027loth","floor":20,"relics_lost":["Old Coin"],"gold_loss":0},{"damage_healed":0,"gold_gain":0,"player_choice":"Gave Potion","damage_taken":0,"relics_obtained":["Matryoshka"],"max_hp_gain":0,"max_hp_loss":0,"event_name":"WeMeetAgain","floor":24,"gold_loss":0}],"is_beta":false,"boss_relics":[{"not_picked":["Sozu","Philosopher\u0027s Stone"],"picked":"Coffee Dripper"}],"items_purged_floors":[11,22],"is_endless":false,"potions_floor_spawned":[1,4,14,18,28,29,31],"killed_by":"Automaton","ascension_level":8}}