{"host":"lt7wwegctq25p4dk","time":1611260022,"event":{"mods":["BaseMod","BetterRewards","Minty Spire (QoL Compilation)","Replay The Spire","Shop Mod","StSLib"],"gold_per_floor":[115,127,138,157,172,172,184,184,207,207,227,227,227,177,193,210,210,314,314,330,374,390,408,428,428,428,428],"floor_reached":26,"language":"ZHT","playtime":1891,"items_purged":[],"score":206,"play_id":"97f96b2d-1da4-40bb-ae16-3ddc76365f4c","local_time":"20210122041342","is_ascension_mode":false,"campfire_choices":[{"data":"Run Through","floor":6,"key":"SMITH"},{"data":"Inflame","floor":8,"key":"SMITH"},{"floor":10,"key":"REST"},{"floor":17,"key":"REST"},{"floor":25,"key":"REST"}],"circlet_count":0,"master_deck":["Strike_R+1","Strike_R","Strike_R","Strike_R+1","Defend_R","Defend_R","Defend_R","Defend_R","Bash","Run Through+1","Inflame+1","Pummel","Pummel","Pummel+1","ReplayReversal","Replay:Many Hands","Sword Boomerang","Heavy Blade","Limit Break","Disarm","Sword Boomerang","Whirlwind","Warcry+1","Limit Break"],"relics":["Burning Blood","Gremlin Food","Electric Blood"],"acts_visited":["Exordium","TheCity"],"potions_floor_usage":[26,26],"damage_taken":[{"damage":14,"enemies":"2 Louse","floor":1,"turns":3},{"damage":8,"enemies":"Jaw Worm","floor":2,"turns":3},{"damage":0,"enemies":"Small Slimes","floor":3,"turns":3},{"damage":32,"enemies":"Gremlin Gang","floor":4,"turns":5},{"damage":10,"enemies":"Looter","floor":5,"turns":3},{"damage":12,"enemies":"3 Louse","floor":7,"turns":3},{"damage":0,"enemies":"Large Slime","floor":11,"turns":5},{"damage":28,"enemies":"Lots of Slimes","floor":15,"turns":4},{"damage":6,"enemies":"Exordium Thugs","floor":16,"turns":3},{"damage":73,"enemies":"The Guardian","floor":18,"turns":8},{"damage":13,"enemies":"Chosen","floor":20,"turns":3},{"damage":35,"enemies":"Spheric Guardian","floor":22,"turns":4},{"damage":4,"enemies":"Snecko","floor":23,"turns":2},{"damage":17,"enemies":"Centurion and Healer","floor":24,"turns":2},{"damage":58,"enemies":"3 Cultists","floor":26,"turns":4}],"seed_played":"-3035275288583228759","potions_obtained":[{"floor":3,"key":"Elixir"},{"floor":5,"key":"BlessingOfTheForge"},{"floor":7,"key":"Swift Potion"},{"floor":18,"key":"PowerPotion"},{"floor":21,"key":"Reflective Coating"},{"floor":21,"key":"Toxic Potion"}],"is_trial":false,"path_per_floor":["M","M","M","M","M","R","M","R","T","R","M","PTL","PTL","?","M","M","R","B",null,"M","?","M","M","M","R","M"],"character_chosen":"IRONCLAD","items_purchased":[],"campfire_rested":3,"item_purchase_floors":[],"current_hp_per_floor":[80,78,84,58,54,54,48,48,48,74,80,80,80,80,58,58,84,17,88,81,59,30,32,21,47,0,0],"gold":428,"neow_bonus":"TEN_PERCENT_HP_BONUS","is_daily":false,"chose_seed":false,"campfire_upgraded":2,"win_rate":0.0,"timestamp":1611260022,"path_taken":["M","M","M","M","M","R","M","R","T","R","M","PTL","PTL","?","M","M","R","BOSS","M","?","M","M","M","R","M"],"items_purchased_type":[],"build_version":"2020-12-22","purchased_purges":0,"victory":false,"max_hp_per_floor":[88,88,88,88,88,88,88,88,88,88,88,88,88,88,88,88,88,88,88,88,88,88,88,88,88,88,88],"card_choices":[{"not_picked":["Dual Wield","Anger"],"picked":"Run Through","floor":1},{"not_picked":["Clash","Perfected Strike"],"picked":"Inflame","floor":2},{"not_picked":["Run Through","Reckless Charge"],"picked":"Pummel","floor":3},{"not_picked":["Feel No Pain","Run Through"],"picked":"Pummel","floor":4},{"not_picked":["True Grit","Evolve"],"picked":"Pummel","floor":5},{"not_picked":["Power Through","Second Wind"],"picked":"ReplayReversal","floor":7},{"not_picked":["Flex","Run Through"],"picked":"Replay:Many Hands","floor":11},{"not_picked":["Perfected Strike","Warcry"],"picked":"Sword Boomerang","floor":15},{"not_picked":["Havoc","Shockwave"],"picked":"Heavy Blade","floor":16},{"not_picked":["Double Tap","Berserk"],"picked":"Limit Break","floor":18},{"not_picked":["Twin Strike","Flex"],"picked":"Disarm","floor":20},{"not_picked":["ReplayTheSpireMod:Stacked","Armaments"],"picked":"Sword Boomerang","floor":21},{"not_picked":["Perfected Strike+1","Pummel"],"picked":"Whirlwind","floor":22},{"not_picked":["True Grit+1","Clash"],"picked":"Warcry+1","floor":23},{"not_picked":["Feel No Pain","Replay:Undeath\u0027s Touch"],"picked":"Limit Break","floor":24}],"player_experience":59515,"relics_obtained":[{"floor":9,"key":"Gremlin Food"}],"event_choices":[{"cards_removed":["Strike_R"],"damage_healed":0,"gold_gain":0,"player_choice":"Card Removal","damage_taken":0,"max_hp_gain":0,"max_hp_loss":0,"event_name":"The Cleric","floor":14,"gold_loss":50}],"is_beta":false,"boss_relics":[{"not_picked":["Velvet Choker","SlaversCollar"],"picked":"Electric Blood"}],"items_purged_floors":[],"is_endless":false,"potions_floor_spawned":[3,5,7,16,18,20,24],"killed_by":"3 Cultists","ascension_level":0}}