{"host":"4lrit7vxuvwq962h","time":1611226286,"event":{"mods":["AchievementEnabler","BaseMod","Colored Map","Colored Powertips","Highlight Path","Minty Spire (QoL Compilation)","Quick Restart","Rare Cards Sparkle","StSLib"],"gold_per_floor":[119,119,134,154,454,473,473,499,526,538,538,556,556,569,569,672,672,687,226,238,238,257,257,257,257,257,257,288,288,306,154,154,249,249,259,259,259,270,270,270,303,12,12,44,44,44],"floor_reached":45,"language":"ENG","playtime":2867,"items_purged":["Strike_R"],"score":516,"play_id":"804b95a8-c9c1-4d6c-9525-b22459f585d8","local_time":"20210121045126","is_ascension_mode":false,"campfire_choices":[{"data":"Fire Breathing","floor":7,"key":"SMITH"},{"data":"Reckless Charge","floor":11,"key":"SMITH"},{"data":"Wild Strike","floor":13,"key":"SMITH"},{"data":"Rampage","floor":15,"key":"SMITH"},{"data":"Fire Breathing","floor":23,"key":"SMITH"},{"data":"Dual Wield","floor":25,"key":"SMITH"},{"data":"Evolve","floor":29,"key":"SMITH"},{"data":"Bite","floor":32,"key":"SMITH"},{"floor":40,"key":"REST"}],"circlet_count":0,"master_deck":["Defend_R","Defend_R+1","Defend_R+1","Bash","Reckless Charge+1","Infernal Blade","Rampage+1","Fire Breathing+1","Wild Strike+1","Perfected Strike","Dual Wield+1","Twin Strike","Reaper","Fire Breathing+1","Headbutt+1","Evolve+1","Wild Strike+1","Bite+1","Bite","Bite","Bite","Bite","Dual Wield","Anger+1","Reckless Charge","Dual Wield+1","Power Through","Demon Form","Havoc+1","Writhe","Magnetism","Burning Pact"],"relics":["Burning Blood","NeowsBlessing","Old Coin","Ornamental Fan","Mark of Pain","Red Skull","Lee\u0027s Waffle","Toy Ornithopter","Nilry\u0027s Codex","War Paint","Orrery","Busted Crown","Pen Nib","TungstenRod","Bottled Tornado","Regal Pillow"],"acts_visited":["Exordium","TheCity","TheBeyond"],"potions_floor_usage":[6,14,16,16,20,30,33,35,41,41],"damage_taken":[{"damage":0,"enemies":"Small Slimes","floor":1,"turns":1},{"damage":0,"enemies":"Cultist","floor":3,"turns":1},{"damage":0,"enemies":"2 Louse","floor":4,"turns":1},{"damage":8,"enemies":"Large Slime","floor":6,"turns":4},{"damage":22,"enemies":"Gremlin Nob","floor":8,"turns":4},{"damage":8,"enemies":"2 Fungi Beasts","floor":10,"turns":3},{"damage":10,"enemies":"Looter","floor":12,"turns":3},{"damage":4,"enemies":"3 Louse","floor":14,"turns":2},{"damage":28,"enemies":"Hexaghost","floor":16,"turns":6},{"damage":18,"enemies":"Spheric Guardian","floor":18,"turns":4},{"damage":5,"enemies":"2 Thieves","floor":20,"turns":4},{"damage":39,"enemies":"Snake Plant","floor":22,"turns":4},{"damage":35,"enemies":"Gremlin Leader","floor":28,"turns":6},{"damage":4,"enemies":"3 Cultists","floor":30,"turns":4},{"damage":49,"enemies":"Champ","floor":33,"turns":10},{"damage":56,"enemies":"3 Darklings","floor":35,"turns":4},{"damage":32,"enemies":"3 Shapes","floor":38,"turns":3},{"damage":29,"enemies":"Giant Head","floor":41,"turns":7},{"damage":57,"enemies":"Nemesis","floor":44,"turns":7},{"damage":22,"enemies":"Jaw Worm Horde","floor":45,"turns":1}],"seed_played":"804264515634183298","potions_obtained":[{"floor":1,"key":"Weak Potion"},{"floor":8,"key":"ColorlessPotion"},{"floor":12,"key":"Energy Potion"},{"floor":14,"key":"AttackPotion"},{"floor":16,"key":"EssenceOfSteel"},{"floor":18,"key":"SneckoOil"},{"floor":28,"key":"Explosive Potion"},{"floor":30,"key":"PowerPotion"},{"floor":35,"key":"Swift Potion"},{"floor":38,"key":"DistilledChaos"}],"is_trial":false,"path_per_floor":["M","?","M","M","T","M","R","E","T","M","R","M","R","M","R","B",null,"M","$","M","?","M","R","?","R","T","?","E","R","M","$","R","B",null,"M","?","?","M","?","R","E","$","T","E","M"],"character_chosen":"IRONCLAD","items_purchased":["Fire Breathing","Red Skull","Lee\u0027s Waffle","Orrery","TungstenRod"],"campfire_rested":1,"item_purchase_floors":[19,19,19,31,42],"current_hp_per_floor":[80,80,80,80,80,78,78,62,62,60,60,56,56,58,58,36,80,68,87,87,87,58,58,58,58,58,42,35,35,56,56,56,30,60,18,33,33,23,23,41,52,52,52,15,0,0],"gold":44,"neow_bonus":"THREE_ENEMY_KILL","is_daily":false,"chose_seed":false,"campfire_upgraded":8,"win_rate":0.0,"timestamp":1611226286,"path_taken":["M","?","M","?","?","M","R","E","T","M","R","M","R","M","R","BOSS","M","$","?","?","M","R","?","R","T","?","E","R","M","$","R","BOSS","M","?","?","M","?","R","E","$","T","E","M"],"items_purchased_type":["Card","Relic","Relic","Relic","Relic"],"build_version":"2020-12-22","purchased_purges":1,"victory":false,"max_hp_per_floor":[80,80,80,80,80,80,80,80,80,80,80,80,80,80,80,80,80,80,87,87,87,87,87,60,60,60,60,60,60,60,60,60,60,60,60,60,60,60,60,60,60,60,60,60,60,60],"card_choices":[{"not_picked":["Clothesline","Clash"],"picked":"Reckless Charge","floor":1},{"not_picked":["Clash","Warcry"],"picked":"Infernal Blade","floor":3},{"not_picked":["Dark Embrace","Body Slam"],"picked":"Rampage","floor":4},{"not_picked":["Clothesline","Whirlwind"],"picked":"Fire Breathing","floor":6},{"not_picked":["Rampage","Armaments"],"picked":"Wild Strike","floor":8},{"not_picked":["Warcry","Clash"],"picked":"Perfected Strike","floor":10},{"not_picked":["Double Tap","Cleave"],"picked":"Dual Wield","floor":12},{"not_picked":["Havoc","Disarm"],"picked":"Twin Strike","floor":14},{"not_picked":["Barricade","Impervious"],"picked":"Reaper","floor":16},{"not_picked":["Warcry","Havoc","Sever Soul"],"picked":"SKIP","floor":18},{"not_picked":["Sword Boomerang+1","Clothesline"],"picked":"Headbutt+1","floor":20},{"not_picked":["Headbutt","Power Through"],"picked":"Wild Strike+1","floor":22},{"not_picked":["Rampage","Anger","Thunderclap"],"picked":"SKIP","floor":28},{"not_picked":["Brutality","Twin Strike","Thunderclap"],"picked":"SKIP","floor":30},{"not_picked":["Cleave","Flex"],"picked":"Dual Wield","floor":31},{"not_picked":["Clothesline+1","Shrug It Off+1"],"picked":"Anger+1","floor":31},{"not_picked":["Brutality","Anger+1"],"picked":"Reckless Charge","floor":31},{"not_picked":["Combust","Flex"],"picked":"Dual Wield+1","floor":31},{"not_picked":["Searing Blow","Cleave+1"],"picked":"Power Through","floor":31},{"not_picked":["Reaper","Brutality"],"picked":"Demon Form","floor":33},{"not_picked":[],"picked":"Havoc+1","floor":35},{"not_picked":[],"picked":"Magnetism","floor":37},{"not_picked":["Body Slam"],"picked":"SKIP","floor":38},{"not_picked":[],"picked":"Burning Pact","floor":41},{"not_picked":["Anger"],"picked":"SKIP","floor":44}],"player_experience":164030,"relics_obtained":[{"floor":5,"key":"Old Coin"},{"floor":8,"key":"Ornamental Fan"},{"floor":26,"key":"Toy Ornithopter"},{"floor":27,"key":"Nilry\u0027s Codex"},{"floor":28,"key":"War Paint"},{"floor":41,"key":"Pen Nib"},{"floor":43,"key":"Bottled Tornado"},{"floor":44,"key":"Regal Pillow"}],"event_choices":[{"cards_removed":["Defend_R"],"damage_healed":0,"gold_gain":0,"player_choice":"Card Removal","damage_taken":0,"max_hp_gain":0,"max_hp_loss":0,"event_name":"Wheel of Change","floor":2,"gold_loss":0},{"damage_healed":0,"gold_gain":0,"player_choice":"Read","damage_taken":0,"max_hp_gain":0,"max_hp_loss":0,"event_name":"The Library","floor":21,"gold_loss":0,"cards_obtained":["Evolve"]},{"damage_healed":0,"gold_gain":0,"player_choice":"Became a vampire","damage_taken":0,"max_hp_gain":0,"max_hp_loss":27,"event_name":"Vampires","floor":24,"gold_loss":0,"cards_obtained":["Bite","Bite","Bite","Bite","Bite"]},{"damage_healed":0,"gold_gain":0,"player_choice":"Obtained Book","damage_taken":16,"max_hp_gain":0,"max_hp_loss":0,"event_name":"Cursed Tome","floor":27,"gold_loss":0},{"damage_healed":15,"gold_gain":0,"player_choice":"Writhe","damage_taken":0,"max_hp_gain":0,"max_hp_loss":0,"event_name":"Winding Halls","floor":36,"gold_loss":0,"cards_obtained":["Writhe"]},{"damage_healed":0,"gold_gain":0,"player_choice":"Memory 1","damage_taken":0,"max_hp_gain":0,"max_hp_loss":0,"event_name":"SensoryStone","floor":37,"gold_loss":0},{"damage_healed":0,"gold_gain":0,"player_choice":"Ignored","damage_taken":0,"max_hp_gain":0,"max_hp_loss":0,"event_name":"Tomb of Lord Red Mask","floor":39,"gold_loss":0}],"is_beta":false,"boss_relics":[{"not_picked":["Runic Dome","SlaversCollar"],"picked":"Mark of Pain"},{"not_picked":["Fusion Hammer","Pandora\u0027s Box"],"picked":"Busted Crown"}],"items_purged_floors":[19],"is_endless":false,"potions_floor_spawned":[1,8,12,14,16,18,28,30,35,38],"killed_by":"Jaw Worm Horde","ascension_level":0}}