{"host":"e1d4pmcf31bpmsqo","time":1611229554,"event":{"mods":["BaseMod","Better Note","Better Third Choice","Colored Powertips","Disable Question Mark Monsters","Minty Spire (QoL Compilation)","Relic Stats","StSLib"],"gold_per_floor":[116,17,34,34,109,109,142,142,169,169,180,206,222,7,7,7,7],"floor_reached":16,"language":"ENG","playtime":420,"items_purged":[],"score":266,"play_id":"fd5d9a96-a943-4874-b242-ae398dbf7c38","local_time":"20210121224554","is_ascension_mode":true,"campfire_choices":[{"data":"Eruption","floor":6,"key":"SMITH"},{"floor":8,"key":"REST"},{"data":"BattleHymn","floor":10,"key":"SMITH"},{"data":"Wallop","floor":15,"key":"SMITH"}],"circlet_count":0,"master_deck":["AscendersBane","Strike_P","Strike_P","Strike_P","Defend_P","Defend_P","Defend_P","Eruption+1","Vigilance","BattleHymn+1","BowlingBash","Wallop+1","JustLucky","CutThroughFate"],"relics":["Empty Cage","Tiny Chest","Sundial","Blood Vial","Turnip","Frozen Eye"],"acts_visited":["Exordium"],"potions_floor_usage":[12,13,16],"damage_taken":[{"damage":8.0,"enemies":"Small Slimes","floor":1.0,"turns":6.0},{"damage":2,"enemies":"Cultist","floor":3,"turns":3},{"damage":16,"enemies":"Gremlin Nob","floor":7,"turns":3},{"damage":7,"enemies":"2 Louse","floor":11,"turns":2},{"damage":0,"enemies":"Lagavulin","floor":12,"turns":3},{"damage":5,"enemies":"Gremlin Gang","floor":13,"turns":3},{"damage":36,"enemies":"Hexaghost","floor":16,"turns":9}],"seed_played":"-7718615135562196594","potions_obtained":[{"floor":1.0,"key":"Swift Potion"},{"floor":3,"key":"SpeedPotion"},{"floor":12,"key":"AttackPotion"},{"floor":13,"key":"AttackPotion"}],"is_trial":false,"path_per_floor":["M","?","M","$","?","R","E","R","T","R","M","E","M","$","R","B"],"character_chosen":"WATCHER","items_purchased":["Frozen Eye","CutThroughFate"],"campfire_rested":1,"item_purchase_floors":[14,14],"current_hp_per_floor":[53,53,51,51,40,40,24,44,44,44,39,41,38,38,38,4,4],"gold":7,"neow_bonus":"BOSS_RELIC","is_daily":false,"chose_seed":false,"campfire_upgraded":3,"win_rate":0.0,"timestamp":1611229554,"path_taken":["M","?","M","?","?","R","E","R","T","R","M","E","M","$","R","BOSS"],"items_purchased_type":["Relic","Card"],"build_version":"2020-12-22","purchased_purges":0,"victory":false,"max_hp_per_floor":[68,68,68,68,68,68,68,68,68,68,68,68,68,68,68,68,68],"relic_stats":{"Blood Vial":8,"counters":[7,29],"Sundial":[2],"Tiny Chest":0,"Turnip":[1],"obtain_stats":[{"Blood Vial":9,"Frozen Eye":14,"Sundial":7,"Tiny Chest":2,"Turnip":12,"PureWater":0,"Empty Cage":0},{"Blood Vial":3,"Frozen Eye":6,"Sundial":3,"Tiny Chest":1,"Turnip":5,"PureWater":0,"Empty Cage":0},{"Blood Vial":12,"Frozen Eye":20,"Sundial":12,"Tiny Chest":6,"Turnip":17,"PureWater":0,"Empty Cage":0}]},"card_choices":[{"not_picked":["Wireheading","Sanctity"],"picked":"BattleHymn","floor":1.0},{"not_picked":["FlyingSleeves","PathToVictory"],"picked":"BowlingBash","floor":3},{"not_picked":["CarveReality","Brilliance"],"picked":"Wallop","floor":7},{"not_picked":["Evaluate","Crescendo","Protect"],"picked":"SKIP","floor":11},{"not_picked":["SashWhip","Crescendo","Nirvana"],"picked":"SKIP","floor":12},{"not_picked":["WreathOfFlame","PathToVictory"],"picked":"JustLucky","floor":13}],"player_experience":1052864,"relics_obtained":[{"floor":7,"key":"Sundial"},{"floor":9,"key":"Blood Vial"},{"floor":12,"key":"Turnip"}],"event_choices":[{"damage_healed":0.0,"max_hp_gain":0.0,"max_hp_loss":0.0,"gold_gain":0.0,"event_name":"WeMeetAgain","player_choice":"Paid Gold","floor":2.0,"gold_loss":99.0,"damage_taken":0.0,"relics_obtained":["Tiny Chest"]},{"damage_healed":0,"gold_gain":75,"player_choice":"Gold","damage_taken":11,"max_hp_gain":0,"max_hp_loss":0,"event_name":"betterThird:BetterGoop","floor":5,"gold_loss":0}],"is_beta":false,"boss_relics":[],"items_purged_floors":[],"is_endless":false,"potions_floor_spawned":[1,3,12,13],"killed_by":"Hexaghost","ascension_level":20}}