{"host":"ml80p9p157c7xd90","time":1611199872,"event":{"mods":["Ascension Unlocker","Aspiration","BaseMod","Bestiary","Better Altar","Better Match","Better Note","Better Sensory Stone","Better Skull","Better Third Choice","Colored Map","Conspire","Dark Map","Downfall","Friendly Minions","Halation","Hubris","Minty Spire (QoL Compilation)","Relic Stats","StSLib","Wandering Minibosses"],"gold_per_floor":[99,118,138,138,157,189,189,54,83,83,8,8,8,8],"floor_reached":12,"language":"ENG","playtime":555,"items_purged":["Slimebound:Tackle"],"score":172,"play_id":"4d372822-5694-4930-9ce6-0e25fe4df4c6","local_time":"20210120203112","is_ascension_mode":true,"campfire_choices":[{"data":"Slimebound:Split","floor":1,"key":"SMITH"}],"circlet_count":0,"master_deck":["AscendersBane","Slimebound:Strike_Slimebound","Slimebound:Strike_Slimebound","Slimebound:Defend_Slimebound","Slimebound:Defend_Slimebound","Slimebound:Defend_Slimebound","Slimebound:Defend_Slimebound","Slimebound:Split+1","Slimebound:CorrosiveSpit","Slimebound:Overexert","Slimebound:Prepare","Slimebound:SlimeBarrage","Slimebound:LeadByExample","Slimebound:LeadByExample","Slimebound:SplitMire"],"relics":["Slimebound:AbsorbEndCombat","halation:WeightlessCrab","Ornamental Fan","Regal Pillow","halation:EternalFortune","Slimebound:GreedOozeRelic"],"acts_visited":["Exordium"],"potions_floor_usage":[],"damage_taken":[{"damage":7,"enemies":"conspire:RoseBush","floor":2,"turns":6},{"damage":5,"enemies":"Cultist","floor":3,"turns":4},{"damage":11,"enemies":"Small Slimes","floor":5,"turns":4},{"damage":14,"enemies":"Lagavulin","floor":6,"turns":7},{"damage":17,"enemies":"downfall:FleeingMerchant","floor":8,"turns":5},{"damage":18,"enemies":"3 Sentries","floor":9,"turns":6},{"damage":5,"enemies":"Lagavulin","floor":12,"turns":5}],"seed_played":"-5914394660797265099","potions_obtained":[{"floor":3,"key":"sneckomod:MuddlingPotion"}],"is_trial":false,"path_per_floor":["R","M","M","?","M","E","T","$","E","?","?","E"],"character_chosen":"SLIMEBOUND","items_purchased":["Slimebound:LeadByExample"],"campfire_rested":0,"item_purchase_floors":[8],"current_hp_per_floor":[53,48,45,45,36,30,30,21,3,6,6,3,3,3],"gold":8,"neow_bonus":"THREE_RARE_CARDS","is_daily":false,"chose_seed":false,"campfire_upgraded":1,"win_rate":0.0,"timestamp":1611199872,"path_taken":["R","M","M","?","?","E","T","$","E","?","?","E"],"items_purchased_type":["Card"],"build_version":"2020-12-22","purchased_purges":1,"victory":false,"max_hp_per_floor":[54,54,54,54,54,54,54,54,54,57,57,57,57,57],"relic_stats":{"Regal Pillow":0,"counters":[7,35],"Ornamental Fan":[0],"obtain_stats":[{"Slimebound:GreedOozeRelic":11,"Regal Pillow":9,"Ornamental Fan":7,"halation:EternalFortune":10,"halation:WeightlessCrab":6,"Slimebound:AbsorbEndCombat":0},{"Slimebound:GreedOozeRelic":6,"Regal Pillow":6,"Ornamental Fan":4,"halation:EternalFortune":6,"halation:WeightlessCrab":4,"Slimebound:AbsorbEndCombat":0},{"Slimebound:GreedOozeRelic":30,"Regal Pillow":30,"Ornamental Fan":19,"halation:EternalFortune":30,"halation:WeightlessCrab":19,"Slimebound:AbsorbEndCombat":0}]},"card_choices":[{"not_picked":["Slimebound:DuplicatedForm","Slimebound:SelfFormingGoo"],"picked":"Slimebound:Overexert","floor":0},{"not_picked":["Slimebound:SplitLeeching","Slimebound:GoopTackle"],"picked":"Slimebound:Prepare","floor":2},{"not_picked":["Slimebound:FinishingTackle","Slimebound:SplitBruiser"],"picked":"Slimebound:SlimeBarrage","floor":3},{"not_picked":["Slimebound:DivideAndConquer","Slimebound:Recycling","Slimebound:PressTheAttack"],"picked":"SKIP","floor":5},{"not_picked":["Slimebound:GrowthPunch","Slimebound:Schlurp"],"picked":"Slimebound:LeadByExample","floor":6},{"not_picked":["Slimebound:LeechEnergy","Slimebound:TongueLash","Slimebound:RejuvenatingLick"],"picked":"SKIP","floor":8},{"not_picked":["Slimebound:Prepare","Slimebound:SplitAcid"],"picked":"Slimebound:SplitMire","floor":9}],"player_experience":449046,"relics_obtained":[{"floor":6,"key":"halation:WeightlessCrab"},{"floor":7,"key":"Ornamental Fan"},{"floor":9,"key":"Regal Pillow"}],"event_choices":[{"cards_removed":["Slimebound:Strike_Slimebound"],"damage_healed":0,"gold_gain":0,"player_choice":"Offered Basic","damage_taken":0,"max_hp_gain":0,"max_hp_loss":0,"event_name":"Bonfire Elementals","floor":4,"gold_loss":0}],"is_beta":false,"boss_relics":[],"items_purged_floors":[8],"is_endless":false,"potions_floor_spawned":[3],"killed_by":"Lagavulin","ascension_level":20}}