{"host":"xh4jtn7krw5slv5y","time":1611193902,"event":{"mods":["BaseMod","Bestiary","Block Reminder","Colored Map","Downfall","Minty Spire (QoL Compilation)","Quick Restart","Relic Sorter","Relic Stats","StSLib"],"gold_per_floor":[99,99,116,116,131,141,167,11,11,30,40,40,40,65,79,79,79,79],"floor_reached":16,"language":"ENG","playtime":900,"items_purged":[],"score":102,"play_id":"4f273418-d145-4f9e-80ed-a69c95f7ccd8","local_time":"20210120215142","is_ascension_mode":false,"campfire_choices":[{"data":"bronze:Verify","floor":1.0,"key":"SMITH"},{"floor":13,"key":"REST"}],"circlet_count":0,"master_deck":["bronze:Strike","bronze:Strike","bronze:Strike","bronze:Strike","bronze:Defend","bronze:Defend","bronze:Defend","bronze:Defend","bronze:Replicate","bronze:Goto","Clumsy","bronze:Verify+1","bronze:FollowUp","bronze:BuggyMess","bronze:FineTuning","bronze:ItsAFeature","bronze:BronzeArmor","bronze:Spike","bronze:Branch","bronze:Repulsor","bronze:GetLatest","bronze:Format","bronze:DelayedGuard"],"relics":["bronze:BronzeCore","Incense Burner","Tiny Chest","Letter Opener"],"acts_visited":["Exordium"],"potions_floor_usage":[11],"damage_taken":[{"damage":0.0,"enemies":"Jaw Worm","floor":3.0,"turns":6.0},{"damage":8.0,"enemies":"2 Louse","floor":5.0,"turns":3.0},{"damage":13.0,"enemies":"Small Slimes","floor":6.0,"turns":6.0},{"damage":0.0,"enemies":"downfall:FleeingMerchant","floor":8.0,"turns":4.0},{"damage":30.0,"enemies":"downfall:FleeingMerchant","floor":9.0,"turns":5.0},{"damage":0.0,"enemies":"2 Fungi Beasts","floor":10.0,"turns":3.0},{"damage":6,"enemies":"3 Louse","floor":11,"turns":5},{"damage":32,"enemies":"Lagavulin","floor":14,"turns":9},{"damage":0,"enemies":"Exordium Thugs","floor":15,"turns":4},{"damage":9,"enemies":"WA_ARCHETYPE_RETAIN","floor":16,"turns":1}],"seed_played":"-9191342718133033053","potions_obtained":[{"floor":3.0,"key":"DistilledChaos"},{"floor":10.0,"key":"Guardian:BlockOnCardUsePotion"},{"floor":11,"key":"Dexterity Potion"}],"is_trial":false,"path_per_floor":["R","?","M","?","M","M","T","$","?","M","M","?","R","E","M","B"],"character_chosen":"THE_AUTOMATON","items_purchased":["bronze:ItsAFeature","bronze:BronzeArmor"],"campfire_rested":1,"item_purchase_floors":[8,8],"current_hp_per_floor":[70,70,70,75,67,54,54,54,24,24,18,18,40,8,8,0,0,0],"gold":79,"neow_bonus":"THREE_RARE_CARDS","is_daily":false,"chose_seed":false,"campfire_upgraded":1,"win_rate":0.0,"timestamp":1611193902,"path_taken":["R","?","M","?","M","M","T","$","?","M","M","?","R","E","M","BOSS"],"items_purchased_type":["Card","Card"],"build_version":"2020-12-22","purchased_purges":0,"victory":false,"max_hp_per_floor":[70,70,70,75,75,75,75,75,75,75,75,75,75,75,75,75,75,75],"relic_stats":{"counters":[10,46],"Tiny Chest":0,"Letter Opener":[10],"obtain_stats":[{"bronze:BronzeCore":0,"Tiny Chest":7,"Incense Burner":2,"Letter Opener":14},{"bronze:BronzeCore":0,"Tiny Chest":3,"Incense Burner":0,"Letter Opener":8},{"bronze:BronzeCore":0,"Tiny Chest":15,"Incense Burner":0,"Letter Opener":41}]},"card_choices":[{"not_picked":["bronze:FindAndReplace","bronze:HardenedForm"],"picked":"bronze:Verify","floor":0.0},{"not_picked":["bronze:Turbo","bronze:WildBeam","bronze:DelayedGuard"],"picked":"SKIP","floor":3.0},{"not_picked":["bronze:Return","bronze:Turbo"],"picked":"bronze:FollowUp","floor":5.0},{"not_picked":["bronze:ChildClass","bronze:Safeguard"],"picked":"bronze:BuggyMess","floor":6.0},{"not_picked":["bronze:FindAndReplace","bronze:WildBeam"],"picked":"bronze:FineTuning","floor":8.0},{"not_picked":[],"picked":"bronze:Spike","floor":9.0},{"not_picked":["bronze:BuggyMess","bronze:ForLoop"],"picked":"bronze:Branch","floor":9.0},{"not_picked":["bronze:Return","bronze:Turbo"],"picked":"bronze:Repulsor","floor":10.0},{"not_picked":["bronze:Shield","bronze:OilSpill"],"picked":"bronze:GetLatest","floor":11},{"not_picked":["bronze:Fortify","bronze:WhirlingStrike"],"picked":"bronze:Format","floor":14},{"not_picked":["bronze:Iterate","bronze:Overheat"],"picked":"bronze:DelayedGuard","floor":15}],"player_experience":318118,"relics_obtained":[{"floor":7.0,"key":"Tiny Chest"},{"floor":14,"key":"Letter Opener"}],"event_choices":[{"damage_healed":0.0,"max_hp_gain":5.0,"max_hp_loss":0.0,"gold_gain":0.0,"event_name":"Big Fish","player_choice":"Donut","floor":4.0,"gold_loss":0.0,"damage_taken":0.0}],"is_beta":false,"boss_relics":[],"items_purged_floors":[],"is_endless":false,"potions_floor_spawned":[3,10,11],"killed_by":"WA_ARCHETYPE_RETAIN","ascension_level":0}}