{"host":"0mk07bycsqo1qk03","time":1611219078,"event":{"mods":["BaseMod","Downfall","Hermit","Hubris","Minty Spire (QoL Compilation)","StSLib","The Cursed"],"gold_per_floor":[99,117,127,138,138,138,161,173,7,24,40,40,40,51,66,168,168,168,168,186,204,204,104,104,119,19,29,41,41,76,91,91,91,91],"floor_reached":33,"language":"ENG","playtime":1965,"items_purged":[],"score":288,"play_id":"fdfe7c8d-ee8a-402d-8541-4ba063179eac","local_time":"20210121095118","is_ascension_mode":false,"campfire_choices":[{"data":"champ:Execute","floor":1,"key":"SMITH"},{"data":"champ:DeathBlow","floor":6,"key":"SMITH"},{"data":"Trip","floor":13,"key":"SMITH"},{"floor":18,"key":"RECALL"},{"data":"champ:BerserkersShout","floor":23,"key":"SMITH"},{"data":"champ:FanOfKnives","floor":26,"key":"SMITH"},{"data":"champ:LastStand","floor":30,"key":"SMITH"}],"circlet_count":0,"master_deck":["champ:Strike","champ:Strike","champ:Strike","champ:Defend","champ:Defend","champ:Defend","champ:Defend","champ:Execute+1","champ:Taunt","Trip+1","champ:CrookedStrike","champ:BerserkersShout+1","champ:DeathBlow+1","champ:FaceSlap","champ:FanOfKnives+1","champ:FaceSlap","champ:VampiricStrike","champ:Backstep","champ:AdrenalArmor","champ:LastStand+1","CurseOfTheBell","champ:RisingSlash+1","champ:Haymaker+1","champ:IgnorePain"],"relics":["champ:ChampionCrown","champ:LiftRelic","Nunchaku","Calling Bell","Regal Pillow","Molten Egg 2","hubris:Teleporter","champ:BerserkersGuideToSlaughter","downfall:HeartBlessingRed","downfall:HeartBlessingBlue","Potion Belt"],"acts_visited":["Exordium","TheCity"],"potions_floor_usage":[9,15,16,27,31,31],"damage_taken":[{"damage":10,"enemies":"Cultist","floor":2,"turns":3},{"damage":16,"enemies":"Jaw Worm","floor":3,"turns":3},{"damage":19,"enemies":"2 Louse","floor":4,"turns":2},{"damage":46,"enemies":"Exordium Thugs","floor":8,"turns":6},{"damage":45,"enemies":"downfall:FleeingMerchant","floor":9,"turns":4},{"damage":19,"enemies":"Gremlin Gang","floor":10,"turns":3},{"damage":0,"enemies":"Large Slime","floor":11,"turns":3},{"damage":15,"enemies":"Exordium Wildlife","floor":14,"turns":1},{"damage":48,"enemies":"Gremlin Gang","floor":15,"turns":3},{"damage":52,"enemies":"SI_SHIV_ARCHETYPE","floor":16,"turns":5},{"damage":20,"enemies":"Spheric Guardian","floor":20,"turns":3},{"damage":54,"enemies":"Centurion and Healer","floor":21,"turns":5},{"damage":48,"enemies":"Snecko","floor":25,"turns":5},{"damage":48,"enemies":"Shelled Parasite and Fungi","floor":27,"turns":4},{"damage":59,"enemies":"Sentry and Sphere","floor":29,"turns":5},{"damage":32,"enemies":"Gremlin Leader","floor":31,"turns":5},{"damage":30,"enemies":"Cultist and Chosen","floor":32,"turns":4},{"damage":84,"enemies":"DF_ARCHETYPE_CLAW","floor":33,"turns":5}],"seed_played":"-5110566469592162824","potions_obtained":[{"floor":4,"key":"Swift Potion"},{"floor":10,"key":"ColorlessPotion"},{"floor":11,"key":"Regen Potion"},{"floor":16,"key":"Energy Potion"},{"floor":21,"key":"Energy Potion"},{"floor":29,"key":"Block Potion"},{"floor":31,"key":"hexamod:SoulburnPotion"}],"is_trial":false,"path_per_floor":["R","M","M","M","?","R","T","M","$","M","M","?","R","M","M","B",null,"R","?","M","M","?","R","T","M","R","M","M","R","E","M","B"],"character_chosen":"THE_CHAMP","items_purchased":["champ:FanOfKnives","Fruit Juice"],"campfire_rested":0,"item_purchase_floors":[9,9],"current_hp_per_floor":[90,90,84,80,80,80,80,69,74,70,70,65,65,65,47,44,95,95,95,95,81,81,81,81,78,88,65,51,51,49,54,0,0,0],"gold":91,"neow_bonus":"RANDOM_COLORLESS","is_daily":false,"chose_seed":false,"campfire_upgraded":6,"win_rate":0.0,"timestamp":1611219078,"path_taken":["R","M","M","M","?","R","T","M","?","M","M","?","R","M","M","BOSS","R","?","M","?","?","R","T","M","R","M","M","R","E","M","BOSS"],"items_purchased_type":["Card","Potion"],"build_version":"2020-12-22","purchased_purges":0,"victory":false,"max_hp_per_floor":[90,90,90,90,90,90,90,90,95,95,95,95,95,95,95,95,95,95,95,95,95,95,95,95,95,105,105,105,105,105,105,105,105,105],"card_choices":[{"not_picked":["Bandage Up","Jack Of All Trades"],"picked":"Trip","floor":0},{"not_picked":["champ:ViciousMockery","champ:PreciseThrust"],"picked":"champ:CrookedStrike","floor":2},{"not_picked":["champ:CrownThrow","champ:BladeFlurry"],"picked":"champ:BerserkersShout","floor":3},{"not_picked":["champ:FancyFootwork","champ:SetATrap"],"picked":"champ:DeathBlow","floor":4},{"not_picked":["champ:AdrenalArmor","champ:CrownThrow"],"picked":"champ:FaceSlap","floor":8},{"not_picked":["champ:PreemptiveStrike","champ:Duel","champ:Circumvent"],"picked":"SKIP","floor":9},{"not_picked":["champ:RapidStrikes","champ:StanceDance"],"picked":"champ:FaceSlap","floor":10},{"not_picked":["champ:FanOfKnives","champ:DefensiveStyle"],"picked":"champ:VampiricStrike","floor":11},{"not_picked":["champ:RisingSlash","champ:GutPunch"],"picked":"champ:Backstep","floor":14},{"not_picked":["champ:PreciseThrust","champ:CalledShot"],"picked":"champ:AdrenalArmor","floor":15},{"not_picked":["champ:HeavySlash","champ:StrikeOfGenius"],"picked":"champ:LastStand","floor":16},{"not_picked":["champ:TornadoPunch+1","champ:Circumvent","champ:FlashCut+1"],"picked":"SKIP","floor":20},{"not_picked":["champ:Backstep+1","champ:CrownThrow+1","champ:FanOfKnives+1"],"picked":"SKIP","floor":21},{"not_picked":["champ:IronFortress","champ:Endure"],"picked":"champ:Haymaker+1","floor":25},{"not_picked":["champ:BerserkersShout","champ:GutPunch+1","champ:PreciseThrust+1"],"picked":"SKIP","floor":27},{"not_picked":["champ:EnGarde+1","champ:GutPunch+1","champ:DefensiveShout+1"],"picked":"SKIP","floor":29},{"not_picked":["champ:ViciousMockery","champ:BringItOn+1"],"picked":"champ:IgnorePain","floor":31},{"not_picked":["champ:TornadoPunch+1","champ:GutPunch+1","champ:GladiatorStyle"],"picked":"SKIP","floor":32}],"player_experience":933289,"relics_obtained":[{"floor":7,"key":"Nunchaku"},{"floor":17,"key":"Regal Pillow"},{"floor":17,"key":"Molten Egg 2"},{"floor":17,"key":"hubris:Teleporter"},{"floor":31,"key":"Potion Belt"}],"event_choices":[],"is_beta":false,"boss_relics":[{"not_picked":["hubris:RunicObelisk","SlaversCollar"],"picked":"Calling Bell"}],"items_purged_floors":[],"is_endless":false,"potions_floor_spawned":[4,10,11,14,16,21,29,31],"killed_by":"DF_ARCHETYPE_CLAW","ascension_level":0}}