{"host":"9c969dq3azt3tjy5","time":1611219129,"event":{"mods":["AchievementEnabler","BaseMod","Colored Powertips","Minty Spire (QoL Compilation)","Quick Restart","Rare Cards Sparkle","Waifu the Spire"],"gold_per_floor":[119,131,147,147,157,157,171,171,171,186,203,238,238,238,238,338,388,402,402,422,442,73,73,73,93,93,122,122,151,151,250,250,353,353,372,320,340,364,48,48,61,61,61,61,111,111,11,11,11,11,11,11,11,46,46],"floor_reached":56,"language":"RUS","playtime":3018,"items_purged":["Strike_R","Fire Breathing"],"score":1158,"play_id":"7ab26b12-698e-4add-8bf8-76a5e8e17417","local_time":"20210121205209","is_ascension_mode":false,"campfire_choices":[{"data":"Spot Weakness","floor":6,"key":"SMITH"},{"data":"Heavy Blade","floor":13,"key":"SMITH"},{"floor":15,"key":"REST"},{"floor":23,"key":"REST"},{"floor":28,"key":"REST"},{"data":"Armaments","floor":30,"key":"SMITH"},{"floor":32,"key":"REST"},{"data":"Limit Break","floor":40,"key":"SMITH"},{"data":"Demon Form","floor":42,"key":"SMITH"},{"data":"Spot Weakness","floor":44,"key":"SMITH"},{"data":"Infernal Blade","floor":46,"key":"SMITH"},{"floor":49,"key":"RECALL"},{"data":"Ghostly Armor","floor":52,"key":"SMITH"}],"circlet_count":0,"master_deck":["Strike_R+1","Strike_R","Strike_R","Strike_R+1","Defend_R","Defend_R","Defend_R","Defend_R","Bash","Cleave+1","Spot Weakness+1","Spot Weakness+1","Heavy Blade+1","Demon Form+1","Infernal Blade+1","Ghostly Armor+1","Whirlwind+1","Reaper","Armaments+1","Shrug It Off+1","Shrug It Off+1","Limit Break+1","Sword Boomerang+1"],"relics":["Burning Blood","Orichalcum","Regal Pillow","Oddly Smooth Stone","Self Forming Clay","Tiny House","Omamori","Bottled Flame","Tiny Chest","Lizard Tail","Cursed Key","Ice Cream","Whetstone","Paper Frog","Gambling Chip","Mummified Hand"],"acts_visited":["Exordium","TheCity","TheBeyond","TheEnding"],"potions_floor_usage":[20,27,27,41,55,55],"damage_taken":[{"damage":0,"enemies":"Cultist","floor":1,"turns":3},{"damage":6,"enemies":"Small Slimes","floor":2,"turns":2},{"damage":0,"enemies":"2 Louse","floor":3,"turns":2},{"damage":10,"enemies":"Large Slime","floor":5,"turns":6},{"damage":4,"enemies":"Looter","floor":7,"turns":3},{"damage":15,"enemies":"Exordium Thugs","floor":10,"turns":4},{"damage":9,"enemies":"Red Slaver","floor":11,"turns":3},{"damage":16,"enemies":"Gremlin Nob","floor":12,"turns":4},{"damage":59,"enemies":"The Guardian","floor":16,"turns":8},{"damage":10,"enemies":"Chosen","floor":18,"turns":6},{"damage":11,"enemies":"3 Byrds","floor":20,"turns":5},{"damage":51,"enemies":"Cultist and Chosen","floor":21,"turns":7},{"damage":9,"enemies":"Snecko","floor":25,"turns":4},{"damage":67,"enemies":"Book of Stabbing","floor":27,"turns":8},{"damage":42,"enemies":"Slavers","floor":29,"turns":5},{"damage":129,"enemies":"Collector","floor":33,"turns":10},{"damage":18,"enemies":"Orb Walker","floor":35,"turns":3},{"damage":9,"enemies":"3 Shapes","floor":37,"turns":7},{"damage":28,"enemies":"Writhing Mass","floor":41,"turns":7},{"damage":6,"enemies":"Mind Bloom Boss Battle","floor":45,"turns":7},{"damage":65,"enemies":"Awakened One","floor":50,"turns":11},{"damage":70,"enemies":"Shield and Spear","floor":54,"turns":6},{"damage":104,"enemies":"The Heart","floor":55,"turns":8}],"seed_played":"4329230175184947655","potions_obtained":[{"floor":2,"key":"SneckoOil"},{"floor":11,"key":"ColorlessPotion"},{"floor":12,"key":"Energy Potion"},{"floor":16,"key":"FairyPotion"},{"floor":17,"key":"LiquidMemories"},{"floor":25,"key":"ElixirPotion"},{"floor":33,"key":"DuplicationPotion"},{"floor":37,"key":"SkillPotion"},{"floor":45,"key":"Energy Potion"}],"is_trial":false,"path_per_floor":["M","M","M","?","M","R","M","?","T","M","M","E","R","$","R","B",null,"M","?","M","M","$","R","$","M","T","E","R","E","R","?","R","B",null,"M","?","M","T","$","R","M","R","T","R","?","R","$","?","R","B",null,"R","$","E","B",null],"character_chosen":"IRONCLAD","items_purchased":["Reaper","Omamori","Limit Break","Whetstone"],"campfire_rested":4,"item_purchase_floors":[22,22,39,39],"current_hp_per_floor":[80,80,80,80,76,76,78,71,71,62,59,49,49,49,80,27,85,81,81,76,31,31,71,71,84,84,34,74,49,49,49,85,16,85,73,73,85,85,85,85,85,85,85,85,85,85,85,85,85,26,85,85,85,21,27],"gold":46,"neow_bonus":"RANDOM_COMMON_RELIC","is_daily":false,"chose_seed":false,"campfire_upgraded":8,"win_rate":0.0,"timestamp":1611219129,"path_taken":["M","?","M","?","M","R","M","?","T","M","M","E","R","$","R","BOSS","M","?","M","M","$","R","$","M","T","E","R","E","R","?","R","BOSS","M","?","?","?","$","R","M","R","T","R","?","R","$","?","R","BOSS","R","$","E","BOSS"],"items_purchased_type":["Card","Relic","Card","Relic"],"build_version":"2020-12-22","purchased_purges":2,"victory":true,"max_hp_per_floor":[80,80,80,80,80,80,80,80,80,80,80,80,80,80,80,80,85,85,85,85,85,85,85,85,85,85,85,85,85,85,85,85,85,85,85,85,85,85,85,85,85,85,85,85,85,85,85,85,85,85,85,85,85,85,85],"card_choices":[{"not_picked":["Clash","Sword Boomerang"],"picked":"Cleave","floor":1},{"not_picked":["Sword Boomerang","Second Wind","Cleave"],"picked":"SKIP","floor":2},{"not_picked":["Heavy Blade","Body Slam"],"picked":"Spot Weakness","floor":3},{"not_picked":["Clash","True Grit"],"picked":"Spot Weakness","floor":5},{"not_picked":["True Grit","Pommel Strike"],"picked":"Heavy Blade","floor":7},{"not_picked":["Reckless Charge","Entrench","Rage"],"picked":"SKIP","floor":10},{"not_picked":["Anger","Second Wind","Power Through"],"picked":"SKIP","floor":11},{"not_picked":["Carnage","Body Slam","Headbutt"],"picked":"SKIP","floor":12},{"not_picked":["Bludgeon","Immolate"],"picked":"Demon Form","floor":16},{"not_picked":["Searing Blow","Hemokinesis"],"picked":"Infernal Blade","floor":17},{"not_picked":["Flex","Iron Wave","Heavy Blade"],"picked":"SKIP","floor":18},{"not_picked":["True Grit","Rampage"],"picked":"Ghostly Armor","floor":20},{"not_picked":["Spot Weakness","Clash"],"picked":"Whirlwind+1","floor":21},{"not_picked":["Twin Strike+1","Cleave","Flex+1"],"picked":"SKIP","floor":25},{"not_picked":["Dropkick","Wild Strike","Fiend Fire"],"picked":"SKIP","floor":27},{"not_picked":["Clash","Ghostly Armor"],"picked":"Armaments","floor":29},{"not_picked":["Fiend Fire","Exhume"],"picked":"Reaper","floor":33},{"not_picked":["Fire Breathing+1","Dropkick"],"picked":"Shrug It Off+1","floor":35},{"not_picked":["True Grit+1","Headbutt"],"picked":"Shrug It Off+1","floor":37},{"not_picked":["Flex+1","Perfected Strike","True Grit"],"picked":"SKIP","floor":41},{"not_picked":["Headbutt","Rupture+1"],"picked":"Sword Boomerang+1","floor":54}],"player_experience":186876,"relics_obtained":[{"floor":9,"key":"Oddly Smooth Stone"},{"floor":12,"key":"Self Forming Clay"},{"floor":26,"key":"Bottled Flame"},{"floor":27,"key":"Tiny Chest"},{"floor":29,"key":"Lizard Tail"},{"floor":43,"key":"Paper Frog"},{"floor":45,"key":"Gambling Chip"},{"floor":54,"key":"Mummified Hand"}],"event_choices":[{"damage_healed":0,"gold_gain":0,"player_choice":"Ignored","damage_taken":0,"max_hp_gain":0,"max_hp_loss":0,"event_name":"Liars Game","floor":4,"gold_loss":0},{"damage_healed":0,"gold_gain":0,"player_choice":"Success","damage_taken":7,"relics_obtained":["Regal Pillow"],"max_hp_gain":0,"max_hp_loss":0,"event_name":"Scrap Ooze","floor":8,"gold_loss":0},{"damage_healed":0,"gold_gain":0,"player_choice":"Read","damage_taken":0,"max_hp_gain":0,"max_hp_loss":0,"event_name":"The Library","floor":19,"gold_loss":0,"cards_obtained":["Fire Breathing"]},{"damage_healed":0,"gold_gain":99,"player_choice":"Stole From Cult","damage_taken":0,"max_hp_gain":0,"max_hp_loss":0,"event_name":"Nest","floor":31,"gold_loss":0},{"damage_healed":0,"gold_gain":0,"player_choice":"Paid Gold","damage_taken":0,"relics_obtained":["Ice Cream"],"max_hp_gain":0,"max_hp_loss":0,"event_name":"WeMeetAgain","floor":36,"gold_loss":52},{"damage_healed":0,"gold_gain":0,"player_choice":"Fight","damage_taken":0,"max_hp_gain":0,"max_hp_loss":0,"event_name":"MindBloom","floor":45,"gold_loss":0},{"cards_removed":["Reaper"],"damage_healed":0,"gold_gain":0,"player_choice":"Removed Attack","damage_taken":0,"max_hp_gain":0,"max_hp_loss":0,"event_name":"Falling","floor":48,"gold_loss":0}],"is_beta":false,"boss_relics":[{"not_picked":["Empty Cage","Astrolabe"],"picked":"Tiny House"},{"not_picked":["Philosopher\u0027s Stone","Velvet Choker"],"picked":"Cursed Key"}],"items_purged_floors":[22,47],"is_endless":false,"potions_floor_spawned":[2,11,12,16,25,33,37,45],"ascension_level":0}}