{"host":"z9811rt50ti81n54","time":1611199529,"event":{"mods":["BaseMod","Better Match","Better Skull","Better Third Choice","Minty Spire (QoL Compilation)","Permanent Neow","StSLib","SuperFastMode"],"gold_per_floor":[109,120,48,48,48,48,48,48,72,72,86,99,99,113,113,214,214,230,230,246,256,256,25,42,42,42,42,42,60,60,75,75,178,178,188,41,1040,1040,1057,1057,1076,1076,1076,247,266,266,266,279,279,279],"floor_reached":51,"language":"ENG","playtime":1450,"items_purged":["Defend_G","Shame","Normality"],"score":687,"play_id":"6413e0b9-baf4-4dac-ac15-bb31dc962ed5","local_time":"20210121122529","is_ascension_mode":false,"campfire_choices":[{"data":"1","floor":6.0,"key":"LIFT"},{"data":"2","floor":8.0,"key":"LIFT"},{"data":"3","floor":10.0,"key":"LIFT"},{"data":"Footwork","floor":13.0,"key":"SMITH"},{"floor":15.0,"key":"REST"},{"data":"Envenom","floor":25.0,"key":"SMITH"},{"floor":32,"key":"REST"},{"data":"A Thousand Cuts","floor":40,"key":"SMITH"},{"floor":46,"key":"REST"},{"floor":49,"key":"REST"}],"circlet_count":0,"master_deck":["Defend_G","Defend_G","Defend_G+1","Survivor","Neutralize","Blade Dance","Blade Dance","Footwork+1","Tools of the Trade","Corpse Explosion","Finisher","Cloak And Dagger","Envenom+1","Calculated Gamble","Dodge and Roll","Deflect","Expertise","Caltrops","Blur","Phantasmal Killer","A Thousand Cuts+1","Leg Sweep+1","Backflip","Normality","Envenom","Apotheosis","Footwork","Dodge and Roll","A Thousand Cuts"],"relics":["Ring of the Snake","Girya","Orichalcum","ClockworkSouvenir","Blue Candle","Happy Flower","Nloth\u0027s Gift","Ancient Tea Set","Runic Dome","Pocketwatch","Bottled Lightning","Toolbox","Vajra"],"acts_visited":["Exordium","TheCity","TheBeyond"],"potions_floor_usage":[29,33,33,33],"damage_taken":[{"damage":5.0,"enemies":"2 Louse","floor":1.0,"turns":4.0},{"damage":4.0,"enemies":"Jaw Worm","floor":2.0,"turns":4.0},{"damage":0.0,"enemies":"Small Slimes","floor":11.0,"turns":2.0},{"damage":5.0,"enemies":"Exordium Thugs","floor":12.0,"turns":3.0},{"damage":1.0,"enemies":"Exordium Wildlife","floor":14.0,"turns":3.0},{"damage":1.0,"enemies":"The Guardian","floor":16.0,"turns":14.0},{"damage":5.0,"enemies":"Chosen","floor":18.0,"turns":4.0},{"damage":4.0,"enemies":"Spheric Guardian","floor":20.0,"turns":6.0},{"damage":17.0,"enemies":"Snake Plant","floor":21.0,"turns":5.0},{"damage":14.0,"enemies":"3 Cultists","floor":24.0,"turns":4.0},{"damage":1,"enemies":"Centurion and Healer","floor":29,"turns":4},{"damage":13,"enemies":"Sentry and Sphere","floor":31,"turns":5},{"damage":39,"enemies":"Automaton","floor":33,"turns":8},{"damage":0,"enemies":"Orb Walker","floor":35,"turns":2},{"damage":12,"enemies":"3 Shapes","floor":39,"turns":3},{"damage":13,"enemies":"3 Darklings","floor":41,"turns":5},{"damage":10,"enemies":"4 Shapes","floor":45,"turns":5},{"damage":8,"enemies":"Jaw Worm Horde","floor":48,"turns":2},{"damage":25,"enemies":"Time Eater","floor":50,"turns":11}],"seed_played":"7824467091153596853","potions_obtained":[{"floor":11.0,"key":"SteroidPotion"},{"floor":16.0,"key":"GamblersBrew"},{"floor":24.0,"key":"Regen Potion"},{"floor":29,"key":"Block Potion"},{"floor":31,"key":"BlessingOfTheForge"},{"floor":33,"key":"FairyPotion"},{"floor":39,"key":"Block Potion"}],"is_trial":false,"path_per_floor":["M","M","$","?","?","R","?","R","T","R","M","M","R","M","R","B",null,"M","?","M","M","?","$","M","R","T","?","?","M","?","M","R","B",null,"M","$","?","?","M","R","M","?","T","$","M","R","?","M","R","B",null],"character_chosen":"THE_SILENT","items_purchased":["Footwork","ClockworkSouvenir","Backflip","Bottled Lightning","Footwork","Dodge and Roll","Toolbox","Vajra","Swift Potion"],"campfire_rested":4,"item_purchase_floors":[3,23,36,44,44,44,44,44,44],"current_hp_per_floor":[44,40,40,26,26,26,26,26,26,26,26,21,21,20,41,40,70,65,65,61,44,44,44,30,30,30,30,30,41,41,28,49,10,70,70,70,70,66,54,54,41,41,41,41,31,50,50,42,61,36],"gold":279,"neow_bonus":"ONE_RARE_RELIC","is_daily":false,"chose_seed":false,"campfire_upgraded":3,"win_rate":0.0,"timestamp":1611199529,"path_taken":["M","M","$","?","?","R","?","R","T","R","M","?","R","M","R","BOSS","M","?","M","?","?","?","M","R","T","?","?","?","?","M","R","BOSS","M","$","?","?","?","R","M","?","T","$","M","R","?","M","R","BOSS"],"items_purchased_type":["Card","Relic","Card","Relic","Card","Card","Relic","Relic","Potion"],"build_version":"2020-12-22","purchased_purges":3,"victory":true,"max_hp_per_floor":[70,70,70,70,70,70,70,70,70,70,70,70,70,70,70,70,70,70,70,70,70,70,70,70,70,70,70,70,70,70,70,70,70,70,70,70,70,66,66,66,66,66,66,66,66,66,66,66,66,66],"card_choices":[{"not_picked":["Prepared","Concentrate"],"picked":"Blade Dance","floor":1.0},{"not_picked":["Crippling Poison","Dodge and Roll"],"picked":"Blade Dance","floor":2.0},{"not_picked":["Dash","PiercingWail"],"picked":"Corpse Explosion","floor":11.0},{"not_picked":["Cloak And Dagger","PiercingWail"],"picked":"Finisher","floor":12.0},{"not_picked":["Infinite Blades","Deflect"],"picked":"Cloak And Dagger","floor":14.0},{"not_picked":["Corpse Explosion","Die Die Die"],"picked":"Envenom","floor":16.0},{"not_picked":["Flying Knee","Dagger Throw"],"picked":"Calculated Gamble","floor":18.0},{"not_picked":["Skewer","Prepared"],"picked":"Dodge and Roll","floor":20.0},{"not_picked":["Deflect","Dodge and Roll","Dagger Throw"],"picked":"SKIP","floor":21.0},{"not_picked":["Dodge and Roll","Dagger Throw"],"picked":"Deflect","floor":21.0},{"not_picked":["Quick Slash","Accuracy"],"picked":"Blur","floor":24.0},{"not_picked":["Tactician","Cloak And Dagger"],"picked":"Unload","floor":29},{"not_picked":["PiercingWail","Backstab+1"],"picked":"Phantasmal Killer","floor":31},{"not_picked":["Adrenaline","Storm of Steel"],"picked":"A Thousand Cuts","floor":33},{"not_picked":["Quick Slash+1","Cloak And Dagger"],"picked":"Leg Sweep+1","floor":35},{"not_picked":["Noxious Fumes","Deadly Poison+1"],"picked":"Envenom","floor":39},{"not_picked":["Deadly Poison+1","Blade Dance+1","Flying Knee+1"],"picked":"SKIP","floor":41},{"not_picked":["Mind Blast","PanicButton"],"picked":"Apotheosis","floor":42},{"not_picked":["Deflect+1","Blade Dance","PiercingWail"],"picked":"SKIP","floor":45},{"not_picked":["Poisoned Stab","A Thousand Cuts","Slice+1"],"picked":"SKIP","floor":48},{"not_picked":["Poisoned Stab","Slice+1"],"picked":"A Thousand Cuts","floor":48}],"player_experience":402506,"relics_obtained":[{"floor":9.0,"key":"Orichalcum"},{"floor":26.0,"key":"Blue Candle"},{"floor":43,"key":"Pocketwatch"}],"event_choices":[{"damage_healed":0.0,"max_hp_gain":0.0,"max_hp_loss":0.0,"gold_gain":0.0,"event_name":"Shining Light","player_choice":"Entered Light","floor":4.0,"gold_loss":0.0,"damage_taken":14.0,"cards_upgraded":["Defend_G","Strike_G"]},{"damage_healed":0.0,"max_hp_gain":0.0,"max_hp_loss":0.0,"gold_gain":0.0,"event_name":"Liars Game","player_choice":"Ignored","floor":5.0,"gold_loss":0.0,"damage_taken":0.0},{"damage_healed":0.0,"max_hp_gain":0.0,"max_hp_loss":0.0,"gold_gain":0.0,"cards_transformed":["Strike_G"],"event_name":"Transmorgrifier","player_choice":"Transformed","floor":7.0,"gold_loss":0.0,"damage_taken":0.0,"cards_obtained":["Tools of the Trade"]},{"cards_removed":["Strike_G"],"damage_healed":0.0,"max_hp_gain":0.0,"max_hp_loss":0.0,"gold_gain":0.0,"event_name":"Purifier","player_choice":"Purged","floor":19.0,"gold_loss":0.0,"damage_taken":0.0},{"damage_healed":0.0,"max_hp_gain":0.0,"max_hp_loss":0.0,"gold_gain":0.0,"cards_transformed":["Strike_G","Defend_G"],"event_name":"Drug Dealer","player_choice":"Became Test Subject","floor":22.0,"gold_loss":0.0,"damage_taken":0.0,"cards_obtained":["Expertise","Caltrops"]},{"damage_healed":0,"gold_gain":0,"player_choice":"Stole Relic","damage_taken":0,"relics_obtained":["Happy Flower"],"max_hp_gain":0,"max_hp_loss":0,"event_name":"Addict","floor":27,"gold_loss":0,"cards_obtained":["Shame"]},{"damage_healed":0,"gold_gain":0,"player_choice":"Traded Relic","damage_taken":0,"relics_obtained":["Nloth\u0027s Gift"],"max_hp_gain":0,"max_hp_loss":0,"event_name":"N\u0027loth","floor":28,"relics_lost":["Empty Cage"],"gold_loss":0},{"damage_healed":0,"gold_gain":0,"player_choice":"Opened","damage_taken":0,"relics_obtained":["Ancient Tea Set"],"max_hp_gain":0,"max_hp_loss":0,"event_name":"The Mausoleum","floor":30,"gold_loss":0},{"damage_healed":0,"gold_gain":999,"player_choice":"Gold","damage_taken":0,"max_hp_gain":0,"max_hp_loss":0,"event_name":"MindBloom","floor":37,"gold_loss":0,"cards_obtained":["Normality","Normality"]},{"damage_healed":0,"gold_gain":0,"player_choice":"Max HP","damage_taken":0,"max_hp_gain":0,"max_hp_loss":4,"event_name":"Winding Halls","floor":38,"gold_loss":0},{"damage_healed":0,"gold_gain":0,"player_choice":"Memory 1","damage_taken":0,"max_hp_gain":0,"max_hp_loss":0,"event_name":"SensoryStone","floor":42,"gold_loss":0},{"cards_removed":["Unload"],"damage_healed":0,"gold_gain":0,"player_choice":"Removed Attack","damage_taken":0,"max_hp_gain":0,"max_hp_loss":0,"event_name":"Falling","floor":47,"gold_loss":0}],"is_beta":false,"boss_relics":[{"not_picked":["Black Star","WristBlade"],"picked":"Empty Cage"},{"not_picked":["HoveringKite","Fusion Hammer"],"picked":"Runic Dome"}],"items_purged_floors":[23,36,44],"is_endless":false,"potions_floor_spawned":[11,16,24,29,31,33,39,48],"ascension_level":0}}