{"host":"fxrgx7wt2cpkbhka","time":1611210349,"event":{"mods":["AchievementEnabler","BaseMod","Colored Powertips","Minty Spire (QoL Compilation)","Permanent Neow","Quick Restart","Slay-I","StSLib","Waifu the Spire"],"gold_per_floor":[110,110,64,78,88,123,123,123,123,135,151,151,151,165,165,263,263,274,274,17,37,48,48,48,67,67,87,100,100,25,25,25,25,25],"floor_reached":33,"language":"ENG","playtime":1224,"items_purged":[],"score":374,"play_id":"ecc000d7-a97f-470d-a8e0-48f0ab05dbae","local_time":"20210120222549","is_ascension_mode":true,"campfire_choices":[{"data":"Dodge and Roll","floor":8,"key":"SMITH"},{"data":"Noxious Fumes","floor":15,"key":"SMITH"},{"floor":23,"key":"REST"},{"floor":29,"key":"REST"},{"data":"Noxious Fumes","floor":32,"key":"SMITH"}],"circlet_count":0,"master_deck":["AscendersBane","Strike_G+1","Strike_G+1","Strike_G+1","Strike_G+1","Defend_G+1","Defend_G+1","Defend_G+1","Defend_G+1","Defend_G+1","Survivor","Neutralize+1","Sucker Punch","Dodge and Roll+1","Poisoned Stab+1","Backflip","Sucker Punch","All Out Attack","Noxious Fumes+1","Unload","Noxious Fumes+1","Dodge and Roll","Dodge and Roll+1","Parasite"],"relics":["Ring of the Snake","Darkstone Periapt","The Courier","Cursed Key","Mercury Hourglass","Frozen Egg 2","Paper Crane"],"acts_visited":["Exordium","TheCity"],"potions_floor_usage":[],"damage_taken":[{"damage":3,"enemies":"Jaw Worm","floor":1,"turns":7},{"damage":5,"enemies":"Cultist","floor":4,"turns":7},{"damage":0,"enemies":"2 Louse","floor":5,"turns":3},{"damage":19,"enemies":"3 Sentries","floor":6,"turns":13},{"damage":0,"enemies":"Looter","floor":10,"turns":4},{"damage":0,"enemies":"Blue Slaver","floor":11,"turns":3},{"damage":0,"enemies":"Large Slime","floor":14,"turns":5},{"damage":13,"enemies":"The Guardian","floor":16,"turns":12},{"damage":21,"enemies":"3 Byrds","floor":18,"turns":5},{"damage":4,"enemies":"Spheric Guardian","floor":21,"turns":4},{"damage":5,"enemies":"Cultist and Chosen","floor":22,"turns":6},{"damage":20,"enemies":"Sentry and Sphere","floor":25,"turns":6},{"damage":10,"enemies":"Snecko","floor":27,"turns":6},{"damage":4,"enemies":"Centurion and Healer","floor":28,"turns":6},{"damage":55,"enemies":"Automaton","floor":33,"turns":10}],"seed_played":"5514883332964800857","potions_obtained":[{"floor":5,"key":"FearPotion"},{"floor":6,"key":"CunningPotion"},{"floor":11,"key":"PowerPotion"}],"is_trial":false,"path_per_floor":["M","?","$","M","M","E","?","R","T","M","M","$","?","M","R","B",null,"M","?","$","M","M","R","?","M","T","M","M","R","?","?","R","B"],"character_chosen":"THE_SILENT","items_purchased":["Dodge and Roll","Noxious Fumes","Mercury Hourglass"],"campfire_rested":2,"item_purchase_floors":[3,20,20],"current_hp_per_floor":[60,60,60,55,55,36,36,36,36,36,36,36,36,36,36,23,58,37,37,37,33,28,49,55,35,41,31,27,51,51,51,51,0,0],"gold":25,"neow_bonus":"UPGRADE_CARD","is_daily":false,"chose_seed":false,"campfire_upgraded":3,"win_rate":0.0,"timestamp":1611210349,"path_taken":["M","?","?","?","M","E","?","R","T","M","M","$","?","M","R","BOSS","M","?","$","M","M","R","?","M","T","M","M","R","?","?","R","BOSS"],"items_purchased_type":["Card","Card","Relic"],"build_version":"2020-12-22","purchased_purges":0,"victory":false,"max_hp_per_floor":[70,70,70,70,70,70,70,70,70,70,70,70,70,70,70,70,70,70,70,70,70,70,70,76,76,82,82,82,82,82,82,82,82,82],"card_choices":[{"not_picked":["Dodge and Roll","Backflip"],"picked":"Sucker Punch","floor":1},{"not_picked":["Quick Slash","Acrobatics"],"picked":"Poisoned Stab","floor":4},{"not_picked":["Dodge and Roll","All Out Attack"],"picked":"Backflip","floor":5},{"not_picked":["Backflip","PiercingWail"],"picked":"Sucker Punch","floor":6},{"not_picked":["Concentrate","Flying Knee"],"picked":"All Out Attack","floor":10},{"not_picked":["Setup","Leg Sweep","PiercingWail"],"picked":"SKIP","floor":11},{"not_picked":["Leg Sweep","Terror"],"picked":"Noxious Fumes","floor":14},{"not_picked":["Envenom","Tools of the Trade"],"picked":"Unload","floor":16},{"not_picked":["Skewer+1","Concentrate+1","Prepared"],"picked":"SKIP","floor":18},{"not_picked":["Slice+1","Finisher","Tactician"],"picked":"SKIP","floor":21},{"not_picked":["Sucker Punch+1","Calculated Gamble"],"picked":"Dodge and Roll","floor":22},{"not_picked":["Blade Dance","Acrobatics+1"],"picked":"Dodge and Roll+1","floor":25},{"not_picked":["Burst","Backflip","Dagger Throw"],"picked":"SKIP","floor":27},{"not_picked":["Slice","Backflip+1","Catalyst"],"picked":"SKIP","floor":28}],"player_experience":722268,"relics_obtained":[{"floor":6,"key":"Darkstone Periapt"},{"floor":9,"key":"The Courier"},{"floor":26,"key":"Paper Crane"}],"event_choices":[{"cards_removed":["Strike_G"],"damage_healed":0,"gold_gain":0,"player_choice":"Offered Basic","damage_taken":0,"max_hp_gain":0,"max_hp_loss":0,"event_name":"Bonfire Elementals","floor":2,"gold_loss":0},{"damage_healed":0,"gold_gain":0,"player_choice":"Grow","damage_taken":0,"max_hp_gain":0,"max_hp_loss":0,"event_name":"Living Wall","floor":7,"gold_loss":0,"cards_upgraded":["Poisoned Stab"]},{"damage_healed":0,"gold_gain":0,"player_choice":"Ignored","damage_taken":0,"max_hp_gain":0,"max_hp_loss":0,"event_name":"Golden Idol","floor":13,"gold_loss":0},{"damage_healed":0,"gold_gain":0,"player_choice":"Simplicity","damage_taken":0,"max_hp_gain":0,"max_hp_loss":0,"event_name":"Back to Basics","floor":19,"gold_loss":0,"cards_upgraded":["Strike_G","Strike_G","Strike_G","Strike_G","Defend_G","Defend_G","Defend_G","Defend_G","Defend_G"]},{"damage_healed":0,"gold_gain":0,"player_choice":"Opened","damage_taken":0,"relics_obtained":["Frozen Egg 2"],"max_hp_gain":0,"max_hp_loss":0,"event_name":"The Mausoleum","floor":24,"gold_loss":0,"cards_obtained":["Writhe"]},{"cards_removed":["Writhe"],"damage_healed":0,"gold_gain":0,"player_choice":"Gave Gold","damage_taken":0,"max_hp_gain":0,"max_hp_loss":0,"event_name":"Beggar","floor":30,"gold_loss":75},{"damage_healed":0,"gold_gain":0,"player_choice":"Ignored","damage_taken":0,"max_hp_gain":0,"max_hp_loss":0,"event_name":"Vampires","floor":31,"gold_loss":0}],"is_beta":false,"boss_relics":[{"not_picked":["Runic Pyramid","Coffee Dripper"],"picked":"Cursed Key"}],"items_purged_floors":[],"is_endless":false,"potions_floor_spawned":[5,6,11,22,27],"killed_by":"Automaton","ascension_level":10}}