{"host":"dubvjd3hvlwuhjqk","time":1611229592,"event":{"mods":["AchievementEnabler","BaseMod","Better Match","Better Third Choice","BetterRewards","ChefMod","Colored Map","Colored Powertips","Conspire","Curses Come First","Downfall","Energized Spire","Googly Eyes","GungeonMod","Hermit","Hubris","Infinite Spire","JesterMod","Minty Spire (QoL Compilation)","Permanent Neow","Quick Restart","Robot Space Explorer","Shade Mod","Shop Mod","StSLib","The Bladedancer","The Cursed","The Hayseed","The Jungle","TheBandit","UnlockEverythingMod","egg"],"gold_per_floor":[17,28,28,39,49,75,75,75,127,127,144,170,183,198,198,295,295,306,322,15,32,32,32,32,32],"floor_reached":24,"language":"ENG","playtime":1354,"items_purged":[],"score":210,"play_id":"a0e6c320-7ba7-47f4-ae6f-e7f167bc1819","local_time":"20210121134632","is_ascension_mode":false,"campfire_choices":[{"data":"jesterMod:Juggle","floor":8,"key":"SMITH"},{"data":"jesterMod:Haste","floor":10,"key":"SMITH"},{"floor":15,"key":"REST"},{"data":"jesterMod:Schizophrenia","floor":23,"key":"SMITH"}],"circlet_count":0,"master_deck":["jesterMod:Strike","jesterMod:Strike","jesterMod:Sickle","jesterMod:Defend","jesterMod:Defend","jesterMod:Defend","jesterMod:Defend","jesterMod:Dodge","jesterMod:Juggle+1","jesterMod:OblivionStrike","jesterMod:Precipitation","jesterMod:Finale","jesterMod:Feint","jesterMod:Haste+1","jesterMod:Unleash","jesterMod:JackInTheBox","jesterMod:Unleash","jesterMod:QuickStrike","jesterMod:Squander","jesterMod:Schizophrenia+1","jesterMod:DancingMad+1"],"relics":["jesterMod:JesterCap","Omamori","infinitespire:Lucky Rock","Akabeko","Busted Crown","hubris:Spice"],"acts_visited":["Exordium","TheCity"],"potions_floor_usage":[12,21],"damage_taken":[{"damage":13,"enemies":"infinitespire:Voidling","floor":1,"turns":4},{"damage":0,"enemies":"Small Slimes","floor":2,"turns":3},{"damage":0,"enemies":"Cultist","floor":4,"turns":1},{"damage":3,"enemies":"Looter","floor":5,"turns":3},{"damage":19,"enemies":"Lagavulin","floor":6,"turns":5},{"damage":4,"enemies":"Gremlin Gang","floor":11,"turns":4},{"damage":1,"enemies":"3 Sentries","floor":12,"turns":6},{"damage":5,"enemies":"Large Slime","floor":13,"turns":5},{"damage":4,"enemies":"3 Louse","floor":14,"turns":3},{"damage":35,"enemies":"Hexaghost","floor":16,"turns":9},{"damage":7,"enemies":"Shell Parasite","floor":18,"turns":4},{"damage":0,"enemies":"Chosen","floor":19,"turns":3},{"damage":29,"enemies":"conspire:HollyBat","floor":21,"turns":5},{"damage":41,"enemies":"Slavers","floor":24,"turns":3}],"seed_played":"-3711073642664810773","potions_obtained":[{"floor":1,"key":"DemoMod:LeadSkinPotion"},{"floor":12,"key":"EssenceOfSteel"},{"floor":18,"key":"SkillPotion"}],"is_trial":false,"path_per_floor":["M","M","?","M","M","E","$","R","T","R","M","E","M","M","R","B",null,"M","M","$","M","?","R","E"],"character_chosen":"THE_JESTER","items_purchased":["hubris:Spice"],"campfire_rested":1,"item_purchase_floors":[20],"current_hp_per_floor":[57,57,57,57,54,35,35,35,35,35,31,30,25,21,42,7,70,63,63,71,42,42,42,1,1],"gold":32,"neow_bonus":"THREE_RARE_CARDS","is_daily":false,"chose_seed":false,"campfire_upgraded":3,"win_rate":0.0,"timestamp":1611229592,"path_taken":["M","?","?","M","M","E","$","R","T","R","?","E","M","M","R","BOSS","M","M","$","M","?","R","E"],"items_purchased_type":["Relic"],"build_version":"2020-12-22","purchased_purges":0,"victory":false,"max_hp_per_floor":[70,70,70,70,70,70,70,70,70,70,70,70,70,70,70,70,70,70,70,78,78,78,78,78,78],"card_choices":[{"not_picked":["jesterMod:Encore","jesterMod:LaughingGas"],"picked":"jesterMod:Juggle","floor":0},{"not_picked":["jesterMod:Anticipation","jesterMod:DancingMad"],"picked":"jesterMod:OblivionStrike","floor":1},{"not_picked":["jesterMod:Flee","jesterMod:Feint"],"picked":"jesterMod:Precipitation","floor":2},{"not_picked":["jesterMod:Twirl","jesterMod:JugglerBlade"],"picked":"jesterMod:Feint","floor":4},{"not_picked":["jesterMod:BouncingKnife","jesterMod:Feint"],"picked":"jesterMod:Haste","floor":5},{"not_picked":["jesterMod:HitAndRun","jesterMod:Illness"],"picked":"jesterMod:Unleash","floor":6},{"not_picked":["jesterMod:Rebuff","jesterMod:Flee"],"picked":"jesterMod:JackInTheBox","floor":11},{"not_picked":["jesterMod:Arrythmia","jesterMod:Talion"],"picked":"jesterMod:Unleash","floor":12},{"not_picked":["jesterMod:HitAndRun","jesterMod:Swiftness","jesterMod:Flee"],"picked":"SKIP","floor":13},{"not_picked":["jesterMod:Disposophobia","jesterMod:JackInTheBox"],"picked":"jesterMod:QuickStrike","floor":14},{"not_picked":["jesterMod:ExperimentalTreatment","jesterMod:Placebo"],"picked":"jesterMod:Squander","floor":16},{"not_picked":[],"picked":"jesterMod:Schizophrenia","floor":18},{"not_picked":[],"picked":"jesterMod:DancingMad+1","floor":19},{"not_picked":["jesterMod:Procrastination"],"picked":"SKIP","floor":21}],"player_experience":86273,"relics_obtained":[{"floor":6,"key":"Omamori"},{"floor":9,"key":"infinitespire:Lucky Rock"},{"floor":12,"key":"Akabeko"}],"event_choices":[{"damage_healed":0,"gold_gain":0,"cards_transformed":["jesterMod:Strike"],"player_choice":"Transformed","damage_taken":0,"max_hp_gain":0,"max_hp_loss":0,"event_name":"Transmorgrifier","floor":3,"gold_loss":0,"cards_obtained":["jesterMod:Finale"]},{"cards_removed":["jesterMod:Strike"],"damage_healed":0,"gold_gain":0,"player_choice":"Offered Basic","damage_taken":0,"max_hp_gain":0,"max_hp_loss":0,"event_name":"Bonfire Elementals","floor":22,"gold_loss":0}],"is_beta":false,"boss_relics":[{"not_picked":["hubris:BlackHole","hubris:VirtuousBlindfold"],"picked":"Busted Crown"}],"items_purged_floors":[],"is_endless":false,"potions_floor_spawned":[1,12,18],"killed_by":"Slavers","ascension_level":0}}