{"host":"n91w9dq5l8qws978","time":1611245315,"event":{"mods":["BaseMod","Bestiary","Challenge The Spire","Custom Start","Defuse TimeMaze Blight","Keyboard Shortcuts","Minty Spire (QoL Compilation)","MonsterHotkey","Relic Stats","StSLib","Uncapped"],"gold_per_floor":[119,139,289,302,349,349,359,359,433,433,446,473,473,487,487,487,487],"floor_reached":16,"language":"ENG","playtime":558,"items_purged":[],"score":179,"play_id":"fb9a63b7-e576-4f81-a3e5-92d57397b651","local_time":"20210121160835","is_ascension_mode":true,"campfire_choices":[{"data":"Dagger Spray","floor":6,"key":"SMITH"},{"data":"Cloak And Dagger","floor":8,"key":"SMITH"},{"data":"Survivor","floor":10,"key":"SMITH"},{"data":"Dash","floor":13,"key":"SMITH"},{"data":"Choke","floor":15,"key":"SMITH"}],"circlet_count":0,"master_deck":["AscendersBane","Strike_G","Strike_G","Strike_G","Strike_G","Strike_G","Defend_G+1","Defend_G","Defend_G","Defend_G","Defend_G","Survivor+1","Neutralize+1","Dagger Spray+1","Blade Dance+1","Doubt","Cloak And Dagger+1","Dash+1","Choke+1","Flying Knee"],"relics":["Ring of the Snake","War Paint","Letter Opener","Matryoshka"],"acts_visited":["Exordium"],"potions_floor_usage":[12,16],"damage_taken":[{"damage":6,"enemies":"Jaw Worm","floor":1,"turns":8},{"damage":0,"enemies":"Small Slimes","floor":2,"turns":4},{"damage":2,"enemies":"2 Louse","floor":4,"turns":2},{"damage":4,"enemies":"Exordium Wildlife","floor":7,"turns":4},{"damage":0,"enemies":"Red Slaver","floor":11,"turns":3},{"damage":24,"enemies":"Lagavulin","floor":12,"turns":7},{"damage":0,"enemies":"2 Fungi Beasts","floor":14,"turns":3},{"damage":25,"enemies":"Hexaghost","floor":16,"turns":12}],"seed_played":"1214893493700728735","potions_obtained":[{"floor":1,"key":"PowerPotion"},{"floor":4,"key":"GamblersBrew"},{"floor":14,"key":"Energy Potion"}],"is_trial":false,"path_per_floor":["M","M","?","M","T","R","M","R","T","R","M","E","R","M","R","B"],"character_chosen":"THE_SILENT","items_purchased":[],"campfire_rested":0,"item_purchase_floors":[],"current_hp_per_floor":[53,53,53,51,51,51,47,47,47,47,47,23,23,23,23,0,0],"gold":487,"neow_bonus":"UPGRADE_CARD","is_daily":false,"chose_seed":false,"campfire_upgraded":5,"win_rate":0.0,"timestamp":1611245315,"path_taken":["M","M","?","M","?","R","M","R","T","R","M","E","R","M","R","BOSS"],"items_purchased_type":[],"build_version":"2020-12-22","purchased_purges":0,"victory":false,"max_hp_per_floor":[66,66,66,66,66,66,66,66,66,66,66,66,66,66,66,66,66],"relic_stats":{"counters":[8,43],"Letter Opener":[10],"War Paint":["Blade Dance","Defend_G"],"obtain_stats":[{"Matryoshka":12,"Letter Opener":9,"War Paint":5,"Ring of the Snake":0},{"Matryoshka":6,"Letter Opener":4,"War Paint":3,"Ring of the Snake":0},{"Matryoshka":28,"Letter Opener":18,"War Paint":14,"Ring of the Snake":0}],"Ring of the Snake":[16]},"card_choices":[{"not_picked":["Riddle With Holes","Accuracy"],"picked":"Dagger Spray","floor":1},{"not_picked":["Concentrate","Prepared"],"picked":"Blade Dance","floor":2},{"not_picked":["Bane","Calculated Gamble","Blade Dance"],"picked":"SKIP","floor":4},{"not_picked":["Noxious Fumes","Backflip"],"picked":"Cloak And Dagger","floor":7},{"not_picked":["Poisoned Stab","Riddle With Holes"],"picked":"Dash","floor":11},{"not_picked":["Flying Knee","Deadly Poison"],"picked":"Choke","floor":12},{"not_picked":["Sucker Punch","Slice"],"picked":"Flying Knee","floor":14}],"player_experience":403949,"relics_obtained":[{"floor":5,"key":"War Paint"},{"floor":9,"key":"Letter Opener"},{"floor":12,"key":"Matryoshka"}],"event_choices":[{"damage_healed":0,"gold_gain":150,"player_choice":"AGREE","damage_taken":0,"max_hp_gain":0,"max_hp_loss":0,"event_name":"Liars Game","floor":3,"gold_loss":0,"cards_obtained":["Doubt"]}],"is_beta":false,"boss_relics":[],"items_purged_floors":[],"is_endless":false,"potions_floor_spawned":[1,4,11,14],"killed_by":"Hexaghost","ascension_level":15}}