{"host":"3a1ypf1irl30q4k8","time":1611248833,"event":{"mods":["AchievementEnabler","BaseMod","Bestiary","Colored Map","Minty Spire (QoL Compilation)","Relic Stats"],"gold_per_floor":[115,132,9,26,36,65,65,78,78,78,111,130,130,130,130,235,235,255,255,273,273,273,273,285,305,305,265,294,294,310,345,345,345,345],"floor_reached":33,"language":"ENG","playtime":1376,"items_purged":["Strike_R"],"score":441,"play_id":"d8e8493f-46fb-40c3-a95c-1cb4720a7f71","local_time":"20210121170713","is_ascension_mode":true,"campfire_choices":[{"data":"Immolate","floor":7.0,"key":"SMITH"},{"data":"True Grit","floor":15.0,"key":"SMITH"},{"data":"Shockwave","floor":23.0,"key":"SMITH"},{"data":"Rupture","floor":29.0,"key":"SMITH"},{"floor":32,"key":"REST"}],"circlet_count":0,"master_deck":["Strike_R","Strike_R","Strike_R","Strike_R","Defend_R","Defend_R","Defend_R","Defend_R","Bash","Offering","Cleave","Thunderclap","True Grit+1","Immolate+1","Blood for Blood+1","Burning Pact","Headbutt+1","Shockwave+1","Rupture+1","Evolve","Bloodletting","Wild Strike+1","Power Through","Burning Pact+1"],"relics":["Black Blood","Molten Egg 2","HornCleat","Strawberry","Enchiridion","Nloth\u0027s Gift","Bottled Flame","CeramicFish"],"acts_visited":["Exordium","TheCity"],"potions_floor_usage":[],"damage_taken":[{"damage":7.0,"enemies":"Cultist","floor":1.0,"turns":3.0},{"damage":13.0,"enemies":"Jaw Worm","floor":2.0,"turns":2.0},{"damage":9.0,"enemies":"Small Slimes","floor":4.0,"turns":2.0},{"damage":0.0,"enemies":"3 Louse","floor":5.0,"turns":1.0},{"damage":6.0,"enemies":"Gremlin Nob","floor":6.0,"turns":2.0},{"damage":22.0,"enemies":"Lots of Slimes","floor":8.0,"turns":2.0},{"damage":36.0,"enemies":"Lagavulin","floor":11.0,"turns":5.0},{"damage":6.0,"enemies":"Large Slime","floor":12.0,"turns":2.0},{"damage":43.0,"enemies":"The Guardian","floor":16.0,"turns":8.0},{"damage":9.0,"enemies":"Shell Parasite","floor":18.0,"turns":3.0},{"damage":14.0,"enemies":"2 Thieves","floor":20.0,"turns":3.0},{"damage":16.0,"enemies":"Centurion and Healer","floor":24.0,"turns":2.0},{"damage":14.0,"enemies":"Snake Plant","floor":25.0,"turns":3.0},{"damage":0.0,"enemies":"Slavers","floor":28.0,"turns":2.0},{"damage":20.0,"enemies":"Cultist and Chosen","floor":30.0,"turns":3.0},{"damage":40.0,"enemies":"Book of Stabbing","floor":31.0,"turns":5.0},{"damage":110,"enemies":"Champ","floor":33,"turns":11}],"seed_played":"-2169599011683305984","potions_obtained":[{"floor":2.0,"key":"BloodPotion"},{"floor":4.0,"key":"AttackPotion"},{"floor":12.0,"key":"DuplicationPotion"},{"floor":18.0,"key":"EntropicBrew"},{"floor":25.0,"key":"Block Potion"},{"floor":27.0,"key":"LiquidMemories"},{"floor":27.0,"key":"Regen Potion"},{"floor":30.0,"key":"DistilledChaos"}],"is_trial":false,"path_per_floor":["M","M","$","M","M","E","R","M","T","?","E","M","?","T","R","B",null,"M","?","M","?","?","R","M","M","T","?","E","R","M","E","R","B"],"character_chosen":"IRONCLAD","items_purchased":["True Grit"],"campfire_rested":1,"item_purchase_floors":[3],"current_hp_per_floor":[55,48,48,45,51,51,51,51,51,80,57,57,57,57,57,20,87,87,97,95,79,79,79,75,73,73,73,90,90,82,54,83,0,0],"gold":345,"neow_bonus":"THREE_RARE_CARDS","is_daily":false,"chose_seed":false,"campfire_upgraded":4,"win_rate":0.0,"timestamp":1611248833,"path_taken":["M","M","$","?","M","E","R","M","T","?","E","?","?","?","R","BOSS","M","?","?","?","?","R","M","?","T","?","E","R","?","E","R","BOSS"],"items_purchased_type":["Card"],"build_version":"2020-12-22","purchased_purges":1,"victory":false,"max_hp_per_floor":[80,80,80,80,80,80,80,80,80,80,87,87,87,87,87,87,87,87,97,97,97,97,97,97,97,97,97,97,97,97,97,97,97,97],"relic_stats":{"counters":[17,59],"CeramicFish":9,"Black Blood":135,"Nloth\u0027s Gift":1,"obtain_stats":[{"Bottled Flame":26,"HornCleat":9,"Sundial":14,"Strawberry":11,"CeramicFish":31,"Black Blood":17,"Enchiridion":21,"Molten Egg 2":6,"Nloth\u0027s Gift":22,"Burning Blood":0},{"Bottled Flame":13,"HornCleat":6,"Sundial":8,"Strawberry":7,"CeramicFish":16,"Black Blood":9,"Enchiridion":11,"Molten Egg 2":5,"Nloth\u0027s Gift":11,"Burning Blood":0},{"Bottled Flame":38,"HornCleat":12,"Sundial":19,"Strawberry":17,"CeramicFish":48,"Black Blood":27,"Enchiridion":33,"Molten Egg 2":10,"Nloth\u0027s Gift":33,"Burning Blood":0}]},"card_choices":[{"not_picked":["Barricade","Demon Form"],"picked":"Offering","floor":0.0},{"not_picked":["True Grit","Anger"],"picked":"Cleave","floor":1.0},{"not_picked":["Intimidate","Combust"],"picked":"Thunderclap","floor":2.0},{"not_picked":["Thunderclap","Perfected Strike"],"picked":"Immolate","floor":4.0},{"not_picked":["Body Slam","Heavy Blade","Cleave"],"picked":"SKIP","floor":5.0},{"not_picked":["True Grit","Metallicize"],"picked":"Blood for Blood+1","floor":6.0},{"not_picked":["Shrug It Off","Intimidate"],"picked":"Burning Pact","floor":8.0},{"not_picked":["Flex","Fiend Fire+1"],"picked":"Headbutt+1","floor":11.0},{"not_picked":["Carnage+1","Flex"],"picked":"Shockwave","floor":12.0},{"not_picked":["Brutality","Fiend Fire+1"],"picked":"Juggernaut","floor":16.0},{"not_picked":["Cleave+1","Sword Boomerang+1"],"picked":"Rupture","floor":18.0},{"not_picked":["Clash+1","Anger+1"],"picked":"Evolve","floor":20.0},{"not_picked":["Dark Embrace+1","Wild Strike+1"],"picked":"Bloodletting","floor":24.0},{"not_picked":["Second Wind+1","Shrug It Off+1"],"picked":"Wild Strike+1","floor":25.0},{"not_picked":["Immolate+1","Clash+1","Metallicize+1"],"picked":"SKIP","floor":28.0},{"not_picked":["Wild Strike+1","Clothesline+1"],"picked":"Power Through","floor":30.0},{"not_picked":["Shockwave","Bloodletting"],"picked":"Burning Pact+1","floor":31}],"player_experience":1148545,"relics_obtained":[{"floor":6.0,"key":"Molten Egg 2"},{"floor":9.0,"key":"HornCleat"},{"floor":11.0,"key":"Strawberry"},{"floor":14.0,"key":"Sundial"},{"floor":21.0,"key":"Enchiridion"},{"floor":26.0,"key":"Bottled Flame"},{"floor":31,"key":"CeramicFish"}],"event_choices":[{"damage_healed":29.0,"max_hp_gain":0.0,"max_hp_loss":0.0,"gold_gain":0.0,"event_name":"Wheel of Change","player_choice":"Full Heal","floor":10.0,"gold_loss":0.0,"damage_taken":0.0},{"damage_healed":0.0,"max_hp_gain":0.0,"max_hp_loss":0.0,"gold_gain":0.0,"event_name":"Golden Idol","player_choice":"Ignored","floor":13.0,"gold_loss":0.0,"damage_taken":0.0},{"cards_removed":["Juggernaut"],"damage_healed":0.0,"max_hp_gain":10.0,"max_hp_loss":0.0,"gold_gain":0.0,"event_name":"Bonfire Elementals","player_choice":"Offered Rare","floor":19.0,"gold_loss":0.0,"damage_taken":0.0},{"damage_healed":0.0,"max_hp_gain":0.0,"max_hp_loss":0.0,"gold_gain":0.0,"event_name":"Cursed Tome","player_choice":"Obtained Book","floor":21.0,"gold_loss":0.0,"damage_taken":16.0},{"damage_healed":0.0,"max_hp_gain":0.0,"max_hp_loss":0.0,"gold_gain":0.0,"event_name":"N\u0027loth","player_choice":"Traded Relic","floor":22.0,"relics_lost":["Sundial"],"gold_loss":0.0,"damage_taken":0.0,"relics_obtained":["Nloth\u0027s Gift"]},{"damage_healed":0.0,"max_hp_gain":0.0,"max_hp_loss":0.0,"gold_gain":0.0,"event_name":"The Woman in Blue","player_choice":"Bought 3 Potions","floor":27.0,"gold_loss":0.0,"damage_taken":0.0}],"is_beta":false,"boss_relics":[{"not_picked":["SacredBark","Runic Dome"],"picked":"Black Blood"}],"items_purged_floors":[3],"is_endless":false,"potions_floor_spawned":[2,4,12,18,25,30],"killed_by":"Champ","ascension_level":4}}