{"host":"sav7uxregyirlf69","time":1611202641,"event":{"mods":["AchievementEnabler","BaseMod","Colored Map","DeckTracker","Keyboard Shortcuts","Minty Spire (QoL Compilation)","READ ME - Guardian Mod","StSLib","SuperFastMode"],"gold_per_floor":[218,218,235,248,262,290,53,53,53,53,53],"floor_reached":10,"language":"KOR","playtime":172,"items_purged":["Strike_G"],"score":136,"play_id":"cd05c1d9-17fe-43a7-8d7e-2bb98fa8eb05","local_time":"20210121131721","is_ascension_mode":true,"campfire_choices":[],"circlet_count":0,"master_deck":["AscendersBane","Strike_G","Strike_G","Strike_G","Strike_G","Defend_G","Defend_G","Defend_G","Defend_G","Defend_G","Survivor","Neutralize","Dagger Spray+1","Dagger Throw","Flying Knee","Terror","Noxious Fumes","Backflip","Adrenaline"],"relics":["Ring of the Snake","Tiny Chest","Orrery","Singing Bowl","Paper Crane"],"acts_visited":["Exordium"],"potions_floor_usage":[6,10],"damage_taken":[{"damage":6,"enemies":"Cultist","floor":1,"turns":4},{"damage":3,"enemies":"Jaw Worm","floor":3,"turns":3},{"damage":0,"enemies":"Small Slimes","floor":4,"turns":2},{"damage":3,"enemies":"Blue Slaver","floor":5,"turns":4},{"damage":43,"enemies":"3 Sentries","floor":6,"turns":9},{"damage":5,"enemies":"Lagavulin","floor":10,"turns":5}],"seed_played":"5957391096660541499","potions_obtained":[{"floor":3,"key":"Dexterity Potion"},{"floor":4,"key":"Poison Potion"}],"is_trial":false,"path_per_floor":["M","?","M","M","M","E","$","T","T","E"],"character_chosen":"THE_SILENT","items_purchased":["Orrery"],"campfire_rested":0,"item_purchase_floors":[7],"current_hp_per_floor":[53,53,50,50,47,4,4,4,4,0,0],"gold":53,"neow_bonus":"HUNDRED_GOLD","is_daily":false,"chose_seed":false,"campfire_upgraded":0,"win_rate":0.0,"timestamp":1611202641,"path_taken":["M","?","M","M","?","E","$","?","T","E"],"items_purchased_type":["Relic"],"build_version":"2020-12-22","purchased_purges":1,"victory":false,"max_hp_per_floor":[66,66,66,66,66,66,66,66,66,66,66],"card_choices":[{"not_picked":["Underhanded Strike","Footwork"],"picked":"Dagger Spray","floor":1},{"not_picked":["Slice","Underhanded Strike"],"picked":"Dagger Throw","floor":3},{"not_picked":["Dodge and Roll","Acrobatics"],"picked":"Flying Knee","floor":4},{"not_picked":["Acrobatics","Slice"],"picked":"Terror","floor":5},{"not_picked":["Sucker Punch","Dagger Spray","Accuracy"],"picked":"SKIP","floor":6},{"not_picked":["Reflex","Slice"],"picked":"Noxious Fumes","floor":7},{"not_picked":["Dash","PiercingWail"],"picked":"Backflip","floor":7},{"not_picked":["Footwork","PiercingWail"],"picked":"Adrenaline","floor":7}],"player_experience":1338568,"relics_obtained":[{"floor":6,"key":"Tiny Chest"},{"floor":8,"key":"Singing Bowl"},{"floor":9,"key":"Paper Crane"}],"event_choices":[{"damage_healed":0,"gold_gain":0,"player_choice":"Upgraded","damage_taken":0,"max_hp_gain":0,"max_hp_loss":0,"event_name":"Upgrade Shrine","floor":2,"gold_loss":0,"cards_upgraded":["Dagger Spray"]}],"is_beta":false,"boss_relics":[],"items_purged_floors":[7],"is_endless":false,"potions_floor_spawned":[3,4],"killed_by":"Lagavulin","ascension_level":20}}