{"host":"0cm5wy4nhuju7tij","time":1611195463,"event":{"mods":["100% Spire Juice","2.2 Compatiblity","AchievementEnabler","Aspiration","BaseMod","Better Third Choice","BetterRewards","CCEM","CapriCore","Colored Powertips","Curses Come First","Custom Start","Displayed Cursed Tome","Downfall","Energized Spire","Evolution","Filter the Spire","Highlight Path","Jess\u0027s Bottle","Minty Spire (QoL Compilation)","Permanent Neow","Poor People Problems","Relic Stats","Shop Mod","Spicy Shops","StSLib","The Cursed","The Juggle","The Sage","TheFirefly"],"gold_per_floor":[118,118,130,147,147,174,174,174,174],"floor_reached":8,"language":"ENG","playtime":414,"items_purged":[],"score":62,"play_id":"96506492-a0d2-44ca-933f-46c9f6a9e544","local_time":"20210120211743","is_ascension_mode":true,"campfire_choices":[{"floor":7,"key":"REST"}],"circlet_count":0,"master_deck":["Strike_B","Strike_B","Strike_B","Strike_B","Defend_B","Defend_B","Defend_B","Zap","Dualcast","Capacitor","Auto Shields","Conserve Battery","Redo","Sweeping Beam"],"relics":["Cracked Core","EVO:Axolotl","aspiration:ChemicalBlood","aspiration:FaultyCoupler"],"acts_visited":["Exordium"],"potions_floor_usage":[8],"damage_taken":[{"damage":18,"enemies":"Jaw Worm","floor":1,"turns":5},{"damage":1,"enemies":"2 Louse","floor":3,"turns":4},{"damage":0,"enemies":"Small Slimes","floor":4,"turns":3},{"damage":19,"enemies":"3 Sentries","floor":6,"turns":9},{"damage":40,"enemies":"Gremlin Nob","floor":8,"turns":4}],"seed_played":"-2442650525977003646","potions_obtained":[{"floor":6,"key":"Regen Potion"}],"is_trial":false,"path_per_floor":["M","?","M","M","?","E","R","E"],"character_chosen":"DEFECT","items_purchased":[],"campfire_rested":1,"item_purchase_floors":[],"current_hp_per_floor":[57,32,31,31,24,5,27,0,0],"gold":174,"neow_bonus":"THREE_CARDS","is_daily":false,"chose_seed":false,"campfire_upgraded":0,"win_rate":0.0,"timestamp":1611195463,"path_taken":["M","?","M","M","?","E","R","E"],"items_purchased_type":[],"build_version":"2020-12-22","purchased_purges":0,"victory":false,"max_hp_per_floor":[75,75,75,75,75,75,75,75,75],"relic_stats":{"counters":[5,25],"obtain_stats":[{"EVO:Axolotl":0,"Cracked Core":0,"aspiration:ChemicalBlood":2,"aspiration:FaultyCoupler":6},{"EVO:Axolotl":0,"Cracked Core":0,"aspiration:ChemicalBlood":1,"aspiration:FaultyCoupler":4},{"EVO:Axolotl":0,"Cracked Core":0,"aspiration:ChemicalBlood":5,"aspiration:FaultyCoupler":21}]},"card_choices":[{"not_picked":["Recycle","Fusion"],"picked":"Capacitor","floor":0},{"not_picked":["Barrage","Turbo"],"picked":"Auto Shields","floor":1},{"not_picked":["Sweeping Beam","Go for the Eyes"],"picked":"Conserve Battery","floor":3},{"not_picked":["Rebound","Sweeping Beam"],"picked":"Redo","floor":4},{"not_picked":["Double Energy","Barrage"],"picked":"Sweeping Beam","floor":6}],"player_experience":221362,"relics_obtained":[{"floor":6,"key":"aspiration:FaultyCoupler"}],"event_choices":[{"damage_healed":0,"gold_gain":1,"player_choice":"Relic ","damage_taken":25,"max_hp_gain":0,"max_hp_loss":0,"event_name":"betterThird:BetterScrap","floor":2,"gold_loss":0,"cards_obtained":["Corruption"]},{"cards_removed":["Defend_B"],"damage_healed":0,"gold_gain":0,"player_choice":"Card Removal","damage_taken":7,"max_hp_gain":0,"max_hp_loss":0,"event_name":"Golden Wing","floor":5,"gold_loss":0}],"is_beta":false,"boss_relics":[],"items_purged_floors":[],"is_endless":false,"potions_floor_spawned":[6],"killed_by":"Gremlin Nob","ascension_level":2}}