{"host":"7z9izfsmsy4azoxx","time":1611236898,"event":{"mods":["AchievementEnabler","BaseMod","Colored Map","Custom Start","Hermit","Minty Spire (QoL Compilation)","Replay The Spire","StSLib","SuperFastMode"],"gold_per_floor":[54654774,54654787,54654799,54654236,54654253,54654253,54654279,54654292,54654292,54654311,54653758,54653758,54653758,54653811,54653841,54653841,54653841,54653916,54653916,54653931,54653931,54653931,54653941,54652816,54652816,54652828,54652828,54652851,54652851,54652880,54652905,54652795,54652810,54652810,54652888,54652888,54652900,54652915,54652247,54652264,54652264,54652264],"floor_reached":41,"language":"KOR","playtime":1053,"items_purged":["Strike_R","Strike_R","Strike_R","Defend_R"],"score":942,"play_id":"fe284062-988c-485b-9e12-d8a52360e7b3","local_time":"20210121224818","is_ascension_mode":true,"campfire_choices":[{"data":"Blood for Blood","floor":6.0,"key":"SMITH"},{"floor":17.0,"key":"REST"},{"data":"Hemogenesis","floor":25.0,"key":"SMITH"},{"data":"True Grit","floor":27.0,"key":"SMITH"},{"data":"Hemokinesis","floor":29.0,"key":"SMITH"},{"data":"Feel No Pain","floor":34.0,"key":"SMITH"}],"circlet_count":0,"master_deck":["AscendersBane","Strike_R","Defend_R","Defend_R","Defend_R+1","Bash","Exhume","Anger","Blood for Blood+1","Hemokinesis+1","Hemogenesis+1","Shrug It Off","True Grit+1","Burning Pact+1","Feel No Pain+1","Barricade","Apotheosis"],"relics":["Black Blood","Replay:Baseball","Question Card","Red Skull","Sundial","Paper Frog","Black Star","Lee\u0027s Waffle","Pocketwatch","Charon\u0027s Ashes","Pen Nib","ReplayTheSpireMod:Shallot","Replay:Ringing Soul","Red Mask","Anchor","MealTicket","ReplayTheSpireMod:ShopPack"],"acts_visited":["Exordium","TheCity","TheBeyond"],"potions_floor_usage":[38,38,40],"damage_taken":[{"damage":2.0,"enemies":"Cultist","floor":1.0,"turns":4.0},{"damage":19.0,"enemies":"Jaw Worm","floor":2.0,"turns":4.0},{"damage":2.0,"enemies":"Small Slimes","floor":3.0,"turns":3.0},{"damage":20.0,"enemies":"Blue Slaver","floor":5.0,"turns":4.0},{"damage":41.0,"enemies":"Lagavulin","floor":7.0,"turns":6.0},{"damage":15.0,"enemies":"3 Louse","floor":8.0,"turns":3.0},{"damage":4.0,"enemies":"Gremlin Gang","floor":10.0,"turns":6.0},{"damage":3.0,"enemies":"Replay:BlueRogue","floor":15.0,"turns":3.0},{"damage":50.0,"enemies":"Slime Boss","floor":18.0,"turns":10.0},{"damage":17.0,"enemies":"Chosen","floor":20.0,"turns":5.0},{"damage":35.0,"enemies":"2 Thieves","floor":23.0,"turns":4.0},{"damage":49.0,"enemies":"Centurion and Healer","floor":26.0,"turns":5.0},{"damage":51.0,"enemies":"Gremlin Leader","floor":30.0,"turns":7.0},{"damage":12.0,"enemies":"Masked Bandits","floor":31.0,"turns":4.0},{"damage":16.0,"enemies":"Snake Plant","floor":33.0,"turns":4.0},{"damage":63.0,"enemies":"Automaton","floor":35.0,"turns":8.0},{"damage":2,"enemies":"3 Shapes","floor":37,"turns":4},{"damage":42,"enemies":"3 Darklings","floor":38,"turns":7},{"damage":58,"enemies":"Spire Growth","floor":40,"turns":5},{"damage":29,"enemies":"2 Orb Walkers","floor":41,"turns":3}],"seed_played":"8477751949188631096","potions_obtained":[{"floor":1.0,"key":"LiquidBronze"},{"floor":3.0,"key":"SpeedPotion"},{"floor":20.0,"key":"BloodPotion"},{"floor":33.0,"key":"Dexterity Potion"},{"floor":35,"key":"Weak Potion"},{"floor":37,"key":"Languid Potion"},{"floor":38,"key":"BlessingOfTheForge"}],"is_trial":false,"path_per_floor":["M","M","M","$","M","R","E","M","T","M","$","PTL","PTL","?","E","?","R","B",null,"M","?","?","M","$","R","M","R","T","R","E","?","?","M","R","B",null,"M","M","$","M","?"],"character_chosen":"IRONCLAD","items_purchased":["Replay:Baseball","Question Card","Hemokinesis","Red Skull","Sundial","Lee\u0027s Waffle","Pocketwatch","Charon\u0027s Ashes","Adrenaline Potion","LifebloodPotion","True Grit","Anchor","MealTicket","ReplayTheSpireMod:ShopPack","Energy Potion"],"campfire_rested":1,"item_purchase_floors":[4,4,4,11,11,24,24,24,24,24,24,39,39,39,39],"current_hp_per_floor":[72,59,63,63,49,49,14,10,10,17,17,17,17,17,20,2,24,38,66,60,39,33,25,87,87,55,55,55,55,21,23,23,21,21,28,77,87,65,68,36,7,7],"gold":54652264,"neow_bonus":"ONE_RANDOM_RARE_CARD","is_daily":false,"chose_seed":false,"campfire_upgraded":5,"win_rate":0.0,"timestamp":1611236898,"path_taken":["M","?","M","$","M","R","E","M","T","M","$","PTL","PTL","?","E","?","R","BOSS","M","?","?","?","$","R","M","R","T","R","E","?","?","M","R","BOSS","BOSS","M","?","$","M","?"],"items_purchased_type":["Relic","Relic","Card","Relic","Relic","Relic","Relic","Relic","Potion","Potion","Card","Relic","Relic","Relic","Potion"],"build_version":"2020-12-22","purchased_purges":4,"victory":false,"max_hp_per_floor":[75,75,75,75,75,75,75,75,75,75,75,75,75,75,75,75,75,75,75,75,80,80,80,87,87,87,87,87,87,90,90,90,90,90,93,93,93,93,96,96,96,96],"card_choices":[{"not_picked":["Searing Blow","Disarm"],"picked":"Anger","floor":1.0},{"not_picked":["Twin Strike","Defy Death","Metallicize"],"picked":"SKIP","floor":2.0},{"not_picked":["Run Through","Inflame"],"picked":"Blood for Blood","floor":3.0},{"not_picked":["Dual Wield","Twin Strike","Thunderclap","Headbutt"],"picked":"SKIP","floor":5.0},{"not_picked":["Warcry","True Grit","ReplayTheSpireMod:LeadingStrike"],"picked":"Hemogenesis","floor":7.0},{"not_picked":["Anger","ReplayTheSpireMod:Strike From Hell","ReplayTheSpireMod:Stacked","Thunderclap"],"picked":"SKIP","floor":8.0},{"not_picked":["Perfected Strike","Cleave","Pommel Strike"],"picked":"Shrug It Off","floor":10.0},{"not_picked":["Pommel Strike","Thunderclap","Feel No Pain","Demonic Infusion"],"picked":"SKIP","floor":15.0},{"not_picked":["Cleave+1","ReplayTheSpireMod:Strike From Hell","Clash","Iron Wave"],"picked":"SKIP","floor":20.0},{"not_picked":["Shrug It Off","ReplayTheSpireMod:LeadingStrike","Sever Soul","ReplayTheSpireMod:Corrosion Curse+1"],"picked":"SKIP","floor":23.0},{"not_picked":["Iron Wave","ReplayTheSpireMod:LeadingStrike","Rampage"],"picked":"Burning Pact+1","floor":26.0},{"not_picked":["Pummel","Rampage","Pommel Strike"],"picked":"Feel No Pain","floor":30.0},{"not_picked":["Reckless Charge","Life Link","Twin Strike+1","Run Through"],"picked":"SKIP","floor":33.0},{"not_picked":["Eclipse","Brutality","Limit Break"],"picked":"Barricade","floor":35},{"not_picked":["Inflame+1","Run Through","Evolve","Flame Barrier"],"picked":"SKIP","floor":37},{"not_picked":["Havoc","Twin Strike","Combust","Whirlwind"],"picked":"SKIP","floor":38},{"not_picked":["Purity","Dark Shackles","Dramatic Entrance"],"picked":"Apotheosis","floor":39},{"not_picked":["Pommel Strike","Cleave","Dropkick","Run Through"],"picked":"SKIP","floor":40}],"player_experience":537686,"relics_obtained":[{"floor":15.0,"key":"Paper Frog"},{"floor":28.0,"key":"Pen Nib"},{"floor":30.0,"key":"ReplayTheSpireMod:Shallot"},{"floor":30.0,"key":"Replay:Ringing Soul"},{"floor":31.0,"key":"Red Mask"}],"event_choices":[{"damage_healed":0.0,"max_hp_gain":0.0,"max_hp_loss":0.0,"gold_gain":53.0,"event_name":"Golden Wing","player_choice":"Gained Gold","floor":14.0,"gold_loss":0.0,"damage_taken":0.0},{"damage_healed":0.0,"max_hp_gain":0.0,"max_hp_loss":0.0,"gold_gain":0.0,"event_name":"Scrap Ooze","player_choice":"Fled","floor":16.0,"gold_loss":0.0,"damage_taken":18.0},{"damage_healed":0.0,"max_hp_gain":5.0,"max_hp_loss":0.0,"gold_gain":0.0,"event_name":"Forgotten Altar","player_choice":"Shed Blood","floor":21.0,"gold_loss":0.0,"damage_taken":26.0},{"damage_healed":0.0,"max_hp_gain":0.0,"max_hp_loss":0.0,"gold_gain":0.0,"event_name":"Knowing Skull","player_choice":"","floor":22.0,"potions_obtained":[],"gold_loss":0.0,"damage_taken":6.0,"cards_obtained":[]},{"damage_healed":0.0,"max_hp_gain":0.0,"max_hp_loss":0.0,"gold_gain":0.0,"event_name":"Masked Bandits","player_choice":"Fought Bandits","floor":31.0,"gold_loss":0.0,"damage_taken":0.0},{"cards_removed":["Strike_R"],"damage_healed":0.0,"max_hp_gain":0.0,"max_hp_loss":0.0,"gold_gain":0.0,"event_name":"Designer","player_choice":"Upgrade and Remove","floor":32.0,"gold_loss":110.0,"damage_taken":0.0,"cards_upgraded":["Defend_R"]},{"damage_healed":0,"gold_gain":0,"player_choice":"Fight","damage_taken":0,"max_hp_gain":0,"max_hp_loss":0,"event_name":"Mysterious Sphere","floor":41,"gold_loss":0}],"is_beta":false,"boss_relics":[{"not_picked":["Cursed Key","Ooze Armor"],"picked":"Black Star"},{"not_picked":["Busted Crown","Snecko Eye"],"picked":"Black Blood"}],"items_purged_floors":[4,11,24,39],"is_endless":false,"potions_floor_spawned":[1,3,7,10,20,33,35,37,38],"killed_by":"2 Orb Walkers","ascension_level":20}}