{"host":"zh52cun1g5egmafn","time":1611253173,"event":{"mods":["AchievementEnabler","Arknights The Spire","BaseMod","DeckTracker","Minty Spire (QoL Compilation)","StSLib"],"gold_per_floor":[119,139,10,22,33,33,65,77,131,131,161,161,179,79,79,175,175,190,202,1,1,1,1,29,42,42,42,42,62,62,62,62,165,165,187,199,211,241,265,277,104,104,104,114,114,114,114],"floor_reached":46,"language":"KOR","playtime":1390,"items_purged":["ats:Strike V","ats:Strike S","ats:Strike C","ats:Thorns+1"],"score":569,"play_id":"24ae63e5-af0c-41d8-8732-c530c3040b13","local_time":"20210122031933","is_ascension_mode":true,"campfire_choices":[{"data":"ats:Serious Mode","floor":6.0,"key":"SMITH"},{"data":"ats:Blood Oath","floor":10.0,"key":"SMITH"},{"data":"ats:Cat Scratch","floor":15.0,"key":"SMITH"},{"data":"ats:Encircling Forest","floor":23,"key":"SMITH"},{"data":"ats:Flexible Camouflage","floor":27,"key":"SMITH"},{"data":"ats:Emotion Absorption","floor":32,"key":"SMITH"},{"floor":40,"key":"REST"},{"data":"ats:Soul Rend","floor":42,"key":"SMITH"}],"circlet_count":0,"master_deck":["ats:Strike G+1","ats:Armor Crushing Shot","ats:Defend+1","ats:Defend+1","ats:Defend+1","ats:Defend+1","ats:Emotion Absorption+1","ats:Serious Mode+1","ats:Flexible Camouflage+1","ats:Hammer On","ats:Blood Oath+1","ats:Curse Doll","ats:Cat Scratch+1","ats:Wolf Pack","ats:Encircling Forest+1","ats:Soul Rend+1","CurseOfTheBell","ats:Blood Oath+1","ats:Soul Absorption+1","ats:Demon Strength"],"relics":["ats:Sanity","ats:Originium","Darkstone Periapt","MealTicket","Runic Pyramid","ats:Military Tradition","Shuriken","Calling Bell","MawBank","Blue Candle","Dead Branch"],"acts_visited":["Exordium","TheCity","TheBeyond"],"potions_floor_usage":[33],"damage_taken":[{"damage":23.0,"enemies":"Jaw Worm","floor":1.0,"turns":4.0},{"damage":8.0,"enemies":"Small Slimes","floor":2.0,"turns":4.0},{"damage":6.0,"enemies":"2 Louse","floor":4.0,"turns":2.0},{"damage":1.0,"enemies":"Exordium Thugs","floor":5.0,"turns":3.0},{"damage":15.0,"enemies":"3 Sentries","floor":7.0,"turns":5.0},{"damage":6.0,"enemies":"Looter","floor":8.0,"turns":2.0},{"damage":8.0,"enemies":"Blue Slaver","floor":13.0,"turns":2.0},{"damage":31.0,"enemies":"The Guardian","floor":16.0,"turns":7.0},{"damage":23.0,"enemies":"Shell Parasite","floor":18.0,"turns":3.0},{"damage":11,"enemies":"Spheric Guardian","floor":19,"turns":4},{"damage":35,"enemies":"Gremlin Leader","floor":24,"turns":6},{"damage":28,"enemies":"3 Cultists","floor":25,"turns":6},{"damage":25,"enemies":"Snake Plant","floor":29,"turns":4},{"damage":45,"enemies":"Automaton","floor":33,"turns":9},{"damage":24,"enemies":"Orb Walker","floor":35,"turns":4},{"damage":38,"enemies":"3 Darklings","floor":38,"turns":4},{"damage":47,"enemies":"Sphere and 2 Shapes","floor":39,"turns":9},{"damage":59,"enemies":"Spire Growth","floor":44,"turns":6},{"damage":10,"enemies":"Reptomancer","floor":46,"turns":2}],"seed_played":"7795058175016377236","potions_obtained":[{"floor":4.0,"key":"Strength Potion"},{"floor":7.0,"key":"SpeedPotion"},{"floor":8.0,"key":"ColorlessPotion"},{"floor":13.0,"key":"Weak Potion"},{"floor":16.0,"key":"Swift Potion"},{"floor":21,"key":"SteroidPotion"},{"floor":25,"key":"FairyPotion"},{"floor":35,"key":"Weak Potion"}],"is_trial":false,"path_per_floor":["M","M","$","M","M","R","E","M","T","R","?","?","M","$","R","B",null,"M","M","$","?","$","R","E","M","T","R","$","M","?","?","R","B",null,"M","?","?","M","M","R","$","R","T","M","$","E"],"character_chosen":"DOCTOR_CLASS","items_purchased":["ats:Blood Oath","ats:Encircling Forest","ats:Demon Strength"],"campfire_rested":1,"item_purchase_floors":[3,20,41],"current_hp_per_floor":[42,34,34,31,33,33,21,18,18,18,18,42,34,49,49,28,61,43,37,52,52,67,67,47,29,29,29,44,29,29,29,29,9,62,44,44,44,24,9,32,47,47,47,13,28,18,18],"gold":114,"neow_bonus":"THREE_CARDS","is_daily":false,"chose_seed":false,"campfire_upgraded":7,"win_rate":0.0,"timestamp":1611253173,"path_taken":["M","M","$","M","M","R","E","M","T","R","?","?","M","$","R","BOSS","M","M","$","?","?","R","E","M","T","R","$","?","?","?","R","BOSS","M","?","?","M","M","R","$","R","T","?","$","E"],"items_purchased_type":["Card","Card","Card"],"build_version":"2020-12-22","purchased_purges":4,"victory":false,"max_hp_per_floor":[72,72,72,72,72,72,72,72,72,72,72,72,72,72,72,72,72,72,72,72,72,72,72,72,72,72,72,72,72,72,72,72,72,78,78,78,78,78,78,78,78,78,78,78,78,78,78],"card_choices":[{"not_picked":["ats:Childhood Dance","ats:Very Hot Blade"],"picked":"ats:Serious Mode","floor":0.0},{"not_picked":["ats:Apocalypse","ats:Curse Doll"],"picked":"ats:Flexible Camouflage","floor":1.0},{"not_picked":["ats:Very Hot Blade","ats:Healing Drone"],"picked":"ats:Hammer On","floor":2.0},{"not_picked":["ats:Explosion Area Strengthen","ats:Sword Rain","ats:Echo Reverb"],"picked":"SKIP","floor":4.0},{"not_picked":["ats:Rapid Magazine","ats:Leaping Hammer","ats:Guardian Obelisk"],"picked":"SKIP","floor":5.0},{"not_picked":["ats:Ignite","ats:Directed Diagnosis","ats:Hammer On"],"picked":"SKIP","floor":7.0},{"not_picked":["ats:Guardian Obelisk","ats:Beaten Up","ats:Curse Doll"],"picked":"SKIP","floor":8.0},{"not_picked":["ats:Guardian Obelisk","ats:Beaten Up"],"picked":"ats:Curse Doll","floor":8.0},{"not_picked":["ats:Explosion Area Strengthen","ats:Neurotoxin"],"picked":"ats:Cat Scratch","floor":13.0},{"not_picked":["ats:Calcification","ats:Disruption Kick"],"picked":"ats:Wolf Pack","floor":16.0},{"not_picked":["ats:Consecutive Shot Auto","ats:Curse Doll+1","ats:Assault Order+1"],"picked":"SKIP","floor":18.0},{"not_picked":["ats:Overload","ats:Very Hot Blade+1","ats:Defend Order"],"picked":"SKIP","floor":19},{"not_picked":["ats:Revitalization","ats:Dogmatic Field","ats:Rapid Magazine+1"],"picked":"SKIP","floor":24},{"not_picked":["ats:Powerful Strike","ats:Very Hot Blade","ats:Consecutive Shot Auto"],"picked":"SKIP","floor":25},{"not_picked":["ats:Leaping Hammer","ats:Hammer On"],"picked":"ats:Thorns+1","floor":29},{"not_picked":["ats:Nebulous Foxfire","ats:Volcano"],"picked":"ats:Soul Rend","floor":33},{"not_picked":["ats:Curse Doll+1","ats:Flexible Camouflage","ats:Cat Scratch"],"picked":"SKIP","floor":35},{"not_picked":["ats:Revitalization","ats:Chain Hook","ats:Poison Spread+1"],"picked":"SKIP","floor":38},{"not_picked":["ats:Leaping Hammer+1","ats:Flexible Camouflage+1"],"picked":"ats:Soul Absorption+1","floor":39},{"not_picked":["ats:Rapid Magazine+1","ats:Revitalization+1","ats:Powerful Strike"],"picked":"SKIP","floor":44}],"player_experience":210509,"relics_obtained":[{"floor":7.0,"key":"ats:Originium"},{"floor":7.0,"key":"Darkstone Periapt"},{"floor":9.0,"key":"MealTicket"},{"floor":24,"key":"ats:Originium"},{"floor":24,"key":"ats:Military Tradition"},{"floor":26,"key":"Shuriken"},{"floor":34,"key":"MawBank"},{"floor":34,"key":"Blue Candle"},{"floor":34,"key":"Dead Branch"}],"event_choices":[{"damage_healed":0.0,"max_hp_gain":0.0,"max_hp_loss":0.0,"gold_gain":30.0,"event_name":"Dead Adventurer","player_choice":"Searched \u00271\u0027 times","floor":11.0,"gold_loss":0.0,"damage_taken":0.0},{"damage_healed":24.0,"max_hp_gain":0.0,"max_hp_loss":0.0,"gold_gain":0.0,"event_name":"Big Fish","player_choice":"Banana","floor":12.0,"gold_loss":0.0,"damage_taken":0.0},{"damage_healed":0,"gold_gain":0,"player_choice":"Got Potions","damage_taken":0,"max_hp_gain":0,"max_hp_loss":0,"event_name":"Lab","floor":21,"gold_loss":0},{"damage_healed":0,"gold_gain":0,"player_choice":"Ignored","damage_taken":0,"max_hp_gain":0,"max_hp_loss":0,"event_name":"Ghosts","floor":30,"gold_loss":0},{"damage_healed":0,"gold_gain":0,"player_choice":"Simplicity","damage_taken":0,"max_hp_gain":0,"max_hp_loss":0,"event_name":"Back to Basics","floor":31,"gold_loss":0,"cards_upgraded":["ats:Strike G","ats:Defend","ats:Defend","ats:Defend","ats:Defend"]},{"damage_healed":0,"gold_gain":0,"player_choice":"Ignored","damage_taken":0,"max_hp_gain":0,"max_hp_loss":0,"event_name":"Tomb of Lord Red Mask","floor":36,"gold_loss":0},{"damage_healed":0,"gold_gain":0,"player_choice":"Copied","damage_taken":0,"max_hp_gain":0,"max_hp_loss":0,"event_name":"Duplicator","floor":37,"gold_loss":0,"cards_obtained":["ats:Blood Oath"]}],"is_beta":false,"boss_relics":[{"not_picked":["Runic Dome","Snecko Eye"],"picked":"Runic Pyramid"},{"not_picked":["Coffee Dripper","Velvet Choker"],"picked":"Calling Bell"}],"items_purged_floors":[3,14,20,41],"is_endless":false,"potions_floor_spawned":[4,7,8,13,16,18,25,29,35,38],"killed_by":"Reptomancer","ascension_level":6}}