{"host":"qrt7o4dq2qslzw13","time":1611252259,"event":{"mods":["AchievementEnabler","BaseMod","Colored Map","Colored Powertips","Minty Spire (QoL Compilation)","Quick Restart","StSLib","SuperFastMode"],"gold_per_floor":[15,15,15,15,35,35,49,69,121,155,105,180,198,79,79,180,180,197,216,216,315,315,315,315,80,80,120,130,130,146,181,181,181,181],"floor_reached":33,"language":"ENG","playtime":593,"items_purged":[],"score":315,"play_id":"b2e124f8-3dae-4a1b-81a7-d0bdac50c21d","local_time":"20210121130419","is_ascension_mode":false,"campfire_choices":[{"data":"CarveReality","floor":6.0,"key":"SMITH"},{"data":"SignatureMove","floor":15.0,"key":"SMITH"},{"data":"Collect","floor":23.0,"key":"SMITH"},{"floor":32.0,"key":"REST"}],"circlet_count":0,"master_deck":["Strike_P","Defend_P","Defend_P","Defend_P","Defend_P","Eruption+1","Vigilance","EmptyFist","Crescendo","Worship+1","CarveReality+1","Consecrate","SignatureMove+1","Worship","ClearTheMind","Collect+1","MentalFortress","Alpha","CurseOfTheBell","TalkToTheHand","ForeignInfluence+1","The Bomb","InnerPeace","WindmillStrike","DeusExMachina","EmptyMind","Conclude","LikeWater","Prostrate+1","ConjureBlade","Meditate"],"relics":["PureWater","Dream Catcher","MealTicket","Calling Bell","Anchor","Ornamental Fan","Prayer Wheel","MutagenicStrength","TeardropLocket","Question Card","White Beast Statue"],"acts_visited":["Exordium","TheCity"],"potions_floor_usage":[],"damage_taken":[{"damage":0.0,"enemies":"Jaw Worm","floor":1.0,"turns":3.0},{"damage":0.0,"enemies":"Small Slimes","floor":5.0,"turns":3.0},{"damage":0.0,"enemies":"Cultist","floor":7.0,"turns":2.0},{"damage":0.0,"enemies":"Blue Slaver","floor":8.0,"turns":1.0},{"damage":6.0,"enemies":"3 Sentries","floor":10.0,"turns":5.0},{"damage":2.0,"enemies":"Large Slime","floor":13.0,"turns":3.0},{"damage":35.0,"enemies":"The Guardian","floor":16.0,"turns":6.0},{"damage":0.0,"enemies":"Chosen","floor":18.0,"turns":2.0},{"damage":6.0,"enemies":"Shell Parasite","floor":19.0,"turns":5.0},{"damage":22.0,"enemies":"Sentry and Sphere","floor":27.0,"turns":4.0},{"damage":9.0,"enemies":"Cultist and Chosen","floor":28.0,"turns":5.0},{"damage":0.0,"enemies":"Chosen and Byrds","floor":30.0,"turns":4.0},{"damage":0.0,"enemies":"Gremlin Leader","floor":31.0,"turns":2.0},{"damage":0,"enemies":"Collector","floor":33,"turns":1}],"seed_played":"288131934487163277","potions_obtained":[{"floor":7.0,"key":"StancePotion"},{"floor":10.0,"key":"BlessingOfTheForge"},{"floor":13.0,"key":"SteroidPotion"},{"floor":16.0,"key":"BlessingOfTheForge"},{"floor":28.0,"key":"AttackPotion"}],"is_trial":false,"path_per_floor":["M","?","?","$","M","R","M","M","T","E","?","?","M","$","R","B",null,"M","M","?","?","?","R","?","$","T","M","M","$","M","E","R","B"],"character_chosen":"WATCHER","items_purchased":["Collect","MentalFortress","The Bomb","InnerPeace"],"campfire_rested":1,"item_purchase_floors":[14,14,25,25],"current_hp_per_floor":[72,72,72,72,72,72,72,72,72,66,66,55,53,68,68,33,72,72,66,66,66,66,66,66,72,72,50,41,56,56,56,72,72,72],"gold":181,"neow_bonus":"TRANSFORM_TWO_CARDS","is_daily":false,"chose_seed":false,"campfire_upgraded":3,"win_rate":0.0,"timestamp":1611252259,"path_taken":["M","?","?","$","M","R","?","M","T","E","?","?","M","?","R","BOSS","M","M","?","?","?","R","?","$","T","M","M","?","M","E","R","BOSS"],"items_purchased_type":["Card","Card","Card","Card"],"build_version":"2020-12-22","purchased_purges":0,"victory":false,"max_hp_per_floor":[72,72,72,72,72,72,72,72,72,72,72,72,72,72,72,72,72,72,72,72,72,72,72,72,72,72,72,72,72,72,72,72,72,72],"card_choices":[{"not_picked":["EmptyBody","CutThroughFate"],"picked":"Worship","floor":1.0},{"not_picked":["Nirvana","Crescendo"],"picked":"CarveReality","floor":5.0},{"not_picked":["Halt","BowlingBash"],"picked":"Consecrate","floor":7.0},{"not_picked":["FlurryOfBlows","Study"],"picked":"SignatureMove","floor":8.0},{"not_picked":["Halt","TalkToTheHand"],"picked":"Worship","floor":10.0},{"not_picked":["SashWhip","BowlingBash"],"picked":"ClearTheMind","floor":13.0},{"not_picked":["Wish","LessonLearned"],"picked":"Alpha","floor":16.0},{"not_picked":["Halt","FlurryOfBlows"],"picked":"TalkToTheHand","floor":18.0},{"not_picked":["CrushJoints","Weave+1","EmptyBody"],"picked":"SKIP","floor":18.0},{"not_picked":["Evaluate+1","CrushJoints"],"picked":"ForeignInfluence+1","floor":19.0},{"not_picked":["EmptyBody+1","Crescendo+1","MentalFortress"],"picked":"SKIP","floor":19.0},{"not_picked":["Protect","CrushJoints","FollowUp"],"picked":"WindmillStrike","floor":27.0},{"not_picked":["FlurryOfBlows+1","SashWhip","Consecrate"],"picked":"DeusExMachina","floor":27.0},{"not_picked":["Halt","ThirdEye","PathToVictory"],"picked":"EmptyMind","floor":28.0},{"not_picked":["Study","ForeignInfluence","Wireheading"],"picked":"Conclude","floor":28.0},{"not_picked":["Conclude","Consecrate","WaveOfTheHand"],"picked":"LikeWater","floor":30.0},{"not_picked":["Vengeance","PathToVictory","Halt"],"picked":"Prostrate+1","floor":30.0},{"not_picked":["Pray+1","Devotion","TalkToTheHand"],"picked":"ConjureBlade","floor":31.0},{"not_picked":["EmptyBody","Evaluate","Sanctity"],"picked":"Meditate","floor":32.0}],"player_experience":578043,"relics_obtained":[{"floor":9.0,"key":"Dream Catcher"},{"floor":10.0,"key":"MealTicket"},{"floor":17.0,"key":"Anchor"},{"floor":17.0,"key":"Ornamental Fan"},{"floor":17.0,"key":"Prayer Wheel"},{"floor":26.0,"key":"Question Card"},{"floor":31.0,"key":"White Beast Statue"}],"event_choices":[{"damage_healed":0.0,"max_hp_gain":0.0,"max_hp_loss":0.0,"gold_gain":0.0,"event_name":"Living Wall","player_choice":"Grow","floor":2.0,"gold_loss":0.0,"damage_taken":0.0,"cards_upgraded":["Worship"]},{"damage_healed":0.0,"max_hp_gain":0.0,"max_hp_loss":0.0,"gold_gain":0.0,"event_name":"Upgrade Shrine","player_choice":"Upgraded","floor":3.0,"gold_loss":0.0,"damage_taken":0.0,"cards_upgraded":["Eruption"]},{"cards_removed":["Strike_P"],"damage_healed":0.0,"max_hp_gain":0.0,"max_hp_loss":0.0,"gold_gain":0.0,"event_name":"The Cleric","player_choice":"Card Removal","floor":11.0,"gold_loss":50.0,"damage_taken":0.0},{"damage_healed":0.0,"max_hp_gain":0.0,"max_hp_loss":0.0,"gold_gain":75.0,"event_name":"World of Goop","player_choice":"Gather Gold","floor":12.0,"gold_loss":0.0,"damage_taken":11.0},{"damage_healed":0.0,"max_hp_gain":0.0,"max_hp_loss":0.0,"gold_gain":0.0,"event_name":"Ghosts","player_choice":"Ignored","floor":20.0,"gold_loss":0.0,"damage_taken":0.0},{"damage_healed":0.0,"max_hp_gain":0.0,"max_hp_loss":0.0,"gold_gain":99.0,"event_name":"Nest","player_choice":"Stole From Cult","floor":21.0,"gold_loss":0.0,"damage_taken":0.0},{"damage_healed":0.0,"max_hp_gain":0.0,"max_hp_loss":0.0,"gold_gain":0.0,"event_name":"Drug Dealer","player_choice":"Inject Mutagens","floor":22.0,"gold_loss":0.0,"damage_taken":0.0,"relics_obtained":["MutagenicStrength"]},{"damage_healed":0.0,"max_hp_gain":0.0,"max_hp_loss":0.0,"gold_gain":0.0,"event_name":"The Mausoleum","player_choice":"Opened","floor":24.0,"gold_loss":0.0,"damage_taken":0.0,"relics_obtained":["TeardropLocket"]}],"is_beta":false,"boss_relics":[{"not_picked":["Velvet Choker","Philosopher\u0027s Stone"],"picked":"Calling Bell"}],"items_purged_floors":[],"is_endless":false,"potions_floor_spawned":[7,10,13,16,27,28,30,31],"killed_by":"Collector","ascension_level":0}}