{"host":"d1za9dvx43o9v494","time":1611195008,"event":{"mods":["2.2 Compatiblity","BaseMod","Better-Laid Plans","Displayed Cursed Tome","Downfall","Emptier Cage","Marked Mod","Minty Spire (QoL Compilation)","Permanent Neow","Relic Sorter","Spire Arcade","StSLib"],"gold_per_floor":[99,118,129,146,163,197,197,211,221,121,156,156,169,169,186,284,284,284,303,213,213,213,213,265,365,385,224,324,117,202,212,224,323,323,323,336,336,384,384,284,284,61,61,61,61,100,0,14,30,30,30,62,27,27,27,27,27],"floor_reached":58,"language":"ENG","playtime":4373,"items_purged":["bronze:Strike","bronze:Strike"],"score":1789,"play_id":"e4c43c1f-0859-4f8e-9a7a-11ef180d20f8","local_time":"20210121051008","is_ascension_mode":true,"campfire_choices":[{"data":"bronze:RecursiveStrike","floor":1.0,"key":"SMITH"},{"data":"bronze:FineTuning","floor":10.0,"key":"SMITH"},{"floor":12.0,"key":"REST"},{"data":"bronze:Overload","floor":18.0,"key":"SMITH"},{"floor":35.0,"key":"RECALL"}],"circlet_count":0,"master_deck":["bronze:Strike","bronze:Strike","bronze:Defend","bronze:Defend","bronze:Defend","bronze:Defend","bronze:Replicate","bronze:Goto","bronze:RecursiveStrike+1","bronze:Iterate","bronze:Frontload","bronze:DelayedGuard","bronze:FineTuning+1","bronze:Optimize","bronze:Overload+1","bronze:Boost","bronze:InfiniteLoop","bronze:Terminator","bronze:DonuBeam","bronze:DecaBeam","bronze:FineTuning","bronze:HardenedForm","bronze:Terminator","bronze:ForLoop","bronze:ClassDefault"],"relics":["bronze:BronzeCore","Matryoshka","Art of War","Blue Candle","downfall:HeartBlessingGreen","Ancient Tea Set","Coffee Dripper","Juzu Bracelet","Toy Ornithopter","Slimebound:StickyStick","Mango","Bottled Tornado","bronze:DonusWashers","bronze:DecasWashers","Happy Flower","Fusion Hammer","Guardian:GemstoneGun","bronze:BottledCode","downfall:HeartBlessingRed","Membership Card","sneckomod:BlankCard","downfall:HeartBlessingBlue","Orichalcum"],"acts_visited":["Exordium","TheCity","TheBeyond","TheEnding"],"potions_floor_usage":[56,56],"damage_taken":[{"damage":7.0,"enemies":"2 Louse","floor":2.0,"turns":3.0},{"damage":0.0,"enemies":"Jaw Worm","floor":3.0,"turns":1.0},{"damage":0.0,"enemies":"Small Slimes","floor":4.0,"turns":4.0},{"damage":1.0,"enemies":"Exordium Thugs","floor":5.0,"turns":6.0},{"damage":16.0,"enemies":"Lagavulin","floor":6.0,"turns":8.0},{"damage":0.0,"enemies":"2 Fungi Beasts","floor":8.0,"turns":3.0},{"damage":2.0,"enemies":"Blue Slaver","floor":9.0,"turns":4.0},{"damage":13.0,"enemies":"Gremlin Nob","floor":11.0,"turns":5.0},{"damage":0.0,"enemies":"3 Louse","floor":13.0,"turns":2.0},{"damage":19.0,"enemies":"Gremlin Gang","floor":15.0,"turns":3.0},{"damage":14.0,"enemies":"WA_ARCHETYPE_RETAIN","floor":16.0,"turns":6.0},{"damage":4.0,"enemies":"Chosen","floor":19.0,"turns":3.0},{"damage":0.0,"enemies":"downfall:FleeingMerchant","floor":20.0,"turns":4.0},{"damage":7.0,"enemies":"downfall:FleeingMerchant","floor":25.0,"turns":7.0},{"damage":0.0,"enemies":"Centurion and Healer","floor":26.0,"turns":4.0},{"damage":0.0,"enemies":"downfall:FleeingMerchant","floor":27.0,"turns":4.0},{"damage":5.0,"enemies":"SI_SHIV_ARCHETYPE","floor":28.0,"turns":4.0},{"damage":0.0,"enemies":"downfall:FleeingMerchant","floor":29.0,"turns":3.0},{"damage":15.0,"enemies":"Chosen and Byrds","floor":31.0,"turns":5.0},{"damage":3.0,"enemies":"Snake Plant","floor":32.0,"turns":2.0},{"damage":33.0,"enemies":"DF_ARCHETYPE_CLAW","floor":33.0,"turns":7.0},{"damage":9.0,"enemies":"3 Shapes","floor":36.0,"turns":2.0},{"damage":0.0,"enemies":"2 Orb Walkers","floor":38.0,"turns":3.0},{"damage":0.0,"enemies":"3 Darklings","floor":46.0,"turns":2.0},{"damage":0.0,"enemies":"Spire Growth","floor":48.0,"turns":1.0},{"damage":0.0,"enemies":"Jaw Worm Horde","floor":49.0,"turns":2.0},{"damage":11.0,"enemies":"IC_BLOCK_ARCHETYPE","floor":50.0,"turns":5.0},{"damage":0.0,"enemies":"downfall:CharBossMerchant","floor":52.0,"turns":5.0},{"damage":5.0,"enemies":"downfall:NeowBoss","floor":55.0,"turns":16.0},{"damage":12,"enemies":"downfall:NeowBossFinal","floor":56,"turns":5},{"damage":23,"enemies":"downfall:NeowBossFinal","floor":57,"turns":5}],"seed_played":"1111260938561311199","potions_obtained":[{"floor":2.0,"key":"Energy Potion"},{"floor":3.0,"key":"Guardian:BlockOnCardUsePotion"},{"floor":5.0,"key":"ColorlessPotion"},{"floor":8.0,"key":"Explosive Potion"},{"floor":16.0,"key":"Swift Potion"},{"floor":19.0,"key":"GamblersBrew"},{"floor":23.0,"key":"CultistPotion"},{"floor":25.0,"key":"sneckomod:MuddlingPotion"},{"floor":28.0,"key":"Guardian:BlockOnCardUsePotion"},{"floor":31.0,"key":"Regen Potion"}],"is_trial":false,"path_per_floor":["R","M","M","M","M","E","T","M","M","R","E","R","M","?","M","B",null,"R","M","$","?","?","?","T","?","M","$","?","$","?","M","M","B",null,"R","M","?","?","?","R","T","$","?","R","?","M","R","M","M","B",null,"E","$","R","B","B","B",null],"character_chosen":"THE_AUTOMATON","items_purchased":["bronze:FineTuning","bronze:DonusWashers","bronze:DecasWashers","Happy Flower","Membership Card","sneckomod:BlankCard","bronze:ClassDefault"],"campfire_rested":1,"item_purchase_floors":[27,29,29,29,42,42,53],"current_hp_per_floor":[70,63,63,63,62,46,46,46,44,44,31,52,52,52,33,19,70,70,66,66,66,66,66,66,59,59,59,68,68,54,44,41,8,84,84,75,75,75,74,74,74,74,73,73,73,73,83,83,83,72,84,84,84,84,79,79,56],"gold":27,"neow_bonus":"ONE_RANDOM_RARE_CARD","is_daily":false,"chose_seed":false,"campfire_upgraded":3,"win_rate":0.0,"timestamp":1611195008,"path_taken":["R","M","M","M","M","E","T","M","M","R","E","R","M","?","M","BOSS","R","M","$","?","?","?","T","?","M","$","?","?","?","M","M","BOSS","R","M","?","?","?","R","T","?","?","R","?","M","R","M","M","BOSS","E","$","R","BOSS","BOSS","BOSS"],"items_purchased_type":["Card","Relic","Relic","Relic","Relic","Relic","Card"],"build_version":"2020-12-22","purchased_purges":2,"victory":true,"max_hp_per_floor":[70,70,70,70,70,70,70,70,70,70,70,70,70,70,70,70,70,70,70,70,70,70,70,70,70,70,70,84,84,84,84,84,84,84,84,84,84,84,74,74,74,74,74,74,74,74,84,84,84,84,84,84,84,84,84,84,84],"card_choices":[{"not_picked":["bronze:Refactor","bronze:DelayedSlice","bronze:Turbo"],"picked":"SKIP","floor":2.0},{"not_picked":["bronze:Shell","bronze:WildBeam"],"picked":"bronze:Iterate","floor":3.0},{"not_picked":["bronze:NullPointer","bronze:BuggyMess"],"picked":"bronze:Frontload","floor":4.0},{"not_picked":["bronze:WhirlingStrike","bronze:Mutator"],"picked":"bronze:DelayedGuard","floor":5.0},{"not_picked":["bronze:Turbo","bronze:ForLoop"],"picked":"bronze:FineTuning","floor":6.0},{"not_picked":["bronze:BuggyMess","bronze:Branch","bronze:Fortify"],"picked":"SKIP","floor":8.0},{"not_picked":["bronze:BugBarrage","bronze:HyperBeam","bronze:BronzeOrb"],"picked":"SKIP","floor":9.0},{"not_picked":["bronze:OilSpill","bronze:WhirlingStrike"],"picked":"bronze:Optimize","floor":11.0},{"not_picked":["bronze:Repair","bronze:Shield"],"picked":"bronze:Overload","floor":13.0},{"not_picked":["bronze:ShipIt","bronze:CloningBeam"],"picked":"bronze:Boost","floor":15.0},{"not_picked":["bronze:Hardcode","bronze:Break"],"picked":"bronze:InfiniteLoop","floor":16.0},{"not_picked":["bronze:InfiniteBeams+1","bronze:Constructor+1"],"picked":"bronze:Terminator","floor":19.0},{"not_picked":["bronze:DelayedGuard","bronze:Shield","bronze:BitShift"],"picked":"SKIP","floor":20.0},{"not_picked":[],"picked":"bronze:DonuBeam","floor":25.0},{"not_picked":[],"picked":"bronze:DecaBeam","floor":25.0},{"not_picked":["bronze:Shield+1","bronze:Optimize","bronze:Refactor"],"picked":"SKIP","floor":26.0},{"not_picked":["bronze:NullPointer","bronze:ItsAFeature","bronze:DelayedSlice"],"picked":"SKIP","floor":27.0},{"not_picked":["bronze:Overheat","bronze:Safeguard","bronze:Separator"],"picked":"SKIP","floor":29.0},{"not_picked":["bronze:DarkDash","bronze:Shield+1","bronze:Optimize+1"],"picked":"SKIP","floor":31.0},{"not_picked":["bronze:DarkDash","bronze:Shield+1","bronze:Optimize+1"],"picked":"SKIP","floor":31.0},{"not_picked":["bronze:Overheat","bronze:Return","bronze:CutThrough"],"picked":"SKIP","floor":32.0},{"not_picked":["bronze:TinkerersToolbox","bronze:Format"],"picked":"bronze:HardenedForm","floor":33.0},{"not_picked":["bronze:BugBarrage+1","bronze:BronzeArmor+1","bronze:Separator"],"picked":"SKIP","floor":36.0},{"not_picked":["bronze:DelayedGuard+1","bronze:Fortify"],"picked":"bronze:Terminator","floor":46.0},{"not_picked":["bronze:Repair","bronze:MaxOutput+1","bronze:DelayedSlice+1"],"picked":"SKIP","floor":48.0},{"not_picked":["bronze:Deprecate","bronze:Constructor","bronze:Frontload"],"picked":"SKIP","floor":49.0},{"not_picked":["bronze:SpaghettiCode","bronze:DelayedGuard"],"picked":"bronze:ForLoop","floor":52.0}],"player_experience":723525,"relics_obtained":[{"floor":6.0,"key":"Matryoshka"},{"floor":7.0,"key":"Art of War"},{"floor":7.0,"key":"Blue Candle"},{"floor":11.0,"key":"Ancient Tea Set"},{"floor":24.0,"key":"Toy Ornithopter"},{"floor":24.0,"key":"Slimebound:StickyStick"},{"floor":28.0,"key":"Mango"},{"floor":28.0,"key":"Bottled Tornado"},{"floor":38.0,"key":"Guardian:GemstoneGun"},{"floor":52.0,"key":"Orichalcum"}],"event_choices":[{"damage_healed":0.0,"max_hp_gain":0.0,"max_hp_loss":0.0,"gold_gain":0.0,"event_name":"NoteForYourself","player_choice":"Ignored","floor":37.0,"gold_loss":0.0,"damage_taken":0.0},{"damage_healed":0.0,"max_hp_gain":0.0,"max_hp_loss":0.0,"gold_gain":0.0,"event_name":"Mysterious Sphere","player_choice":"Fight","floor":38.0,"gold_loss":0.0,"damage_taken":0.0}],"is_beta":false,"boss_relics":[{"not_picked":["Sozu","Velvet Choker"],"picked":"Coffee Dripper"},{"not_picked":["SacredBark","Empty Cage"],"picked":"Fusion Hammer"}],"items_purged_floors":[20,27],"is_endless":false,"potions_floor_spawned":[2,3,5,8,13,16,19,25,28,31,33,48],"ascension_level":1}}