{"host":"rjfefv2ruvigm2gb","time":1611209901,"event":{"mods":["A Penny For Your Troubles","Act Like it!","AlwaysNeverKeys","BaseMod","Block Reminder","Conspire","Curses Come First","Dark Map","Displayed Cursed Tome","Elementarium","Evolution","Fox Events","Gensokyo","Gold Saver","Googly Eyes","Hermit","HexUI Lib","Hubris","Infinite Spire","JesterMod","Mad Scientist","Mimic Mod","Minty Spire (QoL Compilation)","Permanent Neow","Poor People Problems","Quick Restart","Relic Filter","Relic Stats","Replay The Spire","Shop Mod","StS++","StSLib","SuperFastMode","The Blue Laboratory","The Clintock","The Sage","TheHero","Virulent Crown"],"gold_per_floor":[287,47,65,65,15,15,32,32,32,32,59,79,79,94,94,193,193,212,67,67,67,81,91,190,206,206,206,206,206,222,222,222,320,320,332,332,242,260,260,260,287,287,287],"floor_reached":42,"language":"ENG","playtime":7026,"items_purged":[],"score":451,"play_id":"eb3c7aa3-1f4b-47f5-aca1-d912d177085c","local_time":"20210121001821","is_ascension_mode":false,"campfire_choices":[{"data":"animeID:Deku","floor":6.0,"key":"SMITH"},{"data":"animeID:Crystallize","floor":6.0,"key":"SMITH"},{"data":"animeID:Tomura","floor":8.0,"key":"SMITH"},{"data":"animeID:Tomura","floor":8.0,"key":"SMITH"},{"data":"animeID:Mineta","floor":15.0,"key":"SMITH"},{"data":"animeID:Iida","floor":15.0,"key":"SMITH"},{"floor":27.0,"key":"REST"},{"data":"animeID:Endeavor","floor":29.0,"key":"SMITH"},{"data":"animeID:Tamaki","floor":29.0,"key":"SMITH"},{"data":"animeID:Dabi","floor":32.0,"key":"SMITH"},{"data":"animeID:Ojiro","floor":32.0,"key":"SMITH"},{"data":"animeID:RedRiot","floor":40.0,"key":"SMITH"},{"data":"animeID:Tomura","floor":40.0,"key":"SMITH"}],"circlet_count":0,"master_deck":["animeID:Deku+1","animeID:Bakugo+1","animeID:Tomura+1","animeID:Tomura+1","animeID:Smash","animeID:Smash","animeID:DefendMH","animeID:DefendMH","animeID:DefendMH","animeID:DefendMH","animeID:Crystallize+1","animeID:ShootStyle+1","animeID:Ojiro+1","hubris:NaturalOne","animeID:Mineta+1","animeID:Tomura+1","animeID:Iida+1","animeID:Endeavor+1","animeID:Tamaki+1","animeID:FatGum+1","animeID:TetsuTetsu+1","animeID:Dabi+1","animeID:RedRiot+1","animeID:Tsuyu+1","animeID:Dabi+1"],"relics":["animeID:HeroCostume","EVO:Axolotl","Replay:Arrowhead","Mirror","hubris:Icosahedron","infinitespire:CheckeredPen","Replay:Grab Bag","conspire:RoyalGoblet","conspire:SpecialSausage","Runic Pyramid","Juzu Bracelet","conspire:Boomerang","Toxic Egg 2","sagemod:Flying_Carpet","Sozu","Blue Doll"],"acts_visited":["Exordium","TheCity","TheBeyond"],"potions_floor_usage":[],"damage_taken":[{"damage":11.0,"enemies":"Jaw Worm","floor":1.0,"turns":2.0},{"damage":0.0,"enemies":"Cultist","floor":3.0,"turns":3.0},{"damage":0.0,"enemies":"2 Louse","floor":7.0,"turns":3.0},{"damage":27.0,"enemies":"Lagavulin","floor":11.0,"turns":6.0},{"damage":12.0,"enemies":"Looter","floor":12.0,"turns":3.0},{"damage":0.0,"enemies":"Large Slime","floor":14.0,"turns":4.0},{"damage":8.0,"enemies":"Hexaghost","floor":16.0,"turns":10.0},{"damage":14.0,"enemies":"conspire:FuzzyDice","floor":18.0,"turns":4.0},{"damage":29.0,"enemies":"2 Thieves","floor":22.0,"turns":4.0},{"damage":0.0,"enemies":"conspire:HollyBat","floor":23.0,"turns":6.0},{"damage":5.0,"enemies":"Snecko","floor":25.0,"turns":4.0},{"damage":22.0,"enemies":"Centurion and Healer","floor":30.0,"turns":5.0},{"damage":13.0,"enemies":"conspire:MysteriousRune","floor":33.0,"turns":6.0},{"damage":11.0,"enemies":"3 Darklings","floor":35.0,"turns":4.0},{"damage":9.0,"enemies":"3 Shapes","floor":38.0,"turns":4.0},{"damage":0.0,"enemies":"Jaw Worm Horde","floor":39.0,"turns":1.0},{"damage":0.0,"enemies":"Nemesis","floor":41.0,"turns":7.0},{"damage":81,"enemies":"Transient","floor":42,"turns":5}],"seed_played":"2753462172476515932","potions_obtained":[{"floor":14.0,"key":"Strength Potion"},{"floor":18.0,"key":"Venom Potion"},{"floor":22.0,"key":"blueLaboratory:PhilterOfMotion"},{"floor":23.0,"key":"blueLaboratory:NullPotion"},{"floor":30.0,"key":"SmokeBomb"}],"is_trial":false,"path_per_floor":["M","$","M","?","$","R","M","R","T","?","E","M","?","M","R","B",null,"M","$","?","$","M","M","?","M","T","R","?","R","M","?","R","B",null,"M","?","?","M","M","R","E","M"],"character_chosen":"THE_HERO","items_purchased":["Replay:Arrowhead","blueLaboratory:FruitPunch","Juzu Bracelet"],"campfire_rested":1,"item_purchase_floors":[2,5,19],"current_hp_per_floor":[71,71,73,73,73,73,75,75,75,75,52,42,42,44,44,44,84,72,72,72,72,47,51,51,48,48,73,71,71,65,49,49,49,49,40,40,40,33,33,33,46,0,0],"gold":287,"neow_bonus":"TEN_PERCENT_HP_BONUS","is_daily":false,"chose_seed":false,"campfire_upgraded":12,"win_rate":0.0,"timestamp":1611209901,"path_taken":["M","$","M","?","?","R","M","R","T","?","E","M","?","M","R","BOSS","M","$","?","$","M","M","?","M","T","R","?","R","M","?","R","BOSS","M","?","?","M","M","R","E","M"],"items_purchased_type":["Relic","Potion","Relic"],"build_version":"2020-12-22","purchased_purges":0,"victory":false,"max_hp_per_floor":[82,82,82,82,82,82,82,82,82,82,84,84,84,84,84,84,84,84,84,84,84,84,84,84,84,84,84,71,71,71,49,49,49,49,49,49,49,49,49,49,49,49,49],"relic_stats":{"Sozu":0,"counters":[18,81],"Juzu Bracelet":1,"obtain_stats":[{"conspire:RoyalGoblet":17,"Replay:Grab Bag":17,"conspire:SpecialSausage":17,"Blue Doll":41,"Juzu Bracelet":19,"conspire:Boomerang":20,"EVO:Axolotl":0,"infinitespire:CheckeredPen":11,"sagemod:Flying_Carpet":31,"Replay:Arrowhead":2,"Sozu":34,"hubris:Icosahedron":10,"animeID:HeroCostume":0,"Toxic Egg 2":26,"Mirror":9,"Runic Pyramid":17},{"conspire:RoyalGoblet":7,"Replay:Grab Bag":7,"conspire:SpecialSausage":7,"Blue Doll":17,"Juzu Bracelet":8,"conspire:Boomerang":8,"EVO:Axolotl":0,"infinitespire:CheckeredPen":4,"sagemod:Flying_Carpet":12,"Replay:Arrowhead":1,"Sozu":13,"hubris:Icosahedron":3,"animeID:HeroCostume":0,"Toxic Egg 2":11,"Mirror":3,"Runic Pyramid":7},{"conspire:RoyalGoblet":31,"Replay:Grab Bag":31,"conspire:SpecialSausage":31,"Blue Doll":76,"Juzu Bracelet":35,"conspire:Boomerang":35,"EVO:Axolotl":0,"infinitespire:CheckeredPen":14,"sagemod:Flying_Carpet":54,"Replay:Arrowhead":2,"Sozu":60,"hubris:Icosahedron":8,"animeID:HeroCostume":0,"Toxic Egg 2":49,"Mirror":8,"Runic Pyramid":31}]},"card_choices":[{"not_picked":["animeID:Mina","animeID:Tengai"],"picked":"animeID:Crystallize","floor":1.0},{"not_picked":["animeID:Momo","animeID:Nomu"],"picked":"animeID:ShootStyle","floor":3.0},{"not_picked":["animeID:FatGum","animeID:Stain"],"picked":"animeID:Ojiro","floor":7.0},{"not_picked":["animeID:Kurono","animeID:Mina"],"picked":"animeID:Mineta","floor":11.0},{"not_picked":["animeID:Mina","animeID:Chisaki"],"picked":"animeID:Tomura","floor":12.0},{"not_picked":["animeID:Tomura","animeID:FullCowl"],"picked":"animeID:Iida","floor":14.0},{"not_picked":["animeID:AllMight","animeID:ProminenceBurn"],"picked":"animeID:Endeavor","floor":16.0},{"not_picked":["animeID:Aoyama","animeID:Ojiro","animeID:DetroitSmash"],"picked":"SKIP","floor":18.0},{"not_picked":["animeID:Mineta","animeID:Momo"],"picked":"animeID:Tamaki","floor":22.0},{"not_picked":["animeID:Himiko+1","animeID:Iida+1"],"picked":"animeID:FatGum+1","floor":23.0},{"not_picked":["animeID:ToruHagakure+1","animeID:TodorokiShoto"],"picked":"animeID:TetsuTetsu+1","floor":25.0},{"not_picked":["animeID:NightEye+1","animeID:Aoyama"],"picked":"animeID:Dabi","floor":30.0},{"not_picked":["animeID:USA_Smash","animeID:Chisaki"],"picked":"animeID:RedRiot","floor":33.0},{"not_picked":["animeID:Deku+1","animeID:Kaminari+1"],"picked":"animeID:Tsuyu+1","floor":35.0},{"not_picked":["animeID:Kendo+1","animeID:Rappa","animeID:Tamaki+1"],"picked":"SKIP","floor":38.0},{"not_picked":["animeID:Thirteen+1","animeID:Kirishima+1"],"picked":"animeID:Dabi+1","floor":41.0}],"player_experience":996405,"relics_obtained":[{"floor":9.0,"key":"Mirror"},{"floor":11.0,"key":"infinitespire:CheckeredPen"},{"floor":26.0,"key":"Toxic Egg 2"},{"floor":41.0,"key":"Blue Doll"}],"event_choices":[{"damage_healed":0.0,"max_hp_gain":0.0,"max_hp_loss":0.0,"gold_gain":0.0,"event_name":"Upgrade Shrine","player_choice":"Upgraded","floor":4.0,"gold_loss":0.0,"damage_taken":0.0,"cards_upgraded":["animeID:ShootStyle"]},{"damage_healed":0.0,"max_hp_gain":0.0,"max_hp_loss":0.0,"gold_gain":0.0,"event_name":"Addict","player_choice":"Stole Relic","floor":20.0,"gold_loss":0.0,"damage_taken":0.0,"relics_obtained":["conspire:Boomerang"],"cards_obtained":["Shame"]},{"damage_healed":0.0,"max_hp_gain":0.0,"max_hp_loss":0.0,"gold_gain":99.0,"event_name":"Nest","player_choice":"Stole From Cult","floor":24.0,"gold_loss":0.0,"damage_taken":0.0},{"damage_healed":0.0,"max_hp_gain":0.0,"max_hp_loss":0.0,"gold_gain":0.0,"event_name":"Match and Keep!","player_choice":"0 cards matched","floor":36.0,"gold_loss":0.0,"damage_taken":0.0,"cards_obtained":[]},{"cards_removed":["Shame"],"damage_healed":0.0,"max_hp_gain":0.0,"max_hp_loss":0.0,"gold_gain":0.0,"event_name":"Designer","player_choice":"Upgrade and Remove","floor":37.0,"gold_loss":90.0,"damage_taken":0.0,"cards_upgraded":["animeID:Bakugo"]}],"is_beta":false,"boss_relics":[{"not_picked":["SlaversCollar","conspire:SlowCooker"],"picked":"Replay:Grab Bag"},{"not_picked":["sagemod:Falmels_Amulet","Velvet Choker"],"picked":"conspire:RoyalGoblet"},{"not_picked":["StSpp:FireArrow","hubris:BlackHole"],"picked":"conspire:SpecialSausage"},{"not_picked":["StSpp:PileOfSugar","Ring of Chaos"],"picked":"Runic Pyramid"},{"not_picked":["Replay:Ancient Bell","Replay:Wanted Poster"],"picked":"Sozu"}],"items_purged_floors":[],"is_endless":false,"potions_floor_spawned":[7,14,18,22,23,30,39],"killed_by":"Transient","ascension_level":0}}