{"host":"9pqy5lt7vda52ebm","time":1611273723,"event":{"mods":["BaseMod","Downfall","Minty Spire (QoL Compilation)","Optimize The Spire","Quick Restart","StSLib"],"gold_per_floor":[99,115,265,282,282,282,357,377,377,391,407,423,442,134,145,241,241,241,253,272,272,272,60,87,87,147,198,98,98,98,123,178,317,317,317,371,421,474,581,598,598,498,513,513,526,536,547,578,478,478,478,509,64,64,64,64],"floor_reached":57,"language":"ENG","playtime":13487,"items_purged":["champ:Strike","downfall:Icky","champ:Defend","champ:Defend"],"score":1182,"play_id":"f16c5ddd-e756-4d0a-9fe7-18a6e3ef299a","local_time":"20210121190203","is_ascension_mode":false,"campfire_choices":[{"data":"champ:Defend","floor":1.0,"key":"SMITH"},{"data":"champ:RapidStrikes","floor":6.0,"key":"SMITH"},{"data":"champ:Defend","floor":9.0,"key":"SMITH"},{"data":"champ:HoldFirm","floor":18.0,"key":"SMITH"},{"data":"expansioncontent:InvincibleStrength","floor":25.0,"key":"SMITH"},{"data":"champ:UltimateStance","floor":28.0,"key":"SMITH"},{"floor":35.0,"key":"RECALL"},{"data":"champ:BerserkersShout","floor":42.0,"key":"SMITH"},{"data":"champ:ShieldSlam","floor":44.0,"key":"SMITH"},{"data":"champ:Improvising","floor":49.0,"key":"SMITH"},{"data":"champ:FaceSlap","floor":54,"key":"SMITH"}],"circlet_count":0,"master_deck":["champ:Defend+1","champ:Defend+1","champ:Execute","champ:Taunt","champ:RapidStrikes+1","champ:FaceSlap+1","champ:CrownThrow+1","champ:Duel+1","champ:FanOfKnives+1","champ:ShieldSlam+1","champ:EnragedBash+1","champ:BringItOn","champ:HoldFirm+1","Bite+1","Bite+1","Bite+1","Bite+1","Bite+1","champ:UltimateStance+1","expansioncontent:InvincibleStrength+1","champ:Duel+1","champ:Duel+1","champ:BerserkersShout+1","champ:Improvising+1","champ:ArenaPreparation+1","champ:BerserkersShout+1"],"relics":["champ:ChampionCrown","Molten Egg 2","OrangePellets","Philosopher\u0027s Stone","downfall:KnowingSkull","downfall:HeartBlessingBlue","SlaversCollar","Omamori","HornCleat","downfall:HeartBlessingRed","Bag of Marbles","downfall:HeartBlessingGreen","Bag of Preparation","TungstenRod"],"acts_visited":["Exordium","TheCity","TheBeyond","TheEnding"],"potions_floor_usage":[50,52,55,56,56,56],"damage_taken":[{"damage":21.0,"enemies":"2 Louse","floor":2.0,"turns":3.0},{"damage":12.0,"enemies":"Small Slimes","floor":4.0,"turns":4.0},{"damage":15.0,"enemies":"Cultist","floor":8.0,"turns":3.0},{"damage":14.0,"enemies":"Exordium Thugs","floor":10.0,"turns":4.0},{"damage":15.0,"enemies":"Red Slaver","floor":11.0,"turns":3.0},{"damage":10.0,"enemies":"Large Slime","floor":12.0,"turns":4.0},{"damage":10.0,"enemies":"Exordium Wildlife","floor":13.0,"turns":3.0},{"damage":22.0,"enemies":"downfall:FleeingMerchant","floor":14.0,"turns":4.0},{"damage":14.0,"enemies":"Gremlin Gang","floor":15.0,"turns":3.0},{"damage":48.0,"enemies":"WA_ARCHETYPE_RETAIN","floor":16.0,"turns":5.0},{"damage":29.0,"enemies":"Shell Parasite","floor":19.0,"turns":5.0},{"damage":10.0,"enemies":"Spheric Guardian","floor":20.0,"turns":3.0},{"damage":43.0,"enemies":"downfall:FleeingMerchant","floor":23.0,"turns":4.0},{"damage":23.0,"enemies":"Cultist and Chosen","floor":26.0,"turns":6.0},{"damage":40.0,"enemies":"Centurion and Healer","floor":27.0,"turns":6.0},{"damage":18.0,"enemies":"downfall:FleeingMerchant","floor":31.0,"turns":4.0},{"damage":13.0,"enemies":"Snake Plant","floor":32.0,"turns":4.0},{"damage":91.0,"enemies":"IC_MUSHROOM_ARCHETYPE","floor":33.0,"turns":9.0},{"damage":23.0,"enemies":"Orb Walker","floor":36.0,"turns":3.0},{"damage":18.0,"enemies":"3 Shapes","floor":37.0,"turns":2.0},{"damage":81.0,"enemies":"Maw","floor":38.0,"turns":8.0},{"damage":18.0,"enemies":"downfall:FleeingMerchant","floor":39.0,"turns":3.0},{"damage":53.0,"enemies":"Spire Growth","floor":40.0,"turns":3.0},{"damage":45.0,"enemies":"Writhing Mass","floor":43.0,"turns":4.0},{"damage":51.0,"enemies":"Transient","floor":45.0,"turns":5.0},{"damage":49.0,"enemies":"4 Shapes","floor":46.0,"turns":4.0},{"damage":63.0,"enemies":"Sphere and 2 Shapes","floor":47.0,"turns":5.0},{"damage":71.0,"enemies":"Giant Head","floor":48.0,"turns":6.0},{"damage":130,"enemies":"DF_ARCHETYPE_ORBS","floor":50,"turns":7},{"damage":91,"enemies":"downfall:CharBossMerchant","floor":52,"turns":6},{"damage":136,"enemies":"downfall:NeowBoss","floor":55,"turns":10},{"damage":123,"enemies":"downfall:NeowBossFinal","floor":56,"turns":8}],"seed_played":"8990354471195709917","potions_obtained":[{"floor":2.0,"key":"sneckomod:MuddlingPotion"},{"floor":5.0,"key":"downfall:CursedFountainPotion"},{"floor":8.0,"key":"sneckomod:MuddlingPotion"},{"floor":15.0,"key":"SpeedPotion"},{"floor":16.0,"key":"FearPotion"},{"floor":33.0,"key":"ColorlessPotion"},{"floor":37.0,"key":"champ:CounterPotion"},{"floor":40.0,"key":"Swift Potion"},{"floor":43.0,"key":"champ:CounterPotion"}],"is_trial":false,"path_per_floor":["R","M","?","M","?","R","T","M","R","M","M","M","M","$","M","B",null,"R","M","M","?","?","$","T","R","M","M","R","?","?","$","M","B",null,"R","M","M","M","$","M","T","R","M","R","M","M","M","E","R","B",null,"E","$","R","B","B",null],"character_chosen":"THE_CHAMP","items_purchased":["OrangePellets","champ:EnragedBash+1","PowerPotion","expansioncontent:InvincibleStrength","Omamori","TungstenRod"],"campfire_rested":0,"item_purchase_floors":[14,14,23,23,39,53],"current_hp_per_floor":[99,98,98,96,96,96,96,96,96,92,87,87,87,85,81,58,99,99,95,95,69,60,57,57,57,69,69,79,79,64,84,84,59,84,84,84,84,83,84,69,69,69,70,70,74,72,70,84,84,63,84,84,84,84,76,82],"gold":64,"neow_bonus":"TEN_PERCENT_HP_BONUS","is_daily":false,"chose_seed":false,"campfire_upgraded":10,"win_rate":0.0,"timestamp":1611273723,"path_taken":["R","M","?","M","?","R","T","M","R","M","M","?","M","$","M","BOSS","R","M","M","?","?","$","T","R","?","M","R","?","?","?","M","BOSS","R","M","M","M","$","M","T","R","M","R","M","M","M","E","R","BOSS","E","$","R","BOSS","BOSS"],"items_purchased_type":["Relic","Card","Potion","Card","Relic","Relic"],"build_version":"2020-12-22","purchased_purges":4,"victory":true,"max_hp_per_floor":[99,99,99,99,99,99,99,99,99,99,99,99,99,99,99,99,99,99,99,99,69,69,69,69,69,69,69,79,79,84,84,84,84,84,84,84,84,84,84,84,84,84,84,84,84,84,84,84,84,84,84,84,84,84,84,84],"card_choices":[{"not_picked":["champ:Shatter","champ:Encircle"],"picked":"champ:RapidStrikes","floor":2.0},{"not_picked":["champ:Haymaker","champ:StanceDance"],"picked":"champ:FaceSlap","floor":4.0},{"not_picked":["champ:GutPunch+1","champ:BringItOn"],"picked":"champ:CrownThrow+1","floor":8.0},{"not_picked":["champ:FocusedBerserking","champ:CalledShot"],"picked":"champ:Duel+1","floor":10.0},{"not_picked":["champ:Endure","champ:AdrenalArmor"],"picked":"champ:FanOfKnives+1","floor":11.0},{"not_picked":["champ:BladeFlurry+1","champ:SwordThrow+1"],"picked":"champ:ShieldSlam","floor":12.0},{"not_picked":["champ:FanOfKnives+1","champ:StanceDance","champ:PerfectedStrike+1"],"picked":"SKIP","floor":13.0},{"not_picked":["champ:PerfectedStrike+1","champ:SetATrap","champ:EndlessRage"],"picked":"SKIP","floor":14.0},{"not_picked":["champ:RapidStrikes+1","champ:GutPunch+1"],"picked":"champ:BringItOn","floor":15.0},{"not_picked":["champ:TripleStrike+1","champ:Devastate+1"],"picked":"champ:HoldFirm","floor":16.0},{"not_picked":["champ:StanceDance+1","champ:PreciseThrust+1","champ:Haymaker+1"],"picked":"SKIP","floor":19.0},{"not_picked":["champ:FocusedDefense","champ:Shatter+1","champ:CrookedStrike+1"],"picked":"SKIP","floor":20.0},{"not_picked":["champ:StrikeOfGenius","champ:GladiatorStyle"],"picked":"champ:UltimateStance","floor":23.0},{"not_picked":["champ:BladeFlurry+1","champ:CrownThrow+1","champ:PerfectedStrike+1"],"picked":"SKIP","floor":26.0},{"not_picked":["champ:BladeFlurry+1","champ:DefensiveShout+1","champ:CrownThrow+1"],"picked":"SKIP","floor":27.0},{"not_picked":["champ:StanceDance","champ:EnragedBash+1"],"picked":"champ:Duel+1","floor":31.0},{"not_picked":["champ:Backstep","champ:Endure+1"],"picked":"champ:Duel+1","floor":32.0},{"not_picked":["champ:HeartStrike+1","champ:TornadoPunch+1"],"picked":"champ:BerserkersShout","floor":36.0},{"not_picked":["champ:FocusedBerserking+1","champ:AdrenalArmor","champ:HeartStrike+1"],"picked":"SKIP","floor":37.0},{"not_picked":["champ:TornadoPunch+1","champ:FlashCut+1","champ:GutPunch+1"],"picked":"SKIP","floor":38.0},{"not_picked":["champ:ShieldWall+1","champ:PerfectedStrike+1"],"picked":"champ:Improvising","floor":39.0},{"not_picked":["champ:PerfectedStrike+1","champ:BringItOn+1"],"picked":"champ:ArenaPreparation+1","floor":40.0},{"not_picked":["champ:Circumvent","champ:FancyFootwork","champ:BladeFlurry+1"],"picked":"SKIP","floor":43.0},{"not_picked":["champ:PreciseThrust+1","champ:RisingSlash+1","champ:FalseCounter+1"],"picked":"SKIP","floor":45.0},{"not_picked":["champ:StanceDance","champ:RecklessLeap+1","champ:DeathBlow+1"],"picked":"SKIP","floor":46.0},{"not_picked":["champ:AdrenalArmor","champ:BringItOn+1"],"picked":"champ:BerserkersShout+1","floor":47.0},{"not_picked":["champ:SetATrap+1","champ:TornadoPunch+1","champ:BerserkersShout"],"picked":"SKIP","floor":48.0},{"not_picked":["champ:GladiatorStyle","champ:Haymaker+1","champ:DeathBlow+1"],"picked":"SKIP","floor":52}],"player_experience":335960,"relics_obtained":[{"floor":7.0,"key":"Molten Egg 2"},{"floor":41.0,"key":"HornCleat"},{"floor":48.0,"key":"Bag of Marbles"},{"floor":52,"key":"Bag of Preparation"}],"event_choices":[{"damage_healed":0.0,"max_hp_gain":0.0,"max_hp_loss":30.0,"gold_gain":0.0,"event_name":"Vampires","player_choice":"Became a vampire","floor":21.0,"gold_loss":0.0,"damage_taken":0.0,"cards_obtained":["Bite","Bite","Bite","Bite","Bite"]},{"damage_healed":0.0,"max_hp_gain":0.0,"max_hp_loss":0.0,"gold_gain":0.0,"event_name":"Ghosts","player_choice":"Ignored","floor":29.0,"gold_loss":0.0,"damage_taken":0.0}],"is_beta":false,"boss_relics":[{"not_picked":["Coffee Dripper","bronze:MakeshiftBattery"],"picked":"Philosopher\u0027s Stone"},{"not_picked":["Sozu","Fusion Hammer"],"picked":"SlaversCollar"}],"items_purged_floors":[14,23,39,53],"is_endless":false,"potions_floor_spawned":[2,8,15,16,26,32,33,36,37,40,43,45,47],"ascension_level":0}}