{"host":"gqhy17d1xpb1p3ki","time":1611197531,"event":{"mods":["2.2 Compatiblity","AchievementEnabler","BaseMod","Bestiary","Colored Map","Colored Powertips","Curses Come First","Downfall","Duelist Mod","Hermit","Marisa????????","Minty Spire (QoL Compilation)","Rare Cards Sparkle","Shop Mod","StSLib","The Animator","The Bug Knight","The Cursed","The Disciple","The Hierophant","The Necromancer","The Runesmith","The Servant 0.9.4","Yuri Mod"],"gold_per_floor":[113,113,139,39,57,57,76,76,76,115,115,115,134,134,134,134,134],"floor_reached":16,"language":"ENG","playtime":772,"items_purged":["theDuelist:PsiCurse"],"score":98,"play_id":"defaba92-13fc-43b4-b4e9-729b5f835c5d","local_time":"20210120215211","is_ascension_mode":false,"campfire_choices":[{"data":"HollowMod:FocusHealStart","floor":6,"key":"SMITH"},{"data":"HollowMod:WraithStrike","floor":8,"key":"SMITH"},{"data":"HollowMod:QuirrelsAssistance","floor":11,"key":"SMITH"},{"data":"HollowMod:VengefulVoid","floor":15,"key":"SMITH"}],"circlet_count":0,"master_deck":["HollowMod:NailStrikeStart","HollowMod:NailStrikeStart","HollowMod:NailStrikeStart","HollowMod:QuickDashStart","HollowMod:QuickDashStart","HollowMod:QuickDashStart","HollowMod:QuickDashStart","HollowMod:FocusHealStart+1","HollowMod:PogoStrike","HollowMod:Weaversong","HollowMod:BlackTendrils","HollowMod:WraithStrike+1","HollowMod:QuirrelsAssistance+1","HollowMod:DescendingDark","HollowMod:CloakDash+1","HollowMod:VengefulVoid+1"],"relics":["HollowMod:VesselMask","Golden Idol","HollowMod:KingsBrand","Toxic Egg 2","Strawberry"],"acts_visited":["Exordium"],"potions_floor_usage":[],"damage_taken":[{"damage":0,"enemies":"2 Louse","floor":1,"turns":2},{"damage":1,"enemies":"Jaw Worm","floor":5,"turns":3},{"damage":1,"enemies":"Cultist","floor":7,"turns":3},{"damage":47,"enemies":"3 Sentries","floor":10,"turns":8},{"damage":0,"enemies":"Large Slime","floor":13,"turns":3},{"damage":59,"enemies":"HollowMod:FalseKnight","floor":16,"turns":6}],"seed_played":"8257387531025624463","potions_obtained":[{"floor":10,"key":"DuplicationPotion"},{"floor":13,"key":"FearPotion"}],"is_trial":false,"path_per_floor":["M","?","T","$","M","R","M","R","T","E","R","?","M","?","R","B"],"character_chosen":"THE_BUGKNIGHT","items_purchased":["HollowMod:WraithStrike"],"campfire_rested":0,"item_purchase_floors":[4],"current_hp_per_floor":[75,57,57,57,58,58,63,63,63,37,37,37,45,45,45,0,0],"gold":134,"neow_bonus":"THREE_RARE_CARDS","is_daily":false,"chose_seed":false,"campfire_upgraded":4,"win_rate":0.0,"timestamp":1611197531,"path_taken":["M","?","?","$","?","R","M","R","T","E","R","?","M","?","R","BOSS"],"items_purchased_type":["Card"],"build_version":"2020-12-22","purchased_purges":1,"victory":false,"max_hp_per_floor":[75,75,75,75,75,75,75,75,75,82,82,82,82,82,82,82,82],"card_choices":[{"not_picked":["HollowMod:Hiveblood","HollowMod:AwokenDreamNail"],"picked":"HollowMod:Weaversong","floor":0},{"not_picked":["HollowMod:HuntersJournal","HollowMod:ShapeofUnn"],"picked":"HollowMod:BlackTendrils","floor":1},{"not_picked":["HollowMod:ChannelNail","HollowMod:HowlingWraiths"],"picked":"HollowMod:QuirrelsAssistance","floor":5},{"not_picked":["HollowMod:BaldurShell","HollowMod:SoulSplash"],"picked":"HollowMod:DescendingDark","floor":7},{"not_picked":["HollowMod:LifebloodCocoon+1","HollowMod:AbyssShriek"],"picked":"HollowMod:CloakDash+1","floor":10},{"not_picked":["HollowMod:ChannelNail+1","HollowMod:InfectionAssault"],"picked":"HollowMod:VengefulVoid","floor":13}],"player_experience":403004,"relics_obtained":[{"floor":3,"key":"HollowMod:KingsBrand"},{"floor":9,"key":"Toxic Egg 2"},{"floor":10,"key":"Strawberry"}],"event_choices":[{"damage_healed":0,"gold_gain":0,"player_choice":"Take Damage","damage_taken":18,"relics_obtained":["Golden Idol"],"max_hp_gain":0,"max_hp_loss":0,"event_name":"Golden Idol","floor":2,"gold_loss":0},{"damage_healed":0,"gold_gain":0,"player_choice":"Ignored","damage_taken":0,"max_hp_gain":0,"max_hp_loss":0,"event_name":"Liars Game","floor":12,"gold_loss":0},{"cards_removed":["HollowMod:NailStrikeStart"],"damage_healed":0,"gold_gain":0,"player_choice":"Offered Basic","damage_taken":0,"max_hp_gain":0,"max_hp_loss":0,"event_name":"Bonfire Elementals","floor":14,"gold_loss":0}],"is_beta":false,"boss_relics":[],"items_purged_floors":[4],"is_endless":false,"potions_floor_spawned":[10,13],"killed_by":"HollowMod:FalseKnight","ascension_level":0}}