{"host":"pjgcdp3h1plnbocs","time":1611270227,"event":{"mods":["AchievementEnabler","BaseMod","Colored Map","Downfall","Highlight Path","Minty Spire (QoL Compilation)","StSLib"],"gold_per_floor":[99,109,124,34,34,34,34,34,63,79,79,106,126,126,144,247,247,247,265,278,278,278,278,278,290,290,316,316,343,343,357,375,473,473,473,492,512,531,531,546,546,444,459,474,504,523,551,434,446,446],"floor_reached":51,"language":"ENG","playtime":5900,"items_purged":["downfall:Bewildered"],"score":915,"play_id":"15a0c0f3-531d-478a-99c3-01b6c47249f7","local_time":"20210122000347","is_ascension_mode":true,"campfire_choices":[{"data":"Slimebound:CorrosiveSpit","floor":1.0,"key":"SMITH"},{"data":"Slimebound:Split","floor":8.0,"key":"SMITH"},{"data":"Slimebound:Repurpose","floor":11.0,"key":"SMITH"},{"data":"Slimebound:SplitSpecialist","floor":18.0,"key":"SMITH"},{"data":"Slimebound:SplitSpecialist","floor":23.0,"key":"SMITH"},{"data":"Slimebound:Defend_Slimebound","floor":28.0,"key":"SMITH"},{"floor":35.0,"key":"RECALL"}],"circlet_count":0,"master_deck":["Slimebound:Strike_Slimebound+1","Slimebound:Tackle","Slimebound:Defend_Slimebound+1","Slimebound:Defend_Slimebound+1","Slimebound:Split+1","Slimebound:CorrosiveSpit+1","Slimebound:Repurpose+1","Slimebound:SplitLeeching+1","Slimebound:SplitSpecialist+1","Slimebound:SplitSpecialist+1","Slimebound:RallyTheTroops+1","Slimebound:SplitSpecialist+1","expansioncontent:Chronoboost","Slimebound:SplitMire"],"relics":["Slimebound:AbsorbEndCombat","Du-Vu Doll","downfall:ShatteredFragment","Molten Egg 2","Ancient Tea Set","Kunai","Empty Cage","Shuriken","Orichalcum","FossilizedHelix","Fusion Hammer","Singing Bowl","Lantern","Mummified Hand","Pen Nib","Meat on the Bone"],"acts_visited":["Exordium","TheCity","TheBeyond"],"potions_floor_usage":[50,50],"damage_taken":[{"damage":6.0,"enemies":"2 Louse","floor":2.0,"turns":2.0},{"damage":6.0,"enemies":"Small Slimes","floor":3.0,"turns":4.0},{"damage":8.0,"enemies":"downfall:FleeingMerchant","floor":4.0,"turns":4.0},{"damage":13.0,"enemies":"Gremlin Nob","floor":9.0,"turns":3.0},{"damage":2.0,"enemies":"Jaw Worm","floor":10.0,"turns":3.0},{"damage":0.0,"enemies":"Lagavulin","floor":12.0,"turns":5.0},{"damage":0.0,"enemies":"Large Slime","floor":13.0,"turns":4.0},{"damage":11.0,"enemies":"Exordium Thugs","floor":15.0,"turns":3.0},{"damage":24.0,"enemies":"WA_ARCHETYPE_RETAIN","floor":16.0,"turns":9.0},{"damage":6.0,"enemies":"Shell Parasite","floor":19.0,"turns":5.0},{"damage":6.0,"enemies":"Chosen","floor":20.0,"turns":4.0},{"damage":20.0,"enemies":"Chosen","floor":21.0,"turns":6.0},{"damage":5.0,"enemies":"Snake Plant","floor":25.0,"turns":3.0},{"damage":6.0,"enemies":"Slavers","floor":27.0,"turns":7.0},{"damage":42.0,"enemies":"Gremlin Leader","floor":29.0,"turns":7.0},{"damage":5.0,"enemies":"Shelled Parasite and Fungi","floor":31.0,"turns":5.0},{"damage":0.0,"enemies":"Cultist and Chosen","floor":32.0,"turns":5.0},{"damage":13.0,"enemies":"DF_ARCHETYPE_CLAW","floor":33.0,"turns":7.0},{"damage":0.0,"enemies":"Orb Walker","floor":36.0,"turns":3.0},{"damage":11.0,"enemies":"3 Darklings","floor":37.0,"turns":4.0},{"damage":16.0,"enemies":"4 Shapes","floor":38.0,"turns":4.0},{"damage":0.0,"enemies":"Sphere and 2 Shapes","floor":40.0,"turns":5.0},{"damage":0.0,"enemies":"downfall:FleeingMerchant","floor":42.0,"turns":4.0},{"damage":28.0,"enemies":"Spire Growth","floor":43.0,"turns":4.0},{"damage":0.0,"enemies":"Maw","floor":44.0,"turns":5.0},{"damage":9.0,"enemies":"Reptomancer","floor":45.0,"turns":7.0},{"damage":0.0,"enemies":"4 Shapes","floor":46.0,"turns":4.0},{"damage":11.0,"enemies":"Giant Head","floor":47.0,"turns":6.0},{"damage":12.0,"enemies":"downfall:FleeingMerchant","floor":48.0,"turns":4.0},{"damage":5.0,"enemies":"Spire Growth","floor":49.0,"turns":4.0},{"damage":53,"enemies":"SI_POISON_ARCHETYPE","floor":50,"turns":7}],"seed_played":"-1234974171849910431","potions_obtained":[{"floor":3.0,"key":"GamblersBrew"},{"floor":15.0,"key":"SkillPotion"},{"floor":16.0,"key":"sneckomod:MuddlingPotion"},{"floor":29.0,"key":"PowerPotion"},{"floor":31.0,"key":"Strength Potion"},{"floor":32.0,"key":"PowerPotion"},{"floor":40.0,"key":"Dexterity Potion"},{"floor":46.0,"key":"Block Potion"}],"is_trial":false,"path_per_floor":["R","M","M","$","?","?","T","R","E","M","R","E","M","?","M","B",null,"R","M","M","?","?","R","T","M","?","E","R","E","?","M","M","B",null,"R","M","M","M","?","M","T","$","M","M","E","M","E","$","M","B",null],"character_chosen":"SLIMEBOUND","items_purchased":["expansioncontent:Chronoboost","Pen Nib","Slimebound:SplitMire","Meat on the Bone"],"campfire_rested":0,"item_purchase_floors":[42,48,48,48],"current_hp_per_floor":[65,61,57,53,53,35,35,35,24,28,28,30,36,36,27,11,65,65,61,59,43,43,43,43,42,63,59,59,25,25,26,32,42,65,65,65,56,46,46,50,50,56,34,42,43,47,46,40,51,18],"gold":446,"neow_bonus":"ONE_RARE_RELIC","is_daily":false,"chose_seed":false,"campfire_upgraded":6,"win_rate":0.0,"timestamp":1611270227,"path_taken":["R","M","M","$","?","?","T","R","E","M","R","E","M","?","M","BOSS","R","M","M","?","?","R","T","?","?","E","R","E","?","M","M","BOSS","R","M","M","M","?","M","T","$","M","M","E","M","E","$","M","BOSS"],"items_purchased_type":["Card","Relic","Card","Relic"],"build_version":"2020-12-22","purchased_purges":1,"victory":true,"max_hp_per_floor":[65,65,65,65,65,65,65,65,65,65,65,65,65,65,65,65,65,65,65,65,65,65,65,65,65,65,65,65,65,65,65,65,65,65,65,65,65,65,65,65,65,67,69,71,73,75,77,79,81,81],"card_choices":[{"not_picked":["Slimebound:GoopTackle","Slimebound:FinishingTackle"],"picked":"Slimebound:Repurpose","floor":2.0},{"not_picked":["Slimebound:MegaLick","Slimebound:SlimeSpikes"],"picked":"Slimebound:SplitLeeching","floor":3.0},{"not_picked":["Slimebound:GrowthPunch","Slimebound:ComboTackle"],"picked":"Slimebound:SplitSpecialist","floor":4.0},{"not_picked":["Slimebound:ComboTackle+1","Slimebound:PressTheAttack+1","Slimebound:BestDefense"],"picked":"SKIP","floor":9.0},{"not_picked":["Slimebound:WasteNot","Slimebound:LivingWall","Slimebound:SplitLeeching"],"picked":"SKIP","floor":10.0},{"not_picked":["Slimebound:LeechEnergy+1","Slimebound:Schlurp","Slimebound:GoopTackle+1"],"picked":"SKIP","floor":12.0},{"not_picked":["Slimebound:BestDefense","Slimebound:Prepare","Slimebound:FinishingTackle+1"],"picked":"SKIP","floor":13.0},{"not_picked":["Slimebound:Prepare","Slimebound:DisruptingSlam+1","Slimebound:RollThrough+1"],"picked":"SKIP","floor":15.0},{"not_picked":["Slimebound:Repurpose+1","Slimebound:MegaLick","Slimebound:SplitMire"],"picked":"SKIP","floor":19.0},{"not_picked":["Slimebound:ComboTackle+1","Slimebound:Schlurp"],"picked":"Slimebound:SplitSpecialist","floor":20.0},{"not_picked":["Slimebound:DouseInSlime","Slimebound:SlimeBrawl+1","Slimebound:PressTheAttack+1"],"picked":"SKIP","floor":25.0},{"not_picked":["Slimebound:AcidTongue+1","Slimebound:SlimeBarrage+1","Slimebound:ForwardTackle+1"],"picked":"SKIP","floor":27.0},{"not_picked":["Slimebound:FinishingTackle+1","Slimebound:RollThrough+1","Slimebound:FlameTackle+1"],"picked":"SKIP","floor":29.0},{"not_picked":["Slimebound:SplitAcid","Slimebound:LeechingTouch+1","Slimebound:Prepare+1"],"picked":"SKIP","floor":31.0},{"not_picked":["Slimebound:LivingWall","Slimebound:HauntingLick+1","Slimebound:RollThrough+1"],"picked":"SKIP","floor":32.0},{"not_picked":["Slimebound:DuplicatedForm","Slimebound:Teamwork"],"picked":"Slimebound:RallyTheTroops+1","floor":33.0},{"not_picked":["Slimebound:Equalize+1","Slimebound:Chomp+1","Slimebound:ItLooksTasty+1"],"picked":"SKIP","floor":36.0},{"not_picked":["Slimebound:ComboTackle+1","Slimebound:SplitAcid","Slimebound:LivingWall+1"],"picked":"SKIP","floor":37.0},{"not_picked":["Slimebound:Prepare+1","Slimebound:LeechingTouch+1","Slimebound:SamplingLick"],"picked":"SKIP","floor":38.0},{"not_picked":["Slimebound:SlimeSpikes+1","Slimebound:LeechEnergy+1"],"picked":"Slimebound:SplitSpecialist+1","floor":40.0},{"not_picked":["Slimebound:Grow","Slimebound:CheckThePlaybook","Slimebound:Repurpose+1"],"picked":"Singing Bowl","floor":42.0},{"not_picked":["Slimebound:RainOfGoop","Slimebound:GoopTackle+1","Slimebound:LeechEnergy+1"],"picked":"Singing Bowl","floor":43.0},{"not_picked":["Slimebound:ViciousTackle+1","Slimebound:LeechEnergy+1","Slimebound:LeechingTouch+1"],"picked":"Singing Bowl","floor":44.0},{"not_picked":["Slimebound:AcidTongue+1","Slimebound:LeechLife+1","Slimebound:LeechingTouch+1"],"picked":"Singing Bowl","floor":45.0},{"not_picked":["Slimebound:ItLooksTasty+1","Slimebound:Schlurp+1","Slimebound:FinishingTackle+1"],"picked":"Singing Bowl","floor":46.0},{"not_picked":["Slimebound:ViciousTackle+1","Slimebound:Prepare+1","Slimebound:SlimeSpikes"],"picked":"Singing Bowl","floor":47.0},{"not_picked":["Slimebound:Schlurp","Slimebound:FinishingTackle+1","Slimebound:SplitMire+1"],"picked":"Singing Bowl","floor":48.0},{"not_picked":["Slimebound:DivideAndConquer+1","Slimebound:RejuvenatingLick+1","Slimebound:Equalize+1"],"picked":"Singing Bowl","floor":49}],"player_experience":200723,"relics_obtained":[{"floor":7.0,"key":"Molten Egg 2"},{"floor":9.0,"key":"Ancient Tea Set"},{"floor":12.0,"key":"Kunai"},{"floor":24.0,"key":"Shuriken"},{"floor":27.0,"key":"Orichalcum"},{"floor":29.0,"key":"FossilizedHelix"},{"floor":41.0,"key":"Singing Bowl"},{"floor":45.0,"key":"Lantern"},{"floor":47.0,"key":"Mummified Hand"}],"event_choices":[{"cards_removed":["downfall:Malfunctioning"],"damage_healed":0.0,"max_hp_gain":0.0,"max_hp_loss":0.0,"gold_gain":0.0,"event_name":"The Cleric","player_choice":"Card Removal","floor":14.0,"gold_loss":0.0,"damage_taken":0.0},{"damage_healed":21.0,"max_hp_gain":0.0,"max_hp_loss":0.0,"gold_gain":0.0,"event_name":"The Library","player_choice":"Heal","floor":26.0,"gold_loss":0.0,"damage_taken":0.0}],"is_beta":false,"boss_relics":[{"not_picked":["Runic Pyramid","SacredBark"],"picked":"Empty Cage"},{"not_picked":["Slimebound:TarBlob","Pandora\u0027s Box"],"picked":"Fusion Hammer"}],"items_purged_floors":[4],"is_endless":false,"potions_floor_spawned":[3,15,16,19,25,29,31,32,40,43,44,46,49],"ascension_level":2}}