{"host":"roto7j7840a50pxh","time":1611260972,"event":{"mods":["Act Like it!","BaseMod","Better Altar","Better Note","Better Sensory Stone","Better Skull","Better Third Choice","BetterRewards","Colored Map","Colored Powertips","Downfall","Hermit","Highlight Path","Hubris","Infinite Spire","Minty Spire (QoL Compilation)","Robot Space Explorer","Shade Mod","Spicy Shops","StSLib","The Cursed","The Dragon Tamer","The Hierophant","The Necromancer","The Runesmith","The Servant 0.9.4","TheVacant"],"gold_per_floor":[118,118,134,134,134,168,168,193,244,269,284,345,358,377,377,473,473,484,484,495,495,507,536,536,536,607,50,12,43,54,70,70,175,175,194,206,206,225,235,235,266,278,303,9,9,9,21,46,46,46],"floor_reached":51,"language":"ENG","playtime":4498,"items_purged":["Shade:Strike_Shade","Shade:Strike_Shade","Shade:Strike_Shade","Shade:Strike_Shade","Shade:Defend_Shade","Shade:Defend_Shade"],"score":1463,"play_id":"dfa45341-3196-4052-9fce-8a9b1fa2a27a","local_time":"20210121152932","is_ascension_mode":true,"campfire_choices":[{"data":"Shade:AnimateDead","floor":7,"key":"SMITH"},{"data":"Shade:Carnophage","floor":15,"key":"SMITH"},{"data":"Shade:FreshBones","floor":24,"key":"SMITH"},{"data":"Shade:AuraOfUnlife","floor":32,"key":"SMITH"},{"data":"Shade:Coordination","floor":40,"key":"SMITH"},{"data":"Shade:CommandSoldier","floor":46,"key":"SMITH"},{"data":"Shade:LichForm","floor":49,"key":"SMITH"}],"circlet_count":0,"master_deck":["Shade:Defend_Shade","Shade:Defend_Shade","Shade:AnimateDead+1","Shade:CarefulCut","Shade:FingerOfDeath","Shade:CoffinDance","Shade:FleshToFlesh","Shade:CallOfTheGrave","Shade:Bite_Shade","Shade:BoneShards","Shade:Brains","Shade:FreshBones+1","Shade:Carnophage+1","Shade:SkeletonHug","Shade:Bite_Shade","Shade:CommandSoldier+1","Shade:WallOfFlesh","Shade:CommandSoldier+1","Shade:FuneraryArmor+1","Shade:WallOfFlesh+1","Shade:ExtraLimbs","Metamorphosis+1","Shade:ExtraLimbs","Shade:CoffinDance","Shade:GreyBargain+1","Shade:GraveStillness+1","Regret","Shade:FleshLikeOak+1","Shade:Excise+1","Shade:SoulToxin+1","Shade:FreshBones+1","Shade:Frenzy+1","Shade:SensePrey+1","Shade:ExtraLimbs","Shade:LichForm+1","CurseOfTheBell","Shade:PoundOfFlesh+1","Shade:FleshToFlesh+1","Shade:SkeletonArmy+1","Shade:AuraOfUnlife+1","Shade:Consume","Shade:FleshLikeOak+1","Shade:TouchOfTheGrave","Shade:Brains+1","Shade:FeralStrike+1","Shade:FleshOffering+1","Shade:LoseControl+1","Shade:Frenzy+1","Shade:FreshBones+1","Pain","Shade:GraveStillness+1","Shade:Coordination+1","Shade:CallWraith+1","Shade:SkeletonArmy+1","Shade:FleshToFlesh+1","Shade:ExtraLimbs+1"],"relics":["Shade:YorickSkull","Frozen Eye","HandDrill","Lee\u0027s Waffle","Kunai","Strange Spoon","Membership Card","Medical Kit","Gremlin Horn","Lizard Tail","Toxic Egg 2","Shuriken","Toy Ornithopter","hubris:OldNail","hubris:Icosahedron","infinitespire:Golems Mask","Runesmith:Nanobots","Pen Nib","hubris:TenFootPole","Calling Bell","hubris:ToyBattleship","Mercury Hourglass","CaptainsWheel","Anchor","Shade:YorickPolishedSkull","Orichalcum","Lantern","infinitespire:EmpoweringShard","Bag of Marbles","Mango","infinitespire:ShieldingShard","Runesmith:AutoHammer","hubris:Backtick","hubris:Potato","WarpedTongs","Dream Catcher","infinitespire:Beetle Shell","Toolbox","Bottled Tornado","Molten Egg 2"],"acts_visited":["Exordium","TheCity","TheBeyond"],"potions_floor_usage":[48,50],"damage_taken":[{"damage":0,"enemies":"Cultist","floor":1,"turns":3},{"damage":9,"enemies":"Jaw Worm","floor":3,"turns":4},{"damage":23,"enemies":"Lagavulin","floor":6,"turns":7},{"damage":2,"enemies":"Gremlin Nob","floor":8,"turns":5},{"damage":9,"enemies":"3 Sentries","floor":10,"turns":9},{"damage":2,"enemies":"infinitespire:Voidling","floor":11,"turns":3},{"damage":1,"enemies":"2 Fungi Beasts","floor":13,"turns":3},{"damage":0,"enemies":"3 Louse","floor":14,"turns":1},{"damage":42,"enemies":"Slime Boss","floor":16,"turns":7},{"damage":3,"enemies":"Spheric Guardian","floor":18,"turns":4},{"damage":0,"enemies":"Shell Parasite","floor":20,"turns":3},{"damage":2,"enemies":"Cultist and Chosen","floor":22,"turns":4},{"damage":0,"enemies":"Book of Stabbing","floor":23,"turns":3},{"damage":0,"enemies":"Slavers","floor":29,"turns":1},{"damage":0,"enemies":"Centurion and Healer","floor":30,"turns":3},{"damage":0,"enemies":"Sentry and Sphere","floor":31,"turns":2},{"damage":0,"enemies":"Champ","floor":33,"turns":7},{"damage":0,"enemies":"3 Darklings","floor":35,"turns":2},{"damage":0,"enemies":"3 Shapes","floor":36,"turns":1},{"damage":0,"enemies":"Jaw Worm Horde","floor":38,"turns":2},{"damage":0,"enemies":"Transient","floor":39,"turns":5},{"damage":3,"enemies":"Giant Head","floor":41,"turns":6},{"damage":0,"enemies":"Maw","floor":42,"turns":6},{"damage":0,"enemies":"4 Shapes","floor":47,"turns":2},{"damage":0,"enemies":"Reptomancer","floor":48,"turns":3},{"damage":0,"enemies":"Awakened One","floor":50,"turns":5}],"seed_played":"8016452440488062334","potions_obtained":[{"floor":10,"key":"Regen Potion"},{"floor":11,"key":"EssenceOfSteel"},{"floor":13,"key":"Weak Potion"},{"floor":29,"key":"SneckoOil"},{"floor":30,"key":"Energy Potion"},{"floor":42,"key":"hexamod:SoulburnPotion"},{"floor":48,"key":"Weak Potion"}],"is_trial":false,"path_per_floor":["M","?","M","?","$","E","R","E","T","E","M","?","M","M","R","B",null,"M","AVR","M","?","M","E","R","?","T","$","$","E","M","M","R","B",null,"M","M","?","M","M","R","E","M","T","$","NS","R","M","E","R","B",null],"character_chosen":"SHADE","items_purchased":["Frozen Eye","Shade:FingerOfDeath","Shade:CoffinDance","HandDrill","Shade:FleshToFlesh","Shade:CallOfTheGrave","Shade:Bite_Shade","Shade:BoneShards","Lee\u0027s Waffle","Kunai","Strange Spoon","Membership Card","Medical Kit","Shade:Brains","Shade:FreshBones","Shade:Carnophage","Shade:SkeletonHug","Shade:Bite_Shade","Shade:CommandSoldier","Shade:WallOfFlesh","Gremlin Horn","Lizard Tail","Shade:CommandSoldier","Toxic Egg 2","Shade:FuneraryArmor+1","Shade:WallOfFlesh+1","Shade:ExtraLimbs","Metamorphosis+1","Shade:ExtraLimbs","Shuriken","Shade:CoffinDance","Shade:GreyBargain+1","Bag of Marbles","Shade:AuraOfUnlife","Mango","Shade:Consume","Shade:FleshLikeOak+1","infinitespire:ShieldingShard","Shade:TouchOfTheGrave","Toolbox","Bottled Tornado","Shade:SkeletonArmy+1"],"campfire_rested":0,"item_purchase_floors":[0,0,0,0,0,0,0,0,0,0,0,0,0,0,0,0,0,0,0,0,0,0,0,0,0,0,0,0,0,0,0,0,27,27,27,27,27,27,28,44,44,44],"current_hp_per_floor":[72,72,63,63,63,44,44,42,42,37,35,35,36,40,40,30,72,71,71,71,71,69,71,71,71,71,85,85,85,85,86,86,86,86,86,86,86,86,86,86,83,86,86,86,86,86,86,86,86,86],"gold":46,"neow_bonus":"","is_daily":false,"chose_seed":false,"campfire_upgraded":7,"win_rate":0.0,"timestamp":1611260972,"path_taken":["M","?","M","?","?","E","R","E","T","E","M","?","M","M","R","BOSS","M","AVR","M","?","M","E","R","?","T","?","$","E","M","?","R","BOSS","M","M","?","?","?","R","E","?","T","?","NS","R","M","E","R","BOSS"],"items_purchased_type":["Relic","Card","Card","Relic","Card","Card","Card","Card","Relic","Relic","Relic","Relic","Relic","Card","Card","Card","Card","Card","Card","Card","Relic","Relic","Card","Relic","Card","Card","Card","Card","Card","Relic","Card","Card","Relic","Card","Relic","Card","Card","Relic","Card","Relic","Relic","Card"],"build_version":"2020-12-22","purchased_purges":6,"victory":true,"max_hp_per_floor":[72,72,72,72,72,72,72,72,72,72,72,72,72,72,72,72,72,72,72,72,72,72,72,72,72,72,86,86,86,86,86,86,86,86,86,86,86,86,86,86,86,86,86,86,86,86,86,86,86,86],"card_choices":[{"not_picked":["Shade:PotionOfRestlessness","Shade:SanguineRitual+1"],"picked":"Shade:GraveStillness+1","floor":1},{"not_picked":["Shade:FuneraryJewels+1","Shade:PoundOfFlesh"],"picked":"Shade:FleshLikeOak+1","floor":3},{"not_picked":["Shade:CloudOfShrapnel","Shade:Premonition+1"],"picked":"Shade:Excise+1","floor":6},{"not_picked":["Shade:LastGasp+1","Shade:Patience+1"],"picked":"Shade:SoulToxin+1","floor":8},{"not_picked":["Shade:SelfBurial+1","Shade:Excise+1"],"picked":"Shade:FreshBones+1","floor":10},{"not_picked":["Shade:AblativeArmor+1","Shade:SkeletonHug"],"picked":"Shade:Frenzy+1","floor":11},{"not_picked":["Shade:SoulToxin+1","Shade:GreyBargain+1"],"picked":"Shade:SensePrey+1","floor":13},{"not_picked":["Shade:CoffinDance","Shade:ClawBack"],"picked":"Shade:ExtraLimbs","floor":14},{"not_picked":["Shade:OfferingToTheBeyond","Shade:OneIsEnough"],"picked":"Shade:LichForm","floor":16},{"not_picked":["Shade:Doomsay","Shade:Bonestorm"],"picked":"Shade:PoundOfFlesh+1","floor":18},{"not_picked":["Shade:Trample","Shade:Carnophage"],"picked":"Shade:FleshToFlesh+1","floor":20},{"not_picked":["Shade:Premonition+1","Shade:SpectralStrikes+1","Shade:Trample"],"picked":"SKIP","floor":22},{"not_picked":["Shade:BoneShards","Shade:CloudOfShrapnel"],"picked":"Shade:SkeletonArmy+1","floor":23},{"not_picked":["Shade:LichForm","Shade:SoulToxin+1"],"picked":"Shade:Brains+1","floor":29},{"not_picked":["Shade:GraveStillness+1","Shade:Patience+1"],"picked":"Shade:FeralStrike+1","floor":30},{"not_picked":["Shade:RitualOffering+1","Shade:CoffinDance"],"picked":"Shade:FleshOffering+1","floor":31},{"not_picked":["Shade:LastGasp+1","Shade:SelfBurial+1"],"picked":"Shade:LoseControl+1","floor":33},{"not_picked":["Shade:PressTheAttack","Shade:FeralStrike"],"picked":"Shade:Frenzy+1","floor":35},{"not_picked":["Shade:SanguineRitual+1","Shade:Trample"],"picked":"Shade:FreshBones+1","floor":36},{"not_picked":["Shade:WallOfFlesh+1","Shade:FleshLikeOak+1"],"picked":"Shade:GraveStillness+1","floor":38},{"not_picked":["Shade:SkeletonHug+1","Shade:ExtraLimbs"],"picked":"Shade:Coordination","floor":39},{"not_picked":["Shade:Carnophage+1","Shade:OminousRitual","Shade:CallOfTheGrave"],"picked":"SKIP","floor":41},{"not_picked":["Shade:FreshBones+1","Shade:CoffinDance+1"],"picked":"Shade:CallWraith+1","floor":42},{"not_picked":["Shade:GreyBargain+1","Shade:FingerOfDeath"],"picked":"Shade:FleshToFlesh+1","floor":47},{"not_picked":["Shade:Brains+1","Shade:FingerOfDeath+1"],"picked":"Shade:ExtraLimbs+1","floor":48}],"player_experience":1582075,"relics_obtained":[{"floor":6,"key":"infinitespire:Golems Mask"},{"floor":8,"key":"Runesmith:Nanobots"},{"floor":9,"key":"Pen Nib"},{"floor":10,"key":"hubris:TenFootPole"},{"floor":17,"key":"hubris:ToyBattleship"},{"floor":17,"key":"Mercury Hourglass"},{"floor":17,"key":"CaptainsWheel"},{"floor":23,"key":"Orichalcum"},{"floor":26,"key":"infinitespire:EmpoweringShard"},{"floor":29,"key":"Runesmith:AutoHammer"},{"floor":41,"key":"Dream Catcher"},{"floor":43,"key":"infinitespire:Beetle Shell"},{"floor":48,"key":"Molten Egg 2"}],"event_choices":[{"damage_healed":0,"gold_gain":0,"player_choice":"Box","damage_taken":0,"relics_obtained":["hubris:OldNail"],"max_hp_gain":0,"max_hp_loss":0,"event_name":"Big Fish","floor":2,"gold_loss":0,"cards_obtained":["Regret"]},{"damage_healed":0,"gold_gain":61,"player_choice":"Gained Gold","damage_taken":0,"max_hp_gain":0,"max_hp_loss":0,"event_name":"Golden Wing","floor":12,"gold_loss":0},{"damage_healed":0,"gold_gain":0,"player_choice":"Got Potions","damage_taken":0,"max_hp_gain":0,"max_hp_loss":0,"event_name":"Lab","floor":21,"gold_loss":0},{"damage_healed":0,"gold_gain":0,"player_choice":"Gave Potion","damage_taken":0,"relics_obtained":["Lantern"],"max_hp_gain":0,"max_hp_loss":0,"event_name":"WeMeetAgain","floor":25,"gold_loss":0},{"damage_healed":0,"gold_gain":0,"player_choice":"Rummage","damage_taken":0,"relics_obtained":["WarpedTongs"],"max_hp_gain":0,"max_hp_loss":0,"event_name":"Accursed Blacksmith","floor":37,"gold_loss":0,"cards_obtained":["Pain"]}],"is_beta":false,"boss_relics":[{"not_picked":["hubris:BlackHole","hubris:GrandSneckoEye"],"picked":"Calling Bell"},{"not_picked":["Astrolabe","Black Star"],"picked":"hubris:Backtick"}],"items_purged_floors":[0,0,0,0,27,44],"is_endless":false,"potions_floor_spawned":[10,11,13,16,20,23,29,30,36,38,42,48],"ascension_level":3}}