{"host":"soyfmymeou4emntr","time":1611202785,"event":{"mods":["BaseMod","BetterRewards","Minty Spire (QoL Compilation)","Relic Sorter","Relic Stats","StSLib"],"gold_per_floor":[117,117,131,131,131,131,171,171,222,256,256,279,300,324,324,422,422,443,461,499,98,116,155,26,26,326,326,326,342,362,380,380,476,476,489,508,48,62,62,62,62,62,112,445,472,472,504,515,515,515,515,515,515,28,54,54,54],"floor_reached":56,"language":"ENG","playtime":6301,"items_purged":["Strike_B","Strike_B"],"score":2520,"play_id":"2e6edbb1-4ace-4681-aeea-14edb5e6cf11","local_time":"20210120211945","is_ascension_mode":true,"campfire_choices":[{"data":"Fission","floor":6.0,"key":"SMITH"},{"floor":8.0,"key":"REST"},{"data":"Sweeping Beam","floor":11.0,"key":"SMITH"},{"floor":15.0,"key":"REST"},{"floor":28.0,"key":"REST"},{"data":"Defragment","floor":32.0,"key":"SMITH"},{"data":"Echo Form","floor":40.0,"key":"SMITH"},{"floor":42.0,"key":"RECALL"},{"data":"Capacitor","floor":46.0,"key":"SMITH"},{"data":"Capacitor","floor":49.0,"key":"SMITH"},{"data":"Loop","floor":53,"key":"SMITH"}],"circlet_count":0,"master_deck":["AscendersBane","Strike_B","Strike_B+1","Defend_B","Defend_B","Defend_B","Defend_B","Zap+1","Dualcast","Capacitor+1","Fission+1","Compile Driver","Leap+1","Hologram+1","Sweeping Beam+1","White Noise+1","Loop+1","Hologram+1","Self Repair","Seek+1","Barrage+1","Static Discharge","Stack+1","Chill+1","Capacitor+1","Reinforced Body+1","Reboot+1","Defragment+1","Doom and Gloom","Cold Snap","Coolheaded+1","Redo+1","Rainbow+1","Barrage","Recycle+1","Apotheosis+1","Echo Form+1","Good Instincts+1","Consume+1","Coolheaded+1","Barrage+1"],"relics":["Cracked Core","Toxic Egg 2","Frozen Eye","Boot","Question Card","DataDisk","Bronze Scales","Nuclear Battery","Red Mask","Lee\u0027s Waffle","The Courier","Old Coin","Coffee Dripper","Sundial","Eternal Feather","Nunchaku","Molten Egg 2","Bag of Preparation","Lantern","Medical Kit","Strawberry"],"acts_visited":["Exordium","TheCity","TheBeyond","TheEnding"],"potions_floor_usage":[55],"damage_taken":[{"damage":11.0,"enemies":"Jaw Worm","floor":1.0,"turns":5.0},{"damage":4.0,"enemies":"Small Slimes","floor":3.0,"turns":3.0},{"damage":13.0,"enemies":"Lagavulin","floor":7.0,"turns":6.0},{"damage":14.0,"enemies":"Gremlin Nob","floor":10.0,"turns":3.0},{"damage":0.0,"enemies":"2 Louse","floor":12.0,"turns":1.0},{"damage":8.0,"enemies":"Lots of Slimes","floor":13.0,"turns":3.0},{"damage":0.0,"enemies":"2 Fungi Beasts","floor":14.0,"turns":2.0},{"damage":8.0,"enemies":"Slime Boss","floor":16.0,"turns":6.0},{"damage":1.0,"enemies":"Spheric Guardian","floor":18.0,"turns":4.0},{"damage":24.0,"enemies":"Chosen","floor":19.0,"turns":5.0},{"damage":38.0,"enemies":"Masked Bandits","floor":20.0,"turns":4.0},{"damage":3.0,"enemies":"3 Cultists","floor":22.0,"turns":5.0},{"damage":50.0,"enemies":"Book of Stabbing","floor":23.0,"turns":6.0},{"damage":2.0,"enemies":"Centurion and Healer","floor":29.0,"turns":3.0},{"damage":2.0,"enemies":"Snake Plant","floor":30.0,"turns":3.0},{"damage":3.0,"enemies":"Shelled Parasite and Fungi","floor":31.0,"turns":5.0},{"damage":0.0,"enemies":"Champ","floor":33.0,"turns":15.0},{"damage":0.0,"enemies":"3 Darklings","floor":35.0,"turns":2.0},{"damage":0.0,"enemies":"3 Shapes","floor":36.0,"turns":4.0},{"damage":17.0,"enemies":"Writhing Mass","floor":38.0,"turns":5.0},{"damage":8.0,"enemies":"Nemesis","floor":45.0,"turns":6.0},{"damage":20.0,"enemies":"Reptomancer","floor":47.0,"turns":7.0},{"damage":14.0,"enemies":"3 Darklings","floor":48.0,"turns":6.0},{"damage":41.0,"enemies":"Donu and Deca","floor":50.0,"turns":12.0},{"damage":54,"enemies":"Time Eater","floor":51,"turns":13},{"damage":62,"enemies":"Shield and Spear","floor":55,"turns":18},{"damage":60,"enemies":"The Heart","floor":56,"turns":2}],"seed_played":"-6618617343619473834","potions_obtained":[{"floor":1.0,"key":"Explosive Potion"},{"floor":12.0,"key":"SteroidPotion"},{"floor":14.0,"key":"PowerPotion"},{"floor":22.0,"key":"Ancient Potion"},{"floor":23.0,"key":"ColorlessPotion"},{"floor":30.0,"key":"SpeedPotion"},{"floor":33.0,"key":"Regen Potion"},{"floor":47.0,"key":"LiquidMemories"}],"is_trial":false,"path_per_floor":["M","?","M","?","?","R","E","R","T","E","R","M","M","M","R","B",null,"M","M","?","$","M","E","$","?","T","?","R","M","M","M","R","B",null,"M","M","$","M","?","R","T","R","T","?","E","R","E","M","R","B","B",null,"R","$","E","B"],"character_chosen":"DEFECT","items_purchased":["Capacitor","Fission","Compile Driver","Toxic Egg 2","Frozen Eye","Lee\u0027s Waffle","Chill+1","Capacitor","Defragment","Doom and Gloom","Recycle+1","Sundial","Apotheosis+1","Bag of Preparation","Lantern","Medical Kit"],"campfire_rested":3,"item_purchase_floors":[0,0,0,0,0,21,21,21,24,24,37,37,37,54,54,54],"current_hp_per_floor":[53,32,28,28,28,28,15,34,34,20,20,20,12,12,31,30,56,62,45,14,71,71,21,21,21,21,21,42,47,52,56,56,63,69,71,71,71,64,64,64,64,71,71,71,71,71,61,67,71,65,31,61,71,71,36,0,0],"gold":54,"neow_bonus":"","is_daily":false,"chose_seed":false,"campfire_upgraded":7,"win_rate":0.0,"timestamp":1611202785,"path_taken":["M","?","M","?","?","R","E","R","T","E","R","M","?","M","R","BOSS","M","M","?","$","M","E","$","?","T","?","R","?","M","M","R","BOSS","M","M","$","M","?","R","?","R","T","?","E","R","E","M","R","BOSS","BOSS","R","$","E","BOSS"],"items_purchased_type":["Card","Card","Card","Relic","Relic","Relic","Card","Card","Card","Card","Card","Relic","Card","Relic","Relic","Relic"],"build_version":"2020-12-22","purchased_purges":2,"victory":false,"max_hp_per_floor":[71,71,71,64,64,64,64,64,64,64,64,64,64,64,64,64,64,64,64,64,71,71,71,71,71,71,71,71,71,71,71,71,71,71,71,71,71,71,71,71,71,71,71,71,71,71,71,71,71,71,71,71,71,71,78,78,78],"relic_stats":{"Lee\u0027s Waffle":57,"Nunchaku":[7],"counters":[49,274],"Sundial":[8],"Bronze Scales":[450],"Eternal Feather":21,"Bag of Preparation":[4],"Boot":[178],"Question Card":22,"Medical Kit":[7],"obtain_stats":[{"Regal Pillow":14,"Lantern":54,"Juzu Bracelet":10,"Runic Capacitor":14,"Bag of Preparation":54,"Whetstone":24,"Bottled Tornado":43,"Boot":6,"Old Coin":26,"Frozen Eye":0,"Nunchaku":46,"Sundial":37,"Strawberry":40,"MealTicket":26,"Red Mask":20,"Toxic Egg 2":0,"Cracked Core":0,"Lee\u0027s Waffle":21,"NeowsBlessing":0,"Golden Idol":4,"Velvet Choker":17,"Eternal Feather":41,"PreservedInsect":44,"The Courier":23,"Omamori":13,"Orichalcum":48,"Question Card":7,"Medical Kit":54,"Nuclear Battery":17,"Anchor":9,"DataDisk":9,"Bronze Scales":10,"Pandora\u0027s Box":34,"Molten Egg 2":47,"Turnip":37,"Coffee Dripper":34},{"Regal Pillow":8,"Lantern":47,"Juzu Bracelet":5,"Runic Capacitor":8,"Bag of Preparation":47,"Whetstone":12,"Bottled Tornado":19,"Boot":3,"Old Coin":35,"Frozen Eye":22,"Nunchaku":20,"Sundial":41,"Strawberry":19,"MealTicket":12,"Red Mask":33,"Toxic Egg 2":22,"Cracked Core":0,"Lee\u0027s Waffle":33,"NeowsBlessing":0,"Golden Idol":24,"Velvet Choker":9,"Eternal Feather":42,"PreservedInsect":20,"The Courier":35,"Omamori":8,"Orichalcum":20,"Question Card":25,"Medical Kit":47,"Nuclear Battery":30,"Anchor":4,"DataDisk":25,"Bronze Scales":26,"Pandora\u0027s Box":14,"Molten Egg 2":44,"Turnip":16,"Coffee Dripper":39},{"Regal Pillow":20,"Lantern":254,"Juzu Bracelet":10,"Runic Capacitor":20,"Bag of Preparation":254,"Whetstone":41,"Bottled Tornado":90,"Boot":3,"Old Coin":173,"Frozen Eye":120,"Nunchaku":97,"Sundial":205,"Strawberry":90,"MealTicket":41,"Red Mask":162,"Toxic Egg 2":120,"Cracked Core":0,"Lee\u0027s Waffle":162,"NeowsBlessing":0,"Golden Idol":128,"Velvet Choker":29,"Eternal Feather":210,"PreservedInsect":97,"The Courier":173,"Omamori":20,"Orichalcum":97,"Question Card":134,"Medical Kit":254,"Nuclear Battery":149,"Anchor":6,"DataDisk":134,"Bronze Scales":137,"Pandora\u0027s Box":60,"Molten Egg 2":223,"Turnip":69,"Coffee Dripper":199}]},"card_choices":[{"not_picked":["Beam Cell","Rebound"],"picked":"Leap+1","floor":1.0},{"not_picked":["Aggregate+1","Steam+1"],"picked":"Hologram+1","floor":3.0},{"not_picked":["Leap+1","Rebound"],"picked":"Sweeping Beam","floor":7.0},{"not_picked":["Sunder","Multi-Cast+1","Reprogram+1"],"picked":"White Noise+1","floor":10.0},{"not_picked":["Hologram+1","White Noise+1","Steam+1"],"picked":"Loop","floor":12.0},{"not_picked":["Go for the Eyes","Beam Cell","Stack+1"],"picked":"Hologram+1","floor":13.0},{"not_picked":["Rebound","Streamline","Coolheaded+1"],"picked":"Self Repair","floor":14.0},{"not_picked":["Core Surge","Reboot+1","Fission+1"],"picked":"Seek+1","floor":16.0},{"not_picked":["Chaos+1","Turbo+1","Hologram+1"],"picked":"Barrage+1","floor":18.0},{"not_picked":["Streamline","Stack+1","Gash+1"],"picked":"Static Discharge","floor":19.0},{"not_picked":["Heatsinks","Rebound","Turbo+1"],"picked":"Stack+1","floor":20.0},{"not_picked":["Conserve Battery+1","Cold Snap","BootSequence+1"],"picked":"Reinforced Body+1","floor":22.0},{"not_picked":["Heatsinks","Beam Cell","Hello World"],"picked":"Reboot+1","floor":23.0},{"not_picked":["White Noise+1","Double Energy+1","Rebound"],"picked":"Cold Snap","floor":29.0},{"not_picked":["Chill+1","Gash","Ball Lightning+1"],"picked":"Coolheaded+1","floor":30.0},{"not_picked":["Stack+1","Melter","Chaos+1"],"picked":"Redo+1","floor":31.0},{"not_picked":["Buffer","Thunder Strike","Machine Learning"],"picked":"Rainbow+1","floor":33.0},{"not_picked":["Stack+1","Scrape","Conserve Battery+1","Steam Power+1"],"picked":"SKIP","floor":35.0},{"not_picked":["Beam Cell","Sweeping Beam+1","Leap+1"],"picked":"Barrage","floor":36.0},{"not_picked":["Go for the Eyes","Force Field+1","Stack+1"],"picked":"Echo Form","floor":38.0},{"not_picked":["Deep Breath+1","PanicButton+1","Mayhem"],"picked":"Good Instincts+1","floor":39.0},{"not_picked":["Aggregate+1","Recycle+1","Loop"],"picked":"Consume+1","floor":45.0},{"not_picked":["Gash+1","Hello World","Chill+1","Auto Shields+1"],"picked":"SKIP","floor":47.0},{"not_picked":["Go for the Eyes+1","Thunder Strike+1","Steam+1"],"picked":"Coolheaded+1","floor":48.0},{"not_picked":["Stack+1","Gash+1","Streamline+1"],"picked":"Barrage+1","floor":55}],"player_experience":2884069,"relics_obtained":[{"floor":7.0,"key":"Question Card"},{"floor":9.0,"key":"DataDisk"},{"floor":10.0,"key":"Bronze Scales"},{"floor":20.0,"key":"Red Mask"},{"floor":23.0,"key":"The Courier"},{"floor":26.0,"key":"Old Coin"},{"floor":41.0,"key":"Eternal Feather"},{"floor":45.0,"key":"Nunchaku"},{"floor":47.0,"key":"Molten Egg 2"},{"floor":55,"key":"Strawberry"}],"event_choices":[{"damage_healed":0.0,"max_hp_gain":0.0,"max_hp_loss":0.0,"gold_gain":0.0,"event_name":"Shining Light","player_choice":"Entered Light","floor":2.0,"gold_loss":0.0,"damage_taken":21.0,"cards_upgraded":["Zap","Strike_B"]},{"damage_healed":0.0,"max_hp_gain":0.0,"max_hp_loss":7.0,"gold_gain":0.0,"event_name":"Golden Idol","player_choice":"Lose Max HP","floor":4.0,"gold_loss":0.0,"damage_taken":0.0,"relics_obtained":["Golden Idol"]},{"damage_healed":0.0,"max_hp_gain":0.0,"max_hp_loss":0.0,"gold_gain":0.0,"event_name":"WeMeetAgain","player_choice":"Gave Potion","floor":5.0,"gold_loss":0.0,"damage_taken":0.0,"relics_obtained":["Boot"]},{"damage_healed":0.0,"max_hp_gain":0.0,"max_hp_loss":0.0,"gold_gain":0.0,"event_name":"Masked Bandits","player_choice":"Fought Bandits","floor":20.0,"gold_loss":0.0,"damage_taken":0.0},{"damage_healed":0.0,"max_hp_gain":0.0,"max_hp_loss":0.0,"gold_gain":0.0,"event_name":"Match and Keep!","player_choice":"0 cards matched","floor":27.0,"gold_loss":0.0,"damage_taken":0.0,"cards_obtained":[]},{"damage_healed":0.0,"max_hp_gain":0.0,"max_hp_loss":0.0,"gold_gain":0.0,"event_name":"SensoryStone","player_choice":"Memory 1","floor":39.0,"gold_loss":0.0,"damage_taken":0.0},{"damage_healed":0.0,"max_hp_gain":0.0,"max_hp_loss":0.0,"gold_gain":333.0,"event_name":"The Moai Head","player_choice":"Gave Idol","floor":44.0,"relics_lost":["Golden Idol"],"gold_loss":0.0,"damage_taken":0.0}],"is_beta":false,"boss_relics":[{"not_picked":["Calling Bell","Sozu"],"picked":"Nuclear Battery"},{"not_picked":["Cursed Key","Philosopher\u0027s Stone"],"picked":"Coffee Dripper"}],"items_purged_floors":[21,54],"is_endless":false,"potions_floor_spawned":[1,12,14,22,23,29,30,33,45,47,48],"killed_by":"The Heart","ascension_level":20}}