{"host":"yuhy0i501zzmn1iz","time":1611246247,"event":{"mods":["AchievementEnabler","AlwaysNeverKeys","BaseMod","Bestiary","Better Match","Better Third Choice","Curses Come First","Downfall","Minty Spire (QoL Compilation)","StSLib","slay the spire mod where everything is the same but ironclad has a cowboy hat"],"gold_per_floor":[111,111,111,124,199,232,255,255,255,271,83,153,176,201,201,329,329,320,128,144,414,16,16,37,37,37],"floor_reached":25,"language":"ENG","playtime":1126,"items_purged":[],"score":262,"play_id":"d7f405c4-5f0e-4c8b-8808-3336d79dd035","local_time":"20210121112407","is_ascension_mode":true,"campfire_choices":[{"data":"Chill","floor":8,"key":"SMITH"},{"data":"Glacier","floor":15,"key":"SMITH"},{"floor":23,"key":"REST"}],"circlet_count":0,"master_deck":["Strike_B","Defend_B","Defend_B","Defend_B","Defend_B","Zap","Dualcast","Sweeping Beam","Auto Shields","Gash","Chill+1","Coolheaded","Blizzard","Scrape","BootSequence","Glacier+1","Buffer","Sweeping Beam","Apotheosis","Redo+1","Fusion"],"relics":["Cracked Core","NeowsBlessing","Golden Idol","Meat on the Bone","Pantograph","Lee\u0027s Waffle","Cables","Empty Cage","HandDrill","Frozen Egg 2"],"acts_visited":["Exordium","TheCity"],"potions_floor_usage":[25,25],"damage_taken":[{"damage":0,"enemies":"2 Louse","floor":1,"turns":1},{"damage":0,"enemies":"Small Slimes","floor":4,"turns":1},{"damage":0,"enemies":"Lagavulin","floor":6,"turns":1},{"damage":7,"enemies":"Jaw Worm","floor":7,"turns":3},{"damage":4,"enemies":"Looter","floor":10,"turns":3},{"damage":40,"enemies":"Lagavulin Event","floor":12,"turns":7},{"damage":0,"enemies":"Blue Slaver","floor":13,"turns":4},{"damage":3,"enemies":"Large Slime","floor":14,"turns":5},{"damage":52,"enemies":"Slime Boss","floor":16,"turns":17},{"damage":11,"enemies":"2 Thieves","floor":18,"turns":4},{"damage":14,"enemies":"3 Byrds","floor":20,"turns":5},{"damage":12,"enemies":"Snake Plant","floor":24,"turns":6},{"damage":45,"enemies":"Book of Stabbing","floor":25,"turns":9}],"seed_played":"4142217295324655423","potions_obtained":[{"floor":4,"key":"SpeedPotion"},{"floor":12,"key":"EssenceOfDarkness"},{"floor":16,"key":"Block Potion"}],"is_trial":false,"path_per_floor":["M","?","?","M","?","E","M","R","T","M","$","?","M","M","R","B",null,"M","$","M","?","$","R","M","E"],"character_chosen":"DEFECT","items_purchased":["Lee\u0027s Waffle","Blizzard","Apotheosis","HandDrill","Frozen Egg 2"],"campfire_rested":1,"item_purchase_floors":[11,11,19,22,22],"current_hp_per_floor":[75,68,50,50,39,39,44,44,44,40,82,42,42,51,51,36,82,71,71,57,30,30,54,42,0,0],"gold":37,"neow_bonus":"THREE_ENEMY_KILL","is_daily":false,"chose_seed":false,"campfire_upgraded":2,"win_rate":0.0,"timestamp":1611246247,"path_taken":["M","?","?","?","?","E","M","R","T","M","$","?","M","M","R","BOSS","M","$","M","?","?","R","M","E"],"items_purchased_type":["Relic","Card","Card","Relic","Relic"],"build_version":"2020-12-22","purchased_purges":0,"victory":false,"max_hp_per_floor":[75,75,75,75,75,75,75,75,75,75,82,82,82,82,82,82,82,82,82,82,82,82,82,82,82,82],"card_choices":[{"not_picked":["Leap","Rebound"],"picked":"Sweeping Beam","floor":1},{"not_picked":["Go for the Eyes","Stack"],"picked":"Auto Shields","floor":4},{"not_picked":["Self Repair","Go for the Eyes"],"picked":"Gash","floor":6},{"not_picked":["Leap","Stack"],"picked":"Chill","floor":7},{"not_picked":["Amplify","Redo"],"picked":"Coolheaded","floor":10},{"not_picked":["Redo","Consume"],"picked":"Scrape","floor":12},{"not_picked":["Turbo","Consume"],"picked":"BootSequence","floor":13},{"not_picked":["Scrape","Tempest"],"picked":"Glacier","floor":14},{"not_picked":["Biased Cognition","Seek"],"picked":"Buffer","floor":16},{"not_picked":["Beam Cell","Steam"],"picked":"Sweeping Beam","floor":18},{"not_picked":["Beam Cell","Melter"],"picked":"Redo+1","floor":20},{"not_picked":["Steam","Ball Lightning+1"],"picked":"Fusion","floor":24}],"player_experience":321467,"relics_obtained":[{"floor":6,"key":"Meat on the Bone"},{"floor":9,"key":"Pantograph"}],"event_choices":[{"cards_removed":["Strike_B"],"damage_healed":0,"gold_gain":0,"player_choice":"Card Removal","damage_taken":7,"max_hp_gain":0,"max_hp_loss":0,"event_name":"Golden Wing","floor":2,"gold_loss":0},{"damage_healed":0,"gold_gain":0,"player_choice":"Take Damage","damage_taken":18,"relics_obtained":["Golden Idol"],"max_hp_gain":0,"max_hp_loss":0,"event_name":"Golden Idol","floor":3,"gold_loss":0},{"damage_healed":0,"gold_gain":75,"player_choice":"Gold","damage_taken":11,"max_hp_gain":0,"max_hp_loss":0,"event_name":"betterThird:BetterGoop","floor":5,"gold_loss":0},{"damage_healed":0,"gold_gain":0,"player_choice":"Searched \u00272\u0027 times","damage_taken":0,"relics_obtained":["Cables"],"max_hp_gain":0,"max_hp_loss":0,"event_name":"Dead Adventurer","floor":12,"gold_loss":0},{"damage_healed":0,"gold_gain":270,"player_choice":"GOLD GOLD GOLD ","damage_taken":27,"max_hp_gain":0,"max_hp_loss":0,"event_name":"Knowing Skull","floor":21,"potions_obtained":[],"gold_loss":0,"cards_obtained":[]}],"is_beta":false,"boss_relics":[{"not_picked":["Runic Dome","Philosopher\u0027s Stone"],"picked":"Empty Cage"}],"items_purged_floors":[],"is_endless":false,"potions_floor_spawned":[4,12,16,24],"killed_by":"Book of Stabbing","ascension_level":3}}