{"host":"ipnf7ktf1pyxq9u3","time":1611203568,"event":{"mods":["Act Like it!","Aspiration","BaseMod","BetterRewards","Conspire","Downfall","Gremlin Mod","Hallownest","Hermit","Hubris","Infinite Spire","Lobotomy","Minty Spire (QoL Compilation)","Reworked Bosses","Shade Mod","Shop Mod","StSLib","The Bug Knight","The Construct","The Cursed","The Factory","The Forsaken","The Hierophant","The Jungle","The Necromancer"],"gold_per_floor":[99,113,113,213,123,135,160,192,92,124,143,43,58,58,68,171,171,171,181,199,199,199,184,184,84,102,102,102,114,114,114,129,225,225,225,243,257,275,295,295,295,295,295,295,308,322,333,347,363,363,363,388,62,62,62,62,62,62],"floor_reached":56,"language":"ENG","playtime":3818,"items_purged":["champ:Defend","champ:Strike+1"],"score":786,"play_id":"c3f923bc-167a-4219-ac69-10181017f09e","local_time":"20210121153248","is_ascension_mode":false,"campfire_choices":[{"floor":1,"key":"RECALL"},{"data":"champ:Taunt","floor":9,"key":"SMITH"},{"data":"champ:AdrenalArmor","floor":12,"key":"SMITH"},{"data":"champ:EnragedBash","floor":18,"key":"SMITH"},{"data":"champ:FanOfKnives","floor":25,"key":"SMITH"},{"data":"champ:TripleStrike","floor":27,"key":"SMITH"},{"data":"champ:Lariat","floor":30,"key":"SMITH"},{"data":"champ:Improvising","floor":35,"key":"SMITH"},{"data":"champ:MurderStrike","floor":40,"key":"SMITH"},{"data":"champ:FaceSlap","floor":43,"key":"SMITH"},{"floor":54,"key":"REST"}],"circlet_count":0,"master_deck":["champ:Strike+1","champ:Strike+1","champ:Defend+1","champ:Defend+1","champ:Defend+1","champ:Execute","champ:Taunt+1","champ:FaceSlap+1","champ:AdrenalArmor+1","champ:StanceDance+1","champ:FanOfKnives+1","champ:EnragedBash+1","champ:BringItOn","champ:TripleStrike+1","champ:AdrenalArmor+1","champ:CrookedStrike+1","champ:Lariat+1","champ:EnGarde+1","champ:Improvising+1","champ:MurderStrike+1"],"relics":["champ:ChampionCrown","infinitespire:Lucky Rock","champ:LiftRelic","HollowMod:PaleOreRelic","Gremlin Horn","downfall:HeartBlessingRed","aspiration:StickyExplosives","downfall:HeartBlessingGreen","construct:WeddingRing","aspiration:RitualStick","downfall:HeartBlessingBlue","hubris:VirtuousBlindfold","conspire:GiftBox","Frozen Egg 2","HollowMod:StagPassRelic","Membership Card","hubris:SphereOfDissonance"],"acts_visited":["Exordium","TheCity","TheBeyond","TheEnding"],"potions_floor_usage":[10,52,55,55,55],"damage_taken":[{"damage":10,"enemies":"Small Slimes","floor":2,"turns":4},{"damage":20,"enemies":"downfall:FleeingMerchant","floor":5,"turns":4},{"damage":1,"enemies":"Jaw Worm","floor":6,"turns":3},{"damage":33,"enemies":"3 Sentries","floor":8,"turns":6},{"damage":40,"enemies":"Lagavulin","floor":10,"turns":4},{"damage":20,"enemies":"Cultist","floor":11,"turns":2},{"damage":15,"enemies":"Blue Slaver","floor":13,"turns":3},{"damage":15,"enemies":"Large Slime","floor":15,"turns":3},{"damage":45,"enemies":"SI_SHIV_ARCHETYPE","floor":16,"turns":5},{"damage":24,"enemies":"Chosen","floor":19,"turns":3},{"damage":30,"enemies":"Shelled Parasite and Fungi","floor":20,"turns":3},{"damage":40,"enemies":"downfall:FleeingMerchant","floor":23,"turns":4},{"damage":55,"enemies":"Centurion and Healer","floor":26,"turns":4},{"damage":25,"enemies":"Chosen and Byrds","floor":29,"turns":2},{"damage":45,"enemies":"conspire:HollyBat","floor":32,"turns":7},{"damage":50,"enemies":"IC_MUSHROOM_ARCHETYPE","floor":33,"turns":4},{"damage":15,"enemies":"3 Shapes","floor":36,"turns":2},{"damage":65,"enemies":"Orb Walker","floor":37,"turns":4},{"damage":45,"enemies":"downfall:FleeingMerchant","floor":38,"turns":3},{"damage":25,"enemies":"Maw","floor":39,"turns":4},{"damage":45,"enemies":"Writhing Mass","floor":45,"turns":3},{"damage":35,"enemies":"Sphere and 2 Shapes","floor":46,"turns":2},{"damage":28,"enemies":"Jaw Worm Horde","floor":47,"turns":4},{"damage":38,"enemies":"Writhing Mass","floor":48,"turns":3},{"damage":27,"enemies":"4 Shapes","floor":49,"turns":2},{"damage":99,"enemies":"DF_ARCHETYPE_ORBS","floor":50,"turns":4},{"damage":140,"enemies":"downfall:CharBossMerchant","floor":52,"turns":8},{"damage":206,"enemies":"downfall:NeowBoss","floor":55,"turns":8},{"damage":21,"enemies":"downfall:NeowBossFinal","floor":56,"turns":2}],"seed_played":"7594356592458920060","potions_obtained":[{"floor":2,"key":"SmokeBomb"},{"floor":6,"key":"SkillPotion"},{"floor":13,"key":"Weak Potion"},{"floor":16,"key":"Ancient Potion"},{"floor":20,"key":"BlessingOfTheForge"},{"floor":48,"key":"champ:TechniquePotion"},{"floor":52,"key":"Swift Potion"}],"is_trial":false,"path_per_floor":["R","M","?","?","$","M","T","E","R","E","M","R","M","?","M","B",null,"R","M","M","?","?","$","T","R","M","R","$","M","R","?","M","B",null,"R","M","M","$","M","R","T","?","R","?","M","M","M","M","M","B",null,"E","$","R","B","B"],"character_chosen":"THE_CHAMP","items_purchased":["conspire:GiftBox","Membership Card","hubris:SphereOfDissonance"],"campfire_rested":1,"item_purchase_floors":[38,53,53],"current_hp_per_floor":[90,90,90,90,90,89,89,76,76,71,71,71,71,71,71,71,90,90,86,86,68,68,68,68,78,78,78,78,78,78,78,78,78,100,100,100,100,100,100,100,100,100,100,100,100,100,97,94,77,43,100,60,60,90,19,0,0,0],"gold":62,"neow_bonus":"RANDOM_COMMON_RELIC","is_daily":false,"chose_seed":false,"campfire_upgraded":9,"win_rate":0.0,"timestamp":1611203568,"path_taken":["R","M","?","?","$","M","T","E","R","E","M","R","?","?","M","BOSS","R","M","M","?","?","$","T","R","M","R","?","?","R","?","M","BOSS","R","M","M","$","M","R","T","?","R","?","M","M","M","M","M","BOSS","E","$","R","BOSS","BOSS"],"items_purchased_type":["Relic","Relic","Relic"],"build_version":"2020-12-22","purchased_purges":2,"victory":false,"max_hp_per_floor":[90,90,90,90,90,90,90,90,90,90,90,90,90,90,90,90,90,90,90,90,90,90,90,90,100,100,100,100,100,100,100,100,100,100,100,100,100,100,100,100,100,100,100,100,100,100,100,100,100,100,100,100,100,100,100,100,100,100],"card_choices":[{"not_picked":["champ:Backstep","champ:SkillfulDodge"],"picked":"champ:FaceSlap","floor":2},{"not_picked":["champ:RecklessLeap","champ:PreciseThrust"],"picked":"champ:AdrenalArmor","floor":5},{"not_picked":["champ:Shatter","champ:RecklessLeap"],"picked":"champ:StanceDance","floor":6},{"not_picked":["champ:Duel","champ:PreciseThrust"],"picked":"champ:FanOfKnives","floor":8},{"not_picked":["champ:HeavySlash","champ:CalledShot"],"picked":"champ:EnragedBash","floor":10},{"not_picked":["champ:BerserkersShout","champ:FlashCut","champ:FanOfKnives"],"picked":"SKIP","floor":11},{"not_picked":["champ:GladiatorStyle","champ:StanceDance"],"picked":"champ:BringItOn","floor":13},{"not_picked":["champ:CalledShot","champ:ShieldWall","champ:PreciseThrust"],"picked":"SKIP","floor":15},{"not_picked":["champ:DancingMaster","champ:UltimateStance"],"picked":"champ:TripleStrike","floor":16},{"not_picked":["champ:EnragedBash","champ:Backstep","champ:DefensiveShout+1"],"picked":"SKIP","floor":19},{"not_picked":["champ:ArenaPreparation","champ:GutPunch"],"picked":"champ:AdrenalArmor+1","floor":20},{"not_picked":["champ:Backstep","champ:FanOfKnives","champ:EnGarde"],"picked":"SKIP","floor":23},{"not_picked":["champ:StrikeOfGenius","champ:DefensiveShout"],"picked":"champ:CrookedStrike","floor":26},{"not_picked":["champ:RisingSlash+1","champ:BringItOn"],"picked":"champ:Lariat","floor":29},{"not_picked":["champ:PerfectedStrike","champ:PreciseThrust"],"picked":"champ:EnGarde+1","floor":32},{"not_picked":["champ:SteelEdge","champ:SwordThrow"],"picked":"champ:Improvising","floor":33},{"not_picked":["champ:PreciseThrust","champ:BladeFlurry","champ:GutPunch"],"picked":"SKIP","floor":36},{"not_picked":["champ:BringItOn","champ:CrownThrow+1","champ:RecklessLeap"],"picked":"SKIP","floor":37},{"not_picked":["champ:ShieldThrow","champ:TornadoPunch+1","champ:CalledShot"],"picked":"SKIP","floor":38},{"not_picked":["champ:GladiatorForm","champ:SteelEdge"],"picked":"champ:MurderStrike","floor":38},{"not_picked":["champ:PerfectedStrike","champ:StanceDance+1","champ:Backstep"],"picked":"SKIP","floor":39},{"not_picked":["champ:BerserkersShout+1","champ:StanceDance","champ:EnGarde+1"],"picked":"SKIP","floor":45},{"not_picked":["champ:Encircle","champ:DeathBlow+1","champ:Lariat+1"],"picked":"SKIP","floor":46},{"not_picked":["champ:CrownThrow+1","champ:TornadoPunch+1","champ:GutPunch+1"],"picked":"SKIP","floor":47},{"not_picked":["champ:FalseCounter+1","champ:GladiatorStyle+1","champ:PreemptiveStrike+1"],"picked":"SKIP","floor":48},{"not_picked":["champ:Parry+1","champ:BringItOn+1","champ:Duel+1"],"picked":"SKIP","floor":49},{"not_picked":["champ:CalledShot+1","champ:FalseCounter+1","champ:BladeFlurry+1"],"picked":"SKIP","floor":52}],"player_experience":590585,"relics_obtained":[{"floor":7,"key":"HollowMod:PaleOreRelic"},{"floor":8,"key":"Gremlin Horn"},{"floor":10,"key":"aspiration:StickyExplosives"},{"floor":41,"key":"Frozen Egg 2"},{"floor":52,"key":"HollowMod:StagPassRelic"}],"event_choices":[{"cards_removed":["champ:Strike"],"damage_healed":0,"gold_gain":0,"player_choice":"Card Removal","damage_taken":0,"max_hp_gain":0,"max_hp_loss":0,"event_name":"The Cleric","floor":14,"gold_loss":0},{"damage_healed":0,"gold_gain":0,"player_choice":"Leave","damage_taken":0,"max_hp_gain":0,"max_hp_loss":0,"event_name":"conspire:Investor","floor":42,"gold_loss":0}],"is_beta":false,"boss_relics":[{"not_picked":["aspiration:SecretTechniqueScroll","conspire:RoyalGoblet"],"picked":"construct:WeddingRing"},{"not_picked":["Tiny House","aspiration:RitualDagger"],"picked":"hubris:VirtuousBlindfold"}],"items_purged_floors":[5,53],"is_endless":false,"potions_floor_spawned":[2,6,13,16,20,26,32,36,45,48,52],"killed_by":"downfall:NeowBossFinal","ascension_level":0}}