{"host":"och2iitg9ibgz06n","time":1611218468,"event":{"mods":["Abigail Mod","AchievementEnabler","Aspiration","BaseMod","Colored Powertips","Dio Mod","Hubris","Hyrulean Relics","Infinite Spire","Minty Spire (QoL Compilation)","Replay The Spire","Small Relic Pack","StSLib","The Animator","The Bug Knight","The Hierophant","The Jungle","The Saiyan","TheHero","Wandering Minibosses","everything is the same but u backflip on backflip","slay the spire mod where everything is the same but ironclad has a cowboy hat","vexMod"],"gold_per_floor":[114,114,44,55,67,67,67,67],"floor_reached":7,"language":"ENG","playtime":207,"items_purged":[],"score":47,"play_id":"6cbf9fed-36fc-402a-8c78-8333321fe97e","local_time":"20210121024108","is_ascension_mode":true,"campfire_choices":[{"floor":6,"key":"RECALL"}],"circlet_count":0,"master_deck":["animeID:Deku","animeID:Bakugo","animeID:Smash","animeID:Smash","animeID:Smash","animeID:Smash","animeID:DefendMH","animeID:DefendMH","animeID:DefendMH","animeID:DefendMH","animeID:FullCowl","animeID:Stain","animeID:TetsuTetsu","animeID:EraserHead"],"relics":["animeID:HeroCostume","vexMod:BarristanHead"],"acts_visited":["Exordium"],"potions_floor_usage":[],"damage_taken":[{"damage":6,"enemies":"Cultist","floor":1,"turns":3},{"damage":0,"enemies":"2 Louse","floor":4,"turns":1},{"damage":16,"enemies":"Jaw Worm","floor":5,"turns":7},{"damage":55,"enemies":"Lagavulin","floor":7,"turns":9}],"seed_played":"6213553214406368526","potions_obtained":[{"floor":5,"key":"Dexterity Potion"}],"is_trial":false,"path_per_floor":["M","$","$","M","M","R","E"],"character_chosen":"THE_HERO","items_purchased":["animeID:Stain"],"campfire_rested":0,"item_purchase_floors":[3],"current_hp_per_floor":[69,69,69,69,57,57,6,6],"gold":67,"neow_bonus":"RANDOM_COMMON_RELIC","is_daily":false,"chose_seed":false,"campfire_upgraded":0,"win_rate":0.0,"timestamp":1611218468,"path_taken":["M","?","$","M","M","R","E"],"items_purchased_type":["Card"],"build_version":"2020-12-22","purchased_purges":0,"victory":false,"max_hp_per_floor":[75,75,75,75,75,75,75,75],"card_choices":[{"not_picked":["animeID:Mineta","animeID:DetroitSmash"],"picked":"animeID:FullCowl","floor":1},{"not_picked":["animeID:Crystallize","animeID:Rappa"],"picked":"animeID:TetsuTetsu","floor":4},{"not_picked":["animeID:Mezo","animeID:ShootStyle"],"picked":"animeID:EraserHead","floor":5}],"player_experience":429213,"relics_obtained":[],"event_choices":[],"is_beta":false,"boss_relics":[],"items_purged_floors":[],"is_endless":false,"potions_floor_spawned":[5],"killed_by":"Lagavulin","ascension_level":3}}