{"host":"lv7etzzgwahaenh9","time":1611214852,"event":{"mods":["AchievementEnabler","BaseMod","Colored Map","Colored Powertips","Highlight Path","Minty Spire (QoL Compilation)","Permanent Neow","Quick Restart","Random Character Button","StSLib"],"gold_per_floor":[416,491,35,53,68,95,106,106,106,56,69,69,88,121,121,216,216,226,240,240,240],"floor_reached":20,"language":"ENG","playtime":949,"items_purged":["Defend_P"],"score":243,"play_id":"8ec1c894-9981-4ac1-9964-06920dccc18b","local_time":"20210120234052","is_ascension_mode":true,"campfire_choices":[{"data":"Perseverance","floor":8,"key":"SMITH"},{"data":"TalkToTheHand","floor":12,"key":"SMITH"},{"data":"Prostrate","floor":15,"key":"SMITH"}],"circlet_count":0,"master_deck":["Strike_P","Strike_P","Strike_P","Strike_P","Defend_P","Defend_P","Eruption","Vigilance","SashWhip","InnerPeace","EmptyFist","TalkToTheHand+1","CrushJoints","Perseverance+1","CutThroughFate","DeceiveReality","Prostrate+1","Establishment","Crescendo","CutThroughFate"],"relics":["HolyWater","Old Coin","Oddly Smooth Stone","Bag of Marbles","MealTicket","Pear","Ice Cream"],"acts_visited":["Exordium","TheCity"],"potions_floor_usage":[7,14,16,19],"damage_taken":[{"damage":1.0,"enemies":"2 Louse","floor":1.0,"turns":4.0},{"damage":0.0,"enemies":"Cultist","floor":4.0,"turns":2.0},{"damage":3.0,"enemies":"Jaw Worm","floor":5.0,"turns":2.0},{"damage":0.0,"enemies":"Lagavulin","floor":6.0,"turns":4.0},{"damage":5,"enemies":"2 Fungi Beasts","floor":7,"turns":3},{"damage":0,"enemies":"Large Slime","floor":11,"turns":3},{"damage":0,"enemies":"Exordium Wildlife","floor":13,"turns":2},{"damage":1,"enemies":"3 Sentries","floor":14,"turns":5},{"damage":9,"enemies":"The Guardian","floor":16,"turns":13},{"damage":0,"enemies":"Shell Parasite","floor":18,"turns":4},{"damage":28,"enemies":"2 Thieves","floor":19,"turns":4},{"damage":0,"enemies":"Snake Plant","floor":20,"turns":1}],"seed_played":"-6703778112065273634","potions_obtained":[{"floor":4.0,"key":"Strength Potion"},{"floor":5.0,"key":"Regen Potion"},{"floor":6.0,"key":"ColorlessPotion"},{"floor":13,"key":"AttackPotion"},{"floor":14,"key":"BottledMiracle"},{"floor":16,"key":"SkillPotion"},{"floor":19,"key":"Energy Potion"}],"is_trial":false,"path_per_floor":["M","?","$","M","M","E","M","R","T","?","M","R","M","E","R","B",null,"M","M","M"],"character_chosen":"WATCHER","items_purchased":["Oddly Smooth Stone","Bag of Marbles","InnerPeace","EmptyFist"],"campfire_rested":0,"item_purchase_floors":[3,3,3,3],"current_hp_per_floor":[64,58,58,58,55,55,50,50,60,60,60,60,60,59,59,50,75,75,47,47,47],"gold":240,"neow_bonus":"ONE_RARE_RELIC","is_daily":false,"chose_seed":false,"campfire_upgraded":3,"win_rate":0.0,"timestamp":1611214852,"path_taken":["M","?","$","M","M","E","?","R","T","?","M","R","M","E","R","BOSS","M","M","M"],"items_purchased_type":["Relic","Relic","Card","Card"],"build_version":"2020-12-22","purchased_purges":1,"victory":false,"max_hp_per_floor":[65,65,65,65,65,65,65,65,75,75,75,75,75,75,75,75,75,75,75,75,75],"card_choices":[{"not_picked":["Collect","PathToVictory"],"picked":"SashWhip","floor":1.0},{"not_picked":["PathToVictory","EmptyFist"],"picked":"TalkToTheHand","floor":4.0},{"not_picked":["Halt","EmptyFist"],"picked":"CrushJoints","floor":5.0},{"not_picked":["Study","Pray","Collect"],"picked":"SKIP","floor":6.0},{"not_picked":["Weave","Consecrate"],"picked":"Perseverance","floor":7},{"not_picked":["JustLucky","Evaluate"],"picked":"CutThroughFate","floor":11},{"not_picked":["ThirdEye","EmptyMind"],"picked":"DeceiveReality","floor":13},{"not_picked":["ThirdEye","Pray"],"picked":"Prostrate","floor":14},{"not_picked":["Brilliance","Wish"],"picked":"Establishment","floor":16},{"not_picked":["EmptyFist","Nirvana"],"picked":"Crescendo","floor":18},{"not_picked":["Evaluate","FearNoEvil"],"picked":"CutThroughFate","floor":19}],"player_experience":308881,"relics_obtained":[{"floor":6.0,"key":"MealTicket"},{"floor":9,"key":"Pear"},{"floor":14,"key":"Ice Cream"}],"event_choices":[{"damage_healed":0.0,"max_hp_gain":0.0,"max_hp_loss":0.0,"gold_gain":75.0,"event_name":"FaceTrader","player_choice":"Touch","floor":2.0,"gold_loss":0.0,"damage_taken":6.0},{"cards_removed":["Defend_P"],"damage_healed":0,"gold_gain":0,"player_choice":"Card Removal","damage_taken":0,"max_hp_gain":0,"max_hp_loss":0,"event_name":"The Cleric","floor":10,"gold_loss":50}],"is_beta":false,"boss_relics":[{"not_picked":["Philosopher\u0027s Stone","Empty Cage"],"picked":"HolyWater"}],"items_purged_floors":[3],"is_endless":false,"potions_floor_spawned":[4,5,6,13,14,16,19],"killed_by":"Snake Plant","ascension_level":3}}