{"host":"pxmwci5ksxda8grt","time":1611203518,"event":{"mods":["BaseMod","Better Third Choice","BetterRewards","Colored Map","Colored Powertips","Defuse TimeMaze Blight","Energized Spire","GifTheSpireLib","Minty Spire (QoL Compilation)","Quick Restart","Rare Cards Sparkle","Relic Stats","StSLib","SuperFastMode"],"gold_per_floor":[119,119,69,82,97,122,122,149,225,259,259,259,293,293,293,417,417,417,417],"floor_reached":18,"language":"ENG","playtime":747,"items_purged":["Regret"],"score":627,"play_id":"126d682d-f6a0-4067-af8e-d38aa8d4c5fd","local_time":"20210121173158","is_ascension_mode":true,"campfire_choices":[{"data":"Noxious Fumes","floor":7,"key":"SMITH"},{"data":"Catalyst","floor":12,"key":"SMITH"},{"data":"Catalyst","floor":15,"key":"SMITH"}],"circlet_count":0,"master_deck":["Strike_G","Strike_G+1","Strike_G","Strike_G","Defend_G","Defend_G","Defend_G","Defend_G","Defend_G+1","Survivor+1","Neutralize+1","Noxious Fumes+1","Deflect","Deadly Poison","Concentrate","Noxious Fumes","Poisoned Stab","Bane","Catalyst+1","Catalyst+1","Poisoned Stab","Poisoned Stab","Noxious Fumes","Poisoned Stab","Dash+1","Corpse Explosion"],"relics":["Ring of the Snake","Regal Pillow","Toolbox","Art of War","Turnip","Meat on the Bone","FossilizedHelix","Sling","CaptainsWheel","Boot","StoneCalendar","Lee\u0027s Waffle","Shovel","Omamori","Bird Faced Urn","Cauldron","Lizard Tail","Pocketwatch","Potion Belt","Darkstone Periapt","Frozen Eye","Du-Vu Doll","War Paint","Orrery","Bottled Tornado","The Specimen","Bronze Scales","HandDrill","Shuriken","Torii","Thread and Needle","HornCleat","TwistedFunnel","Girya","Happy Flower","Whetstone","Ginger","PreservedInsect","ClockworkSouvenir","Centennial Puzzle","Bag of Marbles","Pen Nib","Ninja Scroll","Molten Egg 2","Tiny Chest","Golden Idol","Mango","Letter Opener","energizedSpire:RedRose"],"acts_visited":["Exordium","TheCity"],"potions_floor_usage":[],"damage_taken":[{"damage":0,"enemies":"Jaw Worm","floor":1,"turns":2},{"damage":0,"enemies":"Small Slimes","floor":4,"turns":2},{"damage":0,"enemies":"2 Louse","floor":5,"turns":1},{"damage":0,"enemies":"Gremlin Nob","floor":6,"turns":2},{"damage":0,"enemies":"Lagavulin","floor":8,"turns":3},{"damage":0,"enemies":"Gremlin Nob","floor":10,"turns":2},{"damage":0,"enemies":"3 Sentries","floor":13,"turns":2},{"damage":6,"enemies":"Hexaghost","floor":16,"turns":3},{"damage":2,"enemies":"Shell Parasite","floor":18,"turns":1}],"seed_played":"2500339704897591165","potions_obtained":[{"floor":0,"key":"SkillPotion"},{"floor":0,"key":"PowerPotion"},{"floor":0,"key":"DistilledChaos"},{"floor":0,"key":"DistilledChaos"},{"floor":0,"key":"PowerPotion"},{"floor":10,"key":"Fruit Juice"}],"is_trial":false,"path_per_floor":["M","?","?","M","M","E","R","E","T","E","?","R","E","T","R","B",null,"M"],"character_chosen":"THE_SILENT","items_purchased":["Regal Pillow","Toolbox","Art of War","Meat on the Bone","FossilizedHelix","Sling","Boot","StoneCalendar","Lee\u0027s Waffle","Omamori","Bird Faced Urn","Cauldron","Potion Belt","Darkstone Periapt","Frozen Eye","War Paint","Orrery","Bottled Tornado","Bronze Scales","HandDrill","Shuriken","Noxious Fumes","Poisoned Stab","Bane","Catalyst","Thread and Needle","HornCleat","TwistedFunnel","Happy Flower","Whetstone","Catalyst","Poisoned Stab","PreservedInsect","ClockworkSouvenir","Poisoned Stab","Noxious Fumes"],"campfire_rested":0,"item_purchase_floors":[0,0,0,0,0,0,0,0,0,0,0,0,0,0,0,0,0,0,0,0,0,0,0,0,0,0,0,0,0,0,0,0,0,0,0,0],"current_hp_per_floor":[77,60,60,64,66,70,70,76,76,77,71,71,85,85,85,79,85,83,83],"gold":417,"neow_bonus":"","is_daily":false,"chose_seed":false,"campfire_upgraded":3,"win_rate":0.0,"timestamp":1611203518,"path_taken":["M","?","?","M","M","E","R","E","T","E","?","R","E","?","R","BOSS","M"],"items_purchased_type":["Relic","Relic","Relic","Relic","Relic","Relic","Relic","Relic","Relic","Relic","Relic","Relic","Relic","Relic","Relic","Relic","Relic","Relic","Relic","Relic","Relic","Card","Card","Card","Card","Relic","Relic","Relic","Relic","Relic","Card","Card","Relic","Relic","Card","Card"],"build_version":"2020-12-22","purchased_purges":1,"victory":false,"max_hp_per_floor":[77,77,77,77,77,77,77,77,77,77,71,71,85,85,85,85,85,85,85],"relic_stats":{"Darkstone Periapt":0,"Regal Pillow":0,"Torii":0,"StoneCalendar":[0],"Whetstone":["Neutralize","Strike_G"],"Ginger":[0],"Boot":[6],"Lizard Tail":0,"Centennial Puzzle":[21],"Shovel":0,"Tiny Chest":0,"HandDrill":[44],"Ring of the Snake":[70],"Lee\u0027s Waffle":7,"Happy Flower":[12],"counters":[37,87],"Golden Idol":32,"PreservedInsect":333,"Pen Nib":[30],"Letter Opener":[0],"War Paint":["Outmaneuver","Defend_G","Defend_G","Survivor"],"Shuriken":[41],"Bird Faced Urn":[17],"Bronze Scales":[28],"Turnip":[1],"Art of War":[0],"obtain_stats":[{"Ice Cream":0,"TwistedFunnel":24,"Whetstone":0,"Ginger":0,"Bottled Tornado":0,"Sling":0,"Boot":0,"Blood Vial":8,"Centennial Puzzle":31,"Lizard Tail":0,"HornCleat":0,"DollysMirror":20,"Sundial":44,"Strawberry":24,"MealTicket":6,"HandDrill":8,"Girya":0,"Happy Flower":38,"Dead Branch":0,"Tingsha":26,"Pen Nib":9,"Letter Opener":14,"War Paint":25,"Du-Vu Doll":36,"Shuriken":34,"Bird Faced Urn":0,"Bronze Scales":0,"Molten Egg 2":24,"Pocketwatch":40,"Meat on the Bone":0,"Darkstone Periapt":0,"Regal Pillow":0,"Torii":0,"StoneCalendar":0,"Mango":13,"Bag of Preparation":0,"ClockworkSouvenir":0,"Frozen Eye":0,"TheAbacus":0,"Shovel":0,"Ninja Scroll":20,"Gambling Chip":34,"Toolbox":0,"Tiny Chest":10,"energizedSpire:HugeHouse":17,"Ring of the Snake":0,"Potion Belt":0,"energizedSpire:RedRose":17,"Lee\u0027s Waffle":0,"The Specimen":20,"Golden Idol":11,"Thread and Needle":0,"PreservedInsect":12,"Omamori":47,"Orichalcum":0,"MawBank":43,"White Beast Statue":38,"Calling Bell":34,"Cauldron":0,"CaptainsWheel":0,"Orrery":0,"Turnip":0,"Bag of Marbles":8,"Art of War":0,"TungstenRod":28,"Toy Ornithopter":34,"FossilizedHelix":0},{"Ice Cream":0,"TwistedFunnel":12,"Whetstone":28,"Ginger":28,"Bottled Tornado":28,"Sling":28,"Boot":28,"Blood Vial":6,"Centennial Puzzle":16,"Lizard Tail":28,"HornCleat":28,"DollysMirror":10,"Sundial":23,"Strawberry":12,"MealTicket":6,"HandDrill":6,"Girya":28,"Happy Flower":20,"Dead Branch":0,"Tingsha":13,"Pen Nib":6,"Letter Opener":35,"War Paint":13,"Du-Vu Doll":19,"Shuriken":17,"Bird Faced Urn":28,"Bronze Scales":28,"Molten Egg 2":12,"Pocketwatch":22,"Meat on the Bone":28,"Darkstone Periapt":28,"Regal Pillow":28,"Torii":28,"StoneCalendar":28,"Mango":35,"Bag of Preparation":0,"ClockworkSouvenir":28,"Frozen Eye":28,"TheAbacus":0,"Shovel":28,"Ninja Scroll":10,"Gambling Chip":17,"Toolbox":28,"Tiny Chest":34,"energizedSpire:HugeHouse":9,"Ring of the Snake":0,"Potion Belt":28,"energizedSpire:RedRose":36,"Lee\u0027s Waffle":28,"The Specimen":10,"Golden Idol":34,"Thread and Needle":28,"PreservedInsect":8,"Omamori":26,"Orichalcum":0,"MawBank":22,"White Beast Statue":20,"Calling Bell":17,"Cauldron":28,"CaptainsWheel":28,"Orrery":28,"Turnip":28,"Bag of Marbles":6,"Art of War":28,"TungstenRod":15,"Toy Ornithopter":17,"FossilizedHelix":28},{"Ice Cream":0,"TwistedFunnel":31,"Whetstone":69,"Ginger":69,"Bottled Tornado":69,"Sling":69,"Boot":69,"Blood Vial":14,"Centennial Puzzle":39,"Lizard Tail":69,"HornCleat":69,"DollysMirror":27,"Sundial":56,"Strawberry":31,"MealTicket":14,"HandDrill":14,"Girya":69,"Happy Flower":50,"Dead Branch":0,"Tingsha":32,"Pen Nib":14,"Letter Opener":83,"War Paint":32,"Du-Vu Doll":49,"Shuriken":45,"Bird Faced Urn":69,"Bronze Scales":69,"Molten Egg 2":31,"Pocketwatch":54,"Meat on the Bone":69,"Darkstone Periapt":69,"Regal Pillow":69,"Torii":69,"StoneCalendar":69,"Mango":83,"Bag of Preparation":0,"ClockworkSouvenir":69,"Frozen Eye":69,"TheAbacus":0,"Shovel":69,"Ninja Scroll":27,"Gambling Chip":45,"Toolbox":69,"Tiny Chest":81,"energizedSpire:HugeHouse":25,"Ring of the Snake":0,"Potion Belt":69,"energizedSpire:RedRose":86,"Lee\u0027s Waffle":69,"The Specimen":27,"Golden Idol":81,"Thread and Needle":69,"PreservedInsect":18,"Omamori":60,"Orichalcum":0,"MawBank":54,"White Beast Statue":50,"Calling Bell":45,"Cauldron":69,"CaptainsWheel":69,"Orrery":69,"Turnip":69,"Bag of Marbles":14,"Art of War":69,"TungstenRod":37,"Toy Ornithopter":45,"FossilizedHelix":69}],"Meat on the Bone":0,"Pocketwatch":[3]},"card_choices":[{"not_picked":["Dagger Throw","Underhanded Strike"],"picked":"Deadly Poison","floor":0},{"not_picked":["Slice","Outmaneuver"],"picked":"Concentrate","floor":0},{"not_picked":["Concentrate","Dagger Spray","Blade Dance"],"picked":"SKIP","floor":1},{"not_picked":["Underhanded Strike","Prepared","Masterful Stab"],"picked":"SKIP","floor":4},{"not_picked":["Heel Hook","Leg Sweep"],"picked":"Poisoned Stab","floor":5},{"not_picked":["Tools of the Trade","Well Laid Plans","PiercingWail"],"picked":"SKIP","floor":6},{"not_picked":["Caltrops","Dagger Spray","Expertise"],"picked":"SKIP","floor":8},{"not_picked":["Tools of the Trade","Dodge and Roll","Skewer+1"],"picked":"SKIP","floor":10},{"not_picked":["Venomology","Dagger Throw+1"],"picked":"Dash+1","floor":13},{"not_picked":["Grand Finale+1","After Image"],"picked":"Corpse Explosion","floor":16}],"player_experience":568291,"relics_obtained":[{"floor":6,"key":"Pen Nib"},{"floor":8,"key":"Ninja Scroll"},{"floor":9,"key":"Molten Egg 2"},{"floor":10,"key":"Tiny Chest"},{"floor":13,"key":"Mango"},{"floor":14,"key":"Letter Opener"}],"event_choices":[{"damage_healed":0,"gold_gain":1,"player_choice":"Relic Relic ","damage_taken":17,"max_hp_gain":0,"max_hp_loss":0,"event_name":"betterThird:BetterScrap","floor":2,"gold_loss":0,"cards_obtained":["Second Wind"]},{"cards_removed":["Strike_G"],"damage_healed":0,"gold_gain":0,"player_choice":"Card Removal","damage_taken":0,"max_hp_gain":0,"max_hp_loss":0,"event_name":"The Cleric","floor":3,"gold_loss":50},{"damage_healed":0,"gold_gain":0,"player_choice":"Lose Max HP","damage_taken":0,"relics_obtained":["Golden Idol"],"max_hp_gain":0,"max_hp_loss":6,"event_name":"Golden Idol","floor":11,"gold_loss":0}],"is_beta":false,"boss_relics":[{"not_picked":["Fusion Hammer","Snecko Eye"],"picked":"energizedSpire:RedRose"}],"items_purged_floors":[0],"is_endless":false,"potions_floor_spawned":[6,8,10,16],"killed_by":"Shell Parasite","ascension_level":2}}