{"host":"lzpp66udqthct9jv","time":1611270999,"event":{"mods":["Act Like it!","BaseMod","Better-Laid Plans","Chen","Emptier Cage","Gensokyo","Highlight Path","Koishi","Marisa£®ÏF”Í°°ƒß¿Ì…≥£©","Minty Spire (QoL Compilation)","Pale of the Ancients","Quick Restart","Reimu£®≤©¿ˆ¡È√Œ£©","Remilia£®¿Ÿ√◊¿Ú—«£©","Shop Mod","StSLib","The Administrix","The Servant 0.9.4","Yakumo Yukari mod","Youmu£®ªÍ∆«—˝√Œ£©","Yuyuko","ÛÙª÷∏ƒœ"],"gold_per_floor":[110,123,123,223,54,88,88,107,107,107,125,152,165,165,165,241,241,259,209,223,243,2,2,2,2,2,35,47,87,111,134,146,230,242,265,277,289,47,47,79,79,79,105,140,218,106,106,125,125,125,485,485,342,3,34,34],"floor_reached":57,"language":"ZHS","playtime":2842,"items_purged":["Strike_G","Strike_G","Defend_G","Defend_G"],"score":2963,"play_id":"d1041233-a000-467f-931c-b961c2a9a1e7","local_time":"20210122071639","is_ascension_mode":true,"campfire_choices":[{"data":"Noxious Fumes","floor":7.0,"key":"SMITH"},{"data":"Neutralize","floor":10.0,"key":"SMITH"},{"data":"Poisoned Stab","floor":15.0,"key":"SMITH"},{"data":"Crippling Poison","floor":23.0,"key":"SMITH"},{"data":"Gensokyo:ManorOfTheDishes","floor":28.0,"key":"SMITH"},{"data":"Tactician","floor":32.0,"key":"SMITH"},{"data":"Catalyst","floor":42.0,"key":"SMITH"},{"floor":49.0,"key":"RECALL"}],"circlet_count":0,"master_deck":["AscendersBane","Defend_G","Defend_G","Defend_G","Survivor+1","Neutralize+1","Noxious Fumes+1","PiercingWail","Acrobatics","Poisoned Stab+1","After Image","Acrobatics","Crippling Poison+1","Tactician+1","Well Laid Plans","Gensokyo:ManorOfTheDishes+1","Burst+1","CurseOfTheBell","Footwork","Catalyst+1","Bouncing Flask","Tactician","Blur","Well Laid Plans"],"relics":["Ring of the Snake","NeowsBlessing","Pear","Bag of Preparation","Pear","Paper Crane","Art of War","Gensokyo:OccultBall","HoveringKite","Membership Card","MawBank","The Courier","Calling Bell","Potion Belt","Molten Egg 2","Bird Faced Urn","Bottled Lightning","Juzu Bracelet","PreservedInsect","Oddly Smooth Stone","MealTicket","Letter Opener","Tea:ReiMu","Medical Kit","Calipers","InkBottle","War Paint","Orichalcum"],"acts_visited":["Gensokyo:Gensokyo","Gensokyo:Gensokyoer","Gensokyo:Gensokyoest","TheEnding"],"potions_floor_usage":[56,56,56,56],"damage_taken":[{"damage":0.0,"enemies":"Gensokyo:2_Kodama","floor":1.0,"turns":1.0},{"damage":0.0,"enemies":"Gensokyo:Python","floor":2.0,"turns":1.0},{"damage":0.0,"enemies":"Gensokyo:Cirno","floor":6.0,"turns":2.0},{"damage":2.0,"enemies":"Gensokyo:Gryphon","floor":8.0,"turns":5.0},{"damage":10.0,"enemies":"Gensokyo:LivingMonolith","floor":11.0,"turns":4.0},{"damage":9.0,"enemies":"Gensokyo:Mamizou","floor":12.0,"turns":8.0},{"damage":0.0,"enemies":"Gensokyo:Gryphon_and_Rabbit","floor":13.0,"turns":6.0},{"damage":19.0,"enemies":"Gensokyo:Kokoro","floor":16.0,"turns":10.0},{"damage":16.0,"enemies":"Gensokyo:AngelMirror","floor":18.0,"turns":6.0},{"damage":14.0,"enemies":"Gensokyo:2_Gloops","floor":20.0,"turns":5.0},{"damage":1.0,"enemies":"Gensokyo:Monolith_and_Dog","floor":21.0,"turns":7.0},{"damage":0.0,"enemies":"Gensokyo:Koishi","floor":27.0,"turns":7.0},{"damage":4.0,"enemies":"Gensokyo:Tenshi","floor":29.0,"turns":6.0},{"damage":1.0,"enemies":"Gensokyo:3_Gloops","floor":30.0,"turns":4.0},{"damage":9.0,"enemies":"Gensokyo:Slime_Group","floor":31.0,"turns":8.0},{"damage":22.0,"enemies":"Gensokyo:Eternal_Rivals","floor":33.0,"turns":12.0},{"damage":2.0,"enemies":"Gensokyo:AncientGuardian","floor":35.0,"turns":5.0},{"damage":2.0,"enemies":"Gensokyo:Doremy","floor":40.0,"turns":8.0},{"damage":18.0,"enemies":"Gensokyo:Marisa","floor":44.0,"turns":5.0},{"damage":21.0,"enemies":"Gensokyo:3_Boulders","floor":48.0,"turns":5.0},{"damage":0.0,"enemies":"Gensokyo:Scarlet_Devils","floor":50.0,"turns":9.0},{"damage":38.0,"enemies":"Gensokyo:Yuyuko","floor":51.0,"turns":7.0},{"damage":16,"enemies":"Shield and Spear","floor":55,"turns":6},{"damage":1,"enemies":"The Heart","floor":56,"turns":9}],"seed_played":"-2492988624008312038","potions_obtained":[{"floor":1.0,"key":"GhostInAJar"},{"floor":2.0,"key":"FearPotion"},{"floor":6.0,"key":"DuplicationPotion"},{"floor":27.0,"key":"Block Potion"},{"floor":30.0,"key":"EssenceOfSteel"},{"floor":47.0,"key":"PowerPotion"},{"floor":47.0,"key":"BlessingOfTheForge"}],"is_trial":false,"path_per_floor":["M","M","?","?","$","E","R","M","T","R","M","E","M","?","R","B",null,"M","?","M","M","$","R","?","?","T","E","R","E","M","M","R","B",null,"M","?","?","$","?","E","?","R","T","E","T","$","?","M","R","B","B",null,"R","$","E","B",null],"character_chosen":"THE_SILENT","items_purchased":["Bag of Preparation","Membership Card","Well Laid Plans","Catalyst","Bottled Lightning","Juzu Bracelet","Blur","Well Laid Plans","Medical Kit","Calipers","InkBottle","War Paint","DuplicationPotion"],"campfire_rested":0,"item_purchase_floors":[5,22,22,38,38,38,46,46,53,54,54,54,54],"current_hp_per_floor":[59,59,49,49,49,59,59,57,57,57,47,38,38,38,38,19,69,53,60,46,45,45,45,45,45,45,45,45,41,40,31,31,9,64,68,52,52,52,52,60,60,60,60,54,54,69,69,60,60,72,72,80,80,82,78,81],"gold":34,"neow_bonus":"THREE_ENEMY_KILL","is_daily":false,"chose_seed":false,"campfire_upgraded":7,"win_rate":0.0,"timestamp":1611270999,"path_taken":["M","?","?","?","?","E","R","M","T","R","?","E","M","?","R","BOSS","M","?","M","?","?","R","?","?","T","E","R","E","M","M","R","BOSS","M","?","?","?","?","E","?","R","T","E","?","$","?","M","R","BOSS","BOSS","R","$","E","BOSS"],"items_purchased_type":["Relic","Relic","Card","Card","Relic","Relic","Card","Card","Relic","Relic","Relic","Relic","Potion"],"build_version":"2020-12-22","purchased_purges":4,"victory":true,"max_hp_per_floor":[66,66,76,76,76,86,86,86,86,86,86,86,86,86,86,86,86,86,93,93,93,93,93,93,82,82,82,82,82,82,82,82,82,82,82,82,82,82,82,82,82,82,82,82,82,82,82,82,82,82,82,82,82,82,82,82],"card_choices":[{"not_picked":["Calculated Gamble","Slice"],"picked":"Noxious Fumes","floor":1.0},{"not_picked":["Setup","Sucker Punch"],"picked":"PiercingWail","floor":2.0},{"not_picked":["Infinite Blades","PiercingWail"],"picked":"Acrobatics","floor":6.0},{"not_picked":["Endless Agony","Prepared","Underhanded Strike"],"picked":"SKIP","floor":8.0},{"not_picked":["Quick Slash","Unload"],"picked":"Poisoned Stab","floor":11.0},{"not_picked":["Heel Hook","Caltrops","PiercingWail"],"picked":"SKIP","floor":12.0},{"not_picked":["Deadly Poison","Backstab"],"picked":"Reflex","floor":13.0},{"not_picked":["Venomology","Storm of Steel"],"picked":"After Image","floor":16.0},{"not_picked":["Backflip","Expertise"],"picked":"Acrobatics","floor":18.0},{"not_picked":["Dagger Spray","Outmaneuver"],"picked":"Crippling Poison","floor":20.0},{"not_picked":["Dagger Throw","Phantasmal Killer"],"picked":"Tactician","floor":21.0},{"not_picked":["Gensokyo:TekeTeke","Gensokyo:Doppelganger"],"picked":"Gensokyo:ManorOfTheDishes","floor":25.0},{"not_picked":["Deadly Poison","Crippling Poison","Outmaneuver"],"picked":"SKIP","floor":27.0},{"not_picked":["Dagger Throw","Unload","Underhanded Strike"],"picked":"SKIP","floor":29.0},{"not_picked":["Outmaneuver","Quick Slash","Bouncing Flask"],"picked":"SKIP","floor":30.0},{"not_picked":["Dagger Throw","Flechettes+1","Terror"],"picked":"SKIP","floor":31.0},{"not_picked":["Malaise","Bullet Time"],"picked":"Burst","floor":33.0},{"not_picked":["Quick Slash+1","Expertise"],"picked":"Footwork","floor":35.0},{"not_picked":["Bane+1","Expertise+1"],"picked":"Bouncing Flask","floor":40.0},{"not_picked":["Dodge and Roll","Dash+1"],"picked":"Tactician","floor":44.0},{"not_picked":["Poisoned Stab+1","Dagger Spray+1","Acrobatics"],"picked":"SKIP","floor":48.0},{"not_picked":["Quick Slash+1","Accuracy","Dagger Throw+1"],"picked":"SKIP","floor":55}],"player_experience":1850200,"relics_obtained":[{"floor":6.0,"key":"Pear"},{"floor":9.0,"key":"Paper Crane"},{"floor":12.0,"key":"Art of War"},{"floor":16.0,"key":"Gensokyo:OccultBall"},{"floor":27.0,"key":"MawBank"},{"floor":29.0,"key":"The Courier"},{"floor":33.0,"key":"Gensokyo:OccultBall"},{"floor":34.0,"key":"Potion Belt"},{"floor":34.0,"key":"Molten Egg 2"},{"floor":34.0,"key":"Bird Faced Urn"},{"floor":40.0,"key":"Oddly Smooth Stone"},{"floor":43.0,"key":"MealTicket"},{"floor":44.0,"key":"Letter Opener"},{"floor":45.0,"key":"Tea:ReiMu"},{"floor":55,"key":"Orichalcum"}],"event_choices":[],"is_beta":false,"boss_relics":[{"not_picked":["Sozu","Empty Cage"],"picked":"HoveringKite"},{"not_picked":["Astrolabe","SlaversCollar"],"picked":"Calling Bell"}],"items_purged_floors":[22,38,46,53],"is_endless":false,"potions_floor_spawned":[1,2,6,27,30],"ascension_level":20}}