{"host":"ipnf7ktf1pyxq9u3","time":1611199723,"event":{"mods":["Act Like it!","Aspiration","BaseMod","BetterRewards","Conspire","Downfall","Gremlin Mod","Hallownest","Hermit","Hubris","Infinite Spire","Lobotomy","Minty Spire (QoL Compilation)","Reworked Bosses","Shade Mod","Shop Mod","StSLib","The Bug Knight","The Construct","The Cursed","The Factory","The Forsaken","The Hierophant","The Jungle","The Necromancer"],"gold_per_floor":[99,112,112,112,131,41,41,19,4,4,34,34,34,47,59,59,59,59],"floor_reached":16,"language":"ENG","playtime":962,"items_purged":["downfall:Malfunctioning"],"score":100,"play_id":"a1691e37-3ff4-4c1a-8767-fa59f74211a5","local_time":"20210121142843","is_ascension_mode":false,"campfire_choices":[{"floor":1,"key":"RECALL"},{"data":"champ:TripleStrike","floor":10,"key":"SMITH"},{"data":"champ:Taunt","floor":13,"key":"SMITH"}],"circlet_count":0,"master_deck":["champ:Strike+1","champ:Strike","champ:Strike","champ:Strike","champ:Defend","champ:Defend+1","champ:Defend+1","champ:Defend","champ:Execute","champ:Taunt+1","champ:BladeFlurry","champ:Lariat","champ:TripleStrike+1","champ:RisingSlash","hubris:NaturalOne","champ:StanceDance","champ:PreciseThrust"],"relics":["champ:ChampionCrown","hubris:Icosahedron","hubris:MysteriousPyramids","Question Card"],"acts_visited":["Exordium"],"potions_floor_usage":[16],"damage_taken":[{"damage":10,"enemies":"2 Louse","floor":2,"turns":2},{"damage":24,"enemies":"Small Slimes","floor":5,"turns":4},{"damage":32,"enemies":"downfall:FleeingMerchant","floor":6,"turns":4},{"damage":10,"enemies":"Cultist","floor":8,"turns":3},{"damage":27,"enemies":"downfall:FleeingMerchant","floor":9,"turns":4},{"damage":44,"enemies":"Lagavulin","floor":11,"turns":8},{"damage":0,"enemies":"3 Louse","floor":14,"turns":3},{"damage":0,"enemies":"Blue Slaver","floor":15,"turns":3},{"damage":33,"enemies":"DF_ARCHETYPE_STREAMLINE","floor":16,"turns":7}],"seed_played":"-4282403483814980970","potions_obtained":[{"floor":8,"key":"SteroidPotion"},{"floor":11,"key":"FearPotion"},{"floor":14,"key":"Swift Potion"}],"is_trial":false,"path_per_floor":["R","M","?","?","M","$","T","M","$","R","E","?","R","M","M","B"],"character_chosen":"THE_CHAMP","items_purchased":[],"campfire_rested":0,"item_purchase_floors":[],"current_hp_per_floor":[99,99,99,99,85,73,73,73,71,71,32,32,32,32,32,0,0,0],"gold":59,"neow_bonus":"TEN_PERCENT_HP_BONUS","is_daily":false,"chose_seed":false,"campfire_upgraded":2,"win_rate":0.0,"timestamp":1611199723,"path_taken":["R","M","?","?","M","$","T","M","$","R","E","?","R","M","M","BOSS"],"items_purchased_type":[],"build_version":"2020-12-22","purchased_purges":1,"victory":false,"max_hp_per_floor":[99,99,99,99,99,99,99,99,99,99,99,99,99,99,99,99,99,99],"card_choices":[{"not_picked":["champ:DefensiveShout","champ:TornadoPunch"],"picked":"champ:BladeFlurry","floor":2},{"not_picked":["champ:PreciseThrust","champ:Shatter"],"picked":"champ:Lariat","floor":5},{"not_picked":["champ:CrookedStrike","champ:FlashCut"],"picked":"champ:TripleStrike","floor":6},{"not_picked":["champ:CheapShot","champ:Circumvent"],"picked":"champ:RisingSlash","floor":8},{"not_picked":["champ:CrookedStrike","champ:FlashCut"],"picked":"champ:StanceDance","floor":9},{"not_picked":["champ:FocusedBerserking","champ:ShieldSlam","champ:EnGarde"],"picked":"SKIP","floor":11},{"not_picked":["champ:IronFortress","champ:Endure","champ:Shatter"],"picked":"champ:PreciseThrust","floor":14},{"not_picked":["champ:ShieldSlam","champ:Haymaker","champ:HeartStrike","champ:DefensiveShout"],"picked":"SKIP","floor":15}],"player_experience":589623,"relics_obtained":[{"floor":7,"key":"hubris:MysteriousPyramids"},{"floor":11,"key":"Question Card"}],"event_choices":[{"damage_healed":0,"gold_gain":0,"player_choice":"Leave","damage_taken":0,"max_hp_gain":0,"max_hp_loss":0,"event_name":"conspire:Investor","floor":12,"gold_loss":0}],"is_beta":false,"boss_relics":[],"items_purged_floors":[6],"is_endless":false,"potions_floor_spawned":[8,11,14],"killed_by":"DF_ARCHETYPE_STREAMLINE","ascension_level":0}}