{"host":"9kesdg97wkrx2bva","time":1611211729,"event":{"mods":["AchievementEnabler","BaseMod","Colored Map","GifTheSpireLib","Infinite Spire","Minty Spire (QoL Compilation)","Replay The Spire","StSLib"],"gold_per_floor":[118,133,12,30,30,30,49,49,49,4,4,4,179,223,223,313,313,327,327,351,364,364,364,395,345,345,345,365,383,383,401,401,494,494,512,512,528,528,553,591,614,614,614,187,187,520,520,620,620,620],"floor_reached":51,"language":"ENG","playtime":7559,"items_purged":["Strike_G","Strike_G","Strike_G","Wraith Form v2"],"score":1203,"play_id":"85f79414-4d2f-48b2-959f-21ce4b983ae5","local_time":"20210121004849","is_ascension_mode":true,"campfire_choices":[{"data":"Deadly Poison","floor":6.0,"key":"SMITH"},{"data":"Cloak And Dagger","floor":8.0,"key":"SMITH"},{"data":"Neutralize","floor":11.0,"key":"SMITH"},{"data":"Prepared","floor":15.0,"key":"SMITH"},{"data":"Envenom","floor":23.0,"key":"SMITH"},{"data":"Finisher","floor":30.0,"key":"SMITH"},{"data":"Strike_G","floor":32.0,"key":"PURGE"},{"data":"Blade Dance","floor":45,"key":"SMITH"},{"data":"Catalyst","floor":47,"key":"SMITH"},{"data":"Infinite Blades","floor":49,"key":"SMITH"}],"circlet_count":0,"master_deck":["AscendersBane","Defend_G+1","Defend_G+1","Defend_G","Survivor","Neutralize+1","Deflect","Cloak And Dagger+1","Deadly Poison+1","Prepared+1","Infinite Blades+1","Slice","Blade Dance+1","Envenom+1","Finisher+1","Catalyst+1","Blade Dance+1","Slice","Accuracy","Accuracy","Accuracy"],"relics":["Snecko Scales","GremlinMask","ReplayTheSpireMod:Ninjato","War Paint","ChewingGum","Basket Of Snakes","Smiling Mask","Blue Doll","Replay:Drink Me","Ancient Tea Set","Vajra","Replay:WaspNest","Lee\u0027s Waffle","Bag of Marbles"],"acts_visited":["Exordium","TheCity","TheBeyond"],"potions_floor_usage":[50],"damage_taken":[{"damage":3.0,"enemies":"Jaw Worm","floor":1.0,"turns":4.0},{"damage":14.0,"enemies":"infinitespire:Voidling","floor":2.0,"turns":5.0},{"damage":0.0,"enemies":"2 Louse","floor":4.0,"turns":3.0},{"damage":0.0,"enemies":"Blue Slaver","floor":7.0,"turns":4.0},{"damage":5.0,"enemies":"Lagavulin","floor":14.0,"turns":5.0},{"damage":15.0,"enemies":"Slime Boss","floor":16.0,"turns":9.0},{"damage":13.0,"enemies":"2 Thieves","floor":18.0,"turns":4.0},{"damage":0.0,"enemies":"3 Byrds","floor":20.0,"turns":3.0},{"damage":0.0,"enemies":"Centurion and Healer","floor":21.0,"turns":4.0},{"damage":8.0,"enemies":"Gremlin Leader","floor":24.0,"turns":2.0},{"damage":0.0,"enemies":"3 Cultists","floor":28.0,"turns":2.0},{"damage":0.0,"enemies":"Shelled Parasite and Fungi","floor":29.0,"turns":2.0},{"damage":4.0,"enemies":"Cultist and Chosen","floor":31.0,"turns":2.0},{"damage":22.0,"enemies":"Champ","floor":33.0,"turns":4.0},{"damage":11.0,"enemies":"3 Darklings","floor":35.0,"turns":3.0},{"damage":4.0,"enemies":"3 Shapes","floor":37.0,"turns":2.0},{"damage":0.0,"enemies":"3 Darklings","floor":39.0,"turns":2.0},{"damage":0,"enemies":"Giant Head","floor":40,"turns":3},{"damage":11,"enemies":"4 Shapes","floor":41,"turns":4},{"damage":34,"enemies":"Awakened One","floor":50,"turns":5}],"seed_played":"-4281526873110753714","potions_obtained":[{"floor":4.0,"key":"Cursed Concoction"},{"floor":7.0,"key":"Strength Potion"},{"floor":14.0,"key":"Poison Potion"},{"floor":18.0,"key":"Adrenaline Potion"},{"floor":20.0,"key":"Poison Potion"},{"floor":28.0,"key":"Explosive Potion"},{"floor":40,"key":"Adrenaline Potion"}],"is_trial":false,"path_per_floor":["M","M","$","M","?","R","M","R","T","$","R","?","?","E","R","B",null,"M","?","M","M","AVR","R","E","$","T","?","M","M","R","M","R_BF","B",null,"M","?","M","AVR","M","E","M","?","T","$","R","?","R","?","R","B",null],"character_chosen":"THE_SILENT","items_purchased":["Deadly Poison","Slice","Lee\u0027s Waffle","Accuracy","Bag of Marbles"],"campfire_rested":0,"item_purchase_floors":[3,10,44,44,44],"current_hp_per_floor":[56,54,54,54,54,54,54,54,54,54,54,38,38,33,33,18,54,41,41,41,41,41,41,33,33,33,33,33,33,33,29,29,7,39,28,28,24,24,24,24,13,13,13,57,57,57,57,57,57,23],"gold":620,"neow_bonus":"BOSS_RELIC","is_daily":false,"chose_seed":false,"campfire_upgraded":9,"win_rate":0.0,"timestamp":1611211729,"path_taken":["M","M","$","M","?","R","?","R","T","$","R","?","?","E","R","BOSS","M","?","M","M","AVR","R","E","$","T","?","M","M","R","M","R_BF","BOSS","M","?","?","AVR","M","E","M","?","T","$","R","?","R","?","R","BOSS"],"items_purchased_type":["Card","Card","Relic","Card","Relic"],"build_version":"2020-12-22","purchased_purges":4,"victory":true,"max_hp_per_floor":[66,66,66,66,66,66,66,66,66,66,66,66,66,66,66,66,66,66,66,66,66,66,66,66,66,66,66,66,66,66,66,66,66,50,50,50,50,50,50,50,50,50,50,57,57,57,57,57,57,57],"card_choices":[{"not_picked":["Acrobatics","ReplayTheSpireMod:Exploit Weakness"],"picked":"Deflect","floor":1.0},{"not_picked":["Poisoned Stab","Hidden Blade"],"picked":"Cloak And Dagger","floor":2.0},{"not_picked":["Poisoned Stab","Cloak And Dagger"],"picked":"Prepared","floor":4.0},{"not_picked":["Underhanded Strike","ReplayTheSpireMod:Shiv Toss"],"picked":"Infinite Blades","floor":7.0},{"not_picked":["Dagger Throw","Sucker Punch"],"picked":"Blade Dance","floor":14.0},{"not_picked":["After Image","Burst"],"picked":"Envenom","floor":16.0},{"not_picked":["Caltrops","Dodge and Roll"],"picked":"Finisher","floor":18.0},{"not_picked":["Dagger Spray","Outmaneuver"],"picked":"Catalyst","floor":20.0},{"not_picked":["Distraction+1","Flechettes","Well Laid Plans"],"picked":"SKIP","floor":21.0},{"not_picked":["Blur","Well Laid Plans"],"picked":"Blade Dance","floor":24.0},{"not_picked":["Sucker Punch","Quick Slash+1","Flying Knee"],"picked":"SKIP","floor":28.0},{"not_picked":["Acrobatics","Backflip"],"picked":"Slice","floor":29.0},{"not_picked":["Outmaneuver","Choke"],"picked":"Accuracy","floor":31.0},{"not_picked":["Poison Darts","Venomology"],"picked":"Wraith Form v2","floor":33.0},{"not_picked":["Choke","Blur","PiercingWail"],"picked":"SKIP","floor":35.0},{"not_picked":["Backflip","ReplayTheSpireMod:Tripwire+1","Bane+1"],"picked":"SKIP","floor":37.0},{"not_picked":["Backflip+1","Blade Dance","Flying Knee"],"picked":"SKIP","floor":39},{"not_picked":["Backflip","Riddle With Holes","Doppelganger"],"picked":"SKIP","floor":40},{"not_picked":["Endless Agony","PiercingWail"],"picked":"Accuracy","floor":41}],"player_experience":946500,"relics_obtained":[{"floor":9.0,"key":"ReplayTheSpireMod:Ninjato"},{"floor":14.0,"key":"War Paint"},{"floor":24.0,"key":"Smiling Mask"},{"floor":26.0,"key":"Blue Doll"},{"floor":40,"key":"Vajra"},{"floor":43,"key":"Replay:WaspNest"}],"event_choices":[{"damage_healed":0.0,"max_hp_gain":0.0,"max_hp_loss":0.0,"gold_gain":0.0,"event_name":"FaceTrader","player_choice":"Trade","floor":5.0,"gold_loss":0.0,"damage_taken":0.0,"relics_obtained":["GremlinMask"]},{"damage_healed":0.0,"max_hp_gain":0.0,"max_hp_loss":0.0,"gold_gain":0.0,"event_name":"Golden Idol","player_choice":"Take Damage","floor":12.0,"gold_loss":0.0,"damage_taken":16.0,"relics_obtained":["Golden Idol"]},{"damage_healed":0.0,"max_hp_gain":0.0,"max_hp_loss":0.0,"gold_gain":175.0,"event_name":"Liars Game","player_choice":"AGREE","floor":13.0,"gold_loss":0.0,"damage_taken":0.0,"cards_obtained":["Doubt"]},{"cards_removed":["Doubt"],"damage_healed":0.0,"max_hp_gain":0.0,"max_hp_loss":0.0,"gold_gain":0.0,"event_name":"Back to Basics","player_choice":"Elegance","floor":19.0,"gold_loss":0.0,"damage_taken":0.0},{"damage_healed":0.0,"max_hp_gain":0.0,"max_hp_loss":0.0,"gold_gain":0.0,"event_name":"Upgrade Shrine","player_choice":"Upgraded","floor":36.0,"gold_loss":0.0,"damage_taken":0.0,"cards_upgraded":["Blade Dance"]},{"cards_removed":["infinitespire:UltimateForm"],"damage_healed":0,"gold_gain":0,"player_choice":"Removed Power","damage_taken":0,"max_hp_gain":0,"max_hp_loss":0,"event_name":"Falling","floor":42,"gold_loss":0},{"damage_healed":0,"gold_gain":333,"player_choice":"Gave Idol","damage_taken":0,"max_hp_gain":0,"max_hp_loss":0,"event_name":"The Moai Head","floor":46,"relics_lost":["Golden Idol"],"gold_loss":0},{"damage_healed":0,"gold_gain":100,"player_choice":"Pray","damage_taken":0,"max_hp_gain":0,"max_hp_loss":0,"event_name":"Golden Shrine","floor":48,"gold_loss":0}],"is_beta":false,"boss_relics":[{"not_picked":["ReplayTheSpireMod:SealedPack","Honey Jar"],"picked":"ChewingGum"},{"not_picked":["HoveringKite","Sozu"],"picked":"Replay:Drink Me"}],"items_purged_floors":[3,22,25,44],"is_endless":false,"potions_floor_spawned":[4,7,14,18,20,28,29,40,41],"ascension_level":14}}