{"host":"s9znsjs818tlhh47","time":1611209521,"event":{"mods":["2.2 Compatiblity","AchievementEnabler","Act Like it!","BaseMod","Bestiary","Better Note","Better Skull","Better Third Choice","Better Vampires","Card Forge","Colored Powertips","Force Act Four","Gensokyo","Ironclad Rager","Marked Mod","Minty Spire (QoL Compilation)","Permanent Neow","Quick Restart","RumiaBox-露米娅的神秘盒子","StSLib","The Invoker Mod","【功能Mod】混沌之环修复补丁","【遗物卡牌】REMEMod","残留之物"],"gold_per_floor":[109,121,136,286,69,94,94,107,131,162,181,181,213,229,229,306,306,316,316,334,234,234,234,265,278,278,307,307,342,352,406,406,478,478,496,506,525,540,112,143,143,168,221,221,221,256,256,287,287,287,287,287,287,12,44,44],"floor_reached":57,"language":"ZHS","playtime":3180,"items_purged":["Defend_P","PathToVictory","Perseverance"],"score":3221,"play_id":"21872609-1ebc-47b8-9231-369c8df7323b","local_time":"20210121011201","is_ascension_mode":true,"campfire_choices":[{"floor":12.0,"key":"REST"},{"floor":15.0,"key":"REST"},{"data":"Nirvana","floor":23.0,"key":"SMITH"},{"floor":28.0,"key":"RECALL"},{"data":"Wallop","floor":32,"key":"SMITH"},{"data":"Scrawl","floor":41,"key":"SMITH"},{"data":"Adaptation","floor":44,"key":"SMITH"},{"data":"TalkToTheHand","floor":49,"key":"SMITH"},{"floor":53,"key":"REST"}],"circlet_count":0,"master_deck":["AscendersBane","Eruption+1","Vigilance+1","FearNoEvil+1","MarkedMod:OneThousandNeedles+1","ClearTheMind+1","Wireheading+1","CutThroughFate+1","MarkedMod:PinPointDefense+1","Weave+1","ForeignInfluence+1","MentalFortress+1","SignatureMove+1","MarkedMod:GracefulMovements+1","Scrawl+1","FearNoEvil+1","Crescendo+1","DeusExMachina+1","Nirvana+1","Wallop+1","ClearTheMind+1","MasterReality+1","JustLucky+1","REME_Flogging+1","Scrawl+1","Adaptation+1","TalkToTheHand+1","MarkedMod:ChiBlock"],"relics":["PureWater","Hammer of Thor","Seething Fire","Anvil of the Gods","REME_ComplimentaryCards","PlaceholderMod:DeVermisMysteriis","Ancient Tea Set","Boot","Bag of Marbles","Pandora\u0027s Box","Smiling Mask","Bottled Flame","MoreBug","HornCleat","VioletLotus","Toolbox","Gremlin Horn","GodSword5","Vajra","Pen Nib","Bag of Preparation","Bottled Tornado","Strawberry"],"acts_visited":["Exordium","TheCity","TheBeyond","TheEnding"],"potions_floor_usage":[38,51],"damage_taken":[{"damage":0.0,"enemies":"Small Slimes","floor":1.0,"turns":3.0},{"damage":0.0,"enemies":"2 Louse","floor":2.0,"turns":3.0},{"damage":1.0,"enemies":"Cultist","floor":3.0,"turns":4.0},{"damage":16.0,"enemies":"Gremlin Nob","floor":6.0,"turns":3.0},{"damage":13.0,"enemies":"Blue Slaver","floor":8.0,"turns":2.0},{"damage":20.0,"enemies":"3 Sentries","floor":10.0,"turns":6.0},{"damage":7.0,"enemies":"Exordium Wildlife","floor":11.0,"turns":2.0},{"damage":14.0,"enemies":"Lagavulin","floor":13.0,"turns":4.0},{"damage":0.0,"enemies":"Looter","floor":14.0,"turns":1.0},{"damage":21.0,"enemies":"The Guardian","floor":16.0,"turns":4.0},{"damage":6.0,"enemies":"3 Byrds","floor":18.0,"turns":3.0},{"damage":0.0,"enemies":"Shell Parasite","floor":20.0,"turns":1.0},{"damage":0.0,"enemies":"Book of Stabbing","floor":24.0,"turns":3.0},{"damage":7.0,"enemies":"Snake Plant","floor":25.0,"turns":2.0},{"damage":2.0,"enemies":"REME_1_Revenger","floor":27.0,"turns":3.0},{"damage":0.0,"enemies":"Book of Stabbing","floor":29.0,"turns":4.0},{"damage":0,"enemies":"Centurion and Healer","floor":30,"turns":2},{"damage":0,"enemies":"Automaton","floor":33,"turns":5},{"damage":0,"enemies":"3 Shapes","floor":35,"turns":1},{"damage":12,"enemies":"3 Darklings","floor":36,"turns":3},{"damage":8,"enemies":"4 Shapes","floor":37,"turns":4},{"damage":0,"enemies":"Spire Growth","floor":38,"turns":3},{"damage":23,"enemies":"Giant Head","floor":40,"turns":5},{"damage":0,"enemies":"Nemesis","floor":42,"turns":1},{"damage":0,"enemies":"Reptomancer","floor":46,"turns":2},{"damage":4,"enemies":"Giant Head","floor":48,"turns":2},{"damage":17,"enemies":"Donu and Deca","floor":50,"turns":4},{"damage":12,"enemies":"Awakened One","floor":51,"turns":3},{"damage":7,"enemies":"Shield and Spear","floor":55,"turns":2},{"damage":27,"enemies":"The Heart","floor":56,"turns":6}],"seed_played":"-2988650883169145338","potions_obtained":[{"floor":2.0,"key":"Swift Potion"},{"floor":3.0,"key":"SmokeBomb"},{"floor":11.0,"key":"Block Potion"},{"floor":13.0,"key":"Block Potion"},{"floor":20.0,"key":"GamblersBrew"},{"floor":30,"key":"Fruit Juice"},{"floor":38,"key":"SkillPotion"},{"floor":55,"key":"DistilledChaos"}],"is_trial":false,"path_per_floor":["M","M","M","?","$","E","?","M","T","E","M","R","E","M","R","B",null,"M","?","M","$","?","R","E","M","T","E","R","E","M","T","R","B",null,"M","M","M","M","$","E","R","E","T","R","?","E","?","E","R","B","B",null,"R","$","E","B",null],"character_chosen":"WATCHER","items_purchased":["Wireheading","CutThroughFate","REME_Flogging","Toolbox","Bottled Tornado"],"campfire_rested":3,"item_purchase_floors":[5,5,39,39,54],"current_hp_per_floor":[61,61,60,60,60,44,44,31,31,11,4,24,10,10,30,9,53,47,47,47,47,47,47,68,61,61,59,59,59,59,59,59,59,66,66,58,50,55,55,34,34,34,34,34,34,34,34,30,30,30,18,69,73,73,74,49],"gold":44,"neow_bonus":"THREE_CARDS","is_daily":false,"chose_seed":false,"campfire_upgraded":5,"win_rate":0.0,"timestamp":1611209521,"path_taken":["M","M","M","?","$","E","?","M","T","E","M","R","E","M","R","BOSS","M","?","M","$","?","R","E","M","T","E","R","E","M","?","R","BOSS","M","M","M","M","$","E","R","E","T","R","?","E","?","E","R","BOSS","BOSS","R","$","E","BOSS"],"items_purchased_type":["Card","Card","Card","Relic","Relic"],"build_version":"2020-12-22","purchased_purges":3,"victory":true,"max_hp_per_floor":[68,68,68,68,68,68,68,68,68,68,68,68,68,68,68,68,68,68,68,68,68,68,68,68,68,68,68,68,68,68,68,68,68,68,68,68,68,73,73,73,73,73,73,73,73,73,73,73,73,73,73,73,73,73,80,80],"card_choices":[{"not_picked":["Perseverance","MentalFortress"],"picked":"FearNoEvil","floor":0.0},{"not_picked":["Crescendo","MarkedMod:GentlePulse"],"picked":"MarkedMod:OneThousandNeedles","floor":1.0},{"not_picked":["Evaluate","FlyingSleeves","Perseverance"],"picked":"SKIP","floor":2.0},{"not_picked":["WindmillStrike","Halt"],"picked":"ClearTheMind","floor":3.0},{"not_picked":["PathToVictory","Halt"],"picked":"MarkedMod:PinPointDefense","floor":6.0},{"not_picked":["Halt","WindmillStrike","Pray"],"picked":"SKIP","floor":8.0},{"not_picked":["EmptyBody","DeceiveReality"],"picked":"ForeignInfluence","floor":10.0},{"not_picked":["ReachHeaven","Fasting2"],"picked":"MentalFortress","floor":11.0},{"not_picked":["Fasting2","Study"],"picked":"SignatureMove","floor":13.0},{"not_picked":["EmptyBody","Pray"],"picked":"MarkedMod:GracefulMovements","floor":14.0},{"not_picked":["Blasphemy","DeusExMachina"],"picked":"Scrawl","floor":16.0},{"not_picked":["Halt+1","WindmillStrike"],"picked":"Nirvana","floor":18.0},{"not_picked":["EmptyBody","MarkedMod:Acupuncture+1","Protect"],"picked":"SKIP","floor":20.0},{"not_picked":["MarkedMod:FirstStrike","WheelKick","Weave"],"picked":"SKIP","floor":24.0},{"not_picked":["FollowUp+1","Evaluate","SandsOfTime"],"picked":"SKIP","floor":25.0},{"not_picked":["Study","CrushJoints","Consecrate"],"picked":"SKIP","floor":27.0},{"not_picked":["Pray","Conclude"],"picked":"Wallop","floor":29.0},{"not_picked":["CrushJoints","Evaluate"],"picked":"ClearTheMind","floor":30},{"not_picked":["Wish","REME_WorshipGod"],"picked":"MasterReality","floor":33},{"not_picked":["LikeWater","DeceiveReality"],"picked":"MarkedMod:OneThousandNeedles","floor":35},{"not_picked":["Prostrate","SignatureMove"],"picked":"PathToVictory","floor":36},{"not_picked":["Brilliance","Perseverance"],"picked":"JustLucky+1","floor":37},{"not_picked":["JustLucky+1","CrushJoints","Halt+1"],"picked":"SKIP","floor":38},{"not_picked":["Vengeance","Halt"],"picked":"Scrawl","floor":40},{"not_picked":["MarkedMod:GracefulMovements","EmptyFist"],"picked":"Adaptation","floor":42},{"not_picked":["Halt","Prostrate+1","FlyingSleeves"],"picked":"SKIP","floor":46},{"not_picked":["Omniscience","Prostrate"],"picked":"TalkToTheHand","floor":48},{"not_picked":["Crescendo","FollowUp+1"],"picked":"MarkedMod:ChiBlock","floor":55}],"player_experience":322789,"relics_obtained":[{"floor":6.0,"key":"PlaceholderMod:DeVermisMysteriis"},{"floor":9.0,"key":"Ancient Tea Set"},{"floor":10.0,"key":"Boot"},{"floor":13.0,"key":"Bag of Marbles"},{"floor":24.0,"key":"Smiling Mask"},{"floor":26.0,"key":"Bottled Flame"},{"floor":27.0,"key":"MoreBug"},{"floor":29.0,"key":"HornCleat"},{"floor":40,"key":"Gremlin Horn"},{"floor":42,"key":"GodSword5"},{"floor":43,"key":"Vajra"},{"floor":46,"key":"Pen Nib"},{"floor":48,"key":"Bag of Preparation"},{"floor":55,"key":"Strawberry"}],"event_choices":[{"damage_healed":0.0,"max_hp_gain":0.0,"max_hp_loss":0.0,"gold_gain":150.0,"event_name":"betterThird:BetterSerpent","player_choice":"AGREE","floor":4.0,"gold_loss":0.0,"damage_taken":136.0},{"damage_healed":0.0,"max_hp_gain":0.0,"max_hp_loss":0.0,"gold_gain":0.0,"cards_transformed":["Defend_P"],"event_name":"Living Wall","player_choice":"Change","floor":7.0,"gold_loss":0.0,"damage_taken":0.0,"cards_obtained":["Weave"]},{"cards_removed":["Perseverance"],"damage_healed":0.0,"max_hp_gain":0.0,"max_hp_loss":0.0,"gold_gain":0.0,"event_name":"Purifier","player_choice":"Purged","floor":19.0,"gold_loss":0.0,"damage_taken":0.0},{"damage_healed":0.0,"max_hp_gain":0.0,"max_hp_loss":0.0,"gold_gain":0.0,"event_name":"betterNote:BetterNote","player_choice":"Ignored","floor":22.0,"gold_loss":0.0,"damage_taken":0.0,"cards_obtained":["Corruption"]},{"damage_healed":0,"gold_gain":0,"player_choice":"Ignored","damage_taken":0,"max_hp_gain":0,"max_hp_loss":0,"event_name":"Tomb of Lord Red Mask","floor":45,"gold_loss":0},{"cards_removed":["MarkedMod:OneThousandNeedles"],"damage_healed":0,"gold_gain":0,"player_choice":"Purged","damage_taken":0,"max_hp_gain":0,"max_hp_loss":0,"event_name":"Purifier","floor":47,"gold_loss":0}],"is_beta":false,"boss_relics":[{"not_picked":["PlaceholderMod:LiveLive","Snecko Eye"],"picked":"Pandora\u0027s Box"},{"not_picked":["SoulBox","Empty Cage"],"picked":"VioletLotus"}],"items_purged_floors":[5,21,39],"is_endless":false,"potions_floor_spawned":[2,3,11,13,20,25,27,30,38,46,48,55],"ascension_level":20}}