{"host":"nkolxg4se00n20yf","time":1611226036,"event":{"mods":["BaseMod","CatGirl Mod","Chen","Colored Map","Colored Powertips","Downfall","Friendly Minions","Infinite Spire","Kiyohime????","Marisa????????","Minty Spire (QoL Compilation)","StSLib","Td1madao Mod","The Administrix","The Cursed","The Exalted","The Hierophant","The Servant 0.9.4"],"gold_per_floor":[116,116,126,138,153,178,178,196,196,196,196,196,213,213,213,314,314,326,326,30,44,44,44,44],"floor_reached":23,"language":"ENG","playtime":560,"items_purged":[],"score":306,"play_id":"612cb68a-0fed-44d7-a25b-36274b1951c1","local_time":"20210121114716","is_ascension_mode":true,"campfire_choices":[{"data":"Sunder","floor":7.0,"key":"SMITH"},{"data":"Zap","floor":10.0,"key":"SMITH"},{"floor":15.0,"key":"REST"}],"circlet_count":0,"master_deck":["AscendersBane","Strike_B","Strike_B","Strike_B+1","Defend_B","Defend_B","Defend_B","Zap+1","Dualcast","Sunder+1","Sweeping Beam","All For One+1","Gash","Beam Cell","Electrodynamics","Defragment","Buffer","Conserve Battery","Genetic Algorithm"],"relics":["Cracked Core","infinitespire:Eraser","Question Card","Gremlin Horn","Bromod:ArcaneEnergize","Orichalcum","HandDrill"],"acts_visited":["Exordium","TheCity"],"potions_floor_usage":[21],"damage_taken":[{"damage":1.0,"enemies":"2 Louse","floor":1.0,"turns":2.0},{"damage":1.0,"enemies":"Cultist","floor":3.0,"turns":3.0},{"damage":0.0,"enemies":"Small Slimes","floor":4.0,"turns":2.0},{"damage":12.0,"enemies":"Looter","floor":5.0,"turns":3.0},{"damage":10.0,"enemies":"3 Sentries","floor":6.0,"turns":3.0},{"damage":0.0,"enemies":"Large Slime","floor":8.0,"turns":3.0},{"damage":0.0,"enemies":"Exordium Wildlife","floor":13.0,"turns":1.0},{"damage":48.0,"enemies":"Hexaghost","floor":16.0,"turns":7.0},{"damage":11,"enemies":"Spheric Guardian","floor":18,"turns":3},{"damage":23,"enemies":"2 Thieves","floor":21,"turns":3},{"damage":23,"enemies":"Slavers","floor":23,"turns":2}],"seed_played":"504752320520296847","potions_obtained":[{"floor":3.0,"key":"Explosive Potion"},{"floor":6.0,"key":"Fire Potion"}],"is_trial":false,"path_per_floor":["M","?","M","M","M","E","R","M","T","R","?","?","M","?","R","B",null,"M","?","$","M","?","E"],"character_chosen":"DEFECT","items_purchased":["Orichalcum","HandDrill"],"campfire_rested":1,"item_purchase_floors":[20,20],"current_hp_per_floor":[67,67,66,66,54,44,44,44,44,44,44,29,29,29,51,3,57,46,46,46,23,23,0,0],"gold":44,"neow_bonus":"REMOVE_CARD","is_daily":false,"chose_seed":false,"campfire_upgraded":2,"win_rate":0.0,"timestamp":1611226036,"path_taken":["M","?","M","M","?","E","R","M","T","R","?","?","M","?","R","BOSS","M","?","$","M","?","E"],"items_purchased_type":["Relic","Relic"],"build_version":"2020-12-22","purchased_purges":0,"victory":false,"max_hp_per_floor":[75,75,75,75,75,75,75,75,75,75,75,75,75,75,75,75,75,75,75,75,75,75,75,75],"card_choices":[{"not_picked":["Rebound","Consume"],"picked":"Sunder","floor":1.0},{"not_picked":["Coolheaded","Redo"],"picked":"Sweeping Beam","floor":3.0},{"not_picked":["Hologram","Redo"],"picked":"All For One","floor":4.0},{"not_picked":["Steam","FTL"],"picked":"Gash","floor":5.0},{"not_picked":["Steam","Redo"],"picked":"Beam Cell","floor":6.0},{"not_picked":["Reinforced Body","Barrage"],"picked":"Electrodynamics","floor":8.0},{"not_picked":["Steam","Hologram","Double Energy"],"picked":"Defragment","floor":13.0},{"not_picked":["Amplify","Thunder Strike","Electrodynamics"],"picked":"Buffer","floor":16.0},{"not_picked":["Turbo","Streamline","Steam"],"picked":"Conserve Battery","floor":18},{"not_picked":["Redo","Turbo","Go for the Eyes+1"],"picked":"Genetic Algorithm","floor":21}],"player_experience":1120102,"relics_obtained":[{"floor":6.0,"key":"infinitespire:Eraser"},{"floor":9.0,"key":"Question Card"},{"floor":11.0,"key":"Gremlin Horn"}],"event_choices":[{"cards_removed":["Defend_B"],"damage_healed":0.0,"max_hp_gain":0.0,"max_hp_loss":0.0,"gold_gain":0.0,"event_name":"Bonfire Elementals","player_choice":"Offered Basic","floor":2.0,"gold_loss":0.0,"damage_taken":0.0},{"damage_healed":0.0,"max_hp_gain":0.0,"max_hp_loss":0.0,"gold_gain":0.0,"event_name":"Shining Light","player_choice":"Entered Light","floor":12.0,"gold_loss":0.0,"damage_taken":15.0,"cards_upgraded":["All For One","Strike_B"]},{"damage_healed":0,"gold_gain":0,"player_choice":"Ignored","damage_taken":0,"max_hp_gain":0,"max_hp_loss":0,"event_name":"Beggar","floor":19,"gold_loss":0}],"is_beta":false,"boss_relics":[{"not_picked":["Bromod:ArcaneGrace","Tiny House"],"picked":"Bromod:ArcaneEnergize"}],"items_purged_floors":[],"is_endless":false,"potions_floor_spawned":[3,6],"killed_by":"Slavers","ascension_level":12}}