{"host":"0cm5wy4nhuju7tij","time":1611206823,"event":{"mods":["100% Spire Juice","2.2 Compatiblity","AchievementEnabler","Aspiration","BaseMod","Better Third Choice","BetterRewards","CCEM","CapriCore","Colored Powertips","Curses Come First","Custom Start","Displayed Cursed Tome","Downfall","Energized Spire","Evolution","Filter the Spire","Highlight Path","Jess\u0027s Bottle","Minty Spire (QoL Compilation)","Permanent Neow","Poor People Problems","Relic Stats","Shop Mod","Spicy Shops","StSLib","The Cursed","The Juggle","The Sage","TheFirefly"],"gold_per_floor":[115,125,143,163,176,176,176],"floor_reached":6,"language":"ENG","playtime":511,"items_purged":[],"score":40,"play_id":"3ca7c3ce-3926-4467-bc84-5b3ecf9a1d54","local_time":"20210121002703","is_ascension_mode":false,"campfire_choices":[],"circlet_count":0,"master_deck":["thefirefly:Strike","thefirefly:Strike","thefirefly:Strike","thefirefly:Strike","thefirefly:Defend","thefirefly:Defend","thefirefly:Defend","thefirefly:Defend","thefirefly:StealthMode","thefirefly:PhotonBlast","thefirefly:TachyonBeam","thefirefly:FlakCannon","thefirefly:FlareScreen","thefirefly:DecoyShot","thefirefly:ShieldArray","thefirefly:InterceptingShot"],"relics":["thefirefly:StealthSystem","EVO:Axolotl"],"acts_visited":["Exordium"],"potions_floor_usage":[],"damage_taken":[{"damage":1,"enemies":"Cultist","floor":1,"turns":3},{"damage":6,"enemies":"2 Louse","floor":2,"turns":3},{"damage":8,"enemies":"Small Slimes","floor":3,"turns":4},{"damage":10,"enemies":"Exordium Thugs","floor":4,"turns":4},{"damage":1,"enemies":"Lots of Slimes","floor":5,"turns":6},{"damage":30,"enemies":"3 Sentries","floor":6,"turns":5}],"seed_played":"1161498669076424747","potions_obtained":[{"floor":1,"key":"EssenceOfSteel"},{"floor":5,"key":"Dexterity Potion"}],"is_trial":false,"path_per_floor":["M","M","M","M","M","E"],"character_chosen":"THE_FIREFLY","items_purchased":[],"campfire_rested":0,"item_purchase_floors":[],"current_hp_per_floor":[54,48,40,30,29,0,0],"gold":176,"neow_bonus":"ONE_RANDOM_RARE_CARD","is_daily":false,"chose_seed":false,"campfire_upgraded":0,"win_rate":0.0,"timestamp":1611206823,"path_taken":["M","M","M","M","M","E"],"items_purchased_type":[],"build_version":"2020-12-22","purchased_purges":0,"victory":false,"max_hp_per_floor":[55,55,55,55,55,55,55],"relic_stats":{"counters":[6,25],"obtain_stats":[{"thefirefly:StealthSystem":0,"EVO:Axolotl":0},{"thefirefly:StealthSystem":0,"EVO:Axolotl":0},{"thefirefly:StealthSystem":0,"EVO:Axolotl":0}]},"card_choices":[{"not_picked":["thefirefly:PotentAmmunition","thefirefly:Rend"],"picked":"thefirefly:FlakCannon","floor":1},{"not_picked":["thefirefly:Exile","thefirefly:StoredPower"],"picked":"thefirefly:FlareScreen","floor":2},{"not_picked":["thefirefly:Exile","thefirefly:EvasiveManeuver"],"picked":"thefirefly:DecoyShot","floor":3},{"not_picked":["thefirefly:CoveringFire","thefirefly:AuroralDischarge"],"picked":"thefirefly:ShieldArray","floor":4},{"not_picked":["thefirefly:NebulaVeil","thefirefly:RollBack"],"picked":"thefirefly:InterceptingShot","floor":5}],"player_experience":232228,"relics_obtained":[],"event_choices":[],"is_beta":false,"boss_relics":[],"items_purged_floors":[],"is_endless":false,"potions_floor_spawned":[1,5],"killed_by":"3 Sentries","ascension_level":0}}