{"host":"gk336il5jfnqajsw","time":1611200006,"event":{"mods":["2.2 Compatiblity","AchievementEnabler","BaseMod","Colored Powertips","Minty Spire (QoL Compilation)","Relic Stats","StSLib"],"gold_per_floor":[110,60,60,60,60,60,93,110,110,110,144,162,187,205,205,300,300,313,167,180,180,196,225,225,225,225],"floor_reached":25,"language":"ENG","playtime":814,"items_purged":["Strike_R"],"score":289,"play_id":"94776988-5f22-4d28-829c-b054c6f837d7","local_time":"20210120203326","is_ascension_mode":false,"campfire_choices":[{"data":"Bash","floor":6,"key":"SMITH"},{"data":"Seeing Red","floor":10,"key":"SMITH"},{"data":"Exhume","floor":15,"key":"SMITH"},{"floor":24,"key":"REST"}],"circlet_count":0,"master_deck":["Strike_R","Strike_R","Strike_R","Defend_R","Defend_R","Defend_R","Bash+1","Clash","Seeing Red+1","Clash","Exhume+1","Immolate","Shrug It Off","Burning Pact","Flex","Pommel Strike"],"relics":["Burning Blood","NeowsBlessing","FossilizedHelix","Ancient Tea Set","Bottled Lightning","Mummified Hand","Regal Pillow","SlaversCollar","Turnip"],"acts_visited":["Exordium","TheCity"],"potions_floor_usage":[11,11,13,23,25],"damage_taken":[{"damage":0,"enemies":"2 Louse","floor":1,"turns":1},{"damage":0,"enemies":"3 Sentries","floor":7,"turns":2},{"damage":0,"enemies":"Small Slimes","floor":8,"turns":1},{"damage":24,"enemies":"Gremlin Nob","floor":11,"turns":4},{"damage":0,"enemies":"Jaw Worm","floor":12,"turns":2},{"damage":0,"enemies":"Lagavulin","floor":13,"turns":3},{"damage":0,"enemies":"Exordium Thugs","floor":14,"turns":4},{"damage":44,"enemies":"Slime Boss","floor":16,"turns":13},{"damage":14,"enemies":"Spheric Guardian","floor":18,"turns":4},{"damage":11,"enemies":"Shell Parasite","floor":20,"turns":7},{"damage":37,"enemies":"Centurion and Healer","floor":22,"turns":8},{"damage":21,"enemies":"Book of Stabbing","floor":23,"turns":6},{"damage":63,"enemies":"Gremlin Leader","floor":25,"turns":7}],"seed_played":"-6107357507790659490","potions_obtained":[{"floor":1,"key":"Fire Potion"},{"floor":7,"key":"HeartOfIron"},{"floor":8,"key":"SkillPotion"},{"floor":11,"key":"DuplicationPotion"},{"floor":23,"key":"Explosive Potion"}],"is_trial":false,"path_per_floor":["M","?","?","$","$","R","E","M","T","R","E","M","E","M","R","B",null,"M","$","M","?","M","E","R","E"],"character_chosen":"IRONCLAD","items_purchased":["Burning Pact"],"campfire_rested":1,"item_purchase_floors":[19],"current_hp_per_floor":[80,80,68,68,68,68,74,80,80,80,62,68,74,80,80,42,80,72,72,67,67,36,21,60,0,0],"gold":225,"neow_bonus":"THREE_ENEMY_KILL","is_daily":false,"chose_seed":false,"campfire_upgraded":3,"win_rate":0.0,"timestamp":1611200006,"path_taken":["M","?","?","?","$","R","E","M","T","R","E","M","E","?","R","BOSS","M","$","M","?","?","E","R","E"],"items_purchased_type":["Card"],"build_version":"2020-12-22","purchased_purges":1,"victory":false,"max_hp_per_floor":[80,80,80,80,80,80,80,80,80,80,80,80,80,80,80,80,80,80,80,80,80,80,80,80,80,80],"relic_stats":{"Regal Pillow":15,"counters":[13,62],"Mummified Hand":[0],"Turnip":[0],"obtain_stats":[{"SlaversCollar":17,"Regal Pillow":13,"NeowsBlessing":0,"Mummified Hand":11,"Turnip":23,"Bottled Lightning":9,"Ancient Tea Set":7,"Burning Blood":0,"FossilizedHelix":3},{"SlaversCollar":8,"Regal Pillow":6,"NeowsBlessing":0,"Mummified Hand":4,"Turnip":12,"Bottled Lightning":3,"Ancient Tea Set":2,"Burning Blood":0,"FossilizedHelix":1},{"SlaversCollar":30,"Regal Pillow":13,"NeowsBlessing":0,"Mummified Hand":8,"Turnip":55,"Bottled Lightning":4,"Ancient Tea Set":3,"Burning Blood":0,"FossilizedHelix":1}],"Burning Blood":66},"card_choices":[{"not_picked":["Disarm","Warcry"],"picked":"Clash","floor":1},{"not_picked":["Feed","True Grit"],"picked":"Seeing Red","floor":7},{"not_picked":["Power Through","Thunderclap","Havoc"],"picked":"SKIP","floor":8},{"not_picked":["Intimidate","Ghostly Armor","Hemokinesis"],"picked":"SKIP","floor":11},{"not_picked":["Power Through","Thunderclap"],"picked":"Clash","floor":12},{"not_picked":["Feel No Pain","Wild Strike","Cleave"],"picked":"SKIP","floor":13},{"not_picked":["Thunderclap","Body Slam"],"picked":"Exhume","floor":14},{"not_picked":["Reaper","Impervious"],"picked":"Immolate","floor":16},{"not_picked":["Cleave","Sword Boomerang"],"picked":"Shrug It Off","floor":18},{"not_picked":["Combust","Sword Boomerang","Havoc+1"],"picked":"SKIP","floor":20},{"not_picked":["Anger+1","True Grit"],"picked":"Pommel Strike","floor":22},{"not_picked":["Body Slam","Shrug It Off","Rupture+1"],"picked":"SKIP","floor":23}],"player_experience":555844,"relics_obtained":[{"floor":7,"key":"Ancient Tea Set"},{"floor":9,"key":"Bottled Lightning"},{"floor":11,"key":"Mummified Hand"},{"floor":13,"key":"Regal Pillow"},{"floor":23,"key":"Turnip"}],"event_choices":[{"cards_removed":["Strike_R"],"damage_healed":0,"gold_gain":0,"player_choice":"Card Removal","damage_taken":0,"max_hp_gain":0,"max_hp_loss":0,"event_name":"The Cleric","floor":2,"gold_loss":50},{"damage_healed":0,"gold_gain":0,"player_choice":"Success","damage_taken":12,"relics_obtained":["FossilizedHelix"],"max_hp_gain":0,"max_hp_loss":0,"event_name":"Scrap Ooze","floor":3,"gold_loss":0},{"damage_healed":0,"gold_gain":0,"cards_transformed":["Defend_R"],"player_choice":"Transformed","damage_taken":0,"max_hp_gain":0,"max_hp_loss":0,"event_name":"Transmorgrifier","floor":21,"gold_loss":0,"cards_obtained":["Flex"]}],"is_beta":false,"boss_relics":[{"not_picked":["Coffee Dripper","Runic Dome"],"picked":"SlaversCollar"}],"items_purged_floors":[19],"is_endless":false,"potions_floor_spawned":[1,7,8,11,23],"killed_by":"Gremlin Leader","ascension_level":0}}