{"host":"n7qae4nmj9vc7syj","time":1611203831,"event":{"mods":["Act Like it!","BaseMod","Better Third Choice","BetterRewards","Colored Map","Colored Powertips","Custom Start","Googly Eyes","Highlight Path","Minty Spire (QoL Compilation)","Quick Restart","StSLib","SuperFastMode","Transform Curses"],"gold_per_floor":[117,132,107,55,72,99,99,99,99,99,127,127,127,159,159,262,262,273,99,99,99,117,117,149,162,162,162,176,207,207,238,238,338,338,348,348,362,382,432,464,464,492,544,419,419,439,449,449,449,449,449,449,30,56,56,56],"floor_reached":55,"language":"ENG","playtime":1579,"items_purged":["Strike_R","Pain","Strike_R"],"score":1509,"play_id":"0445f862-a582-47bf-8716-d38820710317","local_time":"20210121023711","is_ascension_mode":true,"campfire_choices":[{"floor":10.0,"key":"REST"},{"data":"Sword Boomerang","floor":12.0,"key":"SMITH"},{"data":"Heavy Blade","floor":15.0,"key":"SMITH"},{"data":"Demon Form","floor":23.0,"key":"SMITH"},{"data":"Well Laid Plans","floor":27.0,"key":"SMITH"},{"data":"Inflame","floor":30.0,"key":"SMITH"},{"data":"Flex","floor":32.0,"key":"SMITH"},{"data":"Limit Break","floor":41.0,"key":"SMITH"},{"floor":45.0,"key":"RECALL"},{"data":"1","floor":49.0,"key":"LIFT"},{"data":"2","floor":52.0,"key":"LIFT"}],"circlet_count":0,"master_deck":["Strike_R","Strike_R+1","Strike_R+1","Defend_R","Defend_R","Defend_R","Bash","Inflame+1","Seeing Red","Power Through","Sword Boomerang+1","Flex","Shrug It Off","Well Laid Plans+1","Flex+1","Heavy Blade+1","Demon Form+1","Whirlwind","Spot Weakness+1","Pommel Strike+1","Heavy Blade+1","Limit Break+1","Spot Weakness+1","Seeing Red+1","Inflame"],"relics":["Brimstone","Strawberry","Bronze Scales","Bird Faced Urn","Black Blood","MutagenicStrength","betterThird:SlimedRelic","PreservedInsect","Dream Catcher","Meat on the Bone","Tiny Chest","WarpedTongs","Regal Pillow","Philosopher\u0027s Stone","Pen Nib","Vajra","Mummified Hand","Singing Bowl","Sozu","Omamori","Magic Flower","MealTicket","Girya","Whetstone","Bottled Flame","Bag of Preparation","CaptainsWheel"],"acts_visited":["Exordium","TheCity","TheBeyond","TheEnding"],"potions_floor_usage":[55,55],"damage_taken":[{"damage":4.0,"enemies":"2 Louse","floor":1.0,"turns":1.0},{"damage":8.0,"enemies":"Jaw Worm","floor":2.0,"turns":2.0},{"damage":0.0,"enemies":"Small Slimes","floor":5.0,"turns":2.0},{"damage":29.0,"enemies":"3 Sentries","floor":6.0,"turns":5.0},{"damage":0.0,"enemies":"Gremlin Nob","floor":11.0,"turns":2.0},{"damage":14.0,"enemies":"Lagavulin","floor":14.0,"turns":3.0},{"damage":26.0,"enemies":"The Guardian","floor":16.0,"turns":5.0},{"damage":4.0,"enemies":"Chosen","floor":18.0,"turns":2.0},{"damage":27.0,"enemies":"3 Byrds","floor":22.0,"turns":3.0},{"damage":16.0,"enemies":"Gremlin Leader","floor":24.0,"turns":3.0},{"damage":0.0,"enemies":"3 Cultists","floor":25.0,"turns":2.0},{"damage":22.0,"enemies":"Snake Plant","floor":28.0,"turns":3.0},{"damage":18.0,"enemies":"Book of Stabbing","floor":29.0,"turns":2.0},{"damage":24.0,"enemies":"Gremlin Leader","floor":31.0,"turns":3.0},{"damage":21.0,"enemies":"Collector","floor":33.0,"turns":4.0},{"damage":0.0,"enemies":"3 Shapes","floor":35.0,"turns":1.0},{"damage":11.0,"enemies":"3 Darklings","floor":37.0,"turns":2.0},{"damage":20.0,"enemies":"Writhing Mass","floor":38.0,"turns":4.0},{"damage":0.0,"enemies":"Mind Bloom Boss Battle","floor":39.0,"turns":3.0},{"damage":0.0,"enemies":"Reptomancer","floor":40.0,"turns":2.0},{"damage":12.0,"enemies":"Giant Head","floor":42.0,"turns":4.0},{"damage":0.0,"enemies":"Sphere and 2 Shapes","floor":46.0,"turns":2.0},{"damage":34.0,"enemies":"3 Darklings","floor":47.0,"turns":4.0},{"damage":47.0,"enemies":"Donu and Deca","floor":50.0,"turns":5.0},{"damage":39.0,"enemies":"Shield and Spear","floor":54.0,"turns":3.0},{"damage":84,"enemies":"The Heart","floor":55,"turns":3}],"seed_played":"-1116427520836899795","potions_obtained":[{"floor":5.0,"key":"Weak Potion"},{"floor":11.0,"key":"Ancient Potion"},{"floor":22.0,"key":"PowerPotion"},{"floor":24.0,"key":"CultistPotion"},{"floor":28.0,"key":"Strength Potion"},{"floor":33.0,"key":"Energy Potion"}],"is_trial":false,"path_per_floor":["M","M","?","$","M","E","?","?","T","R","E","R","?","E","R","B",null,"M","$","?","?","M","R","E","M","T","R","M","E","R","E","R","B",null,"M","T","M","M","?","E","R","E","T","$","R","M","M","?","R","B",null,"R","$","E","B"],"character_chosen":"IRONCLAD","items_purchased":["Brimstone","Strawberry","Bronze Scales","Inflame","Seeing Red","Sword Boomerang","Whirlwind","Bottled Flame","Bag of Preparation"],"campfire_rested":1,"item_purchase_floors":[0,0,0,0,0,4,19,53,53],"current_hp_per_floor":[48,54,43,43,57,42,42,27,27,53,65,65,65,65,65,67,82,87,87,87,87,72,72,74,87,87,87,77,73,73,65,65,60,80,89,89,91,87,93,93,93,95,95,95,95,97,83,83,83,78,94,94,99,78,0,0],"gold":56,"neow_bonus":"","is_daily":false,"chose_seed":false,"campfire_upgraded":7,"win_rate":0.0,"timestamp":1611203831,"path_taken":["M","M","?","?","M","E","?","?","T","R","E","R","?","E","R","BOSS","M","$","?","?","M","R","E","M","T","R","M","E","R","E","R","BOSS","M","?","M","M","?","E","R","E","T","?","R","M","M","?","R","BOSS","R","$","E","BOSS"],"items_purchased_type":["Relic","Relic","Relic","Card","Card","Card","Card","Relic","Relic"],"build_version":"2020-12-22","purchased_purges":3,"victory":false,"max_hp_per_floor":[87,87,87,87,87,87,87,87,87,87,87,87,87,87,87,87,87,87,87,87,87,87,87,87,87,87,87,87,87,87,87,87,87,87,89,89,91,93,93,93,93,95,95,95,95,97,99,99,99,99,99,99,99,99,99,99],"card_choices":[{"not_picked":["Havoc","Infernal Blade","Wild Strike"],"picked":"SKIP","floor":1.0},{"not_picked":["Havoc","Anger","Combust"],"picked":"SKIP","floor":2.0},{"not_picked":["Perfected Strike","Pommel Strike"],"picked":"Flex","floor":5.0},{"not_picked":["Combust","Berserk"],"picked":"Shrug It Off","floor":6.0},{"not_picked":["Reckless Charge","Iron Wave"],"picked":"Flex","floor":10.0},{"not_picked":["Anger","Power Through","Disarm"],"picked":"SKIP","floor":11.0},{"not_picked":["Havoc","Flex"],"picked":"Heavy Blade","floor":14.0},{"not_picked":["Impervious","Brutality"],"picked":"Demon Form","floor":16.0},{"not_picked":["Dropkick","Headbutt","Entrench"],"picked":"SKIP","floor":18.0},{"not_picked":["Flex","Twin Strike"],"picked":"Spot Weakness+1","floor":22.0},{"not_picked":["Clash+1","Shockwave"],"picked":"Sword Boomerang","floor":24.0},{"not_picked":["Cleave+1","Spot Weakness","Shrug It Off"],"picked":"SKIP","floor":25.0},{"not_picked":["Infernal Blade","Twin Strike","Shockwave"],"picked":"SKIP","floor":28.0},{"not_picked":["Shrug It Off","Body Slam+1"],"picked":"Pommel Strike+1","floor":29.0},{"not_picked":["Warcry+1","Twin Strike"],"picked":"Heavy Blade+1","floor":31.0},{"not_picked":["Reaper","Double Tap"],"picked":"Limit Break","floor":33.0},{"not_picked":["Flex","Reckless Charge+1","Burning Pact"],"picked":"Singing Bowl","floor":35.0},{"not_picked":["Clash+1","Heavy Blade","Clothesline"],"picked":"Singing Bowl","floor":37.0},{"not_picked":["Havoc+1","Dropkick","Clash"],"picked":"Singing Bowl","floor":38.0},{"not_picked":["Perfected Strike+1","Shrug It Off+1"],"picked":"Spot Weakness+1","floor":39.0},{"not_picked":["Clothesline","Feed"],"picked":"Seeing Red+1","floor":40.0},{"not_picked":["Second Wind","Warcry+1","Clash+1"],"picked":"Singing Bowl","floor":42.0},{"not_picked":["Clothesline","Thunderclap+1","Twin Strike"],"picked":"Singing Bowl","floor":46.0},{"not_picked":["Flame Barrier+1","Ghostly Armor+1","Havoc"],"picked":"Singing Bowl","floor":47.0},{"not_picked":["Corruption","Cleave+1"],"picked":"Inflame","floor":54.0}],"player_experience":181711,"relics_obtained":[{"floor":6.0,"key":"PreservedInsect"},{"floor":9.0,"key":"Meat on the Bone"},{"floor":11.0,"key":"Tiny Chest"},{"floor":14.0,"key":"Regal Pillow"},{"floor":24.0,"key":"Vajra"},{"floor":29.0,"key":"Mummified Hand"},{"floor":31.0,"key":"Singing Bowl"},{"floor":36.0,"key":"Omamori"},{"floor":39.0,"key":"Magic Flower"},{"floor":40.0,"key":"MealTicket"},{"floor":42.0,"key":"Girya"},{"floor":43.0,"key":"Whetstone"},{"floor":54.0,"key":"CaptainsWheel"}],"event_choices":[{"damage_healed":0.0,"max_hp_gain":0.0,"max_hp_loss":0.0,"gold_gain":0.0,"event_name":"betterThird:BetterGoop","player_choice":"Slimed","floor":3.0,"gold_loss":25.0,"damage_taken":11.0},{"damage_healed":0.0,"max_hp_gain":0.0,"max_hp_loss":0.0,"gold_gain":0.0,"event_name":"betterThird:BetterSerpent","player_choice":"Ignored","floor":7.0,"gold_loss":0.0,"damage_taken":99.0},{"damage_healed":0.0,"max_hp_gain":0.0,"max_hp_loss":0.0,"gold_gain":1.0,"event_name":"betterThird:BetterScrap","player_choice":"Card Relic ","floor":8.0,"gold_loss":0.0,"damage_taken":15.0,"cards_obtained":["Well Laid Plans","Alpha"]},{"damage_healed":0.0,"max_hp_gain":0.0,"max_hp_loss":0.0,"gold_gain":0.0,"event_name":"Accursed Blacksmith","player_choice":"Rummage","floor":13.0,"gold_loss":0.0,"damage_taken":0.0,"relics_obtained":["WarpedTongs"],"cards_obtained":["Pain"]},{"damage_healed":0.0,"max_hp_gain":0.0,"max_hp_loss":0.0,"gold_gain":0.0,"event_name":"The Mausoleum","player_choice":"Opened","floor":20.0,"gold_loss":0.0,"damage_taken":0.0,"relics_obtained":["Pen Nib"],"cards_obtained":["Writhe"]},{"cards_removed":["Writhe"],"damage_healed":0.0,"max_hp_gain":0.0,"max_hp_loss":0.0,"gold_gain":0.0,"event_name":"betterThird:BetterWriting","player_choice":"Elegance","floor":21.0,"gold_loss":0.0,"damage_taken":0.0},{"damage_healed":0.0,"max_hp_gain":0.0,"max_hp_loss":0.0,"gold_gain":0.0,"event_name":"MindBloom","player_choice":"Fight","floor":39.0,"gold_loss":0.0,"damage_taken":0.0},{"cards_removed":["Sword Boomerang"],"damage_healed":0.0,"max_hp_gain":0.0,"max_hp_loss":0.0,"gold_gain":0.0,"event_name":"Falling","player_choice":"Removed Attack","floor":48.0,"gold_loss":0.0,"damage_taken":0.0}],"is_beta":false,"boss_relics":[{"not_picked":["SacredBark","Runic Pyramid"],"picked":"Philosopher\u0027s Stone"},{"not_picked":["Runic Cube","Mark of Pain"],"picked":"Sozu"}],"items_purged_floors":[0,19,44],"is_endless":false,"potions_floor_spawned":[5,11,22,24,28,33,35,37,38,47],"killed_by":"The Heart","ascension_level":8}}