{"host":"3xls0xm49ftugio7","time":1611237452,"event":{"mods":["2.2 Compatiblity","AchievementEnabler","Act Like it!","BaseMod","Bestiary","Downfall","Minty Spire (QoL Compilation)","Quick Restart","StSLib"],"gold_per_floor":[99,118,128,144,144,177,203,219,237,237,251,40,101,119,133,258,258,258,269,61,73,123,134,134,144,144,157,170,197,197,8,22,119,119,119,133,1,20,70,120,146,179,194,208,224,24,94,194,204,204],"floor_reached":51,"language":"ENG","playtime":3253,"items_purged":["bronze:Strike","Slimebound:Tackle+1"],"score":873,"play_id":"98abd6f4-c35c-43c3-94d6-ef6dc95e9cdf","local_time":"20210121155732","is_ascension_mode":true,"campfire_choices":[{"data":"bronze:Replicate","floor":1.0,"key":"SMITH"},{"floor":10.0,"key":"REST"},{"data":"bronze:Optimize","floor":18,"key":"SMITH"},{"data":"bronze:ForLoop","floor":26,"key":"SMITH"},{"data":"expansioncontent:DashGenerateEvil","floor":30,"key":"SMITH"},{"floor":35,"key":"RECALL"},{"data":"Apotheosis","floor":46,"key":"SMITH"}],"circlet_count":0,"master_deck":["bronze:Defend","bronze:Defend","bronze:Defend","bronze:Defend","bronze:Replicate+1","bronze:Goto","downfall:Haunted","bronze:Separator","bronze:ChosenStrike","bronze:FineTuning","bronze:FineTuning","bronze:Return","bronze:ItsAFeature","bronze:Repair","bronze:Frontload","bronze:WhirlingStrike","bronze:OilSpill","bronze:Repair","bronze:Optimize+1","bronze:Frontload","bronze:BurnOut","bronze:Iterate","bronze:OilSpill","expansioncontent:DashGenerateEvil+1","bronze:WhirlingStrike","bronze:FollowUp","Slimebound:Tackle+1","Slimebound:Tackle+1","bronze:ChildClass","bronze:ForLoop+1","bronze:Terminator+1","bronze:Frontload+1","Apotheosis+1","bronze:FindAndReplace","bronze:FindAndReplace","bronze:Fortify+1","bronze:Flail+1","bronze:InfiniteBeams","Thinking Ahead","bronze:Flail+1","expansioncontent:GuardianWhirl","bronze:DelayedSlice+1","bronze:Frontload+1","bronze:Verify","bronze:CloningBeam+1","bronze:Safeguard+1"],"relics":["bronze:PlatinumCore","Ice Cream","SsserpentHead","Orichalcum","Potion Belt","SlaversCollar","Kunai","Blood Vial","Membership Card","bronze:ProtectiveGoggles","Oddly Smooth Stone","Turnip","downfall:HeartBlessingRed","downfall:HeartBlessingBlue","Du-Vu Doll"],"acts_visited":["Exordium","TheCity","TheBeyond"],"potions_floor_usage":[16,19,43,45,50,50],"damage_taken":[{"damage":10.0,"enemies":"Jaw Worm","floor":2.0,"turns":4.0},{"damage":0.0,"enemies":"Cultist","floor":3.0,"turns":3.0},{"damage":0.0,"enemies":"Small Slimes","floor":4.0,"turns":3.0},{"damage":29.0,"enemies":"Gremlin Nob","floor":6.0,"turns":4.0},{"damage":4.0,"enemies":"Exordium Wildlife","floor":8.0,"turns":3.0},{"damage":7.0,"enemies":"Red Slaver","floor":9.0,"turns":2.0},{"damage":10.0,"enemies":"Large Slime","floor":11.0,"turns":4.0},{"damage":2.0,"enemies":"downfall:FleeingMerchant","floor":12.0,"turns":4.0},{"damage":10,"enemies":"Exordium Thugs","floor":13,"turns":4},{"damage":1,"enemies":"Blue Slaver","floor":14,"turns":3},{"damage":0,"enemies":"2 Fungi Beasts","floor":15,"turns":2},{"damage":3,"enemies":"IC_STATUS_ARCHETYPE","floor":16,"turns":10},{"damage":9,"enemies":"Spheric Guardian","floor":19,"turns":4},{"damage":0,"enemies":"downfall:FleeingMerchant","floor":20,"turns":4},{"damage":6,"enemies":"Chosen","floor":21,"turns":4},{"damage":18,"enemies":"Snake Plant","floor":23,"turns":5},{"damage":5,"enemies":"Cultist and Chosen","floor":25,"turns":5},{"damage":13,"enemies":"3 Cultists","floor":27,"turns":4},{"damage":4,"enemies":"Sentry and Sphere","floor":28,"turns":3},{"damage":0,"enemies":"Book of Stabbing","floor":29,"turns":3},{"damage":0,"enemies":"downfall:FleeingMerchant","floor":31,"turns":4},{"damage":1,"enemies":"Snecko","floor":32,"turns":4},{"damage":21,"enemies":"WA_ARCHETYPE_CALM","floor":33,"turns":7},{"damage":4,"enemies":"Orb Walker","floor":36,"turns":2},{"damage":0,"enemies":"downfall:FleeingMerchant","floor":37,"turns":3},{"damage":0,"enemies":"3 Shapes","floor":38,"turns":3},{"damage":35,"enemies":"Nemesis","floor":42,"turns":7},{"damage":0,"enemies":"Transient","floor":43,"turns":5},{"damage":0,"enemies":"Spire Growth","floor":44,"turns":3},{"damage":14,"enemies":"Maw","floor":45,"turns":9},{"damage":3,"enemies":"3 Darklings","floor":47,"turns":4},{"damage":38,"enemies":"2 Orb Walkers","floor":48,"turns":7},{"damage":41,"enemies":"Writhing Mass","floor":49,"turns":6},{"damage":7,"enemies":"SI_POISON_ARCHETYPE","floor":50,"turns":8}],"seed_played":"-2533488156301067672","potions_obtained":[{"floor":3.0,"key":"ColorlessPotion"},{"floor":4.0,"key":"Energy Potion"},{"floor":9.0,"key":"Weak Potion"},{"floor":14,"key":"Guardian:BlockOnCardUsePotion"},{"floor":25,"key":"sneckomod:MuddlingPotion"},{"floor":28,"key":"SmokeBomb"},{"floor":33,"key":"LiquidMemories"},{"floor":38,"key":"Fire Potion"},{"floor":43,"key":"hexamod:SoulburnPotion"}],"is_trial":false,"path_per_floor":["R","M","M","M","?","E","T","M","M","R","M","$","M","M","M","B",null,"R","M","$","M","?","M","T","M","R","M","M","E","R","$","M","B",null,"R","M","$","M","?","?","T","E","M","M","M","R","M","?","M","B",null],"character_chosen":"THE_AUTOMATON","items_purchased":["bronze:WhirlingStrike","bronze:OilSpill","SkillPotion","expansioncontent:DashGenerateEvil","bronze:WhirlingStrike","Apotheosis","Membership Card","bronze:ProtectiveGoggles","Oddly Smooth Stone","bronze:InfiniteBeams","Thinking Ahead"],"campfire_rested":1,"item_purchase_floors":[12,12,12,20,20,31,37,37,37,37,37],"current_hp_per_floor":[70,60,60,60,60,31,31,27,20,41,31,36,33,47,57,67,70,70,61,70,70,70,62,62,64,64,65,61,70,70,70,69,49,70,70,70,70,70,70,70,70,55,70,70,56,66,73,67,39,49],"gold":204,"neow_bonus":"ONE_RARE_RELIC","is_daily":false,"chose_seed":false,"campfire_upgraded":5,"win_rate":0.0,"timestamp":1611237452,"path_taken":["R","M","M","M","?","E","T","M","M","R","M","$","?","M","M","BOSS","R","M","$","M","?","M","T","M","R","M","M","E","R","$","M","BOSS","R","M","$","M","?","?","T","E","M","M","M","R","?","?","M","BOSS"],"items_purchased_type":["Card","Card","Potion","Card","Card","Card","Relic","Relic","Relic","Card","Card"],"build_version":"2020-12-22","purchased_purges":2,"victory":true,"max_hp_per_floor":[70,70,70,70,70,70,70,70,70,70,70,70,70,70,70,70,70,70,70,70,70,70,70,70,70,70,70,70,70,70,70,70,70,70,70,70,70,70,70,70,70,70,70,70,70,80,80,80,80,80],"card_choices":[{"not_picked":["bronze:BugBarrage","bronze:Philosophize"],"picked":"bronze:Separator","floor":2.0},{"not_picked":["bronze:Separator","bronze:DelayedGuard"],"picked":"bronze:ChosenStrike","floor":3.0},{"not_picked":["bronze:BuggyMess","bronze:ChosenStrike"],"picked":"bronze:FineTuning","floor":4.0},{"not_picked":["bronze:Invalidate","bronze:Overheat"],"picked":"bronze:FineTuning","floor":6.0},{"not_picked":["bronze:Overload","bronze:DelayedGuard"],"picked":"bronze:Return","floor":8.0},{"not_picked":["bronze:Turbo","bronze:BitShift"],"picked":"bronze:ItsAFeature","floor":9.0},{"not_picked":["bronze:ThunderWave","bronze:DelayedGuard"],"picked":"bronze:Repair","floor":11.0},{"not_picked":["bronze:DelayedGuard","bronze:Branch"],"picked":"bronze:Frontload","floor":12.0},{"not_picked":["bronze:Iterate","bronze:Flail"],"picked":"bronze:Repair","floor":13},{"not_picked":["bronze:Branch","bronze:BronzeArmor"],"picked":"bronze:Optimize","floor":14},{"not_picked":["bronze:DelayedSlice","bronze:ForLoop"],"picked":"bronze:Frontload","floor":15},{"not_picked":["bronze:CleanCode","bronze:HyperBeam"],"picked":"bronze:BurnOut","floor":16},{"not_picked":["bronze:Optimize+1","bronze:Turbo"],"picked":"bronze:Iterate","floor":19},{"not_picked":["bronze:Iterate+1","bronze:Fortify+1"],"picked":"bronze:OilSpill","floor":20},{"not_picked":["bronze:Philosophize","bronze:BitShift"],"picked":"bronze:FollowUp","floor":21},{"not_picked":["bronze:ChosenStrike","bronze:Deprecate"],"picked":"bronze:ChildClass","floor":23},{"not_picked":["bronze:Turbo","bronze:ForLoop","bronze:Philosophize"],"picked":"SKIP","floor":25},{"not_picked":["bronze:Turbo","bronze:Philosophize"],"picked":"bronze:ForLoop","floor":25},{"not_picked":["bronze:BugBarrage","bronze:Iterate","bronze:Branch+1"],"picked":"SKIP","floor":27},{"not_picked":["bronze:ForLoop","bronze:FineTuning"],"picked":"bronze:Terminator+1","floor":28},{"not_picked":["bronze:Branch+1","bronze:Backtrace","bronze:Shell"],"picked":"SKIP","floor":29},{"not_picked":["bronze:Separator","bronze:Shield"],"picked":"bronze:Frontload+1","floor":31},{"not_picked":["bronze:Frontload","bronze:DelayedGuard"],"picked":"bronze:FindAndReplace","floor":32},{"not_picked":["bronze:BurnOut","bronze:Break"],"picked":"bronze:FindAndReplace","floor":33},{"not_picked":["bronze:DelayedGuard+1","bronze:Shield"],"picked":"bronze:Fortify+1","floor":36},{"not_picked":["bronze:Constructor","bronze:Separator"],"picked":"bronze:Flail+1","floor":37},{"not_picked":["bronze:Repulsor","bronze:DelayedSlice+1"],"picked":"bronze:Flail+1","floor":38},{"not_picked":["expansioncontent:PolyBeam","expansioncontent:AwakenDeath"],"picked":"expansioncontent:GuardianWhirl","floor":39},{"not_picked":["bronze:Frontload","bronze:Invalidate+1"],"picked":"bronze:DelayedSlice+1","floor":42},{"not_picked":["bronze:BugBarrage","bronze:Refactor"],"picked":"bronze:Frontload+1","floor":43},{"not_picked":["bronze:ChosenStrike+1","bronze:BitShift","bronze:WhirlingStrike"],"picked":"SKIP","floor":44},{"not_picked":["bronze:Overheat+1","bronze:GetLatest+1"],"picked":"bronze:Verify","floor":45},{"not_picked":["bronze:BuggyMess+1","bronze:NullPointer+1"],"picked":"bronze:CloningBeam+1","floor":47},{"not_picked":["bronze:BronzeOrb","bronze:Frontload+1"],"picked":"bronze:Safeguard+1","floor":48},{"not_picked":["bronze:Frontload+1","bronze:Branch","bronze:DarkDash"],"picked":"SKIP","floor":49}],"player_experience":954451,"relics_obtained":[{"floor":6.0,"key":"Orichalcum"},{"floor":7.0,"key":"Potion Belt"},{"floor":24,"key":"Kunai"},{"floor":29,"key":"Blood Vial"},{"floor":42,"key":"Turnip"},{"floor":48,"key":"Du-Vu Doll"}],"event_choices":[{"damage_healed":0.0,"max_hp_gain":0.0,"max_hp_loss":0.0,"gold_gain":0.0,"event_name":"FaceTrader","player_choice":"Trade","floor":5.0,"gold_loss":0.0,"damage_taken":0.0,"relics_obtained":["SsserpentHead"]},{"damage_healed":0,"gold_gain":0,"player_choice":"Got Potions","damage_taken":0,"max_hp_gain":0,"max_hp_loss":0,"event_name":"Lab","floor":40,"gold_loss":0},{"damage_healed":0,"gold_gain":0,"player_choice":"Fight","damage_taken":0,"max_hp_gain":0,"max_hp_loss":0,"event_name":"Mysterious Sphere","floor":48,"gold_loss":0}],"is_beta":false,"boss_relics":[{"not_picked":["Tiny House","Empty Cage"],"picked":"SlaversCollar"},{"not_picked":["Calling Bell","Busted Crown"],"picked":"bronze:PlatinumCore"}],"items_purged_floors":[12,37],"is_endless":false,"potions_floor_spawned":[3,4,9,14,15,25,28,32,33,38,43,44],"ascension_level":1}}