{"host":"gjfulft9y42c2y2c","time":1611220816,"event":{"mods":["BaseMod","Colored Map","DeckTracker","Keyboard Shortcuts","Minty Spire (QoL Compilation)","Permanent Neow","StSLib","SuperFastMode","everything is the same but u backflip on backflip"],"gold_per_floor":[114,129,144,44,44,44,59,74,99,129,129,129,129,159,159,259,259,274,289,114,129,129,159,159,189,214,214,229,229,244,259,259,359,359,374,424,439,289,304,334,334,334,359,359,374,389,389,404,404,404],"floor_reached":51,"language":"KOR","playtime":1245,"items_purged":[],"score":1054,"play_id":"f0c4f247-f39d-4c19-bb7c-92ba69b41df0","local_time":"20210121182016","daily_mods":["Chimera","Hoarder","Binary"],"is_ascension_mode":false,"campfire_choices":[{"data":"Perfected Strike","floor":6.0,"key":"SMITH"},{"data":"Perfected Strike","floor":11.0,"key":"SMITH"},{"data":"Perfected Strike","floor":15.0,"key":"SMITH"},{"data":"Perfected Strike","floor":24.0,"key":"SMITH"},{"data":"Perfected Strike","floor":27.0,"key":"SMITH"},{"data":"Perfected Strike","floor":29,"key":"SMITH"},{"data":"Pommel Strike","floor":32,"key":"SMITH"},{"floor":41,"key":"REST"},{"data":"Perfected Strike","floor":44,"key":"SMITH"},{"floor":47,"key":"REST"},{"data":"Perfected Strike","floor":49,"key":"SMITH"}],"circlet_count":0,"master_deck":["Bash+1","Survivor","Eruption+1","Strike_R","Strike_G","Defend_R","Defend_G","Whirlwind","Whirlwind","Whirlwind","Perfected Strike+1","Perfected Strike+1","Perfected Strike+1","Wild Strike","Wild Strike","Wild Strike","Twin Strike","Twin Strike","Twin Strike","Perfected Strike+1","Perfected Strike+1","Perfected Strike+1","Apotheosis","Apotheosis","Apotheosis","Shrug It Off","Shrug It Off","Shrug It Off","Armaments","Armaments","Armaments","Combust","Combust","Combust","Twin Strike+1","Twin Strike+1","Twin Strike+1","Pommel Strike+1","Pommel Strike","Pommel Strike","Perfected Strike+1","Perfected Strike+1","Perfected Strike","Pommel Strike+1","Pommel Strike+1","Pommel Strike+1"],"relics":["Burning Blood","Whetstone","Bag of Preparation","Boot","Snecko Eye","Singing Bowl","TungstenRod","Akabeko","SlaversCollar","Dead Branch","Dream Catcher","The Courier","Bronze Scales"],"acts_visited":["Exordium","TheCity","TheBeyond"],"potions_floor_usage":[50],"damage_taken":[{"damage":8.0,"enemies":"Jaw Worm","floor":1.0,"turns":4.0},{"damage":7.0,"enemies":"Small Slimes","floor":2.0,"turns":3.0},{"damage":0.0,"enemies":"2 Louse","floor":3.0,"turns":1.0},{"damage":9.0,"enemies":"2 Fungi Beasts","floor":7.0,"turns":2.0},{"damage":14.0,"enemies":"Gremlin Gang","floor":8.0,"turns":2.0},{"damage":0.0,"enemies":"Gremlin Nob","floor":10.0,"turns":2.0},{"damage":18.0,"enemies":"3 Sentries","floor":14.0,"turns":4.0},{"damage":0.0,"enemies":"Slime Boss","floor":16.0,"turns":2.0},{"damage":0.0,"enemies":"3 Byrds","floor":18.0,"turns":2.0},{"damage":25.0,"enemies":"Shell Parasite","floor":19.0,"turns":3.0},{"damage":0.0,"enemies":"Snake Plant","floor":21.0,"turns":1.0},{"damage":13.0,"enemies":"Slavers","floor":23.0,"turns":3.0},{"damage":0.0,"enemies":"Gremlin Leader","floor":25.0,"turns":1.0},{"damage":0.0,"enemies":"Snecko","floor":28.0,"turns":3.0},{"damage":6,"enemies":"Shelled Parasite and Fungi","floor":30,"turns":2},{"damage":0,"enemies":"Chosen and Byrds","floor":31,"turns":2},{"damage":24,"enemies":"Collector","floor":33,"turns":4},{"damage":0,"enemies":"3 Shapes","floor":35,"turns":3},{"damage":24,"enemies":"Mind Bloom Boss Battle","floor":36,"turns":5},{"damage":0,"enemies":"Orb Walker","floor":37,"turns":2},{"damage":48,"enemies":"Maw","floor":39,"turns":5},{"damage":0,"enemies":"Nemesis","floor":40,"turns":2},{"damage":0,"enemies":"Transient","floor":45,"turns":5},{"damage":14,"enemies":"Sphere and 2 Shapes","floor":46,"turns":2},{"damage":0,"enemies":"Jaw Worm Horde","floor":48,"turns":2},{"damage":0,"enemies":"Awakened One","floor":50,"turns":2}],"seed_played":"811174962971598332","potions_obtained":[{"floor":1.0,"key":"Weak Potion"},{"floor":3.0,"key":"Fire Potion"},{"floor":10.0,"key":"PowerPotion"},{"floor":18.0,"key":"Explosive Potion"},{"floor":23.0,"key":"GamblersBrew"},{"floor":30,"key":"Strength Potion"},{"floor":37,"key":"Fire Potion"},{"floor":46,"key":"LiquidBronze"},{"floor":48,"key":"ElixirPotion"}],"is_trial":false,"path_per_floor":["M","M","M","$","?","R","M","M","T","E","R","$","?","E","R","B",null,"M","M","$","M","?","E","R","E","T","R","M","R","M","M","R","B",null,"M","?","M","$","M","E","R","?","T","R","M","M","R","M","R","B",null],"character_chosen":"IRONCLAD","items_purchased":["EntropicBrew","Apotheosis","Dream Catcher"],"campfire_rested":2,"item_purchase_floors":[4,20,38],"current_hp_per_floor":[78,77,80,80,80,80,77,69,69,75,75,75,80,68,68,74,85,85,66,66,72,72,67,67,73,73,73,79,79,79,87,87,71,91,93,75,83,83,43,51,80,80,80,80,88,82,105,107,107,107],"gold":404,"neow_bonus":"","is_daily":true,"chose_seed":false,"campfire_upgraded":9,"win_rate":0.0,"timestamp":1611220816,"path_taken":["M","M","M","$","?","R","M","M","T","E","R","$","?","E","R","BOSS","M","M","$","M","?","E","R","E","T","R","M","R","M","M","R","BOSS","M","?","M","$","M","E","R","?","T","R","M","?","R","M","R","BOSS"],"items_purchased_type":["Potion","Card","Relic"],"build_version":"2020-12-22","purchased_purges":0,"victory":true,"max_hp_per_floor":[80,80,80,80,80,80,80,80,80,80,80,80,85,85,85,85,85,85,85,85,85,85,87,87,87,87,87,87,87,87,89,89,91,91,93,93,95,95,97,99,99,99,99,99,101,103,105,107,107,107],"card_choices":[{"not_picked":["Burning Pact"],"picked":"Whirlwind","floor":1.0},{"not_picked":["Anger"],"picked":"Perfected Strike","floor":2.0},{"not_picked":["Heavy Blade"],"picked":"Wild Strike","floor":3.0},{"not_picked":["Spot Weakness"],"picked":"Twin Strike","floor":7.0},{"not_picked":["Body Slam","Heavy Blade"],"picked":"SKIP","floor":8.0},{"not_picked":["Headbutt","Iron Wave"],"picked":"SKIP","floor":10.0},{"not_picked":["Rupture","Pummel"],"picked":"SKIP","floor":14.0},{"not_picked":["Clothesline","Hemokinesis"],"picked":"SKIP","floor":18.0},{"not_picked":["Iron Wave"],"picked":"Perfected Strike","floor":19.0},{"not_picked":["Wild Strike"],"picked":"Shrug It Off","floor":21.0},{"not_picked":["Fire Breathing","Flame Barrier"],"picked":"Singing Bowl","floor":23.0},{"not_picked":["Thunderclap+1"],"picked":"Twin Strike+1","floor":25.0},{"not_picked":["Carnage+1"],"picked":"Pommel Strike","floor":28},{"not_picked":["Anger+1","Fiend Fire"],"picked":"SKIP","floor":30},{"not_picked":["Havoc+1","Entrench"],"picked":"Singing Bowl","floor":31},{"not_picked":["Reaper","Exhume"],"picked":"Singing Bowl","floor":33},{"not_picked":["Sword Boomerang+1","Thunderclap+1"],"picked":"Singing Bowl","floor":35},{"not_picked":["Burning Pact"],"picked":"Perfected Strike","floor":36},{"not_picked":["Shockwave","Clash"],"picked":"Singing Bowl","floor":37},{"not_picked":["Berserk","True Grit+1"],"picked":"Singing Bowl","floor":39},{"not_picked":["Burning Pact+1","Heavy Blade+1"],"picked":"Singing Bowl","floor":40},{"not_picked":["Dual Wield+1"],"picked":"Pommel Strike+1","floor":41},{"not_picked":["Shrug It Off","Sword Boomerang"],"picked":"Singing Bowl","floor":45},{"not_picked":["Fire Breathing+1","Heavy Blade+1"],"picked":"Singing Bowl","floor":46},{"not_picked":["Thunderclap","Sword Boomerang"],"picked":"Singing Bowl","floor":47},{"not_picked":["Pummel+1","Rampage+1"],"picked":"Singing Bowl","floor":48}],"player_experience":268059,"relics_obtained":[{"floor":9.0,"key":"Whetstone"},{"floor":10.0,"key":"Bag of Preparation"},{"floor":14.0,"key":"Boot"},{"floor":23.0,"key":"Singing Bowl"},{"floor":25.0,"key":"TungstenRod"},{"floor":26.0,"key":"Akabeko"},{"floor":36,"key":"Dead Branch"},{"floor":40,"key":"The Courier"},{"floor":43,"key":"Bronze Scales"}],"event_choices":[{"damage_healed":0.0,"max_hp_gain":0.0,"max_hp_loss":0.0,"gold_gain":0.0,"event_name":"The Cleric","player_choice":"Leave","floor":5.0,"gold_loss":0.0,"damage_taken":0.0},{"damage_healed":0.0,"max_hp_gain":5.0,"max_hp_loss":0.0,"gold_gain":0.0,"event_name":"Big Fish","player_choice":"Donut","floor":13.0,"gold_loss":0.0,"damage_taken":0.0},{"damage_healed":0.0,"max_hp_gain":0.0,"max_hp_loss":0.0,"gold_gain":0.0,"cards_transformed":["Zap","Strike_B"],"event_name":"Drug Dealer","player_choice":"Became Test Subject","floor":22.0,"gold_loss":0.0,"damage_taken":0.0,"cards_obtained":["Armaments","Combust"]},{"damage_healed":0,"gold_gain":0,"player_choice":"Fight","damage_taken":0,"max_hp_gain":0,"max_hp_loss":0,"event_name":"MindBloom","floor":36,"gold_loss":0},{"cards_removed":["Defend_P"],"damage_healed":0,"gold_gain":0,"player_choice":"Purged","damage_taken":0,"max_hp_gain":0,"max_hp_loss":0,"event_name":"Purifier","floor":42,"gold_loss":0}],"is_beta":false,"boss_relics":[{"not_picked":["SacredBark","Sozu"],"picked":"Snecko Eye"},{"not_picked":["Runic Cube","Tiny House"],"picked":"SlaversCollar"}],"items_purged_floors":[],"is_endless":false,"potions_floor_spawned":[1,3,8,10,18,21,23,30,33,36,37,39,46,48],"ascension_level":0}}