{"host":"vex7walpoxzv48nx","time":1611189430,"event":{"mods":["BaseMod","Bestiary","Minty Spire (QoL Compilation)","Permanent Neow","Quick Restart","Relic Stats"],"gold_per_floor":[110,130,17,32,51,51,51,86,110,110,131,151,190,215,215,344,344,369,369,284,302,325,325,348,381,381,381,381,381],"floor_reached":28,"language":"ENG","playtime":2112,"items_purged":[],"score":290,"play_id":"f978efa1-6779-42b0-ba24-971b3c0b73c0","local_time":"20210121013710","is_ascension_mode":true,"campfire_choices":[{"data":"Go for the Eyes","floor":6,"key":"SMITH"},{"floor":15,"key":"REST"},{"floor":23,"key":"REST"}],"circlet_count":0,"master_deck":["Zap","Dualcast","Static Discharge+1","Lockon","Doom and Gloom","Streamline","Go for the Eyes+1","Loop","Hologram","Barrage","Electrodynamics","Rip and Tear","Buffer","Lockon","Loop","Compile Driver","Fusion","Defragment","Conserve Battery","Cold Snap","Genetic Algorithm+1","Coolheaded+1","Stack+1","Genetic Algorithm+1"],"relics":["Cracked Core","Golden Idol","Centennial Puzzle","Akabeko","PreservedInsect","Pandora\u0027s Box","Toxic Egg 2","Gambling Chip","Anchor"],"acts_visited":["Exordium","TheCity"],"potions_floor_usage":[8,8,16,21,25,28,28],"damage_taken":[{"damage":1,"enemies":"Cultist","floor":1,"turns":3},{"damage":2,"enemies":"Jaw Worm","floor":2,"turns":2},{"damage":0,"enemies":"Small Slimes","floor":4,"turns":2},{"damage":3,"enemies":"Looter","floor":5,"turns":2},{"damage":20,"enemies":"Lagavulin","floor":8,"turns":4},{"damage":1,"enemies":"2 Fungi Beasts","floor":11,"turns":2},{"damage":6,"enemies":"Blue Slaver","floor":12,"turns":2},{"damage":24,"enemies":"Gremlin Nob","floor":13,"turns":3},{"damage":0,"enemies":"Exordium Thugs","floor":14,"turns":2},{"damage":26,"enemies":"Hexaghost","floor":16,"turns":5},{"damage":12,"enemies":"3 Byrds","floor":18,"turns":2},{"damage":13,"enemies":"Shell Parasite","floor":21,"turns":5},{"damage":30,"enemies":"Sentry and Sphere","floor":22,"turns":5},{"damage":0,"enemies":"Snecko","floor":24,"turns":4},{"damage":28,"enemies":"Slavers","floor":25,"turns":3},{"damage":14,"enemies":"Centurion and Healer","floor":28,"turns":8}],"seed_played":"-7702832221118708572","potions_obtained":[{"floor":1,"key":"Ancient Potion"},{"floor":2,"key":"FearPotion"},{"floor":5,"key":"BlessingOfTheForge"},{"floor":8,"key":"PotionOfCapacity"},{"floor":13,"key":"AttackPotion"},{"floor":14,"key":"LiquidMemories"},{"floor":18,"key":"GamblersBrew"},{"floor":24,"key":"SpeedPotion"}],"is_trial":false,"path_per_floor":["M","M","$","M","M","R","?","E","T","?","M","M","E","M","R","B",null,"M","?","?","M","M","R","M","E","T","?","M"],"character_chosen":"DEFECT","items_purchased":["Doom and Gloom","Streamline"],"campfire_rested":2,"item_purchase_floors":[3,3],"current_hp_per_floor":[74,72,72,72,69,69,69,49,49,49,48,42,18,18,38,12,69,57,57,57,44,14,34,34,6,6,6,0,0],"gold":381,"neow_bonus":"TRANSFORM_CARD","is_daily":false,"chose_seed":false,"campfire_upgraded":1,"win_rate":0.0,"timestamp":1611189430,"path_taken":["M","M","?","?","M","R","?","E","T","?","M","M","E","M","R","BOSS","M","?","?","M","M","R","M","E","T","?","?"],"items_purchased_type":["Card","Card"],"build_version":"2020-12-22","purchased_purges":0,"victory":false,"max_hp_per_floor":[75,75,75,75,75,75,69,69,69,69,69,69,69,69,69,69,69,69,69,69,69,69,69,69,69,69,69,69,69],"relic_stats":{"Centennial Puzzle":[27],"counters":[16,53],"Golden Idol":80,"Gambling Chip":[7],"Pandora\u0027s Box":["Rip and Tear","Buffer","Lockon","Loop","Compile Driver","Fusion","Defragment"],"PreservedInsect":39,"obtain_stats":[{"Centennial Puzzle":8,"Anchor":26,"Golden Idol":7,"Gambling Chip":25,"Pandora\u0027s Box":17,"PreservedInsect":13,"Toxic Egg 2":20,"Cracked Core":0,"Akabeko":9},{"Centennial Puzzle":5,"Anchor":15,"Golden Idol":4,"Gambling Chip":15,"Pandora\u0027s Box":10,"PreservedInsect":8,"Toxic Egg 2":11,"Cracked Core":0,"Akabeko":5},{"Centennial Puzzle":13,"Anchor":45,"Golden Idol":9,"Gambling Chip":45,"Pandora\u0027s Box":26,"PreservedInsect":20,"Toxic Egg 2":28,"Cracked Core":0,"Akabeko":13}]},"card_choices":[{"not_picked":["Auto Shields","Scrape"],"picked":"Lockon","floor":1},{"not_picked":["Stack","Turbo","Redo"],"picked":"SKIP","floor":2},{"not_picked":["Redo","Melter"],"picked":"Go for the Eyes","floor":4},{"not_picked":["Hologram","Scrape"],"picked":"Loop","floor":5},{"not_picked":["Meteor Strike","Beam Cell"],"picked":"Hologram","floor":8},{"not_picked":["Loop","Heatsinks","Rebound"],"picked":"SKIP","floor":11},{"not_picked":["Stack","Compile Driver"],"picked":"Barrage","floor":12},{"not_picked":["Force Field","Hello World","Aggregate"],"picked":"SKIP","floor":13},{"not_picked":["Steam Power","Streamline","Storm"],"picked":"SKIP","floor":14},{"not_picked":["Rainbow","Echo Form"],"picked":"Electrodynamics","floor":16},{"not_picked":["Stack+1","Beam Cell+1"],"picked":"Conserve Battery","floor":18},{"not_picked":["Streamline","Recycle+1"],"picked":"Cold Snap","floor":21},{"not_picked":["Coolheaded+1","Static Discharge"],"picked":"Genetic Algorithm+1","floor":22},{"not_picked":["Turbo+1","Rebound"],"picked":"Coolheaded+1","floor":24},{"not_picked":["Gash","Echo Form"],"picked":"Stack+1","floor":25}],"player_experience":185983,"relics_obtained":[{"floor":8,"key":"Centennial Puzzle"},{"floor":9,"key":"Akabeko"},{"floor":13,"key":"PreservedInsect"},{"floor":25,"key":"Gambling Chip"},{"floor":26,"key":"Anchor"}],"event_choices":[{"damage_healed":0,"gold_gain":0,"player_choice":"Lose Max HP","damage_taken":0,"relics_obtained":["Golden Idol"],"max_hp_gain":0,"max_hp_loss":6,"event_name":"Golden Idol","floor":7,"gold_loss":0},{"damage_healed":0,"gold_gain":0,"player_choice":"Grow","damage_taken":0,"max_hp_gain":0,"max_hp_loss":0,"event_name":"Living Wall","floor":10,"gold_loss":0,"cards_upgraded":["Static Discharge"]},{"damage_healed":0,"gold_gain":0,"player_choice":"Ignored","damage_taken":0,"max_hp_gain":0,"max_hp_loss":0,"event_name":"Vampires","floor":19,"gold_loss":0},{"damage_healed":0,"gold_gain":0,"player_choice":"Obtained Relic","damage_taken":0,"relics_obtained":["Toxic Egg 2"],"max_hp_gain":0,"max_hp_loss":0,"event_name":"Addict","floor":20,"gold_loss":85},{"damage_healed":0,"gold_gain":0,"player_choice":"Copied","damage_taken":0,"max_hp_gain":0,"max_hp_loss":0,"event_name":"Duplicator","floor":27,"gold_loss":0,"cards_obtained":["Genetic Algorithm"]}],"is_beta":false,"boss_relics":[{"not_picked":["Runic Dome","Astrolabe"],"picked":"Pandora\u0027s Box"}],"items_purged_floors":[],"is_endless":false,"potions_floor_spawned":[1,2,5,8,13,14,18,24],"killed_by":"Centurion and Healer","ascension_level":3}}