{"host":"s794kqxf2n1qz2yr","time":1611191692,"event":{"mods":["100% Spire Juice","2.2 Compatiblity","AchievementEnabler","Aspiration","BaseMod","Downfall","Friendly Minions","Hermit","Marisa????????","Minty Spire (QoL Compilation)","Permanent Neow","Spire Arcade","StSLib"],"gold_per_floor":[117,137,149,228,228,228,244,244,244,256,270,270,299,150,150,247,247,172,172,172,1,20,20,39,39,90,121,138,138,138,149,149,244,244,263,263,276,120,0,0,50,50,50,50,63,63,78,96,96,96],"floor_reached":51,"language":"ENG","playtime":3072,"items_purged":[],"score":722,"play_id":"d299f8cb-8f73-4db5-a7f8-6eb544c548a6","local_time":"20210121011452","is_ascension_mode":true,"campfire_choices":[{"data":"DarkMatter","floor":6,"key":"SMITH"},{"data":"OrrerysSun","floor":8,"key":"SMITH"},{"floor":15,"key":"REST"},{"data":"MagicChant","floor":23,"key":"SMITH"},{"floor":30,"key":"REST"},{"floor":32,"key":"REST"},{"data":"Master of Strategy","floor":40,"key":"SMITH"},{"floor":49,"key":"REST"}],"circlet_count":0,"master_deck":["Strike_MRS+1","Strike_MRS+1","Strike_MRS+1","Strike_MRS+1","Defend_MRS+1","Defend_MRS+1","Defend_MRS+1","Defend_MRS+1","MasterSpark","UpSweep","WitchLeyline","DarkMatter+1","OrrerysSun+1","MagicAbsorber","Orbital","OortCloud+1","PropBag","Acceleration","MagicAbsorber","EscapeVelocity+1","EarthLightRay","RitualDagger","Master of Strategy+1","MagicChant+1","DarkMatter","PulseMagic+1","MagicChant","DragonMeteor+1","SuperNova+1","Acceleration","Parasite","Parasite","StarBarrage+1","Parasite","SuperPerseids+1"],"relics":["MiniHakkero","Frozen Egg 2","Du-Vu Doll","aspiration:FetidBarrel","Orrery","aspiration:PoetsPen_weak","aspiration:RitualStick","Centennial Puzzle","AmplifyWand","Black Star","ShroomBag","Red Mask","Peace Pipe","Ancient Tea Set","Thread and Needle"],"acts_visited":["Exordium","TheCity","TheBeyond"],"potions_floor_usage":[16,24,31,31,50,50,50],"damage_taken":[{"damage":3,"enemies":"Cultist","floor":1,"turns":3},{"damage":0,"enemies":"2 Louse","floor":2,"turns":2},{"damage":6,"enemies":"Jaw Worm","floor":3,"turns":2},{"damage":0,"enemies":"3 Louse","floor":7,"turns":3},{"damage":7,"enemies":"2 Fungi Beasts","floor":10,"turns":3},{"damage":13,"enemies":"Exordium Wildlife","floor":11,"turns":5},{"damage":12,"enemies":"Gremlin Nob","floor":13,"turns":5},{"damage":6,"enemies":"The Guardian","floor":16,"turns":11},{"damage":7,"enemies":"2 Thieves","floor":18,"turns":5},{"damage":5,"enemies":"Chosen","floor":22,"turns":5},{"damage":17,"enemies":"Centurion and Healer","floor":24,"turns":5},{"damage":20,"enemies":"Gremlin Leader","floor":27,"turns":6},{"damage":0,"enemies":"Snecko","floor":28,"turns":4},{"damage":0,"enemies":"Chosen and Byrds","floor":31,"turns":5},{"damage":5,"enemies":"Champ","floor":33,"turns":9},{"damage":3,"enemies":"3 Shapes","floor":35,"turns":3},{"damage":5,"enemies":"Orb Walker","floor":37,"turns":3},{"damage":1,"enemies":"Mind Bloom Boss Battle","floor":41,"turns":4},{"damage":0,"enemies":"Sphere and 2 Shapes","floor":45,"turns":2},{"damage":0,"enemies":"Spire Growth","floor":47,"turns":5},{"damage":19,"enemies":"Writhing Mass","floor":48,"turns":4},{"damage":52,"enemies":"Time Eater","floor":50,"turns":7}],"seed_played":"-6039624152284882271","potions_obtained":[{"floor":3,"key":"AttackPotion"},{"floor":7,"key":"FearPotion"},{"floor":13,"key":"Fire Potion"},{"floor":27,"key":"Block Potion"},{"floor":28,"key":"hexamod:SoulburnPotion"},{"floor":35,"key":"Explosive Potion"},{"floor":41,"key":"Explosive Potion"}],"is_trial":false,"path_per_floor":["M","M","M","?","?","R","M","R","T","M","M","?","E","$","R","B",null,"M","?","?","$","M","R","M","?","T","E","M","$","R","M","R","B",null,"M","?","M","$","?","R","?","$","T","T","M","$","M","M","R","B",null],"character_chosen":"MARISA","items_purchased":["Orrery","Master of Strategy","ShroomBag"],"campfire_rested":4,"item_purchase_floors":[14,21,38],"current_hp_per_floor":[72,72,66,66,66,66,66,66,66,59,46,46,34,34,56,50,75,68,53,47,47,46,46,33,33,33,17,21,21,43,47,69,68,75,75,75,74,74,74,74,74,74,74,74,74,74,75,58,75,25],"gold":96,"neow_bonus":"THREE_CARDS","is_daily":false,"chose_seed":false,"campfire_upgraded":4,"win_rate":0.0,"timestamp":1611191692,"path_taken":["M","M","?","?","?","R","M","R","T","M","?","?","E","$","R","BOSS","M","?","?","$","M","R","?","?","T","E","M","$","R","M","R","BOSS","M","?","M","$","?","R","?","?","T","?","M","$","M","M","R","BOSS"],"items_purchased_type":["Relic","Card","Relic"],"build_version":"2020-12-22","purchased_purges":0,"victory":true,"max_hp_per_floor":[75,75,75,75,75,75,75,75,75,75,75,75,75,75,75,75,75,75,75,75,75,75,75,75,75,75,75,75,75,75,75,75,75,75,75,75,75,75,75,75,75,75,75,75,75,75,75,75,75,75],"card_choices":[{"not_picked":["FairyDestructionRay","SporeBomb"],"picked":"WitchLeyline","floor":0},{"not_picked":["GrandCross","EnergyRecoil","ChargingUp"],"picked":"SKIP","floor":1},{"not_picked":["SporeBomb","IllusionStar","6A"],"picked":"SKIP","floor":2},{"not_picked":["PowerUp","Acceleration"],"picked":"DarkMatter","floor":3},{"not_picked":["AsteroidBelt","DoubleSpark"],"picked":"OrrerysSun","floor":7},{"not_picked":["EnergyRecoil","GalacticHalo"],"picked":"MagicAbsorber","floor":10},{"not_picked":["StarDustReverie","PulseMagic"],"picked":"Orbital","floor":11},{"not_picked":["Occultation","6A"],"picked":"OortCloud+1","floor":13},{"not_picked":["PowerUp","DoubleSpark"],"picked":"PropBag","floor":14},{"not_picked":["FairyDestructionRay","ChargeUpSpray"],"picked":"Acceleration","floor":14},{"not_picked":["SporeBomb","TreasureHunter"],"picked":"MagicAbsorber","floor":14},{"not_picked":["AbsoluteMagnitude","MaximisePower"],"picked":"EscapeVelocity+1","floor":16},{"not_picked":["MysteriousBeam","PowerUp"],"picked":"EarthLightRay","floor":18},{"not_picked":["Acceleration+1","MysteriousBeam"],"picked":"MagicChant","floor":22},{"not_picked":["DoubleSpark+1","DC"],"picked":"DarkMatter","floor":24},{"not_picked":["DC","OneTimeOff"],"picked":"PulseMagic+1","floor":27},{"not_picked":["NonDirectionalLaser","MilkyWay"],"picked":"MagicChant","floor":28},{"not_picked":["ShootingEcho","OrrerysSun+1"],"picked":"DragonMeteor+1","floor":31},{"not_picked":["StarDustReverie","CollectingQuirk"],"picked":"SuperNova+1","floor":33},{"not_picked":["SporeBomb","UnstableBomb"],"picked":"Acceleration","floor":35},{"not_picked":["MilkyWay+1","ShootingEcho","DoubleSpark+1"],"picked":"SKIP","floor":37},{"not_picked":["AlicesGift+1","WitchLeyline"],"picked":"StarBarrage+1","floor":41},{"not_picked":["PowerUp+1","UnstableBomb","MilkyWay+1"],"picked":"SKIP","floor":45},{"not_picked":["SporeBomb","OrrerysSun+1","GrandCross"],"picked":"SKIP","floor":47},{"not_picked":["TreasureHunter","DC+1"],"picked":"SuperPerseids+1","floor":48}],"player_experience":343378,"relics_obtained":[{"floor":9,"key":"Frozen Egg 2"},{"floor":13,"key":"aspiration:FetidBarrel"},{"floor":26,"key":"Centennial Puzzle"},{"floor":27,"key":"AmplifyWand"},{"floor":41,"key":"Peace Pipe"},{"floor":43,"key":"Ancient Tea Set"},{"floor":44,"key":"Thread and Needle"}],"event_choices":[{"damage_healed":0,"gold_gain":79,"player_choice":"Gained Gold","damage_taken":0,"max_hp_gain":0,"max_hp_loss":0,"event_name":"Golden Wing","floor":4,"gold_loss":0},{"damage_healed":0,"gold_gain":0,"player_choice":"Ignored","damage_taken":0,"max_hp_gain":0,"max_hp_loss":0,"event_name":"Liars Game","floor":5,"gold_loss":0},{"damage_healed":0,"gold_gain":0,"player_choice":"Searched \u00271\u0027 times","damage_taken":0,"relics_obtained":["Du-Vu Doll"],"max_hp_gain":0,"max_hp_loss":0,"event_name":"Dead Adventurer","floor":12,"gold_loss":0},{"damage_healed":0,"gold_gain":0,"player_choice":"Joined the Cult","damage_taken":6,"max_hp_gain":0,"max_hp_loss":0,"event_name":"Nest","floor":20,"gold_loss":0,"cards_obtained":["RitualDagger"]},{"damage_healed":0,"gold_gain":0,"player_choice":"Simplicity","damage_taken":0,"max_hp_gain":0,"max_hp_loss":0,"event_name":"Back to Basics","floor":25,"gold_loss":0,"cards_upgraded":["Strike_MRS","Strike_MRS","Strike_MRS","Strike_MRS","Defend_MRS","Defend_MRS","Defend_MRS","Defend_MRS"]},{"damage_healed":0,"gold_gain":0,"player_choice":"Paid","damage_taken":0,"relics_obtained":["Red Mask"],"max_hp_gain":0,"max_hp_loss":0,"event_name":"Tomb of Lord Red Mask","floor":39,"gold_loss":120},{"damage_healed":0,"gold_gain":0,"player_choice":"Fight","damage_taken":0,"max_hp_gain":0,"max_hp_loss":0,"event_name":"MindBloom","floor":41,"gold_loss":0}],"is_beta":false,"boss_relics":[{"not_picked":["SacredBark","Busted Crown"],"picked":"aspiration:PoetsPen_weak"},{"not_picked":["Velvet Choker","Runic Dome"],"picked":"Black Star"}],"items_purged_floors":[],"is_endless":false,"potions_floor_spawned":[3,7,13,27,28,35,41,47],"ascension_level":1}}