{"host":"vrsxkkch9ccrec7k","time":1611212498,"event":{"mods":["Act Like it!","BaseMod","Bestiary","Better Altar","Better Match","Better Note","Better Sensory Stone","Better Skull","Better Third Choice","Better Vampires","Downfall","Minty Spire (QoL Compilation)","Permanent Neow","Relic Stats","Spicy Shops","StSLib"],"gold_per_floor":[99,99,99,24,39,39,39,39,55,81,98,110,110,128,143,247,247,247,258,275,375,385,118,118,148,48,79,79,98,83,101,121,222,222,222,236,8,19,19,19,19,37,37,65,80,80,80,80,94,94],"floor_reached":51,"language":"ENG","playtime":4579,"items_purged":["hexamod:Strike","hexamod:Strike"],"score":977,"play_id":"b7e2963a-0f92-409b-9196-39e894c0d3f0","local_time":"20210121020138","is_ascension_mode":true,"campfire_choices":[{"data":"hexamod:Float","floor":1,"key":"SMITH"},{"data":"hexamod:NightmareStrike","floor":6,"key":"SMITH"},{"data":"hexamod:ThermalTransfer","floor":8,"key":"SMITH"},{"data":"hexamod:HexaLevel","floor":18,"key":"SMITH"},{"floor":26,"key":"REST"},{"floor":28,"key":"REST"},{"floor":35,"key":"RECALL"},{"data":"hexamod:Rewind","floor":40,"key":"SMITH"},{"floor":43,"key":"REST"},{"floor":47,"key":"REST"}],"circlet_count":0,"master_deck":["hexamod:Strike+1","hexamod:Defend+1","hexamod:Defend+1","hexamod:Defend+1","hexamod:Defend+1","hexamod:Sear+1","hexamod:Float+1","hexamod:BacktrackSmack+1","hexamod:NightmareStrike+1","hexamod:ThermalTransfer+1","hexamod:Haunt+1","hexamod:SixthSeal","hexamod:SpectersWail+1","hexamod:GhostflameBarrier+1","hexamod:GhostOfSpirePast+1","hexamod:HexaLevel+1","hexamod:SoulSteal+1","hexamod:HauntingEcho+1","hexamod:SwordOfDarkness+1","hexamod:BacktrackSmack+1","hexamod:GhostOfSpirePast","hexamod:Rewind+1","hexamod:Rewind+1","AscendersBane","hexamod:ApocalypseNow+1","hexamod:EmpoweredFlame"],"relics":["hexamod:SpiritBrand","downfall:HeartsMalice","Singing Bowl","Ginger","Sozu","Centennial Puzzle","Kunai","Shuriken","downfall:HeartBlessingGreen","Anchor","Mummified Hand","OrangePellets","Lizard Tail","Oddly Smooth Stone","Meat on the Bone"],"acts_visited":["Exordium","TheCity","TheBeyond"],"potions_floor_usage":[10,15,16,16],"damage_taken":[{"damage":0,"enemies":"Jaw Worm","floor":2,"turns":1},{"damage":0,"enemies":"Cultist","floor":3,"turns":1},{"damage":0,"enemies":"downfall:FleeingMerchant","floor":4,"turns":1},{"damage":0,"enemies":"2 Louse","floor":5,"turns":2},{"damage":6,"enemies":"Lots of Slimes","floor":9,"turns":3},{"damage":2,"enemies":"Lagavulin","floor":10,"turns":4},{"damage":13,"enemies":"Blue Slaver","floor":11,"turns":4},{"damage":0,"enemies":"2 Fungi Beasts","floor":12,"turns":2},{"damage":0,"enemies":"3 Louse","floor":14,"turns":3},{"damage":0,"enemies":"Exordium Wildlife","floor":15,"turns":4},{"damage":23,"enemies":"DF_ARCHETYPE_STREAMLINE","floor":16,"turns":11},{"damage":0,"enemies":"3 Byrds","floor":19,"turns":4},{"damage":10,"enemies":"Shelled Parasite and Fungi","floor":20,"turns":7},{"damage":1,"enemies":"Cultist and Chosen","floor":22,"turns":4},{"damage":0,"enemies":"downfall:FleeingMerchant","floor":23,"turns":4},{"damage":50,"enemies":"Slavers","floor":25,"turns":5},{"damage":0,"enemies":"Book of Stabbing","floor":27,"turns":7},{"damage":0,"enemies":"Chosen and Byrds","floor":29,"turns":4},{"damage":0,"enemies":"downfall:FleeingMerchant","floor":30,"turns":4},{"damage":3,"enemies":"Sentry and Sphere","floor":31,"turns":5},{"damage":6,"enemies":"Centurion and Healer","floor":32,"turns":6},{"damage":8,"enemies":"WA_ARCHETYPE_CALM","floor":33,"turns":7},{"damage":0,"enemies":"3 Shapes","floor":36,"turns":4},{"damage":5,"enemies":"downfall:FleeingMerchant","floor":37,"turns":4},{"damage":0,"enemies":"Orb Walker","floor":38,"turns":3},{"damage":2,"enemies":"Jaw Worm Horde","floor":42,"turns":3},{"damage":23,"enemies":"Giant Head","floor":44,"turns":7},{"damage":15,"enemies":"Spire Growth","floor":45,"turns":4},{"damage":0,"enemies":"Sphere and 2 Shapes","floor":49,"turns":4},{"damage":2,"enemies":"SI_POISON_ARCHETYPE","floor":50,"turns":7}],"seed_played":"2768290247192510111","potions_obtained":[{"floor":5,"key":"Weak Potion"},{"floor":9,"key":"GamblersBrew"},{"floor":11,"key":"hexamod:EctoCoolerPotion"},{"floor":14,"key":"bronze:BurnAndBuffPotion"}],"is_trial":false,"path_per_floor":["R","M","M","$","M","R","T","R","M","E","M","M","?","M","M","B",null,"R","M","M","?","M","$","T","E","R","E","R","M","$","M","M","B",null,"R","M","?","M","?","R","T","M","R","E","M","?","R","?","M","B",null],"character_chosen":"THE_SPIRIT","items_purchased":["Centennial Puzzle","Mummified Hand","hexamod:GhostOfSpirePast","hexamod:Rewind","OrangePellets"],"campfire_rested":4,"item_purchase_floors":[23,37,37,37,37],"current_hp_per_floor":[63,63,63,63,63,63,63,63,57,57,44,44,44,46,48,25,63,63,65,57,57,58,58,58,10,35,35,60,60,62,61,57,51,82,82,84,79,81,81,81,81,81,98,75,62,62,92,92,92,90],"gold":94,"neow_bonus":"THREE_ENEMY_KILL","is_daily":false,"chose_seed":false,"campfire_upgraded":5,"win_rate":0.0,"timestamp":1611212498,"path_taken":["R","M","M","$","M","R","T","R","M","E","M","M","?","M","M","BOSS","R","M","M","?","M","$","T","E","R","E","R","M","$","M","M","BOSS","R","M","?","M","?","R","T","M","R","E","?","?","R","?","M","BOSS"],"items_purchased_type":["Relic","Relic","Card","Card","Relic"],"build_version":"2020-12-22","purchased_purges":2,"victory":true,"max_hp_per_floor":[70,70,70,70,70,70,70,70,70,72,72,72,72,74,76,76,76,76,78,80,80,82,82,82,84,84,84,84,84,86,88,90,92,92,92,94,94,96,96,96,96,98,98,98,100,100,100,100,100,100],"relic_stats":{"Sozu":8,"OrangePellets":[3],"Centennial Puzzle":[27],"Lizard Tail":0,"Singing Bowl":30,"counters":[31,160],"Shuriken":[22],"Mummified Hand":[34],"Ginger":[15],"Kunai":[23],"obtain_stats":[{"Calipers":41,"Happy Flower":43,"Oddly Smooth Stone":5,"downfall:HeartsMalice":0,"PreservedInsect":12,"Whetstone":23,"sneckomod:SneckoSoul":0,"Cursed Key":17,"Question Card":29,"SlaversCollar":19,"Anchor":13,"Nunchaku":46,"Mummified Hand":37,"Shuriken":37,"Bird Faced Urn":31,"Bronze Scales":40,"Molten Egg 2":24,"Fusion Hammer":34,"Bag of Marbles":8,"sneckomod:RareBoosterPack":27},{"Calipers":24,"Happy Flower":25,"Oddly Smooth Stone":2,"downfall:HeartsMalice":0,"PreservedInsect":6,"Whetstone":14,"sneckomod:SneckoSoul":0,"Cursed Key":10,"Question Card":17,"SlaversCollar":11,"Anchor":7,"Nunchaku":27,"Mummified Hand":22,"Shuriken":22,"Bird Faced Urn":18,"Bronze Scales":24,"Molten Egg 2":14,"Fusion Hammer":20,"Bag of Marbles":4,"sneckomod:RareBoosterPack":16},{"Calipers":116,"Happy Flower":121,"Oddly Smooth Stone":0,"downfall:HeartsMalice":0,"PreservedInsect":13,"Whetstone":57,"sneckomod:SneckoSoul":0,"Cursed Key":36,"Question Card":76,"SlaversCollar":40,"Anchor":17,"Nunchaku":132,"Mummified Hand":107,"Shuriken":107,"Bird Faced Urn":78,"Bronze Scales":116,"Molten Egg 2":57,"Fusion Hammer":98,"Bag of Marbles":4,"sneckomod:RareBoosterPack":71}],"Meat on the Bone":0},"card_choices":[{"not_picked":["hexamod:FastForward","hexamod:GhostflameBarrier"],"picked":"hexamod:BacktrackSmack","floor":2},{"not_picked":["hexamod:FourthSeal","hexamod:ThermalTransfer"],"picked":"hexamod:NightmareStrike","floor":3},{"not_picked":["hexamod:AdvancingGuard","hexamod:RecurringNightmare"],"picked":"hexamod:ThermalTransfer","floor":4},{"not_picked":["hexamod:HeatMetal","hexamod:NightmareStrike"],"picked":"hexamod:Haunt","floor":5},{"not_picked":["hexamod:SpectersWail","hexamod:SuperheatedStrike"],"picked":"hexamod:SixthSeal","floor":9},{"not_picked":["hexamod:NightmareStrike","hexamod:NightmareGuise","hexamod:GhostLash"],"picked":"Singing Bowl","floor":10},{"not_picked":["hexamod:BurningTouch","hexamod:HeatMetal"],"picked":"hexamod:SpectersWail","floor":11},{"not_picked":["hexamod:DynamicBlow","hexamod:SpectralSpark"],"picked":"hexamod:GhostflameBarrier","floor":12},{"not_picked":["hexamod:ShieldOfDarkness","hexamod:NightmareStrike","hexamod:SpectersWail"],"picked":"Singing Bowl","floor":14},{"not_picked":["hexamod:RainOfEmbers","hexamod:SuperheatedStrike","hexamod:Incineration"],"picked":"Singing Bowl","floor":15},{"not_picked":["hexamod:ApocalypseNow","hexamod:WildfireWeapon"],"picked":"hexamod:HexaLevel","floor":16},{"not_picked":["hexamod:HeatMetal+1","hexamod:ShieldOfDarkness","hexamod:NightmareGuise"],"picked":"Singing Bowl","floor":19},{"not_picked":["hexamod:NightmareGuise","hexamod:AdvancingGuard+1","hexamod:FlamesFromBeyond"],"picked":"Singing Bowl","floor":20},{"not_picked":["hexamod:GhostOfSpireFuture+1","hexamod:RainOfEmbers","hexamod:Toasty"],"picked":"Singing Bowl","floor":22},{"not_picked":["hexamod:TurnItUp","hexamod:AdvancingGuard"],"picked":"hexamod:SoulSteal+1","floor":23},{"not_picked":["hexamod:SuperheatedStrike+1","hexamod:NightmareStrike","hexamod:HeatCrush"],"picked":"Singing Bowl","floor":25},{"not_picked":["hexamod:FourthSeal","hexamod:SpectralAdrenaline"],"picked":"hexamod:HauntingEcho","floor":27},{"not_picked":["hexamod:PhantomCloak+1","hexamod:GhostShield"],"picked":"hexamod:SwordOfDarkness","floor":29},{"not_picked":["hexamod:ChargedBarrage","hexamod:ApocalypticArmor","hexamod:SwordOfDarkness"],"picked":"Singing Bowl","floor":30},{"not_picked":["hexamod:RadiantFlame","hexamod:InspiringFlames","hexamod:PhantomFireball"],"picked":"Singing Bowl","floor":31},{"not_picked":["hexamod:GhostflameBarrier","hexamod:RadiantFlame","hexamod:ExtraCrispy+1"],"picked":"Singing Bowl","floor":32},{"not_picked":["hexamod:WildfireWeapon","hexamod:GhostOfSpirePresent","hexamod:SixthSeal"],"picked":"Singing Bowl","floor":33},{"not_picked":["hexamod:FirstSeal","hexamod:HauntingEcho+1","hexamod:NightmareStrike+1"],"picked":"Singing Bowl","floor":36},{"not_picked":["hexamod:SuperheatedStrike","hexamod:SixthSeal"],"picked":"hexamod:BacktrackSmack","floor":37},{"not_picked":["hexamod:HauntingEcho+1","hexamod:GhostOfSpirePast","hexamod:FlamesFromBeyond+1"],"picked":"Singing Bowl","floor":38},{"not_picked":["hexamod:GhostShield+1","hexamod:FlamesFromBeyond","hexamod:InspiringFlames+1"],"picked":"Singing Bowl","floor":42},{"not_picked":["hexamod:ShieldOfDarkness+1","hexamod:AdvancingGuard"],"picked":"hexamod:Rewind","floor":44},{"not_picked":["hexamod:SixthSeal","hexamod:ThermalTransfer+1","hexamod:AdvancingGuard"],"picked":"Singing Bowl","floor":45},{"not_picked":["hexamod:StepThrough+1","hexamod:NightmareStrike+1"],"picked":"hexamod:EmpoweredFlame","floor":49}],"player_experience":1664440,"relics_obtained":[{"floor":7,"key":"Singing Bowl"},{"floor":10,"key":"Ginger"},{"floor":24,"key":"Kunai"},{"floor":25,"key":"Shuriken"},{"floor":27,"key":"Anchor"},{"floor":39,"key":"Lizard Tail"},{"floor":41,"key":"Oddly Smooth Stone"},{"floor":44,"key":"Meat on the Bone"}],"event_choices":[{"damage_healed":0,"gold_gain":0,"player_choice":"Relic","damage_taken":0,"max_hp_gain":0,"max_hp_loss":0,"event_name":"Wheel of Change","floor":39,"gold_loss":0},{"damage_healed":0,"gold_gain":3,"player_choice":"3","damage_taken":0,"max_hp_gain":0,"max_hp_loss":0,"event_name":"betterStone:BetterStone","floor":46,"gold_loss":0,"cards_obtained":["hexamod:ApocalypseNow"]}],"is_beta":false,"boss_relics":[{"not_picked":["SlaversCollar","Calling Bell"],"picked":"Sozu"},{"not_picked":["Snecko Eye","Velvet Choker","Philosopher\u0027s Stone"]}],"items_purged_floors":[4,23],"is_endless":false,"potions_floor_spawned":[5,9,11,14,19,25,29,31,32,33,38,49],"ascension_level":6}}