{"host":"i391n33tccqevi90","time":1611265588,"event":{"mods":["2.2 Compatiblity","AchievementEnabler","AlwaysNeverKeys","BaseMod","Better Third Choice","Conspire","Emptier Cage","Filter the Spire","Good Game Mod","Grow up Mod","Hero for Fun","Minty Spire (QoL Compilation)","Remove Card Discount Mod","Spicy Shops","StSLib"],"gold_per_floor":[119,119,139,157,75,75,106,132,155,169,186,218,238,47,47,145,145,155,175,189,189,201,201,231,247,247,247,275,275,288,688,688,786,786,797,815,557,557,591,626,646,646,646,664,681,709,727,243,243,243,243,243,19,54,54],"floor_reached":56,"language":"ENG","playtime":3791,"items_purged":["Normality","Strike_R","Strike_R","Defend_R","Strike_R","Defend_R","Bash","Strike_R","Strike_R","Writhe","Bludgeon","Defend_R","Defend_R+1"],"score":1336,"play_id":"1bc59d15-51eb-42d8-b93f-16fe50d125d1","local_time":"20210121154628","is_ascension_mode":false,"campfire_choices":[{"data":"Armaments","floor":6,"key":"SMITH"},{"data":"Demon Form","floor":15,"key":"SMITH"},{"data":"Limit Break","floor":23,"key":"SMITH"},{"data":"Limit Break","floor":27,"key":"SMITH"},{"data":"Mayhem","floor":29,"key":"SMITH"},{"data":"Barricade","floor":32,"key":"SMITH"},{"data":"Metallicize","floor":49,"key":"SMITH"},{"data":"Brutality","floor":52,"key":"SMITH"}],"circlet_count":0,"master_deck":["Feed+1","Flame Barrier+1","Metallicize+1","Armaments+1","Disarm","Hemokinesis","Heavy Blade","Demon Form+1","Limit Break+1","Intimidate","Spot Weakness","Mayhem+1","Limit Break+1","Fire Breathing","conspire:ExplosiveBarrier+1","Cleave+1","Headbutt+1","Reckless Charge+1","Barricade+1","Brutality+1","Headbutt+1","Disarm","Evolve","Pummel+1","Ghostly Armor","Bloodletting","Combust","Blood for Blood+1","Pummel+1"],"relics":["Burning Blood","REME:ComplimentaryCards","War Paint","Centennial Puzzle","Art of War","conspire:GiftBox","conspire:SeveredTorchhead","Vajra","Blue Candle","Red Skull","Old Coin","Molten Egg 2","conspire:SlowCooker","Anchor","Akabeko","conspire:DeflatedDodgeball","InkBottle","MealTicket","Lee\u0027s Waffle","Membership Card","Mango","PreservedInsect","Boot","ClockworkSouvenir","Lantern","Strawberry","Ginger"],"acts_visited":["Exordium","TheCity","TheBeyond","TheEnding"],"potions_floor_usage":[4,7,24,31,35,41,55,55,55],"damage_taken":[{"damage":6,"enemies":"Jaw Worm","floor":1,"turns":3},{"damage":0,"enemies":"Cultist","floor":3,"turns":3},{"damage":5,"enemies":"Small Slimes","floor":4,"turns":2},{"damage":24,"enemies":"Gremlin Nob","floor":7,"turns":4},{"damage":11,"enemies":"Looter","floor":10,"turns":3},{"damage":5,"enemies":"2 Fungi Beasts","floor":11,"turns":4},{"damage":30,"enemies":"3 Sentries","floor":12,"turns":9},{"damage":8,"enemies":"Red Slaver","floor":13,"turns":7},{"damage":26,"enemies":"Slime Boss","floor":16,"turns":9},{"damage":10,"enemies":"3 Byrds","floor":18,"turns":3},{"damage":33,"enemies":"2 Thieves","floor":19,"turns":3},{"damage":14,"enemies":"Chosen and Byrds","floor":20,"turns":5},{"damage":26,"enemies":"Centurion and Healer","floor":22,"turns":7},{"damage":22,"enemies":"Gremlin Leader","floor":24,"turns":6},{"damage":5,"enemies":"3 Cultists","floor":25,"turns":5},{"damage":18,"enemies":"conspire:SneckoGhost","floor":28,"turns":6},{"damage":7,"enemies":"Snake Plant","floor":30,"turns":3},{"damage":7,"enemies":"Colosseum Slavers","floor":31,"turns":3},{"damage":9,"enemies":"Colosseum Nobs","floor":31,"turns":3},{"damage":20,"enemies":"conspire:MysteriousRune","floor":33,"turns":6},{"damage":26,"enemies":"3 Darklings","floor":35,"turns":4},{"damage":13,"enemies":"Orb Walker","floor":36,"turns":3},{"damage":21,"enemies":"conspire:MimicChest","floor":39,"turns":7},{"damage":86,"enemies":"Reptomancer","floor":40,"turns":6},{"damage":15,"enemies":"Spire Growth","floor":41,"turns":7},{"damage":52,"enemies":"Sphere and 2 Shapes","floor":44,"turns":7},{"damage":8,"enemies":"4 Shapes","floor":45,"turns":5},{"damage":23,"enemies":"Giant Head","floor":46,"turns":6},{"damage":31,"enemies":"Maw","floor":47,"turns":7},{"damage":204,"enemies":"conspire:OrnateMirror","floor":50,"turns":7},{"damage":95,"enemies":"Shield and Spear","floor":54,"turns":6},{"damage":115,"enemies":"The Heart","floor":55,"turns":6}],"seed_played":"5986356558947458928","potions_obtained":[{"floor":3,"key":"Fruit Juice"},{"floor":4,"key":"Strength Potion"},{"floor":10,"key":"conspire:TimeTravelPotion"},{"floor":19,"key":"SkillPotion"},{"floor":28,"key":"Strength Potion"},{"floor":31,"key":"Swift Potion"},{"floor":33,"key":"Block Potion"},{"floor":36,"key":"Ancient Potion"},{"floor":41,"key":"Ancient Potion"},{"floor":46,"key":"FairyPotion"}],"is_trial":false,"path_per_floor":["M","?","M","M","$","R","E","T","T","M","M","E","M","$","R","B",null,"M","M","M","$","M","R","E","M","T","R","E","R","M","?","R","B",null,"M","M","$","?","?","E","M","?","T","M","M","E","M","$","R","B",null,"R","$","E","B",null],"character_chosen":"IRONCLAD","items_purchased":["Disarm","Mayhem","Anchor","PowerPotion","Lee\u0027s Waffle","Membership Card","Mango","PreservedInsect","Boot","ClockworkSouvenir","Lantern","Strawberry"],"campfire_rested":0,"item_purchase_floors":[5,14,37,37,48,48,48,48,48,53,53,53],"current_hp_per_floor":[100,110,124,143,153,163,159,169,179,188,199,189,201,211,221,211,289,295,278,280,290,284,294,288,303,313,323,325,335,344,354,364,360,475,465,468,478,488,487,421,422,432,442,410,422,415,400,652,662,478,686,696,713,634,535],"gold":54,"neow_bonus":"THREE_RARE_CARDS","is_daily":false,"chose_seed":false,"campfire_upgraded":8,"win_rate":0.0,"timestamp":1611265588,"path_taken":["M","?","M","M","$","R","E","?","T","M","M","E","M","$","R","BOSS","M","M","M","?","?","R","E","M","T","R","E","R","M","?","R","BOSS","M","M","$","?","?","E","M","?","T","M","M","E","M","$","R","BOSS","R","$","E","BOSS"],"items_purchased_type":["Card","Card","Relic","Potion","Relic","Relic","Relic","Relic","Relic","Relic","Relic","Relic"],"build_version":"2020-12-22","purchased_purges":13,"victory":true,"max_hp_per_floor":[100,110,124,143,153,163,177,187,197,211,221,235,249,259,269,279,289,299,309,319,329,343,353,363,377,387,397,411,421,431,445,455,465,475,485,495,505,515,529,543,553,563,573,587,601,611,621,652,662,676,686,696,713,723,733],"card_choices":[{"not_picked":["Impervious","Fiend Fire"],"picked":"Bludgeon","floor":0},{"not_picked":["Reckless Charge","Anger"],"picked":"Flame Barrier","floor":1},{"not_picked":["Twin Strike","Clash"],"picked":"Metallicize","floor":3},{"not_picked":["True Grit","Pommel Strike"],"picked":"Armaments","floor":4},{"not_picked":["Second Wind","Shrug It Off"],"picked":"Hemokinesis","floor":7},{"not_picked":["Cleave","Iron Wave"],"picked":"Heavy Blade","floor":10},{"not_picked":["Evolve","Warcry"],"picked":"Demon Form","floor":11},{"not_picked":["Offering","Berserk"],"picked":"Limit Break","floor":12},{"not_picked":["Ghostly Armor","Whirlwind"],"picked":"Intimidate","floor":12},{"not_picked":["Dark Embrace","Clash"],"picked":"Spot Weakness","floor":13},{"not_picked":["Berserk","Barricade"],"picked":"Limit Break","floor":16},{"not_picked":["Iron Wave","Perfected Strike","Wild Strike"],"picked":"SKIP","floor":18},{"not_picked":["Thunderclap","Havoc","Body Slam+1"],"picked":"SKIP","floor":19},{"not_picked":["Anger","Infernal Blade"],"picked":"Fire Breathing","floor":20},{"not_picked":["Dual Wield","Sword Boomerang+1"],"picked":"conspire:ExplosiveBarrier+1","floor":22},{"not_picked":["Clash","Body Slam+1"],"picked":"Cleave+1","floor":24},{"not_picked":["Juggernaut","Twin Strike","Heavy Blade"],"picked":"SKIP","floor":25},{"not_picked":["Anger","Iron Wave+1"],"picked":"Headbutt+1","floor":28},{"not_picked":["Clothesline","Anger"],"picked":"Reckless Charge+1","floor":30},{"not_picked":["Heavy Blade+1","Armaments+1"],"picked":"Barricade","floor":31},{"not_picked":["conspire:Purge","Corruption"],"picked":"Brutality","floor":33},{"not_picked":["Pommel Strike+1","Heavy Blade+1"],"picked":"Headbutt+1","floor":35},{"not_picked":["Havoc","Clash+1"],"picked":"Disarm","floor":36},{"not_picked":["True Grit","Cleave+1"],"picked":"Evolve","floor":39},{"not_picked":["Pommel Strike+1","Reaper+1"],"picked":"Pummel+1","floor":40},{"not_picked":["Whirlwind+1","Disarm+1"],"picked":"Ghostly Armor","floor":41},{"not_picked":["Ghostly Armor+1","Sword Boomerang+1"],"picked":"Bloodletting","floor":44},{"not_picked":["Dual Wield","Intimidate"],"picked":"Combust","floor":45},{"not_picked":["Flame Barrier+1","Pommel Strike+1"],"picked":"Blood for Blood+1","floor":46},{"not_picked":["Havoc","Wild Strike+1","Carnage+1"],"picked":"SKIP","floor":47},{"not_picked":["Reckless Charge+1","Bloodletting"],"picked":"Pummel+1","floor":54}],"player_experience":553320,"relics_obtained":[{"floor":7,"key":"War Paint"},{"floor":8,"key":"Centennial Puzzle"},{"floor":9,"key":"Art of War"},{"floor":12,"key":"conspire:GiftBox"},{"floor":24,"key":"Vajra"},{"floor":26,"key":"Blue Candle"},{"floor":28,"key":"Red Skull"},{"floor":31,"key":"Old Coin"},{"floor":31,"key":"Molten Egg 2"},{"floor":39,"key":"Akabeko"},{"floor":40,"key":"conspire:DeflatedDodgeball"},{"floor":43,"key":"InkBottle"},{"floor":46,"key":"MealTicket"},{"floor":54,"key":"Ginger"}],"event_choices":[{"damage_healed":0,"gold_gain":0,"player_choice":"Grow","damage_taken":0,"max_hp_gain":0,"max_hp_loss":0,"event_name":"Living Wall","floor":2,"gold_loss":0,"cards_upgraded":["Feed"]},{"damage_healed":0,"gold_gain":0,"player_choice":"Fight","damage_taken":0,"max_hp_gain":0,"max_hp_loss":0,"event_name":"Colosseum","floor":31,"gold_loss":0},{"damage_healed":0,"gold_gain":0,"player_choice":"Fought Nobs","damage_taken":0,"max_hp_gain":0,"max_hp_loss":0,"event_name":"Colosseum","floor":31,"gold_loss":0},{"damage_healed":0,"gold_gain":0,"player_choice":"Ignored","damage_taken":0,"max_hp_gain":0,"max_hp_loss":0,"event_name":"Tomb of Lord Red Mask","floor":38,"gold_loss":0},{"damage_healed":0,"gold_gain":0,"player_choice":"Ignored","damage_taken":0,"max_hp_gain":0,"max_hp_loss":0,"event_name":"betterThird:BetterPortal","floor":42,"gold_loss":0}],"is_beta":false,"boss_relics":[{"not_picked":["Tiny House","SlaversCollar"],"picked":"conspire:SeveredTorchhead"},{"not_picked":["Velvet Choker","conspire:SpecialSausage"],"picked":"conspire:SlowCooker"}],"items_purged_floors":[5,5,5,5,5,5,5,14,37,48,48,48,48],"is_endless":false,"potions_floor_spawned":[3,4,10,19,28,31,31,33,36,39,41,46,47],"ascension_level":0}}