{"host":"rvh455abssmal91i","time":1611197176,"event":{"mods":["AchievementEnabler","Aspiration","BaseMod","Better Third Choice","BetterRewards","Colored Map","Colored Powertips","GifTheSpireLib","Gold Saver","Hermit","Highlight Path","Infinite Spire","Mimic Mod","Minty Spire (QoL Compilation)","Rare Cards Sparkle","Remove Card Discount Mod","Spikes Relics","StSLib","The Cursed","The Necromancer","The Runesmith","The Servant 0.9.4"],"gold_per_floor":[396,396,396,413,431,458,151,151,174,191,219,66,66,81,81,186,186,200,220,19,19,19,50,63,63,87,87,99,136,170,183,183,282,282,298,298,298,317,317,317,347,428,474,490,516,516,516,536,536,536,536],"floor_reached":50,"language":"ENG","playtime":4761,"items_purged":["TheCursedMod:Strike_TheCursed","TheCursedMod:Defend_TheCursed"],"score":730,"play_id":"7a1ace5c-3df8-4263-b76f-8ba418edd176","local_time":"20210120214616","is_ascension_mode":true,"campfire_choices":[{"floor":13.0,"key":"REST"},{"data":"TheCursedMod:TacticalStrike","floor":15.0,"key":"SMITH"},{"data":"TheCursedMod:DemonSword","floor":25.0,"key":"SMITH"},{"floor":32.0,"key":"REST"},{"data":"TheCursedMod:CollectTribute","floor":40.0,"key":"SMITH"},{"floor":46,"key":"REST"},{"data":"TheCursedMod:WearCloak","floor":49,"key":"SMITH"}],"circlet_count":0,"master_deck":["TheCursedMod:Defend_TheCursed","TheCursedMod:Defend_TheCursed","TheCursedMod:CursedWand+1","TheCursedMod:CleanUpWorkshop","TheCursedMod:Dregs","TheCursedMod:WearCloak","TheCursedMod:CursedMace","TheCursedMod:CursedShiv","TheCursedMod:AntiAging","TheCursedMod:TacticalStrike+1","TheCursedMod:CursedShiv","TheCursedMod:SpitefulPray","TheCursedMod:SpitefulStrike","TheCursedMod:DemonSword+1","TheCursedMod:CursedBlade+1","TheCursedMod:CursedAmulet+1","Enlightenment","Bite","Bite","Bite","Bite","Bite","TheCursedMod:CursedSpellbook","TheCursedMod:CursedAmulet","TheCursedMod:ManaBullet+1","TheCursedMod:SurpriseAttack","TheCursedMod:CircleOfFlame","TheCursedMod:HellfireBreathing+1","TheCursedMod:CollectTribute+1","TheCursedMod:CursedShiv+1","Intolerance","Pain","infinitespire:Collect","Swift Strike","TheCursedMod:WearCloak+1","TheCursedMod:CursedArmor","Parasite"],"relics":["TheCursedMod:BlackMagic101","aspiration:HiddenCompartment","Tiny Chest","infinitespire:FocusingShard","Juzu Bracelet","Regal Pillow","aspiration:ChemicalBlood","TheCursedMod:OminousMark","Incense Burner","aspiration:TomeofQuesting","Pear","TheCursedMod:DemonicMark","Philosopher\u0027s Stone","Strawberry","HornCleat","Art of War","Happy Flower"],"acts_visited":["Exordium","TheCity","TheBeyond"],"potions_floor_usage":[44,50,50,50,50,50,50,50],"damage_taken":[{"damage":0.0,"enemies":"Jaw Worm","floor":1.0,"turns":5.0},{"damage":0.0,"enemies":"Cultist","floor":4.0,"turns":4.0},{"damage":0.0,"enemies":"2 Louse","floor":5.0,"turns":3.0},{"damage":16.0,"enemies":"3 Sentries","floor":6.0,"turns":12.0},{"damage":28.0,"enemies":"Exordium Thugs","floor":10.0,"turns":5.0},{"damage":16.0,"enemies":"Lagavulin","floor":11.0,"turns":6.0},{"damage":0.0,"enemies":"2 Fungi Beasts","floor":14.0,"turns":3.0},{"damage":52.0,"enemies":"Hexaghost","floor":16.0,"turns":12.0},{"damage":4.0,"enemies":"Chosen","floor":18.0,"turns":3.0},{"damage":11.0,"enemies":"Spheric Guardian","floor":19.0,"turns":4.0},{"damage":0.0,"enemies":"Gremlin Leader","floor":23.0,"turns":5.0},{"damage":22.0,"enemies":"Cultist and Chosen","floor":24.0,"turns":6.0},{"damage":21.0,"enemies":"Centurion and Healer","floor":28.0,"turns":6.0},{"damage":9.0,"enemies":"Sentry and Sphere","floor":29.0,"turns":8.0},{"damage":20.0,"enemies":"Book of Stabbing","floor":30.0,"turns":5.0},{"damage":15.0,"enemies":"Sentry and Sphere","floor":31.0,"turns":5.0},{"damage":84.0,"enemies":"Champ","floor":33.0,"turns":11.0},{"damage":0.0,"enemies":"Orb Walker","floor":35.0,"turns":2.0},{"damage":25.0,"enemies":"3 Shapes","floor":38.0,"turns":2.0},{"damage":188,"enemies":"Nemesis","floor":41,"turns":9},{"damage":71,"enemies":"Transient","floor":44,"turns":5},{"damage":12,"enemies":"Reptomancer","floor":45,"turns":5},{"damage":152,"enemies":"Writhing Mass","floor":48,"turns":9},{"damage":153,"enemies":"infinitespire:MassOfShapes","floor":50,"turns":8}],"seed_played":"471111101142098378","potions_obtained":[{"floor":4.0,"key":"Explosive Potion"},{"floor":5.0,"key":"FearPotion"},{"floor":6.0,"key":"Explosive Potion"},{"floor":16.0,"key":"GamblersBrew"},{"floor":23.0,"key":"SteroidPotion"},{"floor":24.0,"key":"Block Potion"},{"floor":48,"key":"DistilledChaos"},{"floor":50,"key":"GamblersBrew"},{"floor":50,"key":"EssenceOfSteel"}],"is_trial":false,"path_per_floor":["M","?","?","M","M","E","$","?","T","M","E","$","R","M","R","B",null,"M","M","$","?","?","E","M","R","T","$","M","MIM","E","M","R","B",null,"M","?","?","M","?","R","E","T","T","M","E","R","?","M","R","B"],"character_chosen":"THE_CURSED","items_purchased":["infinitespire:FocusingShard","TheCursedMod:TacticalStrike","Blood Vial","Enlightenment","Fruit Juice"],"campfire_rested":3,"item_purchase_floors":[7,7,12,20,20],"current_hp_per_floor":[75,75,75,75,75,59,59,59,59,33,19,19,57,61,61,13,83,81,75,80,80,80,92,80,80,80,80,72,84,72,67,115,60,117,119,119,119,99,99,99,87,87,87,30,30,84,84,60,60,0,0],"gold":536,"neow_bonus":"RANDOM_COMMON_RELIC","is_daily":false,"chose_seed":false,"campfire_upgraded":4,"win_rate":0.0,"timestamp":1611197176,"path_taken":["M","?","?","M","?","E","$","?","T","M","E","$","R","M","R","BOSS","M","M","$","?","?","E","M","R","T","$","M","?","E","M","R","BOSS","M","?","?","M","?","R","E","?","T","M","E","R","?","M","R","BOSS"],"items_purchased_type":["Relic","Card","Relic","Card","Potion"],"build_version":"2020-12-22","purchased_purges":2,"victory":false,"max_hp_per_floor":[75,75,75,75,75,75,75,75,75,77,79,79,79,81,81,83,83,85,88,93,93,93,93,96,96,96,96,98,111,113,115,115,117,117,119,119,119,119,119,119,128,128,128,130,130,130,130,132,132,135,135],"card_choices":[{"not_picked":["TheCursedMod:RapidMovement","TheCursedMod:VitalStrike"],"picked":"TheCursedMod:WearCloak","floor":1.0},{"not_picked":["TheCursedMod:Stretching","TheCursedMod:CircleOfCorruption"],"picked":"TheCursedMod:CursedMace","floor":4.0},{"not_picked":["TheCursedMod:Hemoplague","TheCursedMod:ParallelWorld"],"picked":"TheCursedMod:CursedShiv","floor":5.0},{"not_picked":["TheCursedMod:Grudge","TheCursedMod:FleshFromBone"],"picked":"TheCursedMod:AntiAging","floor":6.0},{"not_picked":["TheCursedMod:Mangle","TheCursedMod:ReleasedStrength"],"picked":"TheCursedMod:CursedShiv","floor":10.0},{"not_picked":["TheCursedMod:Hemoplague","TheCursedMod:CursedSpellbook"],"picked":"TheCursedMod:SpitefulPray","floor":11.0},{"not_picked":["TheCursedMod:Hemoplague","TheCursedMod:BloodBarrier"],"picked":"TheCursedMod:SpitefulStrike","floor":14.0},{"not_picked":["TheCursedMod:OutForBlood","TheCursedMod:ManaCirculation"],"picked":"TheCursedMod:DemonSword","floor":16.0},{"not_picked":["TheCursedMod:VitalStrike","TheCursedMod:CircleOfBlood"],"picked":"TheCursedMod:CursedBlade+1","floor":18.0},{"not_picked":["TheCursedMod:SpitefulStrike","TheCursedMod:ReleasedStrength"],"picked":"TheCursedMod:CursedAmulet+1","floor":19.0},{"not_picked":["TheCursedMod:SoulCrush","TheCursedMod:CircleOfCorruption+1"],"picked":"TheCursedMod:CursedSpellbook","floor":23.0},{"not_picked":["TheCursedMod:Obscuration","TheCursedMod:SoulCrush"],"picked":"TheCursedMod:CursedAmulet","floor":24.0},{"not_picked":["TheCursedMod:SurpriseAttack","TheCursedMod:RapidMovement+1"],"picked":"TheCursedMod:ManaBullet+1","floor":28.0},{"not_picked":["TheCursedMod:SmokeScreen+1","TheCursedMod:CircleOfFlame"],"picked":"TheCursedMod:SurpriseAttack","floor":29.0},{"not_picked":["TheCursedMod:Grudge","TheCursedMod:DemonSword"],"picked":"TheCursedMod:CircleOfFlame","floor":30.0},{"not_picked":["TheCursedMod:CursedMace","TheCursedMod:CursedShiv"],"picked":"TheCursedMod:HellfireBreathing+1","floor":31.0},{"not_picked":["TheCursedMod:CursedRelics","TheCursedMod:ShockAndAwe"],"picked":"TheCursedMod:CollectTribute","floor":33.0},{"not_picked":["TheCursedMod:RapidMovement","TheCursedMod:HellsGateOpen+1"],"picked":"TheCursedMod:CursedShiv+1","floor":35.0},{"not_picked":["infinitespire:Menacing","infinitespire:NeuralNetwork"],"picked":"infinitespire:Collect","floor":37.0},{"not_picked":["TheCursedMod:Obscuration","TheCursedMod:TacticalStrike","TheCursedMod:CircleOfCorruption"],"picked":"SKIP","floor":38.0},{"not_picked":["Magnetism","Deep Breath"],"picked":"Swift Strike","floor":39.0},{"not_picked":["TheCursedMod:AntiAging","TheCursedMod:VitalStrike","TheCursedMod:CursedBoomerang"],"picked":"SKIP","floor":41},{"not_picked":["TheCursedMod:AshesToAshes","TheCursedMod:CursedAmulet+1"],"picked":"TheCursedMod:WearCloak","floor":44},{"not_picked":["TheCursedMod:ShockAndAwe","TheCursedMod:CircleOfBlood"],"picked":"TheCursedMod:CursedArmor","floor":45},{"not_picked":["TheCursedMod:CursedShiv+1","TheCursedMod:OutForBlood","TheCursedMod:CircleOfFlame+1"],"picked":"SKIP","floor":48}],"player_experience":161123,"relics_obtained":[{"floor":6.0,"key":"Tiny Chest"},{"floor":9.0,"key":"Regal Pillow"},{"floor":11.0,"key":"aspiration:ChemicalBlood"},{"floor":23.0,"key":"Incense Burner"},{"floor":26.0,"key":"aspiration:TomeofQuesting"},{"floor":29.0,"key":"Pear"},{"floor":30.0,"key":"TheCursedMod:DemonicMark"},{"floor":41,"key":"Strawberry"},{"floor":42,"key":"HornCleat"},{"floor":43,"key":"Art of War"},{"floor":45,"key":"Happy Flower"}],"event_choices":[{"damage_healed":0.0,"max_hp_gain":0.0,"max_hp_loss":0.0,"gold_gain":0.0,"event_name":"Accursed Blacksmith","player_choice":"Forge","floor":3.0,"gold_loss":0.0,"damage_taken":0.0,"cards_upgraded":["TheCursedMod:CursedWand"]},{"damage_healed":0.0,"max_hp_gain":0.0,"max_hp_loss":0.0,"gold_gain":0.0,"event_name":"WeMeetAgain","player_choice":"Gave Potion","floor":8.0,"gold_loss":0.0,"damage_taken":0.0,"relics_obtained":["Juzu Bracelet"]},{"damage_healed":0.0,"max_hp_gain":0.0,"max_hp_loss":0.0,"gold_gain":0.0,"event_name":"Vampires","player_choice":"Became a vampire (Vial)","floor":21.0,"relics_lost":["Blood Vial"],"gold_loss":0.0,"damage_taken":0.0,"cards_obtained":["Bite","Bite","Bite","Bite","Bite"]},{"cards_removed":["TheCursedMod:Defend_TheCursed"],"damage_healed":0.0,"max_hp_gain":0.0,"max_hp_loss":0.0,"gold_gain":0.0,"event_name":"Purifier","player_choice":"Purged","floor":22.0,"gold_loss":0.0,"damage_taken":0.0},{"damage_healed":0.0,"max_hp_gain":0.0,"max_hp_loss":0.0,"gold_gain":0.0,"event_name":"Mysterious Sphere","player_choice":"Ignored","floor":36.0,"gold_loss":0.0,"damage_taken":0.0},{"damage_healed":0.0,"max_hp_gain":0.0,"max_hp_loss":0.0,"gold_gain":0.0,"event_name":"SensoryStone","player_choice":"Memory 1","floor":39.0,"gold_loss":0.0,"damage_taken":0.0}],"is_beta":false,"boss_relics":[{"not_picked":["Runic Pyramid","Velvet Choker"],"picked":"TheCursedMod:OminousMark"},{"not_picked":["SlaversCollar","aspiration:PoetsPen"],"picked":"Philosopher\u0027s Stone"}],"items_purged_floors":[20,20],"is_endless":false,"potions_floor_spawned":[4,5,6,16,23,31,38,41],"killed_by":"infinitespire:MassOfShapes","ascension_level":2}}