{"host":"8d3fefv2347kqkpz","time":1611228473,"event":{"mods":["AchievementEnabler","Act Like it!","Aspiration","BaseMod","Better Vampires","Colored Map","Colored Powertips","Conspire","GifTheSpireLib","Highlight Path","Hubris","Infinite Spire","Marisa£®ÏF”Í°°ƒß¿Ì…≥£©","Mimic Mod","Minty Spire (QoL Compilation)","Quick Restart","Rare Cards Sparkle","Reimu£®≤©¿ˆ¡È√Œ£©","Relic Stats","Remilia£®¿Ÿ√◊¿Ú—«£©","Replay The Spire","Spicy Shops","StSLib","The Jungle","The Servant 0.9.4","Waifu the Spire","Youmu£®ªÍ∆«—˝√Œ£©"],"gold_per_floor":[110,135,145,165,165,165,165,165,200,46,56,56,69,99,99,203,203,223,237,255,255,27,27,41,41,41,52,83,101,114,133,133,232,232,248,248,248,248,248,248,259,259,292,327,327,353,353,404,404,404,404],"floor_reached":50,"language":"ZHS","playtime":4101,"items_purged":["SlashOfPresentWorld"],"score":570,"play_id":"844c259b-9627-475f-adb9-8a5b90c137fb","local_time":"20210121192753","is_ascension_mode":false,"campfire_choices":[{"data":"HellFireSword","floor":6.0,"key":"SMITH"},{"data":"SwordOfBindingDesires","floor":8.0,"key":"SMITH"},{"data":"HeavenSword","floor":12.0,"key":"SMITH"},{"data":"LifeCuttingSword","floor":15.0,"key":"SMITH"},{"data":"SwordOfBindingDesires","floor":23.0,"key":"SMITH"},{"data":"PretaSword","floor":25.0,"key":"SMITH"},{"floor":32.0,"key":"REST"},{"data":"SuddenDivineSeveringOfKarmicWind","floor":40.0,"key":"SMITH"},{"data":"SlashOfSaigyouSpringWind","floor":42.0,"key":"SMITH"},{"data":"FourBirthsSword","floor":45,"key":"SMITH"},{"floor":49,"key":"REST"}],"circlet_count":1,"master_deck":["Strike_YM","Strike_YM","Strike_YM","Defend_YM","Defend_YM","Defend_YM","Defend_YM","WheelOfPainOfLivingAndDead","SwordOfBindingDesires+1","SpiritCuttingSword","HellFireSword+1","SwordOfBindingDesires+1","SlashOfAscensionToBuddhahood+1","HeavenSword+1","SlashOfSaigyouSpringWind+1","SlashOfDepartureFromHesitation","PretaSword+1","HumanKnowledgeSword+1","CrescentMoonSlash+1","ASingleThoughtAndInfiniteKalpas","SuddenDivineSeveringOfKarmicWind+1","SlashOfMeditation+1","SanzenSekai","FourBirthsSword+1","SpiritCuttingSword+1"],"relics":["HalfPhantom","Oddly Smooth Stone","MealTicket","Happy Flower","Tea:ReiMu","Blood Vial","Snack Pack","White Beast Statue","Circlet","StoneCalendar","Dead Branch","Whetstone","Anchor"],"acts_visited":["Exordium","TheCity","TheBeyond"],"potions_floor_usage":[50,50,50],"damage_taken":[{"damage":8.0,"enemies":"Jaw Worm","floor":1.0,"turns":4.0},{"damage":13.0,"enemies":"conspire:MimicChest","floor":2.0,"turns":6.0},{"damage":0.0,"enemies":"Small Slimes","floor":3.0,"turns":3.0},{"damage":4.0,"enemies":"Cultist","floor":4.0,"turns":4.0},{"damage":0.0,"enemies":"2 Fungi Beasts","floor":9.0,"turns":7.0},{"damage":4.0,"enemies":"2 Fungi Beasts","floor":11.0,"turns":5.0},{"damage":0.0,"enemies":"Looter","floor":13.0,"turns":3.0},{"damage":0.0,"enemies":"Lagavulin","floor":14.0,"turns":4.0},{"damage":18.0,"enemies":"Hexaghost","floor":16.0,"turns":7.0},{"damage":0.0,"enemies":"Chosen","floor":18.0,"turns":5.0},{"damage":16.0,"enemies":"2 Thieves","floor":19.0,"turns":4.0},{"damage":16.0,"enemies":"Centurion and Healer","floor":20.0,"turns":7.0},{"damage":2.0,"enemies":"Snecko","floor":24.0,"turns":4.0},{"damage":18.0,"enemies":"Shelled Parasite and Fungi","floor":27.0,"turns":6.0},{"damage":20.0,"enemies":"Gremlin Leader","floor":28.0,"turns":4.0},{"damage":12.0,"enemies":"Snake Plant","floor":29.0,"turns":3.0},{"damage":0.0,"enemies":"3 Cultists","floor":30.0,"turns":3.0},{"damage":11.0,"enemies":"Centurion and Healer","floor":31.0,"turns":7.0},{"damage":32.0,"enemies":"conspire:MysteriousRune","floor":33.0,"turns":7.0},{"damage":6.0,"enemies":"Orb Walker","floor":35.0,"turns":4.0},{"damage":0.0,"enemies":"3 Darklings","floor":41.0,"turns":3.0},{"damage":0.0,"enemies":"4 Shapes","floor":43.0,"turns":6.0},{"damage":12,"enemies":"Nemesis","floor":44,"turns":5},{"damage":77,"enemies":"Nightmare","floor":46,"turns":7},{"damage":48,"enemies":"conspire:OrnateMirror","floor":50,"turns":5}],"seed_played":"7478091458200401309","potions_obtained":[{"floor":4.0,"key":"Fire Potion"},{"floor":13.0,"key":"ColorlessPotion"},{"floor":14.0,"key":"FearPotion"}],"is_trial":false,"path_per_floor":["M","?","M","M","?","R","?","R","MIM","$","M","R","M","E","R","B",null,"M","M","M","?","$","R","M","R","T","M","E","M","M","M","R","B",null,"M","?","?","?","?","R","M","R","MIM","E","R","NM","?","T","R","B"],"character_chosen":"YOUMU","items_purchased":["Happy Flower","Blood Vial"],"campfire_rested":2,"item_purchase_floors":[10,22],"current_hp_per_floor":[74,61,61,57,57,57,57,57,57,72,68,68,68,68,68,50,82,82,66,50,50,65,82,80,82,82,64,48,38,42,39,63,35,82,77,77,77,77,82,82,82,82,82,76,76,5,5,5,28,0,0],"gold":404,"neow_bonus":"TEN_PERCENT_HP_BONUS","is_daily":false,"chose_seed":false,"campfire_upgraded":9,"win_rate":0.0,"timestamp":1611228473,"path_taken":["M","?","?","M","?","R","?","R","MIM","?","?","R","M","E","R","BOSS","M","M","?","?","$","R","M","R","T","M","E","M","M","M","R","BOSS","M","?","?","?","?","R","?","R","MIM","E","R","NM","?","?","R","BOSS"],"items_purchased_type":["Relic","Relic"],"build_version":"2020-12-22","purchased_purges":1,"victory":false,"max_hp_per_floor":[82,82,82,82,82,82,82,82,82,82,82,82,82,82,82,82,82,82,82,82,82,82,82,82,82,82,82,82,82,82,82,82,82,82,82,82,82,82,82,82,82,82,82,82,82,82,78,78,78,78,78],"relic_stats":{"Blood Vial":14,"Happy Flower":[33],"counters":[25,118],"Dead Branch":[7],"MealTicket":30,"StoneCalendar":[0],"Whetstone":["CrescentMoonSlash","SlashOfAscensionToBuddhahood"],"obtain_stats":[{"Happy Flower":10,"Dead Branch":44,"Oddly Smooth Stone":2,"Tea:ReiMu":14,"Circlet":0,"HalfPhantom":0,"StoneCalendar":43,"Whetstone":46,"White Beast Statue":28,"Blood Vial":22,"Anchor":48,"MealTicket":9,"vexMod:DeviousBotling":34,"Snack Pack":26},{"Happy Flower":5,"Dead Branch":23,"Oddly Smooth Stone":2,"Tea:ReiMu":8,"Circlet":0,"HalfPhantom":0,"StoneCalendar":22,"Whetstone":24,"White Beast Statue":15,"Blood Vial":12,"Anchor":24,"MealTicket":5,"vexMod:DeviousBotling":19,"Snack Pack":13},{"Happy Flower":23,"Dead Branch":106,"Oddly Smooth Stone":10,"Tea:ReiMu":34,"Circlet":0,"HalfPhantom":0,"StoneCalendar":101,"Whetstone":113,"White Beast Statue":69,"Blood Vial":57,"Anchor":113,"MealTicket":23,"vexMod:DeviousBotling":88,"Snack Pack":60}]},"card_choices":[{"not_picked":["SanzenSekai","GhostSword"],"picked":"SwordOfBindingDesires","floor":1.0},{"not_picked":["DispleasureOfTheSevenHakus","FlashingScatteredFlowers"],"picked":"SpiritCuttingSword","floor":2.0},{"not_picked":["LifeCuttingSword","DispleasureOfTheSevenHakus"],"picked":"HellFireSword","floor":3.0},{"not_picked":["LowerRealmReflectionSlash","HumanRealmSword"],"picked":"SwordOfBindingDesires","floor":4.0},{"not_picked":["CherryBlossomFlashing","SlashOfMeditation"],"picked":"LifeCuttingSword","floor":9.0},{"not_picked":["SanzenSekai","LifeCuttingSword"],"picked":"HeavenSword","floor":11.0},{"not_picked":["SpiritCuttingSword","DispleasureOfTheSevenHakus","KarmicPunishmentOfTheIdleAndUnfocused"],"picked":"SKIP","floor":13.0},{"not_picked":["HeartExcerptSlash","ConstancyOfTheConventionalTruth","IrresoluteSoul"],"picked":"SKIP","floor":14.0},{"not_picked":["AsuraSword","MatsuyoiReflectingSatelliteSlash"],"picked":"SlashOfSaigyouSpringWind","floor":16.0},{"not_picked":["PhosphoricSlash","DispleasureOfTheSevenHakus+1","LowerRealmReflectionSlash"],"picked":"SKIP","floor":18.0},{"not_picked":["LifeCuttingSword","PhosphoricSlash","SpiderLilyBurial"],"picked":"SKIP","floor":19.0},{"not_picked":["HumanKnowledgeSword","FlashingScatteredFlowers"],"picked":"SlashOfDepartureFromHesitation","floor":20.0},{"not_picked":["PhosphoricSlash","CherryBlossomFlashing"],"picked":"PretaSword","floor":24.0},{"not_picked":["LifeCuttingSword+1","FourBirthsSword","ThreeKonsSevenHakus"],"picked":"SKIP","floor":27.0},{"not_picked":["ConstancyOfTheConventionalTruth","TurningAngelCut"],"picked":"HumanKnowledgeSword+1","floor":28.0},{"not_picked":["PhosphoricSlash+1","SwordOfBindingDesires"],"picked":"CrescentMoonSlash","floor":29.0},{"not_picked":["PhosphoricSlash+1","SlashOfMeditation"],"picked":"ASingleThoughtAndInfiniteKalpas","floor":30.0},{"not_picked":["SlashClearingTheSixSenses","SpiritCuttingSword","LowerRealmReflectionSlash"],"picked":"SKIP","floor":31.0},{"not_picked":["MatsuyoiReflectingSatelliteSlash","IrresoluteSoul"],"picked":"SuddenDivineSeveringOfKarmicWind","floor":33.0},{"not_picked":["SlashOfMeditation","ConstancyOfTheConventionalTruth","ThreeKonsSevenHakus"],"picked":"SKIP","floor":35.0},{"not_picked":["HumanRealmSword+1","TwoHundredYojanaInOneSlash+1"],"picked":"SlashOfMeditation+1","floor":41.0},{"not_picked":["ThreeKonsSevenHakus+1","HumanKnowledgeSword+1"],"picked":"SanzenSekai","floor":43.0},{"not_picked":["CrescentMoonSlash","PhosphoricSlash"],"picked":"FourBirthsSword","floor":44},{"not_picked":["GhostSword","SlashOfMeditation"],"picked":"SpiritCuttingSword+1","floor":46}],"player_experience":176416,"relics_obtained":[{"floor":2.0,"key":"Oddly Smooth Stone"},{"floor":9.0,"key":"MealTicket"},{"floor":14.0,"key":"Tea:ReiMu"},{"floor":26.0,"key":"Snack Pack"},{"floor":28.0,"key":"White Beast Statue"},{"floor":43.0,"key":"StoneCalendar"},{"floor":44,"key":"Dead Branch"},{"floor":46,"key":"Whetstone"},{"floor":48,"key":"Anchor"}],"event_choices":[{"damage_healed":0.0,"max_hp_gain":0.0,"max_hp_loss":0.0,"gold_gain":0.0,"event_name":"conspire:Investor","player_choice":"Leave","floor":5.0,"gold_loss":0.0,"damage_taken":0.0},{"damage_healed":0.0,"max_hp_gain":0.0,"max_hp_loss":0.0,"gold_gain":0.0,"cards_transformed":["Strike_YM"],"event_name":"Transmorgrifier","player_choice":"Transformed","floor":7.0,"gold_loss":0.0,"damage_taken":0.0,"cards_obtained":["SlashOfAscensionToBuddhahood"]},{"cards_removed":["LifeCuttingSword"],"damage_healed":0.0,"max_hp_gain":0.0,"max_hp_loss":0.0,"gold_gain":0.0,"event_name":"Falling","player_choice":"Removed Attack","floor":36.0,"gold_loss":0.0,"damage_taken":0.0},{"damage_healed":0.0,"max_hp_gain":0.0,"max_hp_loss":0.0,"gold_gain":0.0,"event_name":"Tomb of Lord Red Mask","player_choice":"Ignored","floor":37.0,"gold_loss":0.0,"damage_taken":0.0},{"damage_healed":0.0,"max_hp_gain":0.0,"max_hp_loss":0.0,"gold_gain":0.0,"event_name":"SensoryStone","player_choice":"Memory 1","floor":38.0,"gold_loss":0.0,"damage_taken":0.0},{"damage_healed":0,"gold_gain":0,"player_choice":"Max HP","damage_taken":0,"max_hp_gain":0,"max_hp_loss":4,"event_name":"Winding Halls","floor":47,"gold_loss":0}],"is_beta":false,"boss_relics":[{"not_picked":["vexMod:CursedCompass","ChewingGum","aspiration:WatcherSkillbook"]},{"not_picked":["Replay:Drink Me","Replay:Grab Bag"],"picked":"vexMod:DeviousBotling"}],"items_purged_floors":[22],"is_endless":false,"potions_floor_spawned":[4,13,14,16,20,24,27,29,30,31,33,35,41,43,44,46],"killed_by":"conspire:OrnateMirror","ascension_level":0}}