{"host":"j4g6ia6asvpyu2b0","time":1611244992,"event":{"mods":["BaseMod","Colored Map","Minty Spire (QoL Compilation)","Permanent Neow","Quick Restart","Relic Stats","StSLib","Unceasing Turn Reminder"],"gold_per_floor":[210,227,502,519,532,532,546,571,571,571,571],"floor_reached":10,"language":"ENG","playtime":290,"items_purged":[],"score":116,"play_id":"2fcd1f51-848a-4f49-866b-38e6fd6802a6","local_time":"20210121090312","is_ascension_mode":true,"campfire_choices":[{"data":"Defragment","floor":6.0,"key":"SMITH"}],"circlet_count":0,"master_deck":["AscendersBane","Strike_B","Strike_B","Strike_B","Strike_B","Defend_B","Defend_B","Defend_B","Defend_B","Zap","Dualcast","Cold Snap","Consume","Regret","Gash","Defragment+1","Static Discharge","Ball Lightning"],"relics":["Cracked Core","Pocketwatch","Frozen Egg 2"],"acts_visited":["Exordium"],"potions_floor_usage":[10],"damage_taken":[{"damage":2.0,"enemies":"Jaw Worm","floor":1.0,"turns":4.0},{"damage":0.0,"enemies":"Cultist","floor":2.0,"turns":4.0},{"damage":11.0,"enemies":"Small Slimes","floor":4.0,"turns":3.0},{"damage":14.0,"enemies":"Exordium Wildlife","floor":5.0,"turns":4.0},{"damage":4.0,"enemies":"2 Fungi Beasts","floor":7.0,"turns":4.0},{"damage":34,"enemies":"Lagavulin","floor":8,"turns":7},{"damage":5,"enemies":"Gremlin Nob","floor":10,"turns":2}],"seed_played":"6870152612110669174","potions_obtained":[{"floor":1.0,"key":"DistilledChaos"},{"floor":2.0,"key":"Ancient Potion"},{"floor":5.0,"key":"FearPotion"}],"is_trial":false,"path_per_floor":["M","M","?","M","M","R","M","E","T","E"],"character_chosen":"DEFECT","items_purchased":[],"campfire_rested":0,"item_purchase_floors":[],"current_hp_per_floor":[66,66,66,55,41,41,37,3,3,0,0],"gold":571,"neow_bonus":"HUNDRED_GOLD","is_daily":false,"chose_seed":false,"campfire_upgraded":1,"win_rate":0.0,"timestamp":1611244992,"path_taken":["M","M","?","M","?","R","M","E","T","E"],"items_purchased_type":[],"build_version":"2020-12-22","purchased_purges":0,"victory":false,"max_hp_per_floor":[75,75,75,75,75,75,75,75,75,75,75],"relic_stats":{"counters":[7,28],"obtain_stats":[{"Frozen Egg 2":9,"Cracked Core":0,"Pocketwatch":8},{"Frozen Egg 2":6,"Cracked Core":0,"Pocketwatch":6},{"Frozen Egg 2":26,"Cracked Core":0,"Pocketwatch":26}],"Pocketwatch":[3]},"card_choices":[{"not_picked":["Chill","Storm"],"picked":"Cold Snap","floor":1.0},{"not_picked":["Hologram","Chill"],"picked":"Consume","floor":2.0},{"not_picked":["Coolheaded","Leap"],"picked":"Gash","floor":4.0},{"not_picked":["Force Field","Darkness"],"picked":"Defragment","floor":5.0},{"not_picked":["Rebound","Barrage"],"picked":"Static Discharge","floor":7.0},{"not_picked":["Streamline","Chill"],"picked":"Ball Lightning","floor":8}],"player_experience":906878,"relics_obtained":[{"floor":8,"key":"Pocketwatch"},{"floor":9,"key":"Frozen Egg 2"}],"event_choices":[{"damage_healed":0.0,"max_hp_gain":0.0,"max_hp_loss":0.0,"gold_gain":275.0,"event_name":"Golden Shrine","player_choice":"Desecrate","floor":3.0,"gold_loss":0.0,"damage_taken":0.0,"cards_obtained":["Regret"]}],"is_beta":false,"boss_relics":[],"items_purged_floors":[],"is_endless":false,"potions_floor_spawned":[1,2,5],"killed_by":"Gremlin Nob","ascension_level":13}}