{"host":"mai03x2ekbjy4059","time":1611198369,"event":{"mods":["2.2 Compatiblity","BaseMod","Colored Map","DeckTracker","Keyboard Shortcuts","Minty Spire (QoL Compilation)","Permanent Neow","Quick Restart","SuperFastMode","everything is the same but u backflip on backflip"],"gold_per_floor":[110,60,60,60,78,119,119,158,232,232,276,276,301,335,335,463,463,487,487,162,178,78,113,138,173,224,262,275,275,275,316,316,435,435,460,460,473,486,505,544,340,340,363,387,426,426,439,482,482,482,482,482,133,171,171,171],"floor_reached":55,"language":"KOR","playtime":6023,"items_purged":["Strike_G","Defend_G","Survivor","Strike_G"],"score":1082,"play_id":"3e3ded5f-b6e3-48d9-8e22-93d353171bd7","local_time":"20210121120609","is_ascension_mode":true,"campfire_choices":[{"floor":7.0,"key":"REST"},{"floor":10.0,"key":"REST"},{"data":"Neutralize","floor":12.0,"key":"SMITH"},{"floor":15.0,"key":"DIG"},{"floor":29.0,"key":"DIG"},{"floor":32.0,"key":"DIG"},{"floor":42.0,"key":"DIG"},{"floor":49.0,"key":"RECALL"},{"floor":52.0,"key":"DIG"}],"circlet_count":0,"master_deck":["Defend_G+1","Defend_G","Neutralize+1","Heel Hook","Sucker Punch","Tools of the Trade","Terror+1","Escape Plan+1","Neutralize","Adrenaline","Heel Hook","Envenom+1"],"relics":["Ring of the Snake","Pantograph","Golden Idol","Happy Flower","Shovel","Paper Crane","MealTicket","Matryoshka","StrikeDummy","Empty Cage","Singing Bowl","Lantern","Vajra","Pear","War Paint","Kunai","Art of War","Smiling Mask","Sozu","Frozen Egg 2","Juzu Bracelet","Pen Nib","Strawberry","Orichalcum","Torii","Gremlin Horn","Bottled Lightning","Lee\u0027s Waffle","Toy Ornithopter","Bronze Scales"],"acts_visited":["Exordium","TheCity","TheBeyond","TheEnding"],"potions_floor_usage":[],"damage_taken":[{"damage":0.0,"enemies":"Small Slimes","floor":1.0,"turns":5.0},{"damage":0.0,"enemies":"Jaw Worm","floor":5.0,"turns":3.0},{"damage":43.0,"enemies":"Lagavulin","floor":6.0,"turns":8.0},{"damage":8.0,"enemies":"Gremlin Nob","floor":8.0,"turns":4.0},{"damage":35.0,"enemies":"Lagavulin","floor":11.0,"turns":7.0},{"damage":0.0,"enemies":"2 Louse","floor":13.0,"turns":2.0},{"damage":9.0,"enemies":"3 Sentries","floor":14.0,"turns":9.0},{"damage":9.0,"enemies":"The Guardian","floor":16.0,"turns":12.0},{"damage":3.0,"enemies":"Spheric Guardian","floor":18.0,"turns":6.0},{"damage":0.0,"enemies":"Shell Parasite","floor":21.0,"turns":6.0},{"damage":2.0,"enemies":"Book of Stabbing","floor":23.0,"turns":8.0},{"damage":1.0,"enemies":"3 Cultists","floor":24.0,"turns":6.0},{"damage":9.0,"enemies":"Slavers","floor":25.0,"turns":7.0},{"damage":0.0,"enemies":"Book of Stabbing","floor":27.0,"turns":6.0},{"damage":0.0,"enemies":"Snake Plant","floor":28.0,"turns":3.0},{"damage":12.0,"enemies":"Slavers","floor":31.0,"turns":8.0},{"damage":5.0,"enemies":"Automaton","floor":33.0,"turns":12.0},{"damage":12.0,"enemies":"3 Shapes","floor":35.0,"turns":5.0},{"damage":0.0,"enemies":"Orb Walker","floor":37.0,"turns":3.0},{"damage":26.0,"enemies":"Sphere and 2 Shapes","floor":38.0,"turns":11.0},{"damage":0.0,"enemies":"Maw","floor":39.0,"turns":9.0},{"damage":28.0,"enemies":"Giant Head","floor":40.0,"turns":11.0},{"damage":25.0,"enemies":"4 Shapes","floor":44.0,"turns":6.0},{"damage":0.0,"enemies":"Nemesis","floor":45.0,"turns":9.0},{"damage":0.0,"enemies":"Jaw Worm Horde","floor":47.0,"turns":4.0},{"damage":0.0,"enemies":"Giant Head","floor":48.0,"turns":6.0},{"damage":41.0,"enemies":"Awakened One","floor":50.0,"turns":15.0},{"damage":140,"enemies":"Shield and Spear","floor":54,"turns":16},{"damage":41,"enemies":"The Heart","floor":55,"turns":3}],"seed_played":"7080184958910403372","potions_obtained":[{"floor":6.0,"key":"Strength Potion"},{"floor":8.0,"key":"EntropicBrew"},{"floor":14.0,"key":"FearPotion"},{"floor":16.0,"key":"DistilledChaos"},{"floor":21.0,"key":"Explosive Potion"},{"floor":24.0,"key":"Swift Potion"},{"floor":27.0,"key":"FairyPotion"},{"floor":28.0,"key":"PowerPotion"}],"is_trial":false,"path_per_floor":["M","?","T","?","M","E","R","E","T","R","E","R","M","E","R","B",null,"M","?","$","M","$","E","M","E","T","E","M","R","?","E","R","B",null,"M","?","M","M","M","E","$","R","T","M","E","?","M","E","R","B",null,"R","$","E","B"],"character_chosen":"THE_SILENT","items_purchased":["Singing Bowl","Juzu Bracelet","Lee\u0027s Waffle","Toy Ornithopter"],"campfire_rested":2,"item_purchase_floors":[20,41,53,53],"current_hp_per_floor":[63,63,63,48,48,5,23,15,15,33,13,13,13,4,4,20,63,60,60,63,63,63,63,64,57,67,69,71,71,83,73,73,82,87,77,77,79,55,55,29,44,44,51,26,28,28,30,30,30,14,106,106,113,8,0,0],"gold":171,"neow_bonus":"REMOVE_TWO","is_daily":false,"chose_seed":false,"campfire_upgraded":1,"win_rate":0.0,"timestamp":1611198369,"path_taken":["M","?","?","?","M","E","R","E","T","R","E","R","M","E","R","BOSS","M","?","$","M","?","E","M","E","T","E","M","R","?","E","R","BOSS","M","?","M","M","?","E","$","R","T","M","E","?","M","E","R","BOSS","R","$","E","BOSS"],"items_purchased_type":["Relic","Relic","Relic","Relic"],"build_version":"2020-12-22","purchased_purges":4,"victory":false,"max_hp_per_floor":[63,63,63,63,63,63,63,63,63,63,63,63,63,63,63,63,63,63,63,63,63,63,65,67,69,79,81,83,83,83,85,85,87,87,89,89,91,93,93,95,95,95,102,102,104,104,106,106,106,106,106,106,113,115,115,115],"card_choices":[{"not_picked":["Blade Dance","Cloak And Dagger"],"picked":"Heel Hook","floor":1.0},{"not_picked":["Blade Dance","All Out Attack","Concentrate"],"picked":"SKIP","floor":5.0},{"not_picked":["Flechettes","Dagger Throw"],"picked":"Sucker Punch","floor":6.0},{"not_picked":["Dodge and Roll","Endless Agony","Acrobatics"],"picked":"SKIP","floor":8.0},{"not_picked":["Tactician","Outmaneuver","Choke"],"picked":"SKIP","floor":11.0},{"not_picked":["Deflect","Underhanded Strike"],"picked":"Tools of the Trade","floor":13.0},{"not_picked":["Skewer","Flying Knee","Backflip"],"picked":"SKIP","floor":14.0},{"not_picked":["PiercingWail","Sucker Punch+1"],"picked":"Terror","floor":18.0},{"not_picked":["Dodge and Roll","Well Laid Plans"],"picked":"Escape Plan+1","floor":21.0},{"not_picked":["Expertise","Cloak And Dagger","Slice"],"picked":"Singing Bowl","floor":23.0},{"not_picked":["Skewer","Blade Dance+1","Deadly Poison"],"picked":"Singing Bowl","floor":24.0},{"not_picked":["Dagger Spray+1","Skewer+1","Concentrate"],"picked":"Singing Bowl","floor":25.0},{"not_picked":["Acrobatics","Sucker Punch","Concentrate"],"picked":"Singing Bowl","floor":27.0},{"not_picked":["Blade Dance","Finisher+1","Deflect+1"],"picked":"Singing Bowl","floor":28.0},{"not_picked":["Bane","Poisoned Stab+1","Backstab"],"picked":"Singing Bowl","floor":31.0},{"not_picked":["Burst","Corpse Explosion","Wraith Form v2"],"picked":"Singing Bowl","floor":33.0},{"not_picked":["Blade Dance","Deflect","PiercingWail"],"picked":"Singing Bowl","floor":35.0},{"not_picked":["Bane+1","Blade Dance+1","Slice"],"picked":"Singing Bowl","floor":37.0},{"not_picked":["Deadly Poison","Noxious Fumes","Cloak And Dagger"],"picked":"Singing Bowl","floor":38.0},{"not_picked":["PiercingWail","Catalyst+1"],"picked":"Adrenaline","floor":39.0},{"not_picked":["Deflect","Infinite Blades+1","Skewer"],"picked":"Singing Bowl","floor":40.0},{"not_picked":["Sucker Punch+1","Dagger Spray+1"],"picked":"Heel Hook","floor":44.0},{"not_picked":["Sucker Punch","Acrobatics","Finisher"],"picked":"Singing Bowl","floor":45.0},{"not_picked":["Accuracy+1","Acrobatics","Infinite Blades+1"],"picked":"Singing Bowl","floor":47.0},{"not_picked":["Deadly Poison","Poisoned Stab"],"picked":"Envenom+1","floor":48.0},{"not_picked":["Blade Dance+1","Catalyst+1","Venomology"],"picked":"Singing Bowl","floor":54}],"player_experience":1121253,"relics_obtained":[{"floor":3.0,"key":"Pantograph"},{"floor":6.0,"key":"Happy Flower"},{"floor":8.0,"key":"Shovel"},{"floor":9.0,"key":"Paper Crane"},{"floor":11.0,"key":"MealTicket"},{"floor":14.0,"key":"Matryoshka"},{"floor":15.0,"key":"StrikeDummy"},{"floor":23.0,"key":"Lantern"},{"floor":25.0,"key":"Vajra"},{"floor":26.0,"key":"Pear"},{"floor":27.0,"key":"War Paint"},{"floor":29.0,"key":"Kunai"},{"floor":31.0,"key":"Art of War"},{"floor":32.0,"key":"Smiling Mask"},{"floor":40.0,"key":"Frozen Egg 2"},{"floor":42.0,"key":"Pen Nib"},{"floor":43.0,"key":"Strawberry"},{"floor":43.0,"key":"Orichalcum"},{"floor":45.0,"key":"Torii"},{"floor":48.0,"key":"Gremlin Horn"},{"floor":52.0,"key":"Bottled Lightning"},{"floor":54,"key":"Bronze Scales"}],"event_choices":[{"cards_removed":["Defend_G"],"damage_healed":0.0,"max_hp_gain":0.0,"max_hp_loss":0.0,"gold_gain":0.0,"event_name":"The Cleric","player_choice":"Card Removal","floor":2.0,"gold_loss":50.0,"damage_taken":0.0},{"damage_healed":0.0,"max_hp_gain":0.0,"max_hp_loss":0.0,"gold_gain":0.0,"event_name":"Golden Idol","player_choice":"Take Damage","floor":4.0,"gold_loss":0.0,"damage_taken":15.0,"relics_obtained":["Golden Idol"]},{"damage_healed":0.0,"max_hp_gain":0.0,"max_hp_loss":0.0,"gold_gain":0.0,"event_name":"Vampires","player_choice":"Ignored","floor":19.0,"gold_loss":0.0,"damage_taken":0.0},{"damage_healed":27.0,"max_hp_gain":0.0,"max_hp_loss":0.0,"gold_gain":0.0,"event_name":"The Library","player_choice":"Heal","floor":30.0,"gold_loss":0.0,"damage_taken":0.0},{"damage_healed":0.0,"max_hp_gain":0.0,"max_hp_loss":0.0,"gold_gain":0.0,"event_name":"Match and Keep!","player_choice":"1 cards matched","floor":36.0,"gold_loss":0.0,"damage_taken":0.0,"cards_obtained":["Neutralize"]},{"damage_healed":0.0,"max_hp_gain":0.0,"max_hp_loss":0.0,"gold_gain":0.0,"event_name":"Tomb of Lord Red Mask","player_choice":"Ignored","floor":46.0,"gold_loss":0.0,"damage_taken":0.0}],"is_beta":false,"boss_relics":[{"not_picked":["Busted Crown","Coffee Dripper"],"picked":"Empty Cage"},{"not_picked":["Cursed Key","Snecko Eye"],"picked":"Sozu"}],"items_purged_floors":[20,22,41,53],"is_endless":false,"potions_floor_spawned":[6,8,14,16,21,24,27,28,35,44,45,47],"killed_by":"The Heart","ascension_level":1}}