{"host":"a3oe3gstxz77c7qu","time":1611244136,"event":{"mods":["2.2 Compatiblity","Act Like it!","Astrologer","BaseMod","Bestiary","Better Altar","Better Match","Better Note","Better Skull","Better Third Choice","Block Reminder","Curses Come First","Custom Start","Dark Map","Downfall","Fox Events","Friendly Minions","GifTheSpireLib","Hallownest","Hermit","Jorbs\u0027s Wanderer Trilogy","Lobotomy","LobotomyExtend","Marisa????????","Minty Spire (QoL Compilation)","Permanent Neow","Quick Restart","Relic Stats","Spire Arcade","StSLib","The Bug Knight","The Cursed","The Disciple","The Jungle","Uncapped","Unknown Chances","Wandering Minibosses"],"gold_per_floor":[99,117,134,134,154,154,154,164,197,216,230,245,255,255,274,376,376,376,396,410,410,410,410,410],"floor_reached":22,"language":"ENG","playtime":1897,"items_purged":[],"score":230,"play_id":"3b0f207d-d3ec-4a7d-8b7b-9db99d2273a0","local_time":"20210121154856","is_ascension_mode":true,"campfire_choices":[{"data":"Slimebound:Split","floor":1,"key":"SMITH"},{"data":"Slimebound:SpikyOuterGoop","floor":6,"key":"SMITH"},{"data":"Slimebound:SelfFormingGoo","floor":18,"key":"SMITH"}],"circlet_count":0,"master_deck":["Slimebound:Strike_Slimebound","Slimebound:Strike_Slimebound","Slimebound:Strike_Slimebound","Slimebound:Tackle","Slimebound:Defend_Slimebound","Slimebound:Defend_Slimebound","Slimebound:Defend_Slimebound","Slimebound:Defend_Slimebound","Slimebound:Split+1","Slimebound:CorrosiveSpit","Slimebound:SpikyOuterGoop+1","Slimebound:GoopSpray","Slimebound:SamplingLick","Slimebound:SplitMire","Slimebound:Dissolve","Slimebound:RainOfGoop","Slimebound:Schlurp","Slimebound:RejuvenatingLick","Slimebound:MegaLick","Slimebound:TongueLash","Slimebound:MassRepurpose","Slimebound:SelfFormingGoo+1","Pride"],"relics":["Slimebound:AbsorbEndCombat","Question Card","Tiny Chest","LetterFromLob","sneckomod:SneckoTalon","WingedGreaves"],"acts_visited":["Exordium","TheCity"],"potions_floor_usage":[11,16,19],"damage_taken":[{"damage":0,"enemies":"Cultist","floor":2,"turns":4},{"damage":10,"enemies":"2 Louse","floor":3,"turns":3},{"damage":3,"enemies":"Jaw Worm","floor":5,"turns":3},{"damage":9,"enemies":"2 Fungi Beasts","floor":8,"turns":4},{"damage":14,"enemies":"Lagavulin","floor":9,"turns":7},{"damage":13,"enemies":"Red Slaver","floor":10,"turns":3},{"damage":0,"enemies":"Exordium Thugs","floor":11,"turns":5},{"damage":5,"enemies":"2 Fungi Beasts","floor":12,"turns":3},{"damage":1,"enemies":"Lots of Slimes","floor":13,"turns":5},{"damage":7,"enemies":"Blue Slaver","floor":15,"turns":3},{"damage":37,"enemies":"DF_ARCHETYPE_STREAMLINE","floor":16,"turns":10},{"damage":14,"enemies":"Chosen","floor":19,"turns":5},{"damage":31,"enemies":"Snake Plant","floor":20,"turns":7},{"damage":40,"enemies":"Chosen and Byrds","floor":22,"turns":6}],"seed_played":"2184577977934236630","potions_obtained":[{"floor":2,"key":"SkillPotion"},{"floor":3,"key":"LiquidMemories"},{"floor":5,"key":"bronze:BurnAndBuffPotion"},{"floor":13,"key":"FearPotion"}],"is_trial":false,"path_per_floor":["R","M","M","?","M","R","T","M","E","M","M","M","M","?","M","B",null,"R","M","M","?","M"],"character_chosen":"SLIMEBOUND","items_purchased":[],"campfire_rested":0,"item_purchase_floors":[],"current_hp_per_floor":[65,65,59,65,65,65,65,62,56,49,57,58,65,70,65,36,70,70,56,33,33,0,0,0],"gold":410,"neow_bonus":"THREE_CARDS","is_daily":false,"chose_seed":false,"campfire_upgraded":3,"win_rate":0.0,"timestamp":1611244136,"path_taken":["R","M","M","?","M","R","T","M","E","M","M","M","M","?","M","BOSS","R","M","M","?","M"],"items_purchased_type":[],"build_version":"2020-12-22","purchased_purges":0,"victory":false,"max_hp_per_floor":[65,65,65,65,65,65,65,65,65,65,65,65,65,70,70,70,70,70,70,70,70,70,70,70],"relic_stats":{"counters":[14,67],"Tiny Chest":0,"Question Card":12,"obtain_stats":[{"Tiny Chest":9,"WingedGreaves":21,"Slimebound:AbsorbEndCombat":0,"LetterFromLob":15,"Question Card":7,"sneckomod:SneckoTalon":17},{"Tiny Chest":5,"WingedGreaves":13,"Slimebound:AbsorbEndCombat":0,"LetterFromLob":10,"Question Card":3,"sneckomod:SneckoTalon":11},{"Tiny Chest":21,"WingedGreaves":61,"Slimebound:AbsorbEndCombat":0,"LetterFromLob":40,"Question Card":10,"sneckomod:SneckoTalon":50}]},"card_choices":[{"not_picked":["Slimebound:RollThrough","Slimebound:LeadByExample"],"picked":"Slimebound:SpikyOuterGoop","floor":0},{"not_picked":["Slimebound:FormOfPuddle","Slimebound:LivingWall"],"picked":"Slimebound:GoopSpray","floor":2},{"not_picked":["Slimebound:LivingWall","Slimebound:BestDefense"],"picked":"Slimebound:SamplingLick","floor":3},{"not_picked":["Slimebound:LeechingTouch","Slimebound:GoopTackle"],"picked":"Slimebound:SplitMire","floor":5},{"not_picked":["Slimebound:GrowthPunch","Slimebound:ItLooksTasty","Slimebound:FinishingTackle"],"picked":"Slimebound:Dissolve","floor":8},{"not_picked":["Slimebound:FinishingTackle","Slimebound:SlimeTap","Slimebound:Teamwork"],"picked":"Slimebound:RainOfGoop","floor":9},{"not_picked":["Slimebound:SlimeSpikes","Slimebound:SplitBruiser","Slimebound:FinishingTackle"],"picked":"Slimebound:Schlurp","floor":10},{"not_picked":["Slimebound:LeechingTouch","Slimebound:SplitAcid","Slimebound:Prepare"],"picked":"Slimebound:RejuvenatingLick","floor":11},{"not_picked":["Slimebound:BestDefense","Slimebound:SamplingLick","Slimebound:ForwardTackle"],"picked":"Slimebound:MegaLick","floor":12},{"not_picked":["Slimebound:FlameTackle","Slimebound:LivingWall","Slimebound:LeechEnergy"],"picked":"Slimebound:TongueLash","floor":13},{"not_picked":["Slimebound:ComboTackle","Slimebound:SplitLeeching","Slimebound:LivingWall"],"picked":"Slimebound:MassRepurpose","floor":15},{"not_picked":["Slimebound:TagTeam","Slimebound:Darklings","Slimebound:RallyTheTroops"],"picked":"Slimebound:SelfFormingGoo","floor":16},{"not_picked":["Slimebound:ComboTackle","Slimebound:Replication","Slimebound:Dissolve+1","Slimebound:SlimeSpikes"],"picked":"SKIP","floor":19},{"not_picked":["Slimebound:Schlurp","Slimebound:GoopSpray","Slimebound:SamplingLick","Slimebound:Prepare"],"picked":"SKIP","floor":20}],"player_experience":1071694,"relics_obtained":[{"floor":7,"key":"Question Card"},{"floor":9,"key":"Tiny Chest"},{"floor":15,"key":"LetterFromLob"}],"event_choices":[{"damage_healed":0,"gold_gain":0,"player_choice":"Donut","damage_taken":0,"max_hp_gain":5,"max_hp_loss":0,"event_name":"Big Fish","floor":14,"gold_loss":0},{"damage_healed":0,"gold_gain":0,"player_choice":"Stole Relic","damage_taken":0,"relics_obtained":["WingedGreaves"],"max_hp_gain":0,"max_hp_loss":0,"event_name":"Addict","floor":21,"gold_loss":0,"cards_obtained":["Pride"]}],"is_beta":false,"boss_relics":[{"not_picked":["Slimebound:TarBlob","SlaversCollar"],"picked":"sneckomod:SneckoTalon"}],"items_purged_floors":[],"is_endless":false,"potions_floor_spawned":[2,3,5,13],"killed_by":"Chosen and Byrds","ascension_level":4}}