{"host":"qxeepl7ydvsgmfdb","time":1611246817,"event":{"mods":["AchievementEnabler","BaseMod","Colored Powertips","Minty Spire (QoL Compilation)","Quick Restart","slay the spire mod where everything is the same but ironclad has a cowboy hat"],"gold_per_floor":[110,128,148,166,185,216,235,256,256,284,297,76,76,89,89,217,217,242,242,242,242,227,227,240,261,314,314,357,357,482,515,515,634,634,652,985,985,856,902,902,902,952,952,768,768,783,797,261,261,261,261,261,19,54,54,54],"floor_reached":55,"language":"ENG","playtime":2311,"items_purged":["Strike_G","Strike_G","Defend_G","Defend_G"],"score":765,"play_id":"2c8579d8-7e5a-4340-8cfd-24628e5e731d","local_time":"20210121113337","is_ascension_mode":false,"campfire_choices":[{"floor":15.0,"key":"REST"},{"floor":23.0,"key":"RECALL"},{"floor":27.0,"key":"REST"},{"floor":29.0,"key":"REST"},{"floor":32.0,"key":"REST"},{"data":"Finisher","floor":40.0,"key":"SMITH"},{"data":"Envenom","floor":45.0,"key":"SMITH"},{"floor":49.0,"key":"REST"},{"data":"Cloak And Dagger","floor":52,"key":"SMITH"}],"circlet_count":0,"master_deck":["Strike_G","Strike_G","Defend_G","Defend_G","Defend_G","Survivor","Neutralize","Blade Dance","Dagger Spray","Poisoned Stab","Noxious Fumes","Footwork","Deflect","Cloak And Dagger+1","Deadly Poison","Injury","Envenom+1","Poisoned Stab","Strike_G+1","Backstab","Slice","Finisher+1","Backflip","Cloak And Dagger+1","Prepared","Deadly Poison"],"relics":["Philosopher\u0027s Stone","Matryoshka","Odd Mushroom","Bag of Marbles","Orichalcum","PreservedInsect","Membership Card","Black Star","HornCleat","Toy Ornithopter","Bird Faced Urn","Sundial","Mango","Kunai","Du-Vu Doll","Bronze Scales","SlaversCollar","Juzu Bracelet","Dead Branch","Incense Burner","Mercury Hourglass","Gremlin Horn","Ginger","OrangePellets","Unceasing Top","Lee\u0027s Waffle","Letter Opener","Bottled Lightning","Blue Candle"],"acts_visited":["Exordium","TheCity","TheBeyond","TheEnding"],"potions_floor_usage":[50,50,50,55],"damage_taken":[{"damage":0.0,"enemies":"Cultist","floor":1.0,"turns":5.0},{"damage":0.0,"enemies":"Small Slimes","floor":2.0,"turns":3.0},{"damage":0.0,"enemies":"2 Louse","floor":3.0,"turns":2.0},{"damage":1.0,"enemies":"Looter","floor":4.0,"turns":3.0},{"damage":2.0,"enemies":"3 Louse","floor":5.0,"turns":3.0},{"damage":25.0,"enemies":"3 Sentries","floor":6.0,"turns":7.0},{"damage":0.0,"enemies":"2 Fungi Beasts","floor":7.0,"turns":3.0},{"damage":12.0,"enemies":"The Mushroom Lair","floor":8.0,"turns":4.0},{"damage":16.0,"enemies":"Gremlin Nob","floor":10.0,"turns":5.0},{"damage":0.0,"enemies":"Lots of Slimes","floor":11.0,"turns":1.0},{"damage":0.0,"enemies":"Exordium Wildlife","floor":14.0,"turns":2.0},{"damage":7.0,"enemies":"The Guardian","floor":16.0,"turns":10.0},{"damage":32.0,"enemies":"Spheric Guardian","floor":18.0,"turns":7.0},{"damage":8.0,"enemies":"2 Thieves","floor":22.0,"turns":4.0},{"damage":0.0,"enemies":"Centurion and Healer","floor":24.0,"turns":6.0},{"damage":6.0,"enemies":"Snecko","floor":25.0,"turns":5.0},{"damage":38.0,"enemies":"Gremlin Leader","floor":28.0,"turns":5.0},{"damage":20.0,"enemies":"Colosseum Slavers","floor":30.0,"turns":4.0},{"damage":10.0,"enemies":"Colosseum Nobs","floor":30.0,"turns":5.0},{"damage":13.0,"enemies":"Book of Stabbing","floor":31.0,"turns":4.0},{"damage":51.0,"enemies":"Champ","floor":33.0,"turns":11.0},{"damage":3.0,"enemies":"Orb Walker","floor":35.0,"turns":3.0},{"damage":24.0,"enemies":"2 Orb Walkers","floor":39.0,"turns":6.0},{"damage":1.0,"enemies":"Mind Bloom Boss Battle","floor":42.0,"turns":6.0},{"damage":31.0,"enemies":"3 Darklings","floor":46.0,"turns":4.0},{"damage":8.0,"enemies":"Jaw Worm Horde","floor":47.0,"turns":4.0},{"damage":72,"enemies":"Time Eater","floor":50,"turns":11},{"damage":30,"enemies":"Shield and Spear","floor":54,"turns":5},{"damage":95,"enemies":"The Heart","floor":55,"turns":8}],"seed_played":"6132459085408945339","potions_obtained":[{"floor":2.0,"key":"Explosive Potion"},{"floor":3.0,"key":"FearPotion"},{"floor":4.0,"key":"EntropicBrew"},{"floor":16.0,"key":"DistilledChaos"},{"floor":18.0,"key":"AttackPotion"},{"floor":30.0,"key":"Fire Potion"},{"floor":33.0,"key":"SteroidPotion"},{"floor":35.0,"key":"SpeedPotion"}],"is_trial":false,"path_per_floor":["M","M","M","M","M","E","M","?","T","E","M","$","?","M","R","B",null,"M","?","?","?","M","R","M","M","T","R","E","R","?","E","R","B",null,"M","?","?","$","?","R","?","?","T","$","R","M","M","$","R","B",null,"R","$","E","B"],"character_chosen":"THE_SILENT","items_purchased":["Membership Card","Deadly Poison","Juzu Bracelet","Gremlin Horn","Ginger","OrangePellets","Unceasing Top","GhostInAJar","Prepared","Deadly Poison","Lee\u0027s Waffle","Letter Opener","Regen Potion"],"campfire_rested":5,"item_purchase_floors":[12,12,38,44,48,48,48,48,48,48,53,53,53],"current_hp_per_floor":[70,70,70,69,67,42,42,30,30,14,14,14,14,14,35,28,70,38,38,38,38,30,30,30,24,24,45,12,33,30,21,46,1,84,83,83,80,80,60,60,60,67,67,67,67,42,40,40,64,13,80,80,87,61,0,0],"gold":54,"neow_bonus":"BOSS_RELIC","is_daily":false,"chose_seed":false,"campfire_upgraded":3,"win_rate":0.0,"timestamp":1611246817,"path_taken":["M","?","M","M","M","E","M","?","T","E","M","$","?","M","R","BOSS","M","?","?","?","?","R","M","M","T","R","E","R","?","E","R","BOSS","M","?","?","$","?","R","?","?","T","$","R","M","M","$","R","BOSS","R","$","E","BOSS"],"items_purchased_type":["Relic","Card","Relic","Relic","Relic","Relic","Relic","Potion","Card","Card","Relic","Relic","Potion"],"build_version":"2020-12-22","purchased_purges":4,"victory":false,"max_hp_per_floor":[70,70,70,70,70,70,70,70,70,70,70,70,70,70,70,70,70,70,70,70,70,70,70,70,70,70,70,70,70,84,84,84,84,84,84,84,80,80,80,80,80,80,80,80,80,80,80,80,80,80,80,80,87,87,87,87],"card_choices":[{"not_picked":["Distraction","Deflect"],"picked":"Blade Dance","floor":1.0},{"not_picked":["Tactician","Outmaneuver","Dash"],"picked":"SKIP","floor":2.0},{"not_picked":["Quick Slash","Deflect"],"picked":"Dagger Spray","floor":3.0},{"not_picked":["Burst","Underhanded Strike"],"picked":"Poisoned Stab","floor":4.0},{"not_picked":["Flying Knee","Endless Agony"],"picked":"Noxious Fumes","floor":5.0},{"not_picked":["Flechettes","Crippling Poison"],"picked":"Footwork","floor":6.0},{"not_picked":["Masterful Stab","PiercingWail"],"picked":"Deflect","floor":7.0},{"not_picked":["Predator","Skewer"],"picked":"Cloak And Dagger","floor":8.0},{"not_picked":["Dagger Throw","Tactician","A Thousand Cuts"],"picked":"SKIP","floor":10.0},{"not_picked":["Escape Plan","Prepared","Dodge and Roll"],"picked":"SKIP","floor":11.0},{"not_picked":["Dagger Throw","PiercingWail","Bouncing Flask"],"picked":"SKIP","floor":14.0},{"not_picked":["Storm of Steel","Doppelganger"],"picked":"Envenom","floor":16.0},{"not_picked":["Reflex","Backflip"],"picked":"Poisoned Stab","floor":18.0},{"not_picked":["Outmaneuver","Deadly Poison"],"picked":"Backstab","floor":22.0},{"not_picked":["Bane+1","Concentrate"],"picked":"Slice","floor":24.0},{"not_picked":["Flying Knee+1","Blur","Choke+1"],"picked":"SKIP","floor":25.0},{"not_picked":["Choke+1","Eviscerate","Tactician"],"picked":"SKIP","floor":28.0},{"not_picked":["Prepared","Sucker Punch"],"picked":"Finisher","floor":30.0},{"not_picked":["Escape Plan+1","Masterful Stab+1"],"picked":"Backflip","floor":31.0},{"not_picked":["Acrobatics","All Out Attack+1"],"picked":"Cloak And Dagger+1","floor":35.0},{"not_picked":["Terror+1","Blade Dance","Quick Slash+1"],"picked":"SKIP","floor":46.0},{"not_picked":["Escape Plan+1","Finisher","Backflip+1"],"picked":"SKIP","floor":47.0},{"not_picked":["Predator+1","Quick Slash","Outmaneuver"],"picked":"SKIP","floor":54}],"player_experience":196793,"relics_obtained":[{"floor":6.0,"key":"Matryoshka"},{"floor":8.0,"key":"Odd Mushroom"},{"floor":9.0,"key":"Bag of Marbles"},{"floor":9.0,"key":"Orichalcum"},{"floor":10.0,"key":"PreservedInsect"},{"floor":26.0,"key":"Toy Ornithopter"},{"floor":28.0,"key":"Bird Faced Urn"},{"floor":28.0,"key":"Sundial"},{"floor":30.0,"key":"Mango"},{"floor":30.0,"key":"Kunai"},{"floor":31.0,"key":"Du-Vu Doll"},{"floor":31.0,"key":"Bronze Scales"},{"floor":39.0,"key":"Dead Branch"},{"floor":42.0,"key":"Incense Burner"},{"floor":43.0,"key":"Mercury Hourglass"},{"floor":54,"key":"Bottled Lightning"},{"floor":54,"key":"Blue Candle"}],"event_choices":[{"damage_healed":0.0,"max_hp_gain":0.0,"max_hp_loss":0.0,"gold_gain":0.0,"event_name":"Mushrooms","player_choice":"Fought Mushrooms","floor":8.0,"gold_loss":0.0,"damage_taken":0.0},{"damage_healed":0.0,"max_hp_gain":0.0,"max_hp_loss":0.0,"gold_gain":0.0,"event_name":"Golden Idol","player_choice":"Take Wound","floor":13.0,"gold_loss":0.0,"damage_taken":0.0,"relics_obtained":["Golden Idol"],"cards_obtained":["Injury"]},{"damage_healed":0.0,"max_hp_gain":0.0,"max_hp_loss":0.0,"gold_gain":0.0,"event_name":"Ghosts","player_choice":"Ignored","floor":19.0,"gold_loss":0.0,"damage_taken":0.0},{"damage_healed":0.0,"max_hp_gain":0.0,"max_hp_loss":0.0,"gold_gain":0.0,"event_name":"The Mausoleum","player_choice":"Opened","floor":20.0,"gold_loss":0.0,"damage_taken":0.0,"relics_obtained":["HornCleat"]},{"cards_removed":["Strike_G"],"damage_healed":0.0,"max_hp_gain":0.0,"max_hp_loss":0.0,"gold_gain":0.0,"event_name":"NoteForYourself","player_choice":"Took Card","floor":21.0,"gold_loss":0.0,"damage_taken":0.0,"cards_obtained":["Strike_G"]},{"damage_healed":0.0,"max_hp_gain":0.0,"max_hp_loss":0.0,"gold_gain":0.0,"event_name":"Colosseum","player_choice":"Fight","floor":30.0,"gold_loss":0.0,"damage_taken":0.0},{"damage_healed":0.0,"max_hp_gain":0.0,"max_hp_loss":0.0,"gold_gain":0.0,"event_name":"Colosseum","player_choice":"Fought Nobs","floor":30.0,"gold_loss":0.0,"damage_taken":0.0},{"damage_healed":0.0,"max_hp_gain":0.0,"max_hp_loss":0.0,"gold_gain":333.0,"event_name":"The Moai Head","player_choice":"Gave Idol","floor":36.0,"relics_lost":["Golden Idol"],"gold_loss":0.0,"damage_taken":0.0},{"damage_healed":0.0,"max_hp_gain":0.0,"max_hp_loss":4.0,"gold_gain":0.0,"event_name":"Winding Halls","player_choice":"Max HP","floor":37.0,"gold_loss":0.0,"damage_taken":0.0},{"damage_healed":0.0,"max_hp_gain":0.0,"max_hp_loss":0.0,"gold_gain":0.0,"event_name":"Mysterious Sphere","player_choice":"Fight","floor":39.0,"gold_loss":0.0,"damage_taken":0.0},{"damage_healed":0.0,"max_hp_gain":0.0,"max_hp_loss":0.0,"gold_gain":0.0,"event_name":"Tomb of Lord Red Mask","player_choice":"Ignored","floor":41.0,"gold_loss":0.0,"damage_taken":0.0},{"damage_healed":0.0,"max_hp_gain":0.0,"max_hp_loss":0.0,"gold_gain":0.0,"event_name":"MindBloom","player_choice":"Fight","floor":42.0,"gold_loss":0.0,"damage_taken":0.0}],"is_beta":false,"boss_relics":[{"not_picked":["Astrolabe","Tiny House"],"picked":"Black Star"},{"not_picked":["Busted Crown","Sozu"],"picked":"SlaversCollar"}],"items_purged_floors":[12,38,44,48],"is_endless":false,"potions_floor_spawned":[2,3,4,8,14,16,18,22,30,33,35,42],"killed_by":"The Heart","ascension_level":0}}