{"host":"qmnyg5dk1o6rw6mz","time":1611259891,"event":{"mods":["AchievementEnabler","Act Like it!","AlwaysNeverKeys","BaseMod","Block Reminder","Colored Map","DeckTracker","Downfall","Highlight Path","Minty Spire (QoL Compilation)","Pale of the Ancients","Quick Restart","StSLib","SuperFastMode"],"gold_per_floor":[99,99,99,99,99,117,170,196,213,213,213,233,233,260,276,377,377,177,192,192,192,211,229,283,309,328,328,341,351,251,281,300,400,400,400,415,465,85,85,85,137,151,151,0,13,13,42,54,67,67,67,67],"floor_reached":50,"language":"ZHS","playtime":2163,"items_purged":["downfall:Malfunctioning"],"score":672,"play_id":"99fd9263-b23e-470c-abd1-62831732c66d","local_time":"20210122041131","is_ascension_mode":false,"campfire_choices":[{"data":"Slimebound:Split","floor":1,"key":"SMITH"},{"data":"Slimebound:DuplicatedForm","floor":11,"key":"SMITH"},{"data":"Slimebound:OozeBath","floor":18,"key":"SMITH"},{"data":"Slimebound:OozeBath","floor":27,"key":"SMITH"},{"data":"Slimebound:ItLooksTasty","floor":30,"key":"SMITH"},{"data":"Slimebound:DouseInSlime","floor":35,"key":"SMITH"},{"data":"Slimebound:AcidTongue","floor":46,"key":"SMITH"}],"circlet_count":0,"master_deck":["Slimebound:Tackle","Slimebound:Defend_Slimebound+1","Slimebound:Defend_Slimebound","Slimebound:Split+1","Slimebound:CorrosiveSpit","Slimebound:Equalize+1","Slimebound:RejuvenatingLick","Slimebound:DuplicatedForm+1","Slimebound:GoopSpray","Slimebound:Grow+1","Slimebound:ViciousTackle","Slimebound:GrowthPunch","Slimebound:HauntingLick","Slimebound:ItLooksTasty+1","Slimebound:OozeBath+1","Slimebound:OozeBath+1","Slimebound:OozeBath+1","Slimebound:Gluttony+1","Slimebound:GoopSpray+1","Slimebound:SamplingLick","Slimebound:HauntingLick","Pain","Slimebound:TongueLash","Slimebound:LeechEnergy","Slimebound:MegaLick","Slimebound:FinishingTackle","Slimebound:MegaLick","Slimebound:Schlurp","Slimebound:DouseInSlime+1","Slimebound:Schlurp+1","Slimebound:ViciousTackle","Slimebound:OozeBath","Slimebound:Gluttony","Slimebound:ViciousTackle+1","Slimebound:DouseInSlime+1","Slimebound:AcidTongue+1"],"relics":["Slimebound:AbsorbEndCombat","downfall:HeartsMalice","Toy Ornithopter","CaptainsWheel","Potion Belt","Astrolabe","downfall:HeartBlessingRed","downfall:HeartBlessingBlue","WarpedTongs","Centennial Puzzle","Singing Bowl","downfall:HeartBlessingGreen","Juzu Bracelet","Coffee Dripper","Unceasing Top","Torii","Anchor","Blue Candle","downfall:TeleportStone","Regal Pillow","ClockworkSouvenir","InkBottle"],"acts_visited":["Exordium","TheCity","TheBeyond"],"potions_floor_usage":[9,12,19,25,28,28,31,38,38,47,50,50,50,50],"damage_taken":[{"damage":0,"enemies":"Jaw Worm","floor":2,"turns":1},{"damage":0,"enemies":"Cultist","floor":3,"turns":1},{"damage":0,"enemies":"Small Slimes","floor":5,"turns":1},{"damage":3,"enemies":"3 Louse","floor":6,"turns":2},{"damage":44,"enemies":"3 Sentries","floor":8,"turns":5},{"damage":5,"enemies":"Blue Slaver","floor":9,"turns":2},{"damage":18,"enemies":"Gremlin Gang","floor":12,"turns":3},{"damage":34,"enemies":"Lagavulin","floor":14,"turns":4},{"damage":4,"enemies":"3 Louse","floor":15,"turns":3},{"damage":56,"enemies":"WA_ARCHETYPE_RETAIN","floor":16,"turns":6},{"damage":11,"enemies":"3 Byrds","floor":19,"turns":4},{"damage":12,"enemies":"Spheric Guardian","floor":22,"turns":4},{"damage":14,"enemies":"Cultist and Chosen","floor":23,"turns":6},{"damage":43,"enemies":"Book of Stabbing","floor":25,"turns":4},{"damage":28,"enemies":"Chosen and Byrds","floor":26,"turns":5},{"damage":38,"enemies":"Centurion and Healer","floor":28,"turns":3},{"damage":8,"enemies":"Snake Plant","floor":29,"turns":3},{"damage":22,"enemies":"Gremlin Leader","floor":31,"turns":4},{"damage":22,"enemies":"Snecko","floor":32,"turns":4},{"damage":45,"enemies":"IC_MUSHROOM_ARCHETYPE","floor":33,"turns":6},{"damage":42,"enemies":"3 Darklings","floor":36,"turns":5},{"damage":44,"enemies":"3 Darklings","floor":37,"turns":6},{"damage":19,"enemies":"downfall:FleeingMerchant","floor":38,"turns":4},{"damage":0,"enemies":"Orb Walker","floor":42,"turns":2},{"damage":6,"enemies":"3 Darklings","floor":45,"turns":4},{"damage":34,"enemies":"Nemesis","floor":47,"turns":5},{"damage":1,"enemies":"Sphere and 2 Shapes","floor":48,"turns":4},{"damage":10,"enemies":"4 Shapes","floor":49,"turns":3},{"damage":111,"enemies":"SI_POISON_ARCHETYPE","floor":50,"turns":6}],"seed_played":"-5957912208391728575","potions_obtained":[{"floor":6,"key":"Energy Potion"},{"floor":8,"key":"DuplicationPotion"},{"floor":9,"key":"Energy Potion"},{"floor":14,"key":"Fire Potion"},{"floor":16,"key":"EssenceOfSteel"},{"floor":22,"key":"SteroidPotion"},{"floor":23,"key":"champ:CounterPotion"},{"floor":25,"key":"Slimebound:SpawnSlimePotion"},{"floor":26,"key":"Fire Potion"},{"floor":32,"key":"Dexterity Potion"},{"floor":36,"key":"Block Potion"},{"floor":37,"key":"Energy Potion"},{"floor":42,"key":"LiquidMemories"},{"floor":45,"key":"Slimebound:SpawnSlimePotion"}],"is_trial":false,"path_per_floor":["R","M","M","?","M","M","T","E","M","?","R","M","?","E","M","B",null,"R","M","?","?","M","M","T","E","M","R","M","M","R","E","M","B",null,"R","M","?","$","?","?","T","M","?","$","M","R","E","M","M","B"],"character_chosen":"SLIMEBOUND","items_purchased":["Torii","Slimebound:OozeBath","Anchor","Slimebound:Gluttony","ClockworkSouvenir"],"campfire_rested":0,"item_purchase_floors":[38,38,38,38,44],"current_hp_per_floor":[65,65,65,65,65,65,65,52,64,64,64,65,65,58,60,30,65,75,75,75,75,69,69,69,54,61,61,52,62,62,67,68,52,79,79,66,64,78,73,73,73,77,77,77,81,81,64,85,85,0,0,0],"gold":67,"neow_bonus":"THREE_ENEMY_KILL","is_daily":false,"chose_seed":false,"campfire_upgraded":7,"win_rate":0.0,"timestamp":1611259891,"path_taken":["R","M","M","?","M","?","T","E","M","?","R","M","?","E","M","BOSS","R","M","?","?","?","M","T","E","M","R","M","M","R","E","M","BOSS","R","M","?","$","?","?","T","M","?","?","M","R","E","M","M","BOSS"],"items_purchased_type":["Relic","Card","Relic","Card","Relic"],"build_version":"2020-12-22","purchased_purges":1,"victory":false,"max_hp_per_floor":[65,65,65,65,65,65,65,65,65,65,65,65,65,65,65,65,65,75,75,75,75,75,75,75,75,75,75,75,75,75,77,79,79,79,79,79,81,81,81,81,81,81,81,81,81,81,83,85,87,87,87,87],"card_choices":[{"not_picked":["Slimebound:RejuvenatingLick","Slimebound:Prepare"],"picked":"Slimebound:Equalize","floor":2},{"not_picked":["Slimebound:LivingWall","Slimebound:DisruptingSlam"],"picked":"Slimebound:RejuvenatingLick","floor":3},{"not_picked":["Slimebound:RollThrough","Slimebound:LeechingTouch"],"picked":"Slimebound:GoopSpray","floor":5},{"not_picked":["Slimebound:SlimeBrawl","Slimebound:Replication"],"picked":"Slimebound:Grow","floor":6},{"not_picked":["Slimebound:ComboTackle","Slimebound:Grow"],"picked":"Slimebound:ViciousTackle","floor":8},{"not_picked":["Slimebound:FlameTackle","Slimebound:ProtectTheBoss"],"picked":"Slimebound:GrowthPunch","floor":9},{"not_picked":["Slimebound:GoopSpray","Slimebound:SlimeSpikes"],"picked":"Slimebound:HauntingLick","floor":12},{"not_picked":["Slimebound:Grow","Slimebound:Chomp"],"picked":"Slimebound:ItLooksTasty","floor":14},{"not_picked":["Slimebound:AcidTongue","Slimebound:SplitBruiser"],"picked":"Slimebound:OozeBath","floor":15},{"not_picked":["Slimebound:Teamwork","Slimebound:LeechLife"],"picked":"Slimebound:OozeBath","floor":16},{"not_picked":["Slimebound:RollThrough","Slimebound:Chomp"],"picked":"Slimebound:SamplingLick","floor":19},{"not_picked":["Slimebound:Nibble","Slimebound:GoopTackle"],"picked":"Slimebound:TongueLash","floor":22},{"not_picked":["Slimebound:SlimeBarrage","Slimebound:SplitLeeching"],"picked":"Slimebound:LeechEnergy","floor":23},{"not_picked":["Slimebound:SplitMire","Slimebound:PressTheAttack+1"],"picked":"Slimebound:MegaLick","floor":25},{"not_picked":["Slimebound:SlimeSpikes","Slimebound:GoopSpray"],"picked":"Slimebound:FinishingTackle","floor":26},{"not_picked":["Slimebound:FirmFortitude","Slimebound:FormOfPuddle+1"],"picked":"Slimebound:MegaLick","floor":28},{"not_picked":["Slimebound:GoopSpray","Slimebound:LeechingTouch"],"picked":"Slimebound:Schlurp","floor":29},{"not_picked":["Slimebound:SplitAcid+1","Slimebound:Recollect","Slimebound:Replication+1"],"picked":"Singing Bowl","floor":31},{"not_picked":["Slimebound:HungryTackle+1","Slimebound:ProtectTheBoss+1","Slimebound:ItLooksTasty+1"],"picked":"Singing Bowl","floor":32},{"not_picked":["Slimebound:SelfFormingGoo","Slimebound:Overexert"],"picked":"Slimebound:DouseInSlime","floor":33},{"not_picked":["Slimebound:ComboTackle","Slimebound:RollThrough+1"],"picked":"Slimebound:Schlurp+1","floor":36},{"not_picked":["Slimebound:GoopSpray","Slimebound:SamplingLick","Slimebound:SplitAcid"],"picked":"Singing Bowl","floor":37},{"not_picked":["Slimebound:FinishingTackle+1","Slimebound:ItLooksTasty+1"],"picked":"Slimebound:ViciousTackle","floor":38},{"not_picked":["Slimebound:HauntingLick+1","Slimebound:LeechEnergy+1"],"picked":"Slimebound:ViciousTackle+1","floor":42},{"not_picked":["Slimebound:LeechEnergy","Slimebound:LivingWall"],"picked":"Slimebound:AcidTongue","floor":45},{"not_picked":["Slimebound:LivingWall+1","Slimebound:ComboTackle+1","Slimebound:PressTheAttack+1"],"picked":"Singing Bowl","floor":47},{"not_picked":["Slimebound:RollThrough","Slimebound:FinishingTackle+1","Slimebound:GrowthPunch+1"],"picked":"Singing Bowl","floor":48},{"not_picked":["Slimebound:SlimeBarrage+1","Slimebound:RainOfGoop+1","Slimebound:LeechEnergy+1"],"picked":"Singing Bowl","floor":49}],"player_experience":110685,"relics_obtained":[{"floor":7,"key":"Toy Ornithopter"},{"floor":8,"key":"CaptainsWheel"},{"floor":14,"key":"Potion Belt"},{"floor":24,"key":"Centennial Puzzle"},{"floor":25,"key":"Singing Bowl"},{"floor":31,"key":"Juzu Bracelet"},{"floor":37,"key":"Unceasing Top"},{"floor":41,"key":"Regal Pillow"},{"floor":47,"key":"InkBottle"}],"event_choices":[{"damage_healed":0,"gold_gain":0,"player_choice":"Read","damage_taken":0,"max_hp_gain":0,"max_hp_loss":0,"event_name":"The Library","floor":20,"gold_loss":0,"cards_obtained":["Slimebound:HauntingLick"]},{"damage_healed":0,"gold_gain":0,"player_choice":"Rummage","damage_taken":0,"relics_obtained":["WarpedTongs"],"max_hp_gain":0,"max_hp_loss":0,"event_name":"Accursed Blacksmith","floor":21,"gold_loss":0,"cards_obtained":["Pain"]}],"is_beta":false,"boss_relics":[{"not_picked":["Empty Cage","Velvet Choker"],"picked":"Astrolabe"},{"not_picked":["bronze:MakeshiftBattery","SlaversCollar"],"picked":"Coffee Dripper"}],"items_purged_floors":[38],"is_endless":false,"potions_floor_spawned":[6,8,9,14,16,22,23,25,26,32,36,37,42,45],"killed_by":"SI_POISON_ARCHETYPE","ascension_level":0}}