{"host":"neshiy0twyn5josp","time":1611246948,"event":{"mods":["AchievementEnabler","Act Like it!","AlwaysNeverKeys","Aspiration","BaseMod","Better Note","Better Silent Start","Better Third Choice","Challenge The Spire","Colored Powertips","Conspire","Emptier Cage","Energized Spire","GifTheSpireLib","Hubris","Minty Spire (QoL Compilation)","Permanent Neow","Quick Restart","Rare Cards Sparkle","Replay The Spire","Reworked Bosses","Spicy Shops","StS++","StSLib","Stuff the Spire"],"gold_per_floor":[110,12,25,41,54,87,162,176,176,176,176,176],"floor_reached":11,"language":"ENG","playtime":329,"items_purged":["Defend_B","Voices"],"score":90,"play_id":"bc7894ad-9565-4ce1-a334-718150c69034","local_time":"20210121083548","is_ascension_mode":true,"campfire_choices":[{"data":"Reprogram","floor":10,"key":"SMITH"}],"circlet_count":0,"master_deck":["Strike_B+1","Strike_B+1","Strike_B","Strike_B","Defend_B","Defend_B","Defend_B","Zap","Dualcast","Gash","Gash","FTL","FTL","Reprogram+1"],"relics":["Cracked Core","ReplayTheSpireMod:CursedCoin","StuffTheSpire:EmeraldSignet","Simple Rune"],"acts_visited":["Exordium"],"potions_floor_usage":[5],"damage_taken":[{"damage":1,"enemies":"Cultist","floor":1,"turns":3},{"damage":2,"enemies":"2 Louse","floor":3,"turns":2},{"damage":2,"enemies":"Jaw Worm","floor":4,"turns":2},{"damage":15,"enemies":"Large Slime","floor":5,"turns":4},{"damage":16,"enemies":"Gremlin Nob","floor":6,"turns":3},{"damage":12,"enemies":"Exordium Thugs","floor":8,"turns":4},{"damage":20,"enemies":"Lagavulin","floor":11,"turns":2}],"seed_played":"8437939095312431315","potions_obtained":[{"floor":3,"key":"SpeedPotion"},{"floor":6,"key":"Block Potion"},{"floor":8,"key":"StSpp:ScatteredPotion"}],"is_trial":false,"path_per_floor":["M","$","M","M","M","E","?","M","T","R","E"],"character_chosen":"DEFECT","items_purchased":["ReplayTheSpireMod:CursedCoin","FTL"],"campfire_rested":0,"item_purchase_floors":[2,2],"current_hp_per_floor":[74,74,72,70,55,39,28,20,20,20,0,0],"gold":176,"neow_bonus":"THREE_CARDS","is_daily":false,"chose_seed":false,"campfire_upgraded":1,"win_rate":0.0,"timestamp":1611246948,"path_taken":["M","$","M","?","M","E","?","M","T","R","E"],"items_purchased_type":["Relic","Card"],"build_version":"2020-12-22","purchased_purges":2,"victory":false,"max_hp_per_floor":[75,75,75,75,75,75,75,75,75,75,75,75],"card_choices":[{"not_picked":["Steam","Stack"],"picked":"Gash","floor":0},{"not_picked":["Compile Driver","ReplayTheSpireMod:System Scan"],"picked":"Gash","floor":1},{"not_picked":["Compile Driver","Go for the Eyes","Conserve Battery"],"picked":"SKIP","floor":3},{"not_picked":["BasicCrystalCard","Conserve Battery","Self Repair"],"picked":"SKIP","floor":4},{"not_picked":["Chaos","Reprogram","Tempest"],"picked":"SKIP","floor":5},{"not_picked":["Chaos","Tempest"],"picked":"Reprogram","floor":5},{"not_picked":["BootSequence","Loop","Rebound"],"picked":"SKIP","floor":6},{"not_picked":["Self Repair","ReplayTheSpireMod:Reroute Power","BootSequence"],"picked":"SKIP","floor":8}],"player_experience":275955,"relics_obtained":[{"floor":6,"key":"StuffTheSpire:EmeraldSignet"},{"floor":9,"key":"Simple Rune"}],"event_choices":[{"damage_healed":0,"gold_gain":75,"player_choice":"Gold","damage_taken":11,"max_hp_gain":0,"max_hp_loss":0,"event_name":"betterThird:BetterGoop","floor":7,"gold_loss":0}],"is_beta":false,"boss_relics":[],"items_purged_floors":[2,2],"is_endless":false,"potions_floor_spawned":[3,6,8],"killed_by":"Lagavulin","ascension_level":4}}