{"host":"ln8zowmpyx5bxamj","time":1611204850,"event":{"mods":["Abigail Mod","Act Like it!","BaseMod","Chen","Colored Map","Conspire","Gensokyo","GifTheSpireLib","Hallownest","Hubris","Koishi","Luminous","Marisa????????","Minty Spire (QoL Compilation)","Prisma Mod","Reimu??????","Remilia??????","Replay The Spire","SIMod","Shade Mod","StSLib","The Administrix","The Alterego","The Blackbeard","The Bug Knight","The Construct","The Cursed","The Gatherer","The Hierophant","The Judge","The Marked","The Mystic","The Necromancer","The Saiyan","The Senshi","The Servant 0.9.4","The Vixen","TheFirefly","Uncapped","Yakumo Yukari mod","Yuyuko"],"gold_per_floor":[112,123,141,141,16,16,16,16],"floor_reached":7,"language":"ENG","playtime":1184,"items_purged":[],"score":41,"play_id":"433f351b-e668-4bda-a3f4-0b0441a8bd5d","local_time":"20210120225410","is_ascension_mode":false,"campfire_choices":[{"data":"KidneyShot","floor":6,"key":"SMITH"}],"circlet_count":0,"master_deck":["Strike_S","Strike_S","Strike_S","Strike_S","Defend_S","Defend_S","Defend_S","Defend_S","KidneyShot+1","Exchange+1","Rewind","Foresight"],"relics":["Uniform"],"acts_visited":["Exordium"],"potions_floor_usage":[2,7,7,7],"damage_taken":[{"damage":4,"enemies":"Cultist","floor":1,"turns":5},{"damage":1,"enemies":"Jaw Worm","floor":2,"turns":7},{"damage":4,"enemies":"conspire:RoseBush","floor":3,"turns":4},{"damage":65,"enemies":"Lagavulin","floor":7,"turns":17}],"seed_played":"-4852594625357525244","potions_obtained":[{"floor":1,"key":"Languid Potion"},{"floor":2,"key":"Block Potion"}],"is_trial":false,"path_per_floor":["M","M","M","?","$","R","E"],"character_chosen":"THE_SERVANT","items_purchased":["LiquidBronze","Energy Potion"],"campfire_rested":0,"item_purchase_floors":[5,5],"current_hp_per_floor":[61,60,56,65,65,65,0,0],"gold":16,"neow_bonus":"UPGRADE_CARD","is_daily":false,"chose_seed":false,"campfire_upgraded":1,"win_rate":0.0,"timestamp":1611204850,"path_taken":["M","M","M","?","$","R","E"],"items_purchased_type":["Potion","Potion"],"build_version":"2020-12-22","purchased_purges":0,"victory":false,"max_hp_per_floor":[65,65,65,65,65,65,65,65],"card_choices":[{"not_picked":["FanOfKnives","ShiftingGears"],"picked":"ReturningBlade","floor":1},{"not_picked":["Alleviate","Replace"],"picked":"Rewind","floor":2},{"not_picked":["Potential","Spin"],"picked":"Foresight","floor":3}],"player_experience":1148713,"relics_obtained":[],"event_choices":[{"cards_removed":["ReturningBlade"],"damage_healed":9,"gold_gain":0,"player_choice":"Offered Uncommon","damage_taken":0,"max_hp_gain":0,"max_hp_loss":0,"event_name":"Bonfire Elementals","floor":4,"gold_loss":0}],"is_beta":false,"boss_relics":[],"items_purged_floors":[],"is_endless":false,"potions_floor_spawned":[1,2],"killed_by":"Lagavulin","ascension_level":0}}