{"host":"323inwdaz59hfocs","time":1611210583,"event":{"mods":["AchievementEnabler","BaseMod","BetterRewards","Colored Powertips","Conspire","Good Game Mod","Minty Spire (QoL Compilation)","Relic Stats","Replay The Spire","Shop Mod","StSLib","SuperFastMode","The Construct","The Cursed","The Gatherer","The Poker Player","Thieving Mod","[GremlinLeader]The Maniac","óô»ðÖ¸ÄÏ"],"gold_per_floor":[113,113,113,38,57,88,88,127,127,155,155,170,181,7562,7562,7665,7765,149,74,88,3079,3019,3030,3047,2689,2689,2363,1521,619,632,647,647,749,749,765,497,597,597,610,637,637,637,637,656,670,453,463,463,463,463,463],"floor_reached":50,"language":"ZHS","playtime":3912,"items_purged":["Regret","Strike_B","Strike_B","Double Energy","Defend_B","Defend_B","Strike_B"],"score":847,"play_id":"61ea4f07-adeb-4094-857f-c5b1aed02ff1","local_time":"20210121142943","is_ascension_mode":false,"campfire_choices":[{"data":"Fusion","floor":7.0,"key":"SMITH"},{"data":"BootSequence","floor":15,"key":"SMITH"},{"data":"Hologram","floor":32,"key":"SMITH"},{"data":"Hologram","floor":41,"key":"SMITH"},{"data":"Tempest","floor":49,"key":"SMITH"}],"circlet_count":0,"master_deck":["Strike_B+2","Defend_B","Zap","Dualcast+1","Fusion+1","Strike_B+2","Streamline","Streamline","Go for the Eyes","BootSequence+1","Double Energy+1","Hologram+1","Skim+1","Ball Lightning","Melter+1","Skim+1","Machine Learning+1","Turbo","Turbo","Hologram+1","Double Energy+1","Rebound","Magnetism+1","Self Repair","Go for the Eyes+1","Scrape+1","Streamline","Seek+1","Double Energy+1","Hologram+1","Panache+1","Meteor Strike+1","Thunder Strike+1","Rebound+1","Coolheaded+1","Capacitor+1","Capacitor+1","Streamline","Tempest+1","Scrape+1"],"relics":["Cracked Core","REME:ComplimentaryCards","NeowsBlessing","Onion Ring","Toolbox","Pet Ghost","HornCleat","Golden Egg","Replay:Bottled Steam","Odd Mushroom","Chemical X","Ornamental Fan","Quantum Egg","Simple Rune","Lee\u0027s Waffle","Replay:Wanted Poster","Prayer Wheel","Prayer Wheel","Ice Cream","DollysMirror","Prayer Wheel","Geode","conspire:DeflatedDodgeball","Omamori","Guide Book","Juzu Bracelet","Strawberry","conspire:TreasureMap","Iron Hammer","Bottled Flame","MerchantsRug","Ring of Hypnosis","Ring of Misfortune","Letter Opener","Art of War","Membership Card"],"acts_visited":["Exordium","TheCity","TheBeyond"],"potions_floor_usage":[16,50],"damage_taken":[{"damage":0.0,"enemies":"Small Slimes","floor":1.0,"turns":1.0},{"damage":2.0,"enemies":"conspire:RoseBush","floor":5.0,"turns":1.0},{"damage":0.0,"enemies":"3 Sentries","floor":6.0,"turns":1.0},{"damage":1.0,"enemies":"Jaw Worm","floor":8.0,"turns":3.0},{"damage":6.0,"enemies":"The Mushroom Lair","floor":10.0,"turns":5.0},{"damage":0.0,"enemies":"Exordium Wildlife","floor":12.0,"turns":3.0},{"damage":2.0,"enemies":"Gremlin Gang","floor":13.0,"turns":3.0},{"damage":1,"enemies":"Hexaghost","floor":16,"turns":9},{"damage":7,"enemies":"2 Thieves","floor":18,"turns":5},{"damage":0,"enemies":"Chosen","floor":20,"turns":3},{"damage":9,"enemies":"Shelled Parasite and Fungi","floor":23,"turns":4},{"damage":0,"enemies":"Cultist and Chosen","floor":24,"turns":3},{"damage":0,"enemies":"Centurion and Healer","floor":30,"turns":2},{"damage":0,"enemies":"Shelled Parasite and Fungi","floor":31,"turns":3},{"damage":0,"enemies":"Pondfish","floor":33,"turns":7},{"damage":25,"enemies":"3 Shapes","floor":35,"turns":3},{"damage":0,"enemies":"3 Darklings","floor":39,"turns":3},{"damage":2,"enemies":"R_Hoarder","floor":40,"turns":5},{"damage":1,"enemies":"Writhing Mass","floor":44,"turns":4},{"damage":0,"enemies":"Spire Growth","floor":45,"turns":2},{"damage":1,"enemies":"4 Shapes","floor":47,"turns":2},{"damage":78,"enemies":"conspire:OrnateMirror","floor":50,"turns":7}],"seed_played":"1040085528657968302","potions_obtained":[{"floor":6.0,"key":"FearPotion"},{"floor":12.0,"key":"GamblersBrew"},{"floor":13.0,"key":"FearPotion"},{"floor":18,"key":"FearPotion"},{"floor":24,"key":"Swift Potion"},{"floor":44,"key":"PotionOfCapacity"}],"is_trial":false,"path_per_floor":["M","?","?","$","M","E","R","M","T","?","R","M","M","$","R","B",null,"M","?","M","$","?","M","M","R","T","$","$","R","M","M","R","B",null,"M","$","?","?","M","E","R","?","T","M","M","R","M","?","R","B"],"character_chosen":"DEFECT","items_purchased":["Quantum Egg","Simple Rune","Lee\u0027s Waffle","Energy Potion","Ice Cream","Melter","DollysMirror","Geode","Rebound","Omamori","Guide Book","Juzu Bracelet","Strawberry","Magnetism","conspire:TreasureMap","Iron Hammer","Bottled Flame","Scrape","MerchantsRug","Hologram","Panache","Membership Card","Streamline","Tempest"],"campfire_rested":0,"item_purchase_floors":[14,14,14,21,21,21,21,25,25,27,28,28,28,28,29,29,29,29,36,36,36,46,46,46],"current_hp_per_floor":[75,75,60,60,58,58,58,57,57,51,51,51,49,82,82,81,82,75,75,75,75,75,66,66,66,66,66,73,73,73,80,80,87,89,64,64,64,64,64,69,69,69,69,78,78,78,77,77,77,0,0],"gold":463,"neow_bonus":"THREE_ENEMY_KILL","is_daily":false,"chose_seed":false,"campfire_upgraded":5,"win_rate":0.0,"timestamp":1611210583,"path_taken":["M","?","?","$","M","E","R","M","T","?","R","M","M","$","R","BOSS","M","?","M","$","?","M","M","R","T","?","$","R","M","M","R","BOSS","M","$","?","?","M","E","R","?","T","M","M","R","M","?","R","BOSS"],"items_purchased_type":["Relic","Relic","Relic","Potion","Relic","Card","Relic","Relic","Card","Relic","Relic","Relic","Relic","Card","Relic","Relic","Relic","Card","Relic","Card","Card","Relic","Card","Card"],"build_version":"2020-12-22","purchased_purges":7,"victory":false,"max_hp_per_floor":[75,75,75,75,75,75,75,75,75,75,75,75,75,82,82,82,82,82,82,82,82,82,82,82,82,82,82,89,89,89,89,89,89,89,89,89,89,89,89,89,89,85,85,85,85,85,85,85,85,85,85],"relic_stats":{"Lee\u0027s Waffle":33,"counters":[22,79],"Ornamental Fan":[148],"Prayer Wheel":11,"Juzu Bracelet":1,"Art of War":[1],"Chemical X":[5],"Letter Opener":[65],"obtain_stats":[{"Ice Cream":21,"Golden Egg":6,"Juzu Bracelet":28,"Pet Ghost":4,"Replay:Wanted Poster":17,"conspire:SeveredTorchhead":34,"HornCleat":4,"DollysMirror":21,"Strawberry":28,"Toolbox":4,"Prayer Wheel":18,"Iron Hammer":29,"Chemical X":11,"Cracked Core":0,"Replay:Bottled Steam":9,"MerchantsRug":36,"Lee\u0027s Waffle":14,"conspire:TreasureMap":29,"NeowsBlessing":0,"Ring of Hypnosis":38,"Quantum Egg":14,"Guide Book":28,"Geode":25,"Omamori":27,"Letter Opener":40,"Odd Mushroom":10,"REME:ComplimentaryCards":0,"Bottled Flame":29,"Ornamental Fan":11,"Ring of Misfortune":38,"Onion Ring":2,"Simple Rune":14,"Art of War":43,"Membership Card":46,"conspire:DeflatedDodgeball":26},{"Ice Cream":10,"Golden Egg":3,"Juzu Bracelet":12,"Pet Ghost":1,"Replay:Wanted Poster":8,"conspire:SeveredTorchhead":15,"HornCleat":1,"DollysMirror":10,"Strawberry":12,"Toolbox":1,"Prayer Wheel":9,"Iron Hammer":12,"Chemical X":5,"Cracked Core":0,"Replay:Bottled Steam":4,"MerchantsRug":16,"Lee\u0027s Waffle":7,"conspire:TreasureMap":12,"NeowsBlessing":0,"Ring of Hypnosis":16,"Quantum Egg":7,"Guide Book":12,"Geode":12,"Omamori":12,"Letter Opener":18,"Odd Mushroom":5,"REME:ComplimentaryCards":0,"Bottled Flame":12,"Ornamental Fan":5,"Ring of Misfortune":16,"Onion Ring":1,"Simple Rune":7,"Art of War":18,"Membership Card":20,"conspire:DeflatedDodgeball":12},{"Ice Cream":34,"Golden Egg":3,"Juzu Bracelet":41,"Pet Ghost":1,"Replay:Wanted Poster":26,"conspire:SeveredTorchhead":53,"HornCleat":1,"DollysMirror":34,"Strawberry":41,"Toolbox":1,"Prayer Wheel":28,"Iron Hammer":41,"Chemical X":11,"Cracked Core":0,"Replay:Bottled Steam":6,"MerchantsRug":56,"Lee\u0027s Waffle":17,"conspire:TreasureMap":41,"NeowsBlessing":0,"Ring of Hypnosis":56,"Quantum Egg":17,"Guide Book":41,"Geode":41,"Omamori":41,"Letter Opener":64,"Odd Mushroom":11,"REME:ComplimentaryCards":0,"Bottled Flame":41,"Ornamental Fan":11,"Ring of Misfortune":56,"Onion Ring":1,"Simple Rune":17,"Art of War":64,"Membership Card":70,"conspire:DeflatedDodgeball":41}]},"card_choices":[{"not_picked":["Undo","Panic Button"],"picked":"Fusion","floor":1.0},{"not_picked":["Go for the Eyes","Leap"],"picked":"Streamline","floor":5.0},{"not_picked":["Consume","Rip and Tear"],"picked":"Streamline","floor":6.0},{"not_picked":["BasicCrystalCard","Gash","Compile Driver"],"picked":"SKIP","floor":8.0},{"not_picked":["Streamline","conspire:Rain"],"picked":"Go for the Eyes","floor":10.0},{"not_picked":["BasicCrystalCard","Chill"],"picked":"BootSequence","floor":12.0},{"not_picked":["ReplayTheSpireMod:System Scan","Loop","Heatsinks"],"picked":"SKIP","floor":13.0},{"not_picked":["Meteor Strike","All For One"],"picked":"ReplayTheSpireMod:Fabricate Wheel","floor":16},{"not_picked":["Heatsinks","Rebound"],"picked":"Double Energy","floor":18},{"not_picked":["Go for the Eyes+1","Reprogram"],"picked":"Hologram","floor":18},{"not_picked":["Go for the Eyes","Stack","White Noise+1"],"picked":"SKIP","floor":18},{"not_picked":["Melter+1","ReplaySolidLightProjector+1"],"picked":"Skim","floor":20},{"not_picked":["Leap+1","All For One"],"picked":"Ball Lightning","floor":20},{"not_picked":["Steam","Consume","BootSequence"],"picked":"SKIP","floor":20},{"not_picked":["Compile Driver","Conserve Battery"],"picked":"Turbo","floor":23},{"not_picked":["Barrage","Gash+1"],"picked":"Turbo","floor":23},{"not_picked":["Loop","Force Field+1","Steam"],"picked":"SKIP","floor":23},{"not_picked":["Loop","Barrage","Beam Cell"],"picked":"SKIP","floor":23},{"not_picked":["Amplify","BasicCrystalCard"],"picked":"Hologram","floor":24},{"not_picked":["Turbo","Barrage"],"picked":"Double Energy","floor":24},{"not_picked":["Aggregate","All For One"],"picked":"Double Energy+1","floor":24},{"not_picked":["Gash","Cold Snap","BasicCrystalCard+1"],"picked":"SKIP","floor":24},{"not_picked":["FIFO Queue","conspire:Rain"],"picked":"Self Repair","floor":30},{"not_picked":["Ball Lightning+1","Static Discharge"],"picked":"Go for the Eyes+1","floor":30},{"not_picked":["Streamline","Compile Driver","White Noise+1"],"picked":"SKIP","floor":30},{"not_picked":["FTL+1","Cold Snap","Beam Cell+1"],"picked":"SKIP","floor":30},{"not_picked":["Stack","Reprogram"],"picked":"Scrape+1","floor":31},{"not_picked":["Undo+1","Glacier+1"],"picked":"Streamline","floor":31},{"not_picked":["Darkness","Chaos","Leap+1"],"picked":"SKIP","floor":31},{"not_picked":["Tempest","Scrape","Conserve Battery+1"],"picked":"SKIP","floor":31},{"not_picked":["Thunder Strike","ReplayTheSpireMod:Fabricate Wheel"],"picked":"Seek","floor":33},{"not_picked":["Stack+1","Leap+1"],"picked":"Double Energy+1","floor":35},{"not_picked":["Barrage+1","Sweeping Beam","Coolheaded+1"],"picked":"SKIP","floor":35},{"not_picked":["Compile Driver+1","Turbo","Fusion+1"],"picked":"SKIP","floor":35},{"not_picked":["Barrage+1","Steam+1","Conserve Battery"],"picked":"SKIP","floor":35},{"not_picked":["Scrape","Cold Snap"],"picked":"Meteor Strike","floor":39},{"not_picked":["Go for the Eyes+1","conspire:Rain","Stack"],"picked":"SKIP","floor":39},{"not_picked":["Barrage","ReplayTheSpireMod:Repulse","Auto Shields"],"picked":"SKIP","floor":39},{"not_picked":["Gash+1","Loop","Leap"],"picked":"SKIP","floor":39},{"not_picked":["ReplayTheSpireMod:Reroute Power","Redo+1"],"picked":"Thunder Strike","floor":40},{"not_picked":["Gash+1","Turbo"],"picked":"Rebound+1","floor":44},{"not_picked":["Panic Button","Buffer"],"picked":"Coolheaded+1","floor":44},{"not_picked":["Blizzard+1","BasicCrystalCard+1","Sweeping Beam+1"],"picked":"SKIP","floor":44},{"not_picked":["Panic Button+1","Hologram+1","Cold Snap"],"picked":"SKIP","floor":44},{"not_picked":["Coolheaded+1","conspire:Rain"],"picked":"Capacitor+1","floor":45},{"not_picked":["Go for the Eyes+1","Steam Power+1"],"picked":"Capacitor+1","floor":45},{"not_picked":["Capacitor+1","Lockon","Consume+1"],"picked":"SKIP","floor":45},{"not_picked":["Conserve Battery","Compile Driver","Barrage"],"picked":"SKIP","floor":45},{"not_picked":["Barrage","Leap+1"],"picked":"Scrape+1","floor":47},{"not_picked":["FTL+1","Fusion+1","Coolheaded"],"picked":"SKIP","floor":47},{"not_picked":["Genetic Algorithm","Static Discharge","Gash"],"picked":"SKIP","floor":47},{"not_picked":["Melter","Cold Snap+1","ReplayGash+1"],"picked":"SKIP","floor":47}],"player_experience":129426,"relics_obtained":[{"floor":6.0,"key":"Golden Egg"},{"floor":9.0,"key":"Replay:Bottled Steam"},{"floor":10.0,"key":"Odd Mushroom"},{"floor":26,"key":"conspire:DeflatedDodgeball"},{"floor":38,"key":"Ring of Hypnosis"},{"floor":38,"key":"Ring of Misfortune"},{"floor":40,"key":"Letter Opener"},{"floor":43,"key":"Art of War"}],"event_choices":[{"damage_healed":0.0,"max_hp_gain":0.0,"max_hp_loss":0.0,"gold_gain":0.0,"event_name":"Big Fish","player_choice":"Box","floor":2.0,"gold_loss":0.0,"damage_taken":0.0,"relics_obtained":["Onion Ring"],"cards_obtained":["Regret"]},{"damage_healed":0.0,"max_hp_gain":0.0,"max_hp_loss":0.0,"gold_gain":0.0,"event_name":"Shining Light","player_choice":"Entered Light","floor":3.0,"gold_loss":0.0,"damage_taken":15.0,"cards_upgraded":["Strike_B","Dualcast"]},{"damage_healed":0.0,"max_hp_gain":0.0,"max_hp_loss":0.0,"gold_gain":0.0,"event_name":"Mushrooms","player_choice":"Fought Mushrooms","floor":10.0,"gold_loss":0.0,"damage_taken":0.0},{"cards_removed":["Defend_B"],"damage_healed":0,"gold_gain":0,"player_choice":"Gave Gold","damage_taken":0,"max_hp_gain":0,"max_hp_loss":0,"event_name":"Beggar","floor":19,"gold_loss":75},{"damage_healed":0,"gold_gain":100,"player_choice":"Pray","damage_taken":0,"max_hp_gain":0,"max_hp_loss":0,"event_name":"Golden Shrine","floor":37,"gold_loss":0},{"damage_healed":0,"gold_gain":0,"player_choice":"Max HP","damage_taken":0,"max_hp_gain":0,"max_hp_loss":4,"event_name":"Winding Halls","floor":42,"gold_loss":0},{"cards_removed":["Scrape"],"damage_healed":0,"gold_gain":0,"player_choice":"Removed Attack","damage_taken":0,"max_hp_gain":0,"max_hp_loss":0,"event_name":"Falling","floor":48,"gold_loss":0}],"is_beta":false,"boss_relics":[{"not_picked":["Tiny House","Sozu"],"picked":"Replay:Wanted Poster"},{"not_picked":["ReplayTheSpireMod:DimensionalGlitch","ChewingGum"],"picked":"conspire:SeveredTorchhead"}],"items_purged_floors":[4,14,21,25,27,28,29],"is_endless":false,"potions_floor_spawned":[6,12,13,18,23,24,33,35,40,44],"killed_by":"conspire:OrnateMirror","ascension_level":0}}