{"host":"jscggscbx0p7706o","time":1611236318,"event":{"mods":["AchievementEnabler","BaseMod","Block Reminder","Colored Powertips","Filter the Spire","Minty Spire (QoL Compilation)","Permanent Neow","Quick Restart","StSLib"],"gold_per_floor":[16,36,36,50,0,20,20,20,31,31,50,79,106,118,150,162,174,281,293,323,310,333,127,144,144,161,161,161,178,178,178],"floor_reached":30,"language":"ENG","playtime":1427,"items_purged":["Strike_B"],"score":263,"play_id":"4dbde722-1edf-4e96-8089-820b390aeee1","local_time":"20210121213838","is_ascension_mode":false,"campfire_choices":[{"data":"Capacitor","floor":7.0,"key":"SMITH"},{"data":"Chill","floor":14.0,"key":"SMITH"},{"data":"Zap","floor":16.0,"key":"SMITH"},{"data":"Dualcast","floor":17.0,"key":"SMITH"},{"data":"Loop","floor":25,"key":"SMITH"},{"data":"Amplify","floor":27,"key":"SMITH"}],"circlet_count":0,"master_deck":["Strike_B","Strike_B","Defend_B","Defend_B+1","Defend_B","Defend_B","Zap+1","Dualcast+1","Echo Form","Capacitor+1","Ball Lightning+1","Conserve Battery","Conserve Battery","Chill+1","Coolheaded","Turbo","Amplify+1","Conserve Battery","Loop+1","Coolheaded+1"],"relics":["Cracked Core","Anchor","MawBank","Snecko Eye","ClockworkSouvenir","Du-Vu Doll"],"acts_visited":["Exordium","TheCity"],"potions_floor_usage":[29],"damage_taken":[{"damage":3.0,"enemies":"Small Slimes","floor":1.0,"turns":3.0},{"damage":0.0,"enemies":"2 Louse","floor":2.0,"turns":2.0},{"damage":0.0,"enemies":"Cultist","floor":4.0,"turns":4.0},{"damage":2.0,"enemies":"Blue Slaver","floor":6.0,"turns":4.0},{"damage":15.0,"enemies":"Exordium Wildlife","floor":9.0,"turns":6.0},{"damage":7.0,"enemies":"Exordium Thugs","floor":11.0,"turns":6.0},{"damage":0.0,"enemies":"Lagavulin","floor":12.0,"turns":5.0},{"damage":3.0,"enemies":"Red Slaver","floor":13.0,"turns":4.0},{"damage":0.0,"enemies":"Exordium Wildlife","floor":15.0,"turns":6.0},{"damage":22.0,"enemies":"Slime Boss","floor":18.0,"turns":10.0},{"damage":5.0,"enemies":"Shell Parasite","floor":20.0,"turns":9.0},{"damage":24.0,"enemies":"2 Thieves","floor":21.0,"turns":5.0},{"damage":2,"enemies":"Shelled Parasite and Fungi","floor":22,"turns":7},{"damage":11,"enemies":"Snecko","floor":24,"turns":6},{"damage":4,"enemies":"Snake Plant","floor":26,"turns":6},{"damage":0,"enemies":"Shelled Parasite and Fungi","floor":29,"turns":8},{"damage":36,"enemies":"3 Cultists","floor":30,"turns":7}],"seed_played":"-8797240873469087221","potions_obtained":[{"floor":1.0,"key":"Explosive Potion"},{"floor":2.0,"key":"LiquidBronze"},{"floor":9.0,"key":"SneckoOil"},{"floor":29,"key":"Fruit Juice"}],"is_trial":false,"path_per_floor":["M","M","?","M","?","M","R","?","M","T","M","E","M","R","M","R","R","B",null,"M","M","M","$","M","R","M","R","T","M","M"],"character_chosen":"DEFECT","items_purchased":["ClockworkSouvenir"],"campfire_rested":0,"item_purchase_floors":[23],"current_hp_per_floor":[72,72,57,57,57,55,55,55,40,40,33,33,30,30,30,30,30,8,75,70,46,44,44,33,33,29,29,29,34,0,0],"gold":178,"neow_bonus":"THREE_RARE_CARDS","is_daily":false,"chose_seed":false,"campfire_upgraded":6,"win_rate":0.0,"timestamp":1611236318,"path_taken":["M","M","?","M","?","M","R","?","?","T","M","E","M","R","M","R","R","BOSS","M","M","M","$","M","R","M","R","T","M","M"],"items_purchased_type":["Relic"],"build_version":"2020-12-22","purchased_purges":1,"victory":false,"max_hp_per_floor":[75,75,75,75,75,75,75,75,75,75,75,75,75,75,75,75,75,75,75,75,75,75,75,75,75,75,75,75,80,80,80],"card_choices":[{"not_picked":["Core Surge","Thunder Strike"],"picked":"Echo Form","floor":0.0},{"not_picked":["Leap","Sweeping Beam"],"picked":"Capacitor","floor":1.0},{"not_picked":["Chaos","Leap"],"picked":"Ball Lightning","floor":2.0},{"not_picked":["Lockon","Stack"],"picked":"Conserve Battery","floor":4.0},{"not_picked":["Echo Form","Stack"],"picked":"Conserve Battery","floor":6.0},{"not_picked":["Static Discharge","Aggregate"],"picked":"Chill","floor":9.0},{"not_picked":["Rebound","Gash","Heatsinks"],"picked":"SKIP","floor":11.0},{"not_picked":["Rebound","Hyperbeam","Undo"],"picked":"SKIP","floor":12.0},{"not_picked":["Compile Driver","Heatsinks"],"picked":"Coolheaded","floor":13.0},{"not_picked":["Stack","Ball Lightning"],"picked":"Turbo","floor":15.0},{"not_picked":["Thunder Strike","Biased Cognition"],"picked":"Amplify","floor":18.0},{"not_picked":["Static Discharge","Steam"],"picked":"Conserve Battery","floor":20.0},{"not_picked":["Beam Cell","Go for the Eyes+1","Blizzard"],"picked":"SKIP","floor":21.0},{"not_picked":["Beam Cell","Steam","Stack"],"picked":"SKIP","floor":22},{"not_picked":["Hello World+1","Steam"],"picked":"Loop","floor":24},{"not_picked":["Go for the Eyes+1","Double Energy"],"picked":"Coolheaded+1","floor":26},{"not_picked":["Ball Lightning","Streamline+1","Doom and Gloom"],"picked":"SKIP","floor":29}],"player_experience":331051,"relics_obtained":[{"floor":10.0,"key":"Anchor"},{"floor":12.0,"key":"MawBank"},{"floor":28,"key":"Du-Vu Doll"}],"event_choices":[{"damage_healed":0.0,"max_hp_gain":0.0,"max_hp_loss":0.0,"gold_gain":0.0,"event_name":"Shining Light","player_choice":"Entered Light","floor":3.0,"gold_loss":0.0,"damage_taken":15.0,"cards_upgraded":["Defend_B","Ball Lightning"]},{"cards_removed":["Strike_B"],"damage_healed":0.0,"max_hp_gain":0.0,"max_hp_loss":0.0,"gold_gain":0.0,"event_name":"The Cleric","player_choice":"Card Removal","floor":5.0,"gold_loss":50.0,"damage_taken":0.0},{"damage_healed":0.0,"max_hp_gain":0.0,"max_hp_loss":0.0,"gold_gain":0.0,"event_name":"NoteForYourself","player_choice":"Ignored","floor":8.0,"gold_loss":0.0,"damage_taken":0.0}],"is_beta":false,"boss_relics":[{"not_picked":["SlaversCollar","Cursed Key"],"picked":"Snecko Eye"}],"items_purged_floors":[23],"is_endless":false,"potions_floor_spawned":[1,2,9,12,21,29],"killed_by":"3 Cultists","ascension_level":0}}