{"host":"sav7uxregyirlf69","time":1611222994,"event":{"mods":["AchievementEnabler","BaseMod","Colored Map","DeckTracker","Keyboard Shortcuts","Minty Spire (QoL Compilation)","READ ME - Guardian Mod","StSLib","SuperFastMode"],"gold_per_floor":[117,117,117,140,153,153,113,113,113,113,154,154,2,15,15,15,15],"floor_reached":16,"language":"KOR","playtime":303,"items_purged":["Strike_B"],"score":196,"play_id":"45d781ec-7272-4897-a1c6-29a6b30f02bf","local_time":"20210121185634","is_ascension_mode":true,"campfire_choices":[{"data":"Dualcast","floor":6,"key":"SMITH"},{"data":"Undo","floor":8,"key":"SMITH"},{"floor":10,"key":"RECALL"},{"floor":12,"key":"REST"},{"data":"Defragment","floor":15,"key":"SMITH"}],"circlet_count":0,"master_deck":["AscendersBane","Strike_B","Strike_B","Strike_B","Defend_B","Defend_B","Defend_B","Defend_B","Zap+1","Dualcast+1","Chill","Undo+1","Compile Driver","Defragment+1","Cold Snap"],"relics":["Cracked Core","Golden Idol","CaptainsWheel","Blood Vial","Mercury Hourglass"],"acts_visited":["Exordium"],"potions_floor_usage":[14,16],"damage_taken":[{"damage":2,"enemies":"Jaw Worm","floor":1,"turns":3},{"damage":0,"enemies":"Small Slimes","floor":4,"turns":4},{"damage":0,"enemies":"2 Louse","floor":5,"turns":3},{"damage":19,"enemies":"3 Sentries","floor":11,"turns":14},{"damage":18,"enemies":"Gremlin Gang","floor":14,"turns":5},{"damage":37,"enemies":"Hexaghost","floor":16,"turns":11}],"seed_played":"2049738539342834414","potions_obtained":[{"floor":1,"key":"Ancient Potion"},{"floor":7,"key":"Fire Potion"},{"floor":7,"key":"Dexterity Potion"},{"floor":14,"key":"AttackPotion"}],"is_trial":false,"path_per_floor":["M","?","?","M","M","R","?","R","T","R","E","R","$","M","R","B"],"character_chosen":"DEFECT","items_purchased":["Defragment"],"campfire_rested":1,"item_purchase_floors":[13],"current_hp_per_floor":[62,62,44,44,44,44,44,44,44,44,27,46,46,30,30,0,0],"gold":15,"neow_bonus":"UPGRADE_CARD","is_daily":false,"chose_seed":false,"campfire_upgraded":3,"win_rate":0.0,"timestamp":1611222994,"path_taken":["M","?","?","M","M","R","?","R","T","R","E","R","$","M","R","BOSS"],"items_purchased_type":["Card"],"build_version":"2020-12-22","purchased_purges":1,"victory":false,"max_hp_per_floor":[71,64,64,64,64,64,64,64,64,64,64,64,64,64,64,64,64],"card_choices":[{"not_picked":["Chaos","Barrage"],"picked":"Chill","floor":1},{"not_picked":["Turbo","Coolheaded"],"picked":"Undo","floor":4},{"not_picked":["Lockon","Stack"],"picked":"Compile Driver","floor":5},{"not_picked":["Stack","Blizzard","Force Field"],"picked":"SKIP","floor":11},{"not_picked":["Go for the Eyes","Coolheaded"],"picked":"Cold Snap","floor":14}],"player_experience":1345049,"relics_obtained":[{"floor":9,"key":"Blood Vial"},{"floor":11,"key":"Mercury Hourglass"}],"event_choices":[{"damage_healed":0,"gold_gain":0,"player_choice":"Lose Max HP","damage_taken":0,"relics_obtained":["Golden Idol"],"max_hp_gain":0,"max_hp_loss":7,"event_name":"Golden Idol","floor":2,"gold_loss":0},{"damage_healed":0,"gold_gain":0,"player_choice":"Success","damage_taken":18,"relics_obtained":["CaptainsWheel"],"max_hp_gain":0,"max_hp_loss":0,"event_name":"Scrap Ooze","floor":3,"gold_loss":0},{"damage_healed":0,"gold_gain":0,"player_choice":"Bought 3 Potions","damage_taken":0,"max_hp_gain":0,"max_hp_loss":0,"event_name":"The Woman in Blue","floor":7,"gold_loss":0}],"is_beta":false,"boss_relics":[],"items_purged_floors":[13],"is_endless":false,"potions_floor_spawned":[1,14],"killed_by":"Hexaghost","ascension_level":20}}