{"host":"id4dtnaxob941dwk","time":1611240264,"event":{"mods":["AchievementEnabler","BaseMod","BetterRewards","Colored Powertips","Curses Come First","Marked Mod","Minty Spire (QoL Compilation)","Quick Restart","Rare Cards Sparkle","Replay The Spire","StSLib","Synergy Search","The Mystic","The Runesmith","The Servant 0.9.4"],"gold_per_floor":[116,135,151,166,11,23,36,62,89,115,126,126,136,136,136,238,238,253,253,19,33,53,53,81,101,101,101,101,136,147,159,159,262,262,275,288,288,64,88,115,115,130,130,130,150,150,161,161,161,161],"floor_reached":51,"language":"ENG","playtime":10362,"items_purged":["FlurryOfBlows"],"score":983,"play_id":"ff1ffd62-75e5-4834-bcf8-87357ae5924c","local_time":"20210121124424","daily_mods":["Draft"],"is_ascension_mode":false,"campfire_choices":[{"floor":12.0,"key":"REST"},{"data":"Replay:Cycle","floor":15.0,"key":"SMITH"},{"data":"Replay:ManipulateFuture","floor":23.0,"key":"SMITH"},{"data":"MarkedMod:ChiBlock","floor":27.0,"key":"SMITH"},{"data":"MarkedMod:GracefulMovements","floor":32.0,"key":"SMITH"},{"data":"Replay:Cycle","floor":41.0,"key":"SMITH"},{"data":"MarkedMod:OneThousandNeedles","floor":44.0,"key":"SMITH"},{"data":"MarkedMod:OneThousandNeedles","floor":46.0,"key":"SMITH"},{"data":"1","floor":49,"key":"LIFT"}],"circlet_count":0,"master_deck":["MarkedMod:FirstStrike","Adaptation","Replay:Cycle+1","Halt","MarkedMod:GracefulMovements+1","InnerPeace","FollowUp","MarkedMod:GentlePulse","MarkedMod:FirstStrike","WheelKick","MarkedMod:GracefulMovements","Replay:ManipulateFuture+1","Weave","Replay:ManipulateFuture","Wireheading","MarkedMod:OneThousandNeedles+1","MarkedMod:GentlePulse+1","CutThroughFate","Replay:AllIn","MarkedMod:OneThousandNeedles+1","PathToVictory","MarkedMod:Acupuncture","MarkedMod:ChiBlock+1","Ghostly","Ghostly","Ghostly","Ghostly","Ghostly","Panache","JustLucky","MarkedMod:FirstStrike+1","Protect","PathToVictory","Pray","Blasphemy","Study+1","Madness","CutThroughFate","Replay:Cycle+1","PathToVictory+1","Replay:DivineShield+1","Languid"],"relics":["HolyWater","Sling","Snack Pack","Anchor","Kunai","ChewingGum","Gremlin Food","Eternal Feather","Replay:Wax Seal","Lantern","Girya","Akabeko","Bronze Scales","Ring of Peace","ReplayTheSpireMod:Ring of Challenge"],"acts_visited":["Exordium","TheCity","TheBeyond"],"potions_floor_usage":[47,50,50],"damage_taken":[{"damage":0.0,"enemies":"Small Slimes","floor":1.0,"turns":3.0},{"damage":10.0,"enemies":"2 Louse","floor":2.0,"turns":2.0},{"damage":3.0,"enemies":"Cultist","floor":3.0,"turns":3.0},{"damage":6.0,"enemies":"3 Louse","floor":4.0,"turns":2.0},{"damage":17.0,"enemies":"Looter","floor":6.0,"turns":3.0},{"damage":0.0,"enemies":"2 Fungi Beasts","floor":7.0,"turns":2.0},{"damage":27.0,"enemies":"3 Sentries","floor":8.0,"turns":5.0},{"damage":0.0,"enemies":"Lagavulin","floor":10.0,"turns":4.0},{"damage":8.0,"enemies":"Exordium Wildlife","floor":11.0,"turns":3.0},{"damage":3.0,"enemies":"Red Slaver","floor":13.0,"turns":2.0},{"damage":11.0,"enemies":"Slime Boss","floor":16.0,"turns":4.0},{"damage":0.0,"enemies":"Shell Parasite","floor":18.0,"turns":2.0},{"damage":0.0,"enemies":"Chosen","floor":21.0,"turns":3.0},{"damage":8.0,"enemies":"Sentry and Sphere","floor":22.0,"turns":3.0},{"damage":1.0,"enemies":"Book of Stabbing","floor":24.0,"turns":4.0},{"damage":1.0,"enemies":"Snecko","floor":25.0,"turns":4.0},{"damage":1.0,"enemies":"Gremlin Leader","floor":29.0,"turns":3.0},{"damage":0.0,"enemies":"Snake Plant","floor":30.0,"turns":3.0},{"damage":3.0,"enemies":"3 Cultists","floor":31.0,"turns":4.0},{"damage":18.0,"enemies":"Pondfish","floor":33.0,"turns":4.0},{"damage":16.0,"enemies":"Orb Walker","floor":35.0,"turns":4.0},{"damage":5.0,"enemies":"3 Darklings","floor":36.0,"turns":4.0},{"damage":0.0,"enemies":"Reptomancer","floor":40.0,"turns":2.0},{"damage":3.0,"enemies":"Maw","floor":42.0,"turns":4.0},{"damage":1.0,"enemies":"Transient","floor":45.0,"turns":5.0},{"damage":0,"enemies":"Writhing Mass","floor":47,"turns":3},{"damage":13,"enemies":"Donu and Deca","floor":50,"turns":6}],"seed_played":"-7200834674227608578","potions_obtained":[{"floor":3.0,"key":"Adrenaline Potion"},{"floor":6.0,"key":"ColorlessPotion"},{"floor":10.0,"key":"Dexterity Potion"},{"floor":11.0,"key":"Fruit Juice"},{"floor":13.0,"key":"Adrenaline Potion"},{"floor":16.0,"key":"Doom Potion"},{"floor":24.0,"key":"BottledMiracle"},{"floor":30.0,"key":"Adrenaline Potion"},{"floor":31.0,"key":"Swift Potion"},{"floor":40.0,"key":"BottledMiracle"},{"floor":45.0,"key":"ColorlessPotion"},{"floor":47,"key":"Reflective Coating"}],"is_trial":true,"path_per_floor":["M","M","M","M","$","M","M","E","T","E","M","R","M","?","R","B",null,"M","?","$","M","M","R","E","M","T","R","?","E","M","M","R","B",null,"M","M","?","$","?","E","R","M","T","R","M","R","M","?","R","B",null],"character_chosen":"WATCHER","items_purchased":["Sling","Panache","JustLucky","Lantern"],"campfire_rested":1,"item_purchase_floors":[5,20,20,38],"current_hp_per_floor":[72,62,59,53,53,36,36,9,9,11,10,33,30,30,30,21,77,77,38,38,38,30,30,31,32,32,38,33,34,34,31,43,31,43,27,24,24,24,24,26,43,40,40,43,42,43,43,43,43,34],"gold":161,"neow_bonus":"","is_daily":false,"chose_seed":false,"campfire_upgraded":7,"win_rate":0.0,"timestamp":1611240264,"path_taken":["M","M","M","M","$","M","M","E","T","E","M","R","M","?","R","BOSS","M","?","$","M","M","R","E","M","T","R","?","E","M","M","R","BOSS","M","M","?","$","?","E","R","?","T","R","M","R","M","?","R","BOSS"],"items_purchased_type":["Relic","Card","Card","Relic"],"build_version":"2020-12-22","purchased_purges":1,"victory":true,"max_hp_per_floor":[72,72,72,72,72,72,72,72,72,72,77,77,77,77,77,77,77,77,38,38,38,38,38,38,38,38,38,43,43,43,43,43,43,43,43,43,43,43,43,43,43,43,43,43,43,43,43,43,43,43],"card_choices":[{"not_picked":["SashWhip","ForeignInfluence"],"picked":"MarkedMod:FirstStrike","floor":0.0},{"not_picked":["Evaluate","Replay:AtTheReady"],"picked":"Adaptation","floor":0.0},{"not_picked":["PathToVictory","Vengeance"],"picked":"Replay:Cycle","floor":0.0},{"not_picked":["SashWhip","FollowUp"],"picked":"Halt","floor":0.0},{"not_picked":["Pray","Prostrate"],"picked":"MarkedMod:GracefulMovements","floor":0.0},{"not_picked":["Conclude","Replay:Anticipation"],"picked":"InnerPeace","floor":0.0},{"not_picked":["EmptyBody","JustLucky"],"picked":"FollowUp","floor":0.0},{"not_picked":["JustLucky","EmptyBody"],"picked":"MarkedMod:GentlePulse","floor":0.0},{"not_picked":["Protect","CutThroughFate"],"picked":"MarkedMod:FirstStrike","floor":0.0},{"not_picked":["TalkToTheHand","Protect"],"picked":"WheelKick","floor":0.0},{"not_picked":["MentalFortress","SashWhip"],"picked":"MarkedMod:GracefulMovements","floor":0.0},{"not_picked":["Consecrate","BowlingBash"],"picked":"Replay:ManipulateFuture","floor":0.0},{"not_picked":["ThirdEye","Consecrate"],"picked":"Weave","floor":0.0},{"not_picked":["Replay:Vibes","Crescendo"],"picked":"Replay:ManipulateFuture","floor":0.0},{"not_picked":["Indignation","BowlingBash"],"picked":"FlurryOfBlows","floor":0.0},{"not_picked":["EmptyFist","Adaptation","CrushJoints"],"picked":"SKIP","floor":1.0},{"not_picked":["MarkedMod:FirstStrike","FollowUp"],"picked":"Wireheading","floor":2.0},{"not_picked":["Prostrate","Replay:Battleflow"],"picked":"MarkedMod:OneThousandNeedles","floor":3.0},{"not_picked":["EmptyMind","JustLucky"],"picked":"MarkedMod:GentlePulse","floor":4.0},{"not_picked":["EmptyFist","Vengeance"],"picked":"CutThroughFate","floor":6.0},{"not_picked":["ThirdEye","Omniscience","Indignation"],"picked":"SKIP","floor":7.0},{"not_picked":["MarkedMod:GentlePulse","SashWhip"],"picked":"Replay:AllIn","floor":8.0},{"not_picked":["Worship","Vengeance"],"picked":"MarkedMod:OneThousandNeedles","floor":10.0},{"not_picked":["MarkedMod:FirstStrike","FlurryOfBlows"],"picked":"PathToVictory","floor":11.0},{"not_picked":["CrushJoints","ThirdEye"],"picked":"MarkedMod:Acupuncture","floor":13.0},{"not_picked":["MarkedMod:SlowDance","MarkedMod:NorthStar"],"picked":"MarkedMod:ChiBlock","floor":16.0},{"not_picked":["Indignation","BowlingBash","Replay:Anticipation"],"picked":"SKIP","floor":18.0},{"not_picked":["Replay:AtTheReady","Crescendo"],"picked":"MarkedMod:FirstStrike+1","floor":21.0},{"not_picked":["Indignation+1","MarkedMod:Acupuncture","EmptyBody+1"],"picked":"SKIP","floor":22.0},{"not_picked":["Adaptation","TalkToTheHand+1"],"picked":"Protect","floor":24.0},{"not_picked":["WreathOfFlame+1","WaveOfTheHand"],"picked":"PathToVictory","floor":25.0},{"not_picked":["ClearTheMind","Replay:AtTheReady","WindmillStrike"],"picked":"SKIP","floor":29.0},{"not_picked":["DeceiveReality+1","Conclude"],"picked":"Pray","floor":30.0},{"not_picked":["EmptyBody","Crescendo","Wireheading"],"picked":"SKIP","floor":31.0},{"not_picked":["Brilliance","Replay:AllIn"],"picked":"Blasphemy","floor":33.0},{"not_picked":["FlurryOfBlows+1","Evaluate+1"],"picked":"Study+1","floor":35.0},{"not_picked":["BowlingBash","ClearTheMind+1","Halt+1"],"picked":"SKIP","floor":36.0},{"not_picked":["Flash of Steel","Replay:Sssssssssstrike"],"picked":"Madness","floor":37.0},{"not_picked":["MarkedMod:GentlePulse","EmptyFist+1"],"picked":"CutThroughFate","floor":39.0},{"not_picked":["SignatureMove","DeceiveReality"],"picked":"Replay:Cycle","floor":40.0},{"not_picked":["Crescendo+1","Halt"],"picked":"PathToVictory+1","floor":42.0},{"not_picked":["MarkedMod:GentlePulse+1","EmptyMind"],"picked":"Replay:DivineShield+1","floor":45.0},{"not_picked":["Replay:BluntJabs","Protect+1","CrushJoints+1"],"picked":"SKIP","floor":47}],"player_experience":214360,"relics_obtained":[{"floor":8.0,"key":"Snack Pack"},{"floor":9.0,"key":"Anchor"},{"floor":10.0,"key":"Kunai"},{"floor":24.0,"key":"Gremlin Food"},{"floor":26.0,"key":"Eternal Feather"},{"floor":29.0,"key":"Replay:Wax Seal"},{"floor":39.0,"key":"Girya"},{"floor":40.0,"key":"Akabeko"},{"floor":43.0,"key":"Bronze Scales"},{"floor":48,"key":"Ring of Peace"},{"floor":48,"key":"ReplayTheSpireMod:Ring of Challenge"}],"event_choices":[{"damage_healed":0.0,"max_hp_gain":0.0,"max_hp_loss":39.0,"gold_gain":0.0,"event_name":"Ghosts","player_choice":"Became a Ghost","floor":19.0,"gold_loss":0.0,"damage_taken":0.0,"cards_obtained":["Ghostly","Ghostly","Ghostly","Ghostly","Ghostly"]},{"damage_healed":0.0,"max_hp_gain":5.0,"max_hp_loss":0.0,"gold_gain":0.0,"event_name":"Forgotten Altar","player_choice":"Shed Blood","floor":28.0,"gold_loss":0.0,"damage_taken":10.0},{"damage_healed":0.0,"max_hp_gain":0.0,"max_hp_loss":0.0,"gold_gain":0.0,"event_name":"SensoryStone","player_choice":"Memory 1","floor":37.0,"gold_loss":0.0,"damage_taken":0.0}],"is_beta":false,"boss_relics":[{"not_picked":["Astrolabe","Abe\u0027s Treasure"],"picked":"ChewingGum"},{"not_picked":["Sozu","VioletLotus"],"picked":"HolyWater"}],"items_purged_floors":[38],"is_endless":false,"potions_floor_spawned":[3,6,10,11,13,16,18,24,29,30,31,40,45,47],"ascension_level":0}}