{"host":"zxkjcgzis4pm3za5","time":1611252708,"event":{"mods":["AchievementEnabler","Act Like it!","BaseMod","Colored Map","Colored Powertips","Friendly Minions","GifTheSpireLib","Minty Spire (QoL Compilation)","Quick Restart","RNG Fix","Random Character Button","Relic Sorter","Relic Stats","StSLib"],"gold_per_floor":[212,212,212,244,4,48,48,86,86,113,13,13,38,38,38,38,38],"floor_reached":16,"language":"ENG","playtime":385,"items_purged":["Defend_B","Defend_B"],"score":194,"play_id":"ba8ce8d6-226c-420b-94d0-44fa758a823a","local_time":"20210121234148","is_ascension_mode":true,"campfire_choices":[{"data":"Defragment","floor":7,"key":"SMITH"},{"floor":12,"key":"REST"},{"data":"Self Repair","floor":15,"key":"SMITH"}],"circlet_count":0,"master_deck":["AscendersBane","Strike_B","Strike_B","Strike_B","Strike_B","Defend_B","Defend_B","Zap","Dualcast","Defragment+1","FTL","Consume+1","Self Repair+1","Conserve Battery"],"relics":["Cracked Core","Golden Idol","CeramicFish","Orichalcum","Pantograph","Gremlin Horn"],"acts_visited":["Exordium"],"potions_floor_usage":[6,16],"damage_taken":[{"damage":8.0,"enemies":"Small Slimes","floor":1.0,"turns":3.0},{"damage":7.0,"enemies":"Jaw Worm","floor":4.0,"turns":3.0},{"damage":29,"enemies":"3 Sentries","floor":6,"turns":9},{"damage":14,"enemies":"Gremlin Nob","floor":8,"turns":4},{"damage":0,"enemies":"Cultist","floor":10,"turns":3},{"damage":10,"enemies":"Looter","floor":13,"turns":3},{"damage":45,"enemies":"The Guardian","floor":16,"turns":9}],"seed_played":"7043970596447063513","potions_obtained":[{"floor":1.0,"key":"EssenceOfSteel"},{"floor":10,"key":"SpeedPotion"},{"floor":13,"key":"Strength Potion"}],"is_trial":false,"path_per_floor":["M","?","?","M","$","E","R","E","T","M","$","R","M","?","R","B"],"character_chosen":"DEFECT","items_purchased":["Orichalcum"],"campfire_rested":1,"item_purchase_floors":[5],"current_hp_per_floor":[56,56,51,44,44,15,15,1,1,1,1,20,17,17,17,0,0],"gold":38,"neow_bonus":"HUNDRED_GOLD","is_daily":false,"chose_seed":false,"campfire_upgraded":2,"win_rate":0.0,"timestamp":1611252708,"path_taken":["M","?","?","M","$","E","R","E","T","?","$","R","M","?","R","BOSS"],"items_purchased_type":["Relic"],"build_version":"2020-12-22","purchased_purges":2,"victory":false,"max_hp_per_floor":[71,64,64,64,64,64,64,64,64,64,64,64,64,64,64,64,64],"relic_stats":{"Gremlin Horn":[0,0],"counters":[7,34],"Golden Idol":27,"CeramicFish":36,"Pantograph":25,"Orichalcum":[108],"obtain_stats":[{"Gremlin Horn":8,"Golden Idol":2,"CeramicFish":3,"Pantograph":6,"Orichalcum":5,"Cracked Core":0},{"Gremlin Horn":4,"Golden Idol":1,"CeramicFish":1,"Pantograph":3,"Orichalcum":2,"Cracked Core":0},{"Gremlin Horn":19,"Golden Idol":3,"CeramicFish":3,"Pantograph":15,"Orichalcum":6,"Cracked Core":0}]},"card_choices":[{"not_picked":["Chill","Conserve Battery"],"picked":"Defragment","floor":1.0},{"not_picked":["Redo","Blizzard"],"picked":"FTL","floor":4.0},{"not_picked":["Fusion","Gash"],"picked":"Consume","floor":6},{"not_picked":["Steam","Storm","Barrage"],"picked":"SKIP","floor":8},{"not_picked":["Rip and Tear","Genetic Algorithm"],"picked":"Self Repair","floor":10},{"not_picked":["Sweeping Beam","Rebound"],"picked":"Conserve Battery","floor":13}],"player_experience":249411,"relics_obtained":[{"floor":6,"key":"Pantograph"},{"floor":8,"key":"Gremlin Horn"}],"event_choices":[{"damage_healed":0.0,"max_hp_gain":0.0,"max_hp_loss":7.0,"gold_gain":0.0,"event_name":"Golden Idol","player_choice":"Lose Max HP","floor":2.0,"gold_loss":0.0,"damage_taken":0.0,"relics_obtained":["Golden Idol"]},{"damage_healed":0.0,"max_hp_gain":0.0,"max_hp_loss":0.0,"gold_gain":0.0,"event_name":"Scrap Ooze","player_choice":"Success","floor":3.0,"gold_loss":0.0,"damage_taken":5.0,"relics_obtained":["CeramicFish"]},{"damage_healed":0,"gold_gain":0,"player_choice":"Grow","damage_taken":0,"max_hp_gain":0,"max_hp_loss":0,"event_name":"Living Wall","floor":14,"gold_loss":0,"cards_upgraded":["Consume"]}],"is_beta":false,"boss_relics":[],"items_purged_floors":[5,11],"is_endless":false,"potions_floor_spawned":[1,10,13],"killed_by":"The Guardian","ascension_level":16}}