{"host":"mg3e76uznu9x14du","time":1611187866,"event":{"mods":["BaseMod","Colored Map","Downfall","Minty Spire (QoL Compilation)","Permanent Neow","Relic Stats","StSLib","Waifu the Spire","everything is the same but u backflip on backflip"],"gold_per_floor":[99,114,128,139,22,49,49,34,34,47,47,60,73,83,100,198,198,198,209,221,231,231,247,247,281,16,16,16,16,1,1,11,11,11,11],"floor_reached":33,"language":"ENG","playtime":1837,"items_purged":["Shame"],"score":321,"play_id":"f6bd0ced-7f19-4007-9768-42a06fcc8414","local_time":"20210120191106","is_ascension_mode":false,"campfire_choices":[{"data":"bronze:InfiniteLoop","floor":1,"key":"SMITH"},{"floor":18,"key":"RECALL"}],"circlet_count":0,"master_deck":["bronze:Replicate","bronze:Goto","bronze:InfiniteLoop+1","bronze:FollowUp","bronze:WhirlingStrike","bronze:WildBeam","bronze:InfiniteBeams","bronze:InfiniteBeams","bronze:Turbo","bronze:Mutator","bronze:Fortify+1","bronze:Overheat+1","bronze:Separator+1","bronze:DelayedGuard","bronze:Boost","bronze:FindAndReplace","bronze:AlphaBuild+1","bronze:BuggyMess","bronze:FollowUp+1","bronze:Iterate+1","bronze:Optimize","bronze:Frontload","bronze:CloningBeam+1","bronze:NullPointer+1","bronze:WildBeam+1","bronze:Terminator","bronze:DelayedSlice+1","bronze:Separator+1","bronze:Repair","bronze:SpaghettiCode","bronze:Fortify+1","bronze:ItsAFeature","bronze:DelayedSlice+1","Bite+1","Bite+1","Bite+1","Bite+1","Bite+1","bronze:Backtrace+1","bronze:Backtrace+1"],"relics":["bronze:BronzeCore","Molten Egg 2","Eternal Feather","Pandora\u0027s Box","downfall:RedIOU","The Courier","bronze:SilverBullet","Omamori","sneckomod:BabySnecko"],"acts_visited":["Exordium","TheCity"],"potions_floor_usage":[16,16,16,20,25,26,29],"damage_taken":[{"damage":12,"enemies":"Cultist","floor":2,"turns":4},{"damage":5,"enemies":"2 Louse","floor":3,"turns":3},{"damage":5,"enemies":"Small Slimes","floor":4,"turns":3},{"damage":0,"enemies":"downfall:FleeingMerchant","floor":5,"turns":4},{"damage":12,"enemies":"Lagavulin","floor":6,"turns":5},{"damage":12,"enemies":"downfall:FleeingMerchant","floor":8,"turns":4},{"damage":0,"enemies":"2 Fungi Beasts","floor":10,"turns":2},{"damage":12,"enemies":"Blue Slaver","floor":12,"turns":2},{"damage":0,"enemies":"3 Louse","floor":13,"turns":2},{"damage":15,"enemies":"Exordium Thugs","floor":14,"turns":3},{"damage":6,"enemies":"3 Louse","floor":15,"turns":3},{"damage":34,"enemies":"IC_STATUS_ARCHETYPE","floor":16,"turns":5},{"damage":20,"enemies":"Chosen","floor":19,"turns":4},{"damage":0,"enemies":"Centurion and Healer","floor":20,"turns":7},{"damage":3,"enemies":"Chosen and Byrds","floor":21,"turns":4},{"damage":6,"enemies":"3 Cultists","floor":23,"turns":3},{"damage":32,"enemies":"Gremlin Leader","floor":25,"turns":4},{"damage":6,"enemies":"downfall:FleeingMerchant","floor":26,"turns":4},{"damage":0,"enemies":"downfall:FleeingMerchant","floor":29,"turns":2},{"damage":4,"enemies":"downfall:FleeingMerchant","floor":30,"turns":4},{"damage":0,"enemies":"Snecko","floor":32,"turns":3},{"damage":65,"enemies":"DF_ARCHETYPE_CLAW","floor":33,"turns":5}],"seed_played":"3262002272678836276","potions_obtained":[{"floor":10,"key":"Regen Potion"},{"floor":13,"key":"BlessingOfTheForge"},{"floor":14,"key":"DuplicationPotion"},{"floor":19,"key":"DuplicationPotion"},{"floor":21,"key":"SmokeBomb"},{"floor":23,"key":"SteroidPotion"},{"floor":25,"key":"DistilledChaos"}],"is_trial":false,"path_per_floor":["R","M","M","M","$","E","T","$","?","M","?","M","M","M","M","B",null,"R","M","M","M","?","M","T","E","$","?","?","$","$","?","M","B"],"character_chosen":"THE_AUTOMATON","items_purchased":["bronze:InfiniteBeams","bronze:Turbo","Omamori","bronze:ItsAFeature","bronze:DelayedSlice+1"],"campfire_rested":0,"item_purchase_floors":[5,5,26,26,26],"current_hp_per_floor":[70,58,53,48,48,36,36,36,59,59,59,47,47,44,38,30,70,70,50,50,47,47,41,41,16,10,10,10,16,22,22,28,0,0,0],"gold":11,"neow_bonus":"THREE_RARE_CARDS","is_daily":false,"chose_seed":false,"campfire_upgraded":1,"win_rate":0.0,"timestamp":1611187866,"path_taken":["R","M","M","?","$","E","T","$","?","M","?","?","M","?","M","BOSS","R","M","M","M","?","M","T","E","$","?","?","?","$","?","M","BOSS"],"items_purchased_type":["Card","Card","Relic","Card","Card"],"build_version":"2020-12-22","purchased_purges":1,"victory":false,"max_hp_per_floor":[70,70,70,70,70,70,70,70,70,70,70,70,70,70,70,70,70,70,70,70,70,70,70,70,70,70,49,49,49,49,49,49,49,49,49],"relic_stats":{"counters":[22,80],"Eternal Feather":0,"Pandora\u0027s Box":["bronze:BuggyMess","bronze:FollowUp","bronze:Iterate","bronze:Optimize","bronze:Frontload","bronze:CloningBeam","bronze:NullPointer","bronze:WildBeam"],"obtain_stats":[{"sneckomod:BabySnecko":31,"bronze:BronzeCore":0,"Molten Egg 2":6,"Eternal Feather":11,"Pandora\u0027s Box":17,"downfall:RedIOU":22,"The Courier":24,"Omamori":26,"bronze:SilverBullet":25,"Meat on the Bone":7},{"sneckomod:BabySnecko":20,"bronze:BronzeCore":0,"Molten Egg 2":5,"Eternal Feather":7,"Pandora\u0027s Box":12,"downfall:RedIOU":15,"The Courier":16,"Omamori":18,"bronze:SilverBullet":17,"Meat on the Bone":5},{"sneckomod:BabySnecko":72,"bronze:BronzeCore":0,"Molten Egg 2":19,"Eternal Feather":25,"Pandora\u0027s Box":40,"downfall:RedIOU":55,"The Courier":58,"Omamori":66,"bronze:SilverBullet":62,"Meat on the Bone":19}]},"card_choices":[{"not_picked":["bronze:SpaghettiCode","bronze:Verify"],"picked":"bronze:InfiniteLoop","floor":0},{"not_picked":["bronze:Branch","bronze:Separator"],"picked":"bronze:FollowUp","floor":2},{"not_picked":["bronze:Overload","bronze:ChildClass"],"picked":"bronze:WhirlingStrike","floor":3},{"not_picked":["bronze:Invalidate","bronze:FineTuning"],"picked":"bronze:WildBeam","floor":4},{"not_picked":["bronze:Repair","bronze:Separator"],"picked":"bronze:InfiniteBeams","floor":5},{"not_picked":["bronze:ChildClass","bronze:Safeguard"],"picked":"bronze:Mutator","floor":6},{"not_picked":["bronze:Overload","bronze:Return"],"picked":"bronze:Fortify+1","floor":8},{"not_picked":["bronze:MaxOutput","bronze:Iterate+1"],"picked":"bronze:Overheat+1","floor":10},{"not_picked":["bronze:BronzeArmor","bronze:DelayedSlice+1"],"picked":"bronze:Separator+1","floor":12},{"not_picked":["bronze:Deprecate","bronze:Invalidate"],"picked":"bronze:DelayedGuard","floor":13},{"not_picked":["bronze:Turbo","bronze:CutThrough+1"],"picked":"bronze:Boost","floor":14},{"not_picked":["bronze:DelayedGuard","bronze:Constructor"],"picked":"bronze:FindAndReplace","floor":15},{"not_picked":["bronze:Verify","bronze:FindAndReplace"],"picked":"bronze:AlphaBuild+1","floor":16},{"not_picked":["bronze:Iterate+1","bronze:BronzeOrb+1"],"picked":"bronze:Terminator","floor":19},{"not_picked":["bronze:Deprecate","bronze:Overheat+1"],"picked":"bronze:DelayedSlice+1","floor":20},{"not_picked":["bronze:WildBeam+1","bronze:ForceShield"],"picked":"bronze:Separator+1","floor":21},{"not_picked":["bronze:Shield","bronze:Turbo"],"picked":"bronze:Repair","floor":23},{"not_picked":["bronze:Overheat+1","bronze:Frontload"],"picked":"bronze:SpaghettiCode","floor":25},{"not_picked":["bronze:Overheat+1","bronze:CutThrough+1"],"picked":"bronze:Fortify+1","floor":26},{"not_picked":["bronze:BugBarrage+1","bronze:Assembly"],"picked":"bronze:Backtrace+1","floor":30},{"not_picked":["bronze:WildBeam+1","bronze:Overheat+1"],"picked":"bronze:Backtrace+1","floor":32}],"player_experience":462821,"relics_obtained":[{"floor":6,"key":"Molten Egg 2"},{"floor":7,"key":"Meat on the Bone"},{"floor":11,"key":"Eternal Feather"},{"floor":24,"key":"The Courier"},{"floor":25,"key":"bronze:SilverBullet"}],"event_choices":[{"damage_healed":23,"gold_gain":0,"player_choice":"Banana","damage_taken":0,"max_hp_gain":0,"max_hp_loss":0,"event_name":"Big Fish","floor":9,"gold_loss":0},{"damage_healed":0,"gold_gain":0,"player_choice":"Relic","damage_taken":0,"max_hp_gain":0,"max_hp_loss":0,"event_name":"Wheel of Change","floor":11,"gold_loss":0},{"damage_healed":0,"gold_gain":0,"player_choice":"Became a vampire","damage_taken":0,"max_hp_gain":0,"max_hp_loss":21,"event_name":"Vampires","floor":27,"gold_loss":0,"cards_obtained":["Bite","Bite","Bite","Bite","Bite"]}],"is_beta":false,"boss_relics":[{"not_picked":["SlaversCollar","Black Star"],"picked":"Pandora\u0027s Box"}],"items_purged_floors":[26],"is_endless":false,"potions_floor_spawned":[10,13,14,15,19,21,23,25],"killed_by":"DF_ARCHETYPE_CLAW","ascension_level":0}}