{"host":"yfdtuf6ojcxn06xg","time":1611189545,"event":{"mods":["2.2 Compatiblity","AchievementEnabler","BaseMod","Colored Map","Colored Powertips","Curses Come First","Hermit","JesterMod","Jorbs\u0027s Wanderer Trilogy","Minty Spire (QoL Compilation)","Quick Restart","Rare Cards Sparkle","Relic Stats","Replay The Spire","StSLib","The Cursed","The Disciple","The Hierophant","The Jungle","The Marked","The Necromancer","The Servant 0.9.4"],"gold_per_floor":[118,161,161,174,188,188,216,231,256,276,293,293,293],"floor_reached":12,"language":"ENG","playtime":457,"items_purged":[],"score":94,"play_id":"705e3cbe-98a5-427a-b5bc-27dc166ee0c9","local_time":"20210120193905","is_ascension_mode":true,"campfire_choices":[{"data":"ReplayTheSpireMod:Speed Training","floor":6,"key":"SMITH"}],"circlet_count":0,"master_deck":["Strike_G","Strike_G","Strike_G+1","Strike_G","Strike_G","Defend_G","Defend_G","Defend_G","Defend_G","Defend_G","Survivor","Neutralize","Catalyst","Dagger Spray+1","ReplayTheSpireMod:Speed Training+1","Deadly Poison","Poisoned Stab","Replay:Poison Smokescreen","Replay:Poison Smokescreen"],"relics":["Ring of the Snake","NeowsBlessing","Iron Hammer","Tiny Chest","Whetstone","Snake Skull"],"acts_visited":["Exordium"],"potions_floor_usage":[12],"damage_taken":[{"damage":0,"enemies":"Jaw Worm","floor":1,"turns":1},{"damage":0,"enemies":"2 Louse","floor":4,"turns":1},{"damage":0,"enemies":"Small Slimes","floor":5,"turns":1},{"damage":27,"enemies":"Lagavulin","floor":7,"turns":6},{"damage":0,"enemies":"2 Fungi Beasts","floor":8,"turns":3},{"damage":8,"enemies":"Blue Slaver","floor":10,"turns":3},{"damage":8,"enemies":"Exordium Wildlife","floor":11,"turns":4},{"damage":10,"enemies":"3 Sentries","floor":12,"turns":2}],"seed_played":"3255135480926990612","potions_obtained":[{"floor":1,"key":"Elixir"},{"floor":7,"key":"Adrenaline Potion"}],"is_trial":false,"path_per_floor":["M","?","?","M","M","R","E","M","T","M","M","E"],"character_chosen":"THE_SILENT","items_purchased":[],"campfire_rested":0,"item_purchase_floors":[],"current_hp_per_floor":[70,53,53,53,53,53,26,26,26,18,10,0,0],"gold":293,"neow_bonus":"THREE_ENEMY_KILL","is_daily":false,"chose_seed":false,"campfire_upgraded":1,"win_rate":0.0,"timestamp":1611189545,"path_taken":["M","?","?","M","?","R","E","M","T","M","M","E"],"items_purchased_type":[],"build_version":"2020-12-22","purchased_purges":0,"victory":false,"max_hp_per_floor":[70,70,70,70,70,70,70,70,70,70,70,70,70],"relic_stats":{"counters":[8,21],"Tiny Chest":0,"Snake Skull":[5],"Whetstone":["Strike_G","Dagger Spray"],"obtain_stats":[{"NeowsBlessing":0,"Tiny Chest":3,"Iron Hammer":2,"Snake Skull":9,"Whetstone":7,"Ring of the Snake":0},{"NeowsBlessing":0,"Tiny Chest":1,"Iron Hammer":1,"Snake Skull":5,"Whetstone":4,"Ring of the Snake":0},{"NeowsBlessing":0,"Tiny Chest":1,"Iron Hammer":1,"Snake Skull":12,"Whetstone":9,"Ring of the Snake":0}],"Ring of the Snake":[16]},"card_choices":[{"not_picked":["ReplayTheSpireMod:Exploit Weakness","Riddle With Holes"],"picked":"Catalyst","floor":1},{"not_picked":["Blade Dance","Backflip"],"picked":"Dagger Spray","floor":2},{"not_picked":["Dodge and Roll","Tactician"],"picked":"ReplayTheSpireMod:Speed Training","floor":4},{"not_picked":["Backstab","Sucker Punch"],"picked":"Deadly Poison","floor":5},{"not_picked":["Quick Slash","Tactician"],"picked":"Poisoned Stab","floor":7},{"not_picked":["Expertise","Acrobatics","Dagger Spray"],"picked":"SKIP","floor":8},{"not_picked":["Blade Dance","Sucker Punch"],"picked":"Replay:Poison Smokescreen","floor":10},{"not_picked":["Blade Dance","Underhanded Strike"],"picked":"Replay:Poison Smokescreen","floor":11}],"player_experience":210710,"relics_obtained":[{"floor":2,"key":"Iron Hammer"},{"floor":7,"key":"Whetstone"},{"floor":9,"key":"Snake Skull"}],"event_choices":[{"damage_healed":0,"gold_gain":0,"player_choice":"Gave Potion","damage_taken":0,"relics_obtained":["Tiny Chest"],"max_hp_gain":0,"max_hp_loss":0,"event_name":"WeMeetAgain","floor":3,"gold_loss":0}],"is_beta":false,"boss_relics":[],"items_purged_floors":[],"is_endless":false,"potions_floor_spawned":[1,7],"killed_by":"3 Sentries","ascension_level":3}}