{"host":"54jr43vd79817238","time":1611193155,"event":{"mods":["100% Spire Juice","ATMod(°¢èªMod)","Act Like it!","Arknights The Spire","Aspiration","BaseMod","CapriCore","Dota2Spire","Friendly Minions","Gensokyo","Hallownest","Hermit","Jedi Mod","KinomotoSakuraMod(Ä¾Ö®±¾Ó£)","Koishi","Lobotomy","LobotomyExtend","Mari Mod (Legacy)","Mari\u0027s V1 Patch","Marisa£¨ìFÓê¡¡Ä§ÀíÉ³£©","Minty Spire (QoL Compilation)","MostiFishMod","Quarter Circle Forward PUNCH!","Replay The Spire","Robot Space Explorer","RumiaBox-Â¶Ã×æ«µÄÉñÃØºÐ×Ó","Spicy Shops","StSLib","TestMod","The Dragon Tamer","The Marked","WarShipGirlsR/Õ½½¢ÉÙÅ®R mod","Yakumo Yukari mod","Youmu£¨»êÆÇÑýÃÎ£©","vexMod","¡¾ÒÅÎï¿¨ÅÆ¡¿REMEMod"],"gold_per_floor":[419,54,67,67,86,86,11,11,37,70,70,70,85,101,101,197,863,883,901,920,920,935,935,935,945,945,945,398,398,411,411,411,507,507,523,535,535,391,391,391,391,391],"floor_reached":41,"language":"ZHS","playtime":1999,"items_purged":[],"score":559,"play_id":"afb3bea5-a930-46fb-9293-4cd8e9f28f53","local_time":"20210121093915","is_ascension_mode":true,"campfire_choices":[{"floor":6.0,"key":"RECALL"},{"data":"AT_Dispersion","floor":15.0,"key":"SMITH"},{"data":"rmod:wasp","floor":23.0,"key":"SMITH"},{"data":"rmod:fuelsupply","floor":27.0,"key":"SMITH"},{"data":"Moonworks:MagicalRevenge","floor":32.0,"key":"SMITH"},{"data":"Venomology","floor":40,"key":"SMITH"}],"circlet_count":0,"master_deck":["rmod:strick","rmod:strick","rmod:strick","rmod:strick","rmod:basicallowance","rmod:maingunfire","AT_Dispersion+1","REME_ForAll","rmod:tearstotiara","rmod:expedition","rmod:mineteam","Hallownest:skillGreenpathMap","Hallownest:skillLeafShield","Hallownest:skillLeafShield","Hallownest:skillLeafShield","Hallownest:skillLeafShield","Hallownest:skillLeafShield","Moonworks:MagicalRevenge+1","rmod:rockthrower","Slice","rmod:wasp+1","rmod:abidefaith","Pride","Pride","Pride","rmod:openingtorpedo","rmod:fuelsupply+1","rmod:supportaircraftcarrier+1","rmod:wife","rmod:steelsupply+1","DTMod:Haste","Clash","Decay","Venomology+1","AT_ShadowStep","rmod:firesupport+1","Scrape","rmod:overbreakdown"],"relics":["rmod:firstchargereward","testmod-TestBox","DaveBox","REME_ComplimentaryCards","AT_ATBox","NeowsBlessing","Old Coin","testmod-HeartOfDaVinci","SynthV:TestCard","Torii","testmod-Muramasa","Moonworks:LittleGull","Ninja Scroll","vexMod:RockOfEvil","MutagenicStrength","qcfpunch:School_Backpack","DTMod:TacticalNote","jedi:archwizardhat","Charon\u0027s Ashes","REME_ChargedStone","Gensokyo:DualWield","Civilization"],"acts_visited":["Hallownest:Greenpath","TheCity","Gensokyo:Gensokyoest"],"potions_floor_usage":[41,41],"damage_taken":[{"damage":0.0,"enemies":"Hallownest:monsterHuskGuard","floor":1.0,"turns":1.0},{"damage":0.0,"enemies":"Hallownest:2_Baldur","floor":3.0,"turns":2.0},{"damage":0.0,"enemies":"Hallownest:monsterHuskWarrior","floor":5.0,"turns":1.0},{"damage":17.0,"enemies":"Hallownest:eliteCrystalGuardian","floor":10.0,"turns":7.0},{"damage":1.0,"enemies":"Hallownest:1_Baldur_1_Crawlid_1_Warrior","floor":13.0,"turns":4.0},{"damage":1.0,"enemies":"Hallownest:1_Ooma_and_2_Uuma","floor":14.0,"turns":4.0},{"damage":28.0,"enemies":"Hallownest:BossHornet","floor":16.0,"turns":6.0},{"damage":3.0,"enemies":"Shell Parasite","floor":18.0,"turns":4.0},{"damage":0.0,"enemies":"Chosen","floor":19.0,"turns":4.0},{"damage":3.0,"enemies":"Snake Plant","floor":20.0,"turns":3.0},{"damage":10.0,"enemies":"Centurion and Healer","floor":22.0,"turns":4.0},{"damage":2.0,"enemies":"3 Cultists","floor":25.0,"turns":4.0},{"damage":7.0,"enemies":"Cultist and Chosen","floor":30.0,"turns":2.0},{"damage":0.0,"enemies":"Automaton","floor":33.0,"turns":7.0},{"damage":0.0,"enemies":"Gensokyo:3_Bats","floor":35.0,"turns":1.0},{"damage":0.0,"enemies":"Gensokyo:AncientGuardian","floor":36.0,"turns":2.0},{"damage":78,"enemies":"Gensokyo:Marisa","floor":41,"turns":4}],"seed_played":"5502633209177414056","potions_obtained":[{"floor":3.0,"key":"jedi:holywater"},{"floor":5.0,"key":"Languid Potion"},{"floor":10.0,"key":"DistilledChaos"},{"floor":19.0,"key":"Flashbang"},{"floor":25.0,"key":"SkillPotion"},{"floor":30.0,"key":"Adrenaline Potion"},{"floor":33.0,"key":"LiquidBronze"}],"is_trial":false,"path_per_floor":["M","$","M","$","M","R","?","?","T","E","?","T","M","M","R","B",null,"M","M","M","?","M","R","T","M","T","R","$","?","M","?","R","B",null,"M","M","?","COS","?","R","E"],"character_chosen":"PRAEFECT","items_purchased":["Torii","testmod-Muramasa","jedi:archwizardhat","Charon\u0027s Ashes"],"campfire_rested":0,"item_purchase_floors":[2,2,28,28],"current_hp_per_floor":[75,75,75,75,75,75,75,75,75,58,65,65,64,64,64,39,75,72,72,70,70,61,61,61,63,63,63,63,63,56,56,56,65,75,75,75,75,75,75,75,0,0],"gold":391,"neow_bonus":"THREE_ENEMY_KILL","is_daily":false,"chose_seed":false,"campfire_upgraded":5,"win_rate":0.0,"timestamp":1611193155,"path_taken":["M","$","?","$","M","R","?","?","T","E","?","?","?","M","R","BOSS","M","M","M","?","M","R","?","M","T","R","$","?","M","?","R","BOSS","M","?","?","COS","?","R","E"],"items_purchased_type":["Relic","Relic","Relic","Relic"],"build_version":"2020-12-22","purchased_purges":0,"victory":false,"max_hp_per_floor":[75,75,75,75,75,75,75,75,75,75,75,75,75,75,75,75,75,75,75,75,75,75,75,75,75,75,75,75,75,75,75,75,75,75,75,75,75,75,75,75,75,75],"card_choices":[{"not_picked":["rmod:aviationdawn","rmod:fuelsupply"],"picked":"rmod:tearstotiara","floor":1.0},{"not_picked":["rmod:maintain","rmod:aviationdawn","rmod:smokecover","rmod:sl"],"picked":"rmod:expedition","floor":3.0},{"not_picked":["rmod:highspeedshooting","rmod:shuttlebombing","rmod:heivgo","rmod:abidefaith"],"picked":"rmod:mineteam","floor":5.0},{"not_picked":["rmod:steelsupply","rmod:circuitoustactics","rmod:intelligenceanalysis","rmod:heivgo"],"picked":"rmod:rockthrower","floor":10.0},{"not_picked":["rmod:diamondstrike","rmod:combined","rmod:lonelyqueen","rmod:intelligenceanalysis"],"picked":"rmod:wasp","floor":13.0},{"not_picked":["rmod:aviationdawn","rmod:diaomin","rmod:guardianhero","rmod:ammunitionsupply","rmod:salvage"],"picked":"SKIP","floor":14.0},{"not_picked":["rmod:lastglory","rmod:timeschanged","rmod:ridicule","rmod:saltedfish"],"picked":"rmod:abidefaith","floor":16.0},{"not_picked":["rmod:fuelsupply","rmod:gendarmerie+1","rmod:mineteam","rmod:diaomin"],"picked":"rmod:openingtorpedo","floor":18.0},{"not_picked":["rmod:aluminumsupply","rmod:diamondstrike+1","rmod:wolves","rmod:highspeedshooting"],"picked":"rmod:fuelsupply","floor":19.0},{"not_picked":["rmod:overbreakdown","rmod:tearstotiara+1","rmod:guardianhero+1","rmod:firesupport+1"],"picked":"rmod:supportaircraftcarrier+1","floor":20.0},{"not_picked":["rmod:steelsupply","rmod:concentratefire","rmod:intelligenceanalysis","rmod:guardianhero+1"],"picked":"rmod:wife","floor":22.0},{"not_picked":["rmod:tearstotiara+1","rmod:mineteam","rmod:lonelyqueen","rmod:royalracing"],"picked":"rmod:steelsupply+1","floor":25.0},{"not_picked":["Barrage","BasicCrystalCard","Reprogram+1"],"picked":"SKIP","floor":25.0},{"not_picked":["Cloak And Dagger+1","Dagger Throw","Flying Knee"],"picked":"SKIP","floor":30.0},{"not_picked":["rmod:highspeedshooting","rmod:timeschanged","rmod:combined","rmod:luckystar","rmod:diamondstrike"],"picked":"SKIP","floor":30.0},{"not_picked":["Bullet Time","Tools of the Trade"],"picked":"Venomology","floor":33.0},{"not_picked":["AT_WindFlip","Dagger Spray"],"picked":"AT_ShadowStep","floor":35.0},{"not_picked":["rmod:diamondstrike+1","rmod:guardianhero+1","rmod:highspeedshooting","rmod:aluminumsupply"],"picked":"rmod:firesupport+1","floor":35.0},{"not_picked":["Undo","Reinforced Body"],"picked":"Scrape","floor":36.0},{"not_picked":["rmod:intelligenceanalysis+1","rmod:tearstotiara+1","rmod:unsinkable+1","rmod:supportescort+1"],"picked":"rmod:overbreakdown","floor":36.0}],"player_experience":260039,"relics_obtained":[{"floor":1.0,"key":"SynthV:TestCard"},{"floor":10.0,"key":"Moonworks:LittleGull"},{"floor":12.0,"key":"Ninja Scroll"},{"floor":24.0,"key":"qcfpunch:School_Backpack"},{"floor":26.0,"key":"DTMod:TacticalNote"}],"event_choices":[{"damage_healed":0.0,"max_hp_gain":0.0,"max_hp_loss":0.0,"gold_gain":0.0,"event_name":"Drug Dealer","player_choice":"Inject Mutagens","floor":21.0,"gold_loss":0.0,"damage_taken":0.0,"relics_obtained":["MutagenicStrength"]},{"damage_healed":0.0,"max_hp_gain":0.0,"max_hp_loss":0.0,"gold_gain":0.0,"event_name":"Wheel of Change","player_choice":"Cursed","floor":31.0,"gold_loss":0.0,"damage_taken":0.0,"cards_obtained":["Decay"]}],"is_beta":false,"boss_relics":[{"not_picked":["vexMod:BigBerry","Empty Cage"],"picked":"vexMod:RockOfEvil"},{"not_picked":["vexMod:CursedCompass","Black Star"],"picked":"REME_ChargedStone"}],"items_purged_floors":[],"is_endless":false,"potions_floor_spawned":[3,5,10,14,19,25,30,33,35],"killed_by":"Gensokyo:Marisa","ascension_level":2}}