{"host":"haq22x9zdvtvc76a","time":1611264584,"event":{"mods":["BaseMod","Downfall","Minty Spire (QoL Compilation)","StSLib"],"gold_per_floor":[99,112,124,144,155,170,195,195,95,115,141,41,59,78,97,200,200,200,219,233,233,233,233,233,62,79,95,107,107,123,150,168,168,168,168],"floor_reached":33,"language":"ENG","playtime":2735,"items_purged":["Pride"],"score":327,"play_id":"5dff8f29-87fc-4be9-aae0-11bff0b08fcf","local_time":"20210121162944","is_ascension_mode":false,"campfire_choices":[{"floor":1,"key":"RECALL"},{"data":"bronze:DigitalCarnage","floor":9,"key":"SMITH"},{"data":"bronze:Separator","floor":12,"key":"SMITH"},{"data":"bronze:Mutator","floor":18,"key":"SMITH"}],"circlet_count":0,"master_deck":["bronze:Replicate","bronze:Goto","bronze:DigitalCarnage+1","bronze:BronzeArmor","bronze:Shell","bronze:Boost","bronze:Repair","bronze:Boost","bronze:DarkDash","bronze:Separator+1","bronze:Terminator","bronze:BuggyMess","bronze:Virus","bronze:HardenedForm","bronze:Mutator+1","bronze:BuggyMess","bronze:BuggyMess","bronze:NullPointer","bronze:DelayedSlice","bronze:NullPointer","bronze:NullPointer","bronze:Overheat","bronze:Constructor+1","bronze:Optimize","bronze:FollowUp","bronze:GetLatest"],"relics":["bronze:BronzeCore","Vajra","downfall:HeartBlessingRed","Ancient Tea Set","downfall:HeartBlessingGreen","Pandora\u0027s Box","bronze:SilverBullet","White Beast Statue"],"acts_visited":["Exordium","TheCity"],"potions_floor_usage":[11,16,20,20,31,33],"damage_taken":[{"damage":1,"enemies":"2 Louse","floor":2,"turns":2},{"damage":0,"enemies":"Cultist","floor":3,"turns":2},{"damage":1,"enemies":"Jaw Worm","floor":4,"turns":2},{"damage":1,"enemies":"2 Fungi Beasts","floor":5,"turns":2},{"damage":0,"enemies":"3 Louse","floor":6,"turns":3},{"damage":0,"enemies":"Large Slime","floor":10,"turns":5},{"damage":0,"enemies":"Gremlin Nob","floor":11,"turns":2},{"damage":0,"enemies":"Blue Slaver","floor":13,"turns":1},{"damage":1,"enemies":"Exordium Wildlife","floor":14,"turns":3},{"damage":0,"enemies":"3 Louse","floor":15,"turns":4},{"damage":31,"enemies":"DF_ARCHETYPE_STREAMLINE","floor":16,"turns":9},{"damage":0,"enemies":"Chosen","floor":19,"turns":2},{"damage":0,"enemies":"3 Byrds","floor":20,"turns":2},{"damage":10,"enemies":"downfall:FleeingMerchant","floor":25,"turns":4},{"damage":21,"enemies":"Snake Plant","floor":26,"turns":4},{"damage":8,"enemies":"Centurion and Healer","floor":27,"turns":3},{"damage":0,"enemies":"Cultist and Chosen","floor":28,"turns":6},{"damage":16,"enemies":"Shelled Parasite and Fungi","floor":30,"turns":5},{"damage":0,"enemies":"Slavers","floor":31,"turns":4},{"damage":14,"enemies":"Snake Plant","floor":32,"turns":6},{"damage":42,"enemies":"IC_MUSHROOM_ARCHETYPE","floor":33,"turns":6}],"seed_played":"708792544789584672","potions_obtained":[{"floor":3,"key":"GamblersBrew"},{"floor":4,"key":"Explosive Potion"},{"floor":6,"key":"bronze:CleanCodePotion"},{"floor":11,"key":"Weak Potion"},{"floor":15,"key":"Swift Potion"},{"floor":20,"key":"bronze:FreeFunctionsPotion"},{"floor":26,"key":"DuplicationPotion"},{"floor":27,"key":"DuplicationPotion"},{"floor":32,"key":"LiquidMemories"}],"is_trial":false,"path_per_floor":["R","M","M","M","M","M","T","?","R","M","E","R","M","M","M","B",null,"R","M","M","?","?","?","T","$","M","M","M","?","M","E","M","B"],"character_chosen":"THE_AUTOMATON","items_purchased":["bronze:Optimize"],"campfire_rested":0,"item_purchase_floors":[25],"current_hp_per_floor":[70,69,69,68,67,67,67,67,67,70,70,70,70,69,70,39,70,70,70,70,57,57,57,57,54,40,42,49,49,40,47,40,0,0,0],"gold":168,"neow_bonus":"TRANSFORM_CARD","is_daily":false,"chose_seed":false,"campfire_upgraded":3,"win_rate":0.0,"timestamp":1611264584,"path_taken":["R","M","M","M","M","M","T","?","R","M","E","R","M","?","M","BOSS","R","M","?","?","?","?","T","$","M","M","M","?","?","E","M","BOSS"],"items_purchased_type":["Card"],"build_version":"2020-12-22","purchased_purges":1,"victory":false,"max_hp_per_floor":[70,70,70,70,70,70,70,70,70,70,70,70,70,70,70,70,70,70,70,70,75,75,75,75,75,75,75,75,75,75,75,75,75,75,75],"card_choices":[{"not_picked":["bronze:OilSpill","bronze:Iterate"],"picked":"bronze:BronzeArmor","floor":2},{"not_picked":["bronze:BugBarrage","bronze:DelayedSlice"],"picked":"bronze:Shell","floor":3},{"not_picked":["bronze:BugBarrage","bronze:Repulsor","bronze:Turbo"],"picked":"SKIP","floor":4},{"not_picked":["bronze:Deprecate","bronze:BronzeArmor"],"picked":"bronze:Boost","floor":5},{"not_picked":["bronze:CutThrough","bronze:ItsAFeature"],"picked":"bronze:Repair","floor":6},{"not_picked":["bronze:ItsAFeature","bronze:HyperBeam"],"picked":"bronze:DarkDash","floor":10},{"not_picked":["bronze:DarkDash","bronze:MaxOutput"],"picked":"bronze:Separator","floor":11},{"not_picked":["bronze:Repair","bronze:FineTuning"],"picked":"bronze:Terminator","floor":13},{"not_picked":["bronze:DelayedSlice","bronze:NullPointer"],"picked":"bronze:BuggyMess","floor":14},{"not_picked":["bronze:BronzeArmor","bronze:BitShift"],"picked":"bronze:Virus","floor":15},{"not_picked":["bronze:HyperBeam","bronze:FindAndReplace"],"picked":"bronze:HardenedForm","floor":16},{"not_picked":["bronze:OilSpill","bronze:Constructor"],"picked":"bronze:Overheat","floor":19},{"not_picked":["bronze:BronzeArmor+1","bronze:BuggyMess"],"picked":"bronze:Constructor+1","floor":20},{"not_picked":["bronze:BuggyMess","bronze:Shield+1","bronze:DelayedGuard"],"picked":"SKIP","floor":25},{"not_picked":["bronze:Overload+1","bronze:DelayedGuard"],"picked":"bronze:FollowUp","floor":26},{"not_picked":["bronze:BitShift","bronze:Terminator","bronze:WhirlingStrike"],"picked":"SKIP","floor":27},{"not_picked":["bronze:DigitalCarnage","bronze:ChosenStrike","bronze:FindAndReplace"],"picked":"SKIP","floor":28},{"not_picked":["bronze:Invalidate","bronze:Overload"],"picked":"bronze:GetLatest","floor":30},{"not_picked":["bronze:WhirlingStrike","bronze:Iterate","bronze:BitShift+1"],"picked":"SKIP","floor":31},{"not_picked":["bronze:Constructor+1","bronze:DigitalCarnage","bronze:Overheat"],"picked":"SKIP","floor":32}],"player_experience":1630779,"relics_obtained":[{"floor":7,"key":"Vajra"},{"floor":11,"key":"Ancient Tea Set"},{"floor":31,"key":"White Beast Statue"}],"event_choices":[{"damage_healed":0,"gold_gain":0,"player_choice":"Stole Relic","damage_taken":0,"relics_obtained":["bronze:SilverBullet"],"max_hp_gain":0,"max_hp_loss":0,"event_name":"Addict","floor":22,"gold_loss":0,"cards_obtained":["Pride"]},{"damage_healed":0,"gold_gain":0,"player_choice":"Ignored","damage_taken":0,"max_hp_gain":0,"max_hp_loss":0,"event_name":"Ghosts","floor":29,"gold_loss":0}],"is_beta":false,"boss_relics":[{"not_picked":["Busted Crown","SacredBark"],"picked":"Pandora\u0027s Box"}],"items_purged_floors":[25],"is_endless":false,"potions_floor_spawned":[3,4,6,11,15,20,26,27,28,32],"killed_by":"IC_MUSHROOM_ARCHETYPE","ascension_level":0}}