{"host":"se62q65hiqxz7cab","time":1611219612,"event":{"mods":["Act Like it!","BaseMod","Colored Map","Minty Spire (QoL Compilation)","Replay The Spire","Shop Mod","StSLib","The Bug Knight","The Cursed","The Mystic","The Servant 0.9.4"],"gold_per_floor":[219,219,231,242,260,260,287,287,287,51,84,84,84,84,84,84,84],"floor_reached":16,"language":"ZHS","playtime":692,"items_purged":[],"score":133,"play_id":"0f296c1c-d3a8-4f3b-9dd9-bd610dbe2391","local_time":"20210121170012","is_ascension_mode":false,"campfire_choices":[{"data":"KidneyShot","floor":6,"key":"SMITH"},{"floor":8,"key":"REST"},{"data":"BestPractice","floor":13,"key":"SMITH"},{"floor":15,"key":"REST"}],"circlet_count":0,"master_deck":["Strike_S","Strike_S","Strike_S","Strike_S","Defend_S","Defend_S","Defend_S","Defend_S","KidneyShot+1","Exchange","Desolation","FastForward","Rewind","Rearm","Dilation","BestPractice+1","KillingDoll"],"relics":["Uniform","Dream Catcher","Bottled Lightning","HollowMod:JonisBlessing","InkBottle","Lantern"],"acts_visited":["Exordium"],"potions_floor_usage":[11,11,16],"damage_taken":[{"damage":3,"enemies":"2 Louse","floor":1,"turns":3},{"damage":0,"enemies":"Jaw Worm","floor":3,"turns":3},{"damage":2,"enemies":"Small Slimes","floor":4,"turns":4},{"damage":8,"enemies":"2 Fungi Beasts","floor":5,"turns":4},{"damage":27,"enemies":"HollowMod:MossKnight","floor":7,"turns":8},{"damage":0,"enemies":"Gremlin Nob","floor":11,"turns":4},{"damage":62,"enemies":"Fading Forest","floor":16,"turns":10}],"seed_played":"1110050628559929985","potions_obtained":[{"floor":3,"key":"SpeedPotion"},{"floor":4,"key":"Fire Potion"},{"floor":5,"key":"Adrenaline Potion"}],"is_trial":false,"path_per_floor":["M","?","M","M","M","R","E","R","T","$","E","?","R","?","R","B"],"character_chosen":"THE_SERVANT","items_purchased":["HollowMod:JonisBlessing","Dilation"],"campfire_rested":2,"item_purchase_floors":[10,10],"current_hp_per_floor":[62,62,62,60,52,52,25,44,44,44,44,49,49,37,58,0,0],"gold":84,"neow_bonus":"HUNDRED_GOLD","is_daily":false,"chose_seed":false,"campfire_upgraded":2,"win_rate":0.0,"timestamp":1611219612,"path_taken":["M","?","M","M","M","R","E","R","T","$","E","?","R","?","R","BOSS"],"items_purchased_type":["Relic","Card"],"build_version":"2020-12-22","purchased_purges":0,"victory":false,"max_hp_per_floor":[65,65,65,65,65,65,65,65,65,65,65,70,70,70,70,70,70],"card_choices":[{"not_picked":["Alleviate","SpecialFormula"],"picked":"Desolation","floor":1},{"not_picked":["MoonPhase","Potential","Alleviate"],"picked":"SKIP","floor":3},{"not_picked":["TimeWarp","Sabotage","ReturningBlade"],"picked":"SKIP","floor":4},{"not_picked":["Defy","Alleviate"],"picked":"FastForward","floor":5},{"not_picked":["Revamp","Unruled"],"picked":"Rewind","floor":7},{"not_picked":["Alleviate","Unruled"],"picked":"Rearm","floor":8},{"not_picked":["Defy","BottledTime"],"picked":"BestPractice","floor":11},{"not_picked":["ShatteredReality","TimeWarp"],"picked":"KillingDoll","floor":15}],"player_experience":205738,"relics_obtained":[{"floor":7,"key":"Dream Catcher"},{"floor":9,"key":"Bottled Lightning"},{"floor":11,"key":"InkBottle"}],"event_choices":[{"damage_healed":0,"gold_gain":0,"player_choice":"Donut","damage_taken":0,"max_hp_gain":5,"max_hp_loss":0,"event_name":"Big Fish","floor":12,"gold_loss":0},{"damage_healed":0,"gold_gain":0,"player_choice":"Success","damage_taken":12,"relics_obtained":["Lantern"],"max_hp_gain":0,"max_hp_loss":0,"event_name":"Scrap Ooze","floor":14,"gold_loss":0}],"is_beta":false,"boss_relics":[],"items_purged_floors":[],"is_endless":false,"potions_floor_spawned":[3,4,5],"killed_by":"Fading Forest","ascension_level":0}}