{"host":"atu1skz5iq69e5lr","time":1611224441,"event":{"mods":["AchievementEnabler","Aspiration","BaseMod","Better Third Choice","Colored Map","Conspire","Evolution","Friendly Minions","Highlight Path","Hubris","Infinite Spire","Keyboard Shortcuts","Lobotomy","Minty Spire (QoL Compilation)","Replay The Spire","Shop Mod","StSLib"],"gold_per_floor":[119,135,166,177,195,220,237,237,237,237,0,26,26,55,55,153,153,170,170,190,207,64,92,103,103,103],"floor_reached":25,"language":"ENG","playtime":1750,"items_purged":[],"score":258,"play_id":"948d2a6e-9496-429c-8b69-77abbef1adcf","local_time":"20210121112041","is_ascension_mode":false,"campfire_choices":[{"data":"Self Repair","floor":8,"key":"SMITH"},{"floor":13,"key":"REST"},{"data":"Defragment","floor":15,"key":"SMITH"}],"circlet_count":0,"master_deck":["Barrage","Strike_B","Strike_B","Defend_B","Defend_B","Defend_B","Defend_B","Zap","Dualcast","Self Repair+1","Wellcheers","OSAHOGD","Lockon","ReplayGash","Ball Lightning","Defragment+1","Apotheosis+1","Enlightenment","FieryBird","Static Discharge","Seek","Amplify"],"relics":["Cracked Core","EVO:Axolotl","CogitoBucket","Ancient Tea Set","Ice Cream","AspirationHeart","infinitespire:Eraser","Strawberry","aspiration:TomeofQuesting","hubris:ScarierMask","FleshIdol","conspire:TreasureMap","hubris:TinFlute"],"acts_visited":["Exordium","TheCity"],"potions_floor_usage":[7,16,16,21,23,25],"damage_taken":[{"damage":0,"enemies":"conspire:RoseBush","floor":1,"turns":4},{"damage":0,"enemies":"Small Slimes","floor":2,"turns":2},{"damage":20,"enemies":"conspire:MimicChest","floor":3,"turns":5},{"damage":2,"enemies":"2 Louse","floor":4,"turns":3},{"damage":10,"enemies":"2 Fungi Beasts","floor":5,"turns":4},{"damage":31,"enemies":"Lagavulin","floor":6,"turns":5},{"damage":39,"enemies":"Large Slime","floor":7,"turns":6},{"damage":20,"enemies":"3 Sentries","floor":14,"turns":7},{"damage":42,"enemies":"Hexaghost","floor":16,"turns":5},{"damage":9,"enemies":"conspire:FuzzyDice","floor":18,"turns":4},{"damage":12,"enemies":"3 Byrds","floor":20,"turns":3},{"damage":50,"enemies":"Centurion and Healer","floor":21,"turns":4},{"damage":40,"enemies":"Gremlin Leader","floor":23,"turns":5},{"damage":18,"enemies":"Cultist and Chosen","floor":24,"turns":4},{"damage":12,"enemies":"Book of Stabbing","floor":25,"turns":2}],"seed_played":"-7307710011343593110","potions_obtained":[{"floor":1,"key":"LiquidBronze"},{"floor":4,"key":"FocusPotion"},{"floor":6,"key":"DuplicationPotion"},{"floor":7,"key":"Swift Potion"},{"floor":18,"key":"Doom Potion"},{"floor":21,"key":"Languid Potion"},{"floor":24,"key":"PowerPotion"}],"is_trial":false,"path_per_floor":["M","M","?","M","M","E","M","R","T","?","?","T","R","E","R","B",null,"M","?","M","M","$","E","M","E"],"character_chosen":"DEFECT","items_purchased":["conspire:TreasureMap"],"campfire_rested":1,"item_purchase_floors":[22],"current_hp_per_floor":[75,75,62,70,67,46,27,27,27,27,33,40,69,62,62,30,98,98,98,86,49,49,21,16,0,0],"gold":103,"neow_bonus":"","is_daily":false,"chose_seed":false,"campfire_upgraded":2,"win_rate":0.0,"timestamp":1611224441,"path_taken":["M","M","?","M","M","E","M","R","T","?","?","?","R","E","R","BOSS","M","?","?","M","$","E","M","E"],"items_purchased_type":["Relic"],"build_version":"2020-12-22","purchased_purges":0,"victory":false,"max_hp_per_floor":[75,75,75,75,75,75,85,85,85,85,91,98,98,98,98,98,98,98,98,98,98,98,98,98,98,98],"card_choices":[{"not_picked":["Ball Lightning","ReplayTheSpireMod:GoodbyeWorld"],"picked":"Self Repair","floor":1},{"not_picked":["Funeral","HappyTeddy"],"picked":"Wellcheers","floor":1},{"not_picked":["ShyLook","Bloodbath"],"picked":"OSAHOGD","floor":2},{"not_picked":["Rebound","Go for the Eyes","Leap"],"picked":"SKIP","floor":2},{"not_picked":["Thunder Strike","Sweeping Beam"],"picked":"Lockon","floor":3},{"not_picked":["Coolheaded","Chill"],"picked":"ReplayGash","floor":4},{"not_picked":["Panic Button","ReplayRNGCard"],"picked":"Ball Lightning","floor":5},{"not_picked":["Force Field","Multi-Cast","Compile Driver"],"picked":"SKIP","floor":6},{"not_picked":["ReplayTheSpireMod:Calculation Training","Beam Cell"],"picked":"Defragment","floor":7},{"not_picked":["MeatLantern","FairyFestival"],"picked":"FieryBird","floor":14},{"not_picked":["Hologram","hubris:Ukulele"],"picked":"Static Discharge","floor":14},{"not_picked":["Mirror Shield","hubris:SpecializedCircuitry"],"picked":"Seek","floor":16},{"not_picked":["Reinforced Body","Steam+1","Reprogram"],"picked":"SKIP","floor":18},{"not_picked":["Panic Button","Compile Driver"],"picked":"Amplify","floor":20},{"not_picked":["Coolheaded+1","Static Discharge","Compile Driver"],"picked":"SKIP","floor":21},{"not_picked":["BasicCrystalCard","Aggregate","Hello World"],"picked":"SKIP","floor":23},{"not_picked":["Static Discharge+1","Compile Driver+1","Aggregate"],"picked":"SKIP","floor":24}],"player_experience":19149,"relics_obtained":[{"floor":3,"key":"Ancient Tea Set"},{"floor":6,"key":"Ice Cream"},{"floor":9,"key":"infinitespire:Eraser"},{"floor":12,"key":"Strawberry"},{"floor":14,"key":"aspiration:TomeofQuesting"},{"floor":23,"key":"hubris:TinFlute"}],"event_choices":[{"damage_healed":27,"gold_gain":0,"player_choice":"Embrace","damage_taken":0,"max_hp_gain":0,"max_hp_loss":85,"event_name":"betterThird:BetterShining","floor":10,"gold_loss":0},{"damage_healed":0,"gold_gain":0,"player_choice":"RENOUNCE","damage_taken":237,"max_hp_gain":0,"max_hp_loss":0,"event_name":"betterThird:BetterSerpent","floor":11,"gold_loss":237,"cards_obtained":["Enlightenment"]},{"cards_removed":["Strike_B"],"damage_healed":0,"gold_gain":0,"player_choice":"Offered Basic","damage_taken":0,"max_hp_gain":0,"max_hp_loss":0,"event_name":"Bonfire Elementals","floor":19,"gold_loss":0}],"is_beta":false,"boss_relics":[{"not_picked":["hubris:GrandSneckoEye","Nuclear Battery"],"picked":"hubris:ScarierMask"}],"items_purged_floors":[],"is_endless":false,"potions_floor_spawned":[1,4,6,7,14,18,21,24],"killed_by":"Book of Stabbing","ascension_level":0}}