{"host":"3c27c697js19kaoo","time":1611214387,"event":{"mods":["ATMod(°¢èªMod)","Aspiration","BaseMod","CapriCore","Dota2Spire","Hermit","Lobotomy","Minty Spire (QoL Compilation)","Quick Restart","Replay The Spire","Robot Space Explorer","RumiaBox-Â¶Ã×æ«µÄÉñÃØºÐ×Ó","Spicy Shops","StSLib","The Alterego","The Cursed","The Runesmith","The Servant 0.9.4","vexMod","¡¾¹¦ÄÜMod¡¿»ìãçÖ®»·ÐÞ¸´²¹¶¡","¡¾ÒÅÎï¿¨ÅÆ¡¿REMEMod"],"gold_per_floor":[279,296,70,70,70,70,81,92,143,176,189,206,206,235,235,235,235],"floor_reached":16,"language":"ZHS","playtime":1223,"items_purged":[],"score":112,"play_id":"53f3e989-bf43-496f-a913-f804ba1330e4","local_time":"20210121153307","is_ascension_mode":false,"campfire_choices":[{"data":"alterego_mod:BigMeatyClaws","floor":6.0,"key":"SMITH"},{"floor":15,"key":"REST"}],"circlet_count":0,"master_deck":["alterego_mod:Strike","alterego_mod:Strike","alterego_mod:Strike","alterego_mod:Defend","alterego_mod:Defend","alterego_mod:Defend","alterego_mod:Defend","alterego_mod:Impale","alterego_mod:BigMeatyClaws+1","alterego_mod:BrynhildrsRune","AT_DarkMatter","alterego_mod:Nekomimi","MeatLantern","Wellcheers","alterego_mod:Exercise","OSAHOGD","GalaxyChild","Pot Of Greed","Pot Of Greed","alterego_mod:Mirror","LittlePrince","alterego_mod:Bunnysuit"],"relics":["alterego_mod:MasochisticConstitution","REME_ComplimentaryCards","AT_ATBox","CogitoBucket","Replay:Rubber Ducky","Grinning Jar","vexMod:BerryBomb","BehaviorAdjustment","aspiration:SeaSaltIceCream","AT_ATBox","Smiling Mask"],"acts_visited":["Exordium"],"potions_floor_usage":[10,16],"damage_taken":[{"damage":2.0,"enemies":"Jaw Worm","floor":1.0,"turns":6.0},{"damage":0.0,"enemies":"Small Slimes","floor":2.0,"turns":5.0},{"damage":0.0,"enemies":"Cultist","floor":7.0,"turns":2.0},{"damage":7.0,"enemies":"Exordium Thugs","floor":8.0,"turns":3.0},{"damage":46,"enemies":"Lagavulin","floor":10,"turns":12},{"damage":2,"enemies":"Lots of Slimes","floor":11,"turns":7},{"damage":10,"enemies":"Large Slime","floor":12,"turns":7},{"damage":34,"enemies":"3 Sentries","floor":14,"turns":6},{"damage":50,"enemies":"The Guardian","floor":16,"turns":4}],"seed_played":"-9009821657817390822","potions_obtained":[{"floor":1.0,"key":"ColorlessPotion"},{"floor":2.0,"key":"LiquidBronze"},{"floor":8.0,"key":"BlessingOfTheForge"}],"is_trial":false,"path_per_floor":["M","M","$","?","?","R","M","M","T","E","M","M","T","E","R","B"],"character_chosen":"The_Alterego","items_purchased":["alterego_mod:Exercise","Replay:Rubber Ducky"],"campfire_rested":1,"item_purchase_floors":[3,3],"current_hp_per_floor":[69,69,69,69,69,69,71,65,65,35,58,49,49,16,40,0,0],"gold":235,"neow_bonus":"","is_daily":false,"chose_seed":false,"campfire_upgraded":1,"win_rate":0.0,"timestamp":1611214387,"path_taken":["M","M","$","?","?","R","?","M","T","E","M","M","?","E","R","BOSS"],"items_purchased_type":["Card","Relic"],"build_version":"2020-12-22","purchased_purges":0,"victory":false,"max_hp_per_floor":[71,71,71,71,71,71,71,72,72,79,80,81,81,82,82,82,82],"card_choices":[{"not_picked":["alterego_mod:Rip","alterego_mod:Complex"],"picked":"alterego_mod:Nekomimi","floor":1.0},{"not_picked":["WhitesApple","Murderer"],"picked":"MeatLantern","floor":1.0},{"not_picked":["WallGazer","Bloodbath"],"picked":"Wellcheers","floor":2.0},{"not_picked":["alterego_mod:Cushion","alterego_mod:Smother","alterego_mod:Skirt"],"picked":"SKIP","floor":2.0},{"not_picked":["LittlePrince","HappyTeddy"],"picked":"OSAHOGD","floor":7.0},{"not_picked":["alterego_mod:VirginLaserPalladion","alterego_mod:1TonWallop","alterego_mod:Swimsuit"],"picked":"SKIP","floor":7.0},{"not_picked":["Scorched","SpiderBud"],"picked":"GalaxyChild","floor":8.0},{"not_picked":["alterego_mod:RidiculouslyBig","alterego_mod:Pet","alterego_mod:TrashNCrash"],"picked":"SKIP","floor":8.0},{"not_picked":["MHz","Laetitia"],"picked":"UniverseFragment","floor":10},{"not_picked":["alterego_mod:Santa","alterego_mod:Undulate"],"picked":"alterego_mod:Mirror","floor":10},{"not_picked":["SpiderBud","QueenOfHatred"],"picked":"LittlePrince","floor":11},{"not_picked":["alterego_mod:MagicResistance","alterego_mod:Jiggle"],"picked":"alterego_mod:Bunnysuit","floor":11},{"not_picked":["alterego_mod:BiFurious","alterego_mod:SakuraPetals","alterego_mod:Support"],"picked":"SKIP","floor":12},{"not_picked":["alterego_mod:BiFurious","alterego_mod:SakuraPetals","alterego_mod:Support"],"picked":"SKIP","floor":12},{"not_picked":["alterego_mod:GachaTicket","alterego_mod:BrynhildrRomantia","alterego_mod:BiFurious"],"picked":"SKIP","floor":14}],"player_experience":208005,"relics_obtained":[{"floor":9.0,"key":"Grinning Jar"},{"floor":10,"key":"vexMod:BerryBomb"},{"floor":13,"key":"aspiration:SeaSaltIceCream"},{"floor":14,"key":"Smiling Mask"}],"event_choices":[{"damage_healed":0.0,"max_hp_gain":0.0,"max_hp_loss":0.0,"gold_gain":0.0,"cards_transformed":["Replay:LoomingThreat"],"event_name":"Transmorgrifier","player_choice":"Transformed","floor":5.0,"gold_loss":0.0,"damage_taken":0.0,"cards_obtained":["alterego_mod:Pet"]}],"is_beta":false,"boss_relics":[],"items_purged_floors":[],"is_endless":false,"potions_floor_spawned":[1,2,8],"killed_by":"The Guardian","ascension_level":0}}