{"host":"xi8yg1ddhptuxb9d","time":1611259928,"event":{"mods":["AchievementEnabler","AlwaysNeverKeys","BaseMod","Block Reminder","Minty Spire (QoL Compilation)","Relic Sorter","StSLib"],"gold_per_floor":[110,110,110,125,141,166,166,201,224,224,235,292,314,330,330,405,405,405,405,405,385,385,385,385,385],"floor_reached":24,"language":"ENG","playtime":1158,"items_purged":[],"score":502,"play_id":"6095497c-60da-466e-af32-b6f9877fde64","local_time":"20210121151208","is_ascension_mode":true,"campfire_choices":[{"data":"Alpha","floor":7.0,"key":"SMITH"},{"data":"Wallop","floor":10.0,"key":"SMITH"},{"data":"Meditate","floor":15.0,"key":"SMITH"}],"circlet_count":0,"master_deck":["AscendersBane","Strike_P","Strike_P","Strike_P","Strike_P","Defend_P","Defend_P","Defend_P","Defend_P","Eruption+1","Vigilance","CurseOfTheBell","Wallop+1","CarveReality","Alpha+1","Conclude","Crescendo","Meditate+1","WheelKick","Evaluate","Omniscience","Study","EmptyBody"],"relics":["Calling Bell","Ectoplasm","Odd Mushroom","Boot","Meat on the Bone","Unceasing Top","Oddly Smooth Stone","Bag of Marbles","Strawberry","StoneCalendar","MutagenicStrength","Toy Ornithopter"],"acts_visited":["Exordium","TheCity"],"potions_floor_usage":[18,23,23,24],"damage_taken":[{"damage":15.0,"enemies":"Jaw Worm","floor":1.0,"turns":7.0},{"damage":0.0,"enemies":"Small Slimes","floor":4.0,"turns":4.0},{"damage":0.0,"enemies":"Cultist","floor":5.0,"turns":3.0},{"damage":21.0,"enemies":"3 Sentries","floor":6.0,"turns":4.0},{"damage":20.0,"enemies":"Lagavulin","floor":8.0,"turns":5.0},{"damage":8.0,"enemies":"Lots of Slimes","floor":11.0,"turns":4.0},{"damage":25.0,"enemies":"Lagavulin Event","floor":12.0,"turns":5.0},{"damage":14.0,"enemies":"The Mushroom Lair","floor":13.0,"turns":3.0},{"damage":0.0,"enemies":"3 Louse","floor":14.0,"turns":3.0},{"damage":34.0,"enemies":"The Guardian","floor":16.0,"turns":7.0},{"damage":12,"enemies":"3 Byrds","floor":18,"turns":5},{"damage":28,"enemies":"Spheric Guardian","floor":20,"turns":4},{"damage":18,"enemies":"Snecko","floor":22,"turns":5},{"damage":21,"enemies":"Slavers","floor":23,"turns":3},{"damage":27,"enemies":"Shelled Parasite and Fungi","floor":24,"turns":2}],"seed_played":"-1922599449969162795","potions_obtained":[{"floor":1.0,"key":"Explosive Potion"},{"floor":6.0,"key":"ColorlessPotion"},{"floor":16.0,"key":"Explosive Potion"},{"floor":20,"key":"Ambrosia"},{"floor":21,"key":"Block Potion"},{"floor":23,"key":"ColorlessPotion"}],"is_trial":false,"path_per_floor":["M","?","$","M","M","E","R","E","T","R","M","?","?","M","R","B",null,"M","?","M","?","M","E","M"],"character_chosen":"WATCHER","items_purchased":[],"campfire_rested":0,"item_purchase_floors":[],"current_hp_per_floor":[46,46,46,46,46,37,37,29,36,36,40,27,25,37,37,15,60,48,48,32,32,26,17,0,0],"gold":385,"neow_bonus":"BOSS_RELIC","is_daily":false,"chose_seed":false,"campfire_upgraded":3,"win_rate":0.0,"timestamp":1611259928,"path_taken":["M","?","$","M","M","E","R","E","T","R","M","?","?","?","R","BOSS","M","?","M","?","M","E","?"],"items_purchased_type":[],"build_version":"2020-12-22","purchased_purges":0,"victory":false,"max_hp_per_floor":[68,68,68,68,68,68,68,68,75,75,75,75,75,75,75,75,75,75,75,75,75,75,75,75,75],"card_choices":[{"not_picked":["Sanctity","PathToVictory"],"picked":"Wallop","floor":1.0},{"not_picked":["Fasting2","PathToVictory"],"picked":"CarveReality","floor":4.0},{"not_picked":["ForeignInfluence","Halt"],"picked":"Alpha","floor":5.0},{"not_picked":["WaveOfTheHand","Pray"],"picked":"Conclude","floor":6.0},{"not_picked":["ReachHeaven","CarveReality","SashWhip"],"picked":"SKIP","floor":8.0},{"not_picked":["PathToVictory","SashWhip"],"picked":"Crescendo","floor":11.0},{"not_picked":["SandsOfTime","Protect"],"picked":"Meditate","floor":12.0},{"not_picked":["CarveReality","Wish"],"picked":"WheelKick","floor":13.0},{"not_picked":["Pray","FollowUp"],"picked":"Evaluate","floor":14.0},{"not_picked":["Scrawl","Devotion"],"picked":"Omniscience","floor":16.0},{"not_picked":["WheelKick","FollowUp","BattleHymn"],"picked":"SKIP","floor":18},{"not_picked":["CarveReality","Sanctity"],"picked":"Study","floor":20},{"not_picked":["PathToVictory+1","Swivel","Collect"],"picked":"SKIP","floor":22},{"not_picked":["InnerPeace","SandsOfTime"],"picked":"EmptyBody","floor":23}],"player_experience":659486,"relics_obtained":[{"floor":0.0,"key":"Boot"},{"floor":0.0,"key":"Meat on the Bone"},{"floor":0.0,"key":"Unceasing Top"},{"floor":6.0,"key":"Oddly Smooth Stone"},{"floor":8.0,"key":"Bag of Marbles"},{"floor":9.0,"key":"Strawberry"},{"floor":12.0,"key":"StoneCalendar"},{"floor":13.0,"key":"Odd Mushroom"},{"floor":23,"key":"Toy Ornithopter"}],"event_choices":[{"damage_healed":0.0,"max_hp_gain":0.0,"max_hp_loss":0.0,"gold_gain":0.0,"event_name":"Living Wall","player_choice":"Grow","floor":2.0,"gold_loss":0.0,"damage_taken":0.0,"cards_upgraded":["Eruption"]},{"damage_healed":0.0,"max_hp_gain":0.0,"max_hp_loss":0.0,"gold_gain":30.0,"event_name":"Dead Adventurer","player_choice":"Searched \u00272\u0027 times","floor":12.0,"gold_loss":0.0,"damage_taken":0.0},{"damage_healed":0.0,"max_hp_gain":0.0,"max_hp_loss":0.0,"gold_gain":0.0,"event_name":"Mushrooms","player_choice":"Fought Mushrooms","floor":13.0,"gold_loss":0.0,"damage_taken":0.0},{"damage_healed":0,"gold_gain":0,"player_choice":"Inject Mutagens","damage_taken":0,"relics_obtained":["MutagenicStrength"],"max_hp_gain":0,"max_hp_loss":0,"event_name":"Drug Dealer","floor":19,"gold_loss":0},{"damage_healed":0,"gold_gain":0,"player_choice":"Bought 1 Potion","damage_taken":0,"max_hp_gain":0,"max_hp_loss":0,"event_name":"The Woman in Blue","floor":21,"gold_loss":0}],"is_beta":false,"boss_relics":[{"not_picked":["Tiny House","Velvet Choker"],"picked":"Ectoplasm"}],"items_purged_floors":[],"is_endless":false,"potions_floor_spawned":[1,6,11,16,20,23],"killed_by":"Shelled Parasite and Fungi","ascension_level":20}}