{"host":"03pi0pe4ecuih572","time":1611248012,"event":{"mods":["BaseMod","BetterRewards","Colored Powertips","Lobotomy","LobotomyExtend","Marisa£®ÏF”Í°°ƒß¿Ì…≥£©","Minty Spire (QoL Compilation)","Rare Cards Sparkle","Reimu£®≤©¿ˆ¡È√Œ£©","Remilia£®¿Ÿ√◊¿Ú—«£©","StSLib"],"gold_per_floor":[132,132,132,148,148,199,224,256,291,351,363,375,375],"floor_reached":12,"language":"ZHS","playtime":593,"items_purged":[],"score":254,"play_id":"e7c382ba-44f2-4c96-bc22-1e04dc46e343","local_time":"20210122005332","daily_mods":["SealedDeck","Heirloom","Flight","Elite Swarm"],"is_ascension_mode":false,"campfire_choices":[{"data":"TransientEternity","floor":11,"key":"SMITH"}],"circlet_count":0,"master_deck":["FavorOfDestiny","BombardNight","BombardNight","VampireKiss","ReincarnationDial+1","UnderTheZenith","BlasphemousPunishment","CharismaGuard","CharismaGuard","TwelveNightmare","TricksterDevil","MastersStateliness","HeartBreak","BatForm","ScarletMeister","TransientEternity+1"],"relics":["ScarletHat","Ginger","LetterFromLob","Pen Nib","Orichalcum","MawBank","Anchor","Boot"],"acts_visited":["Exordium"],"potions_floor_usage":[],"damage_taken":[{"damage":0,"enemies":"Jaw Worm","floor":1,"turns":3},{"damage":0,"enemies":"2 Louse","floor":4,"turns":2},{"damage":10,"enemies":"3 Sentries","floor":6,"turns":5},{"damage":0,"enemies":"Gremlin Nob","floor":7,"turns":3},{"damage":0,"enemies":"3 Sentries","floor":8,"turns":5},{"damage":10,"enemies":"Gremlin Nob","floor":10,"turns":3},{"damage":0,"enemies":"3 Sentries","floor":12,"turns":1}],"seed_played":"5850017544368402642","potions_obtained":[{"floor":10,"key":"SpeedPotion"},{"floor":10,"key":"SteroidPotion"}],"is_trial":true,"path_per_floor":["M","?","?","M","?","E","E","E","T","E","R","E"],"character_chosen":"REMILIA","items_purchased":[],"campfire_rested":0,"item_purchase_floors":[],"current_hp_per_floor":[75,75,75,75,75,65,71,72,72,64,64,64,64],"gold":375,"neow_bonus":"","is_daily":false,"chose_seed":false,"campfire_upgraded":1,"win_rate":0.0,"timestamp":1611248012,"path_taken":["M","?","?","?","?","E","E","E","T","E","R","E"],"items_purchased_type":[],"build_version":"2020-12-22","purchased_purges":0,"victory":false,"max_hp_per_floor":[75,75,75,75,75,75,75,75,75,75,75,75,75],"card_choices":[{"not_picked":["DiffusionOfMisfortune","NightDance"],"picked":"TwelveNightmare","floor":1},{"not_picked":["BombardNight","EternalNight"],"picked":"MastersStateliness","floor":4},{"not_picked":["BloodyHallows","KillingBlow"],"picked":"HeartBreak","floor":6},{"not_picked":["ScarletMeister","BloodRain"],"picked":"BatForm","floor":7},{"not_picked":["BloodRain","DemonKingCradle"],"picked":"ScarletMeister","floor":8},{"not_picked":["HeartBreak","BloodRain"],"picked":"TransientEternity","floor":10}],"player_experience":1130116,"relics_obtained":[{"floor":1,"key":"LetterFromLob"},{"floor":6,"key":"Pen Nib"},{"floor":7,"key":"Orichalcum"},{"floor":8,"key":"MawBank"},{"floor":9,"key":"Anchor"},{"floor":10,"key":"Boot"}],"event_choices":[{"damage_healed":0,"gold_gain":0,"cards_transformed":["VampireKiss"],"player_choice":"Transformed","damage_taken":0,"max_hp_gain":0,"max_hp_loss":0,"event_name":"Transmorgrifier","floor":3,"gold_loss":0,"cards_obtained":["TricksterDevil"]},{"damage_healed":0,"gold_gain":0,"player_choice":"Grow","damage_taken":0,"max_hp_gain":0,"max_hp_loss":0,"event_name":"Living Wall","floor":5,"gold_loss":0,"cards_upgraded":["ReincarnationDial"]}],"is_beta":false,"boss_relics":[],"items_purged_floors":[],"is_endless":true,"potions_floor_spawned":[10],"killed_by":"3 Sentries","ascension_level":0}}