{"host":"94aus4jnk6thj94q","time":1611216942,"event":{"mods":["BaseMod","Minty Spire (QoL Compilation)","Quick Restart","StSLib"],"gold_per_floor":[112,112,123,123,123,152,167,181,181,198,209,209,239,259,259,355,355,369,39,49,62,78,109,109,121,121,121,221,221,221,241,241,336,336,356,366,384,124,144,144,419,419,419,419,432,448,468,480,480,480],"floor_reached":51,"language":"ENG","playtime":2702,"items_purged":[],"score":787,"play_id":"b68109ac-dd22-4ad7-b4b3-b763ed88fadc","local_time":"20210121101542","is_ascension_mode":false,"campfire_choices":[{"floor":12.0,"key":"DIG"},{"floor":15.0,"key":"DIG"},{"floor":24,"key":"REST"},{"floor":27,"key":"DIG"},{"floor":32,"key":"DIG"},{"floor":40,"key":"REST"},{"floor":42,"key":"DIG"},{"floor":44,"key":"DIG"},{"floor":49,"key":"DIG"}],"circlet_count":0,"master_deck":["Strike_R","Strike_R","Strike_R","Strike_R","Strike_R","Defend_R","Defend_R","Defend_R","Defend_R+1","Bash","Thunderclap","Body Slam","Metallicize","Armaments","Demon Form","Pummel","Inflame","Perfected Strike","Pummel+1","Inflame","Master of Strategy","Carnage","Perfected Strike+1","Clothesline+1","Flame Barrier","Shockwave+1","Twin Strike","Heavy Blade","Barricade","Armaments+1","Parasite","Demon Form","Flame Barrier","Metallicize","Parasite"],"relics":["Burning Blood","NeowsBlessing","Shovel","Pear","Pantograph","Du-Vu Doll","Turnip","Snecko Eye","Membership Card","Anchor","Akabeko","Vajra","War Paint","Charon\u0027s Ashes","Blue Candle","Oddly Smooth Stone","Cursed Key","Omamori","Bag of Preparation","DollysMirror","CaptainsWheel","Ornamental Fan","Shuriken","Paper Frog"],"acts_visited":["Exordium","TheCity","TheBeyond"],"potions_floor_usage":[16,20,28,28,39,47,50,50,50],"damage_taken":[{"damage":0.0,"enemies":"Small Slimes","floor":1.0,"turns":1.0},{"damage":0.0,"enemies":"2 Louse","floor":3.0,"turns":1.0},{"damage":0.0,"enemies":"Lagavulin","floor":6.0,"turns":1.0},{"damage":4.0,"enemies":"Cultist","floor":7.0,"turns":4.0},{"damage":6.0,"enemies":"Large Slime","floor":8.0,"turns":8.0},{"damage":28.0,"enemies":"Lots of Slimes","floor":10.0,"turns":4.0},{"damage":4.0,"enemies":"Looter","floor":11.0,"turns":4.0},{"damage":22.0,"enemies":"Gremlin Nob","floor":13.0,"turns":5.0},{"damage":5.0,"enemies":"3 Louse","floor":14.0,"turns":4.0},{"damage":41,"enemies":"Slime Boss","floor":16,"turns":8},{"damage":12,"enemies":"Shell Parasite","floor":18,"turns":4},{"damage":26,"enemies":"3 Byrds","floor":20,"turns":3},{"damage":14,"enemies":"Centurion and Healer","floor":21,"turns":7},{"damage":0,"enemies":"Snecko","floor":22,"turns":3},{"damage":12,"enemies":"Book of Stabbing","floor":23,"turns":3},{"damage":15,"enemies":"Sentry and Sphere","floor":25,"turns":4},{"damage":0,"enemies":"Colosseum Slavers","floor":28,"turns":1},{"damage":0,"enemies":"Colosseum Nobs","floor":28,"turns":2},{"damage":8,"enemies":"3 Cultists","floor":31,"turns":3},{"damage":25,"enemies":"Collector","floor":33,"turns":5},{"damage":5,"enemies":"Orb Walker","floor":35,"turns":2},{"damage":23,"enemies":"3 Shapes","floor":36,"turns":3},{"damage":0,"enemies":"Writhing Mass","floor":37,"turns":3},{"damage":16,"enemies":"Maw","floor":39,"turns":6},{"damage":1,"enemies":"Transient","floor":45,"turns":5},{"damage":6,"enemies":"Jaw Worm Horde","floor":46,"turns":5},{"damage":0,"enemies":"4 Shapes","floor":47,"turns":4},{"damage":7,"enemies":"Writhing Mass","floor":48,"turns":5},{"damage":56,"enemies":"Awakened One","floor":50,"turns":9}],"seed_played":"-3281708623111068377","potions_obtained":[{"floor":6.0,"key":"BlessingOfTheForge"},{"floor":11.0,"key":"Dexterity Potion"},{"floor":14.0,"key":"LiquidBronze"},{"floor":21,"key":"Swift Potion"},{"floor":23,"key":"Explosive Potion"},{"floor":28,"key":"Energy Potion"},{"floor":33,"key":"SkillPotion"},{"floor":35,"key":"BlessingOfTheForge"},{"floor":45,"key":"Energy Potion"},{"floor":48,"key":"Fruit Juice"}],"is_trial":false,"path_per_floor":["M","?","M","?","?","E","M","M","T","M","M","R","E","M","R","B",null,"M","$","M","M","M","E","R","M","T","R","?","?","?","M","R","B",null,"M","M","M","$","M","R","?","R","T","R","M","M","M","M","R","B",null],"character_chosen":"IRONCLAD","items_purchased":["Membership Card","Anchor","Inflame","Master of Strategy","Omamori","Bag of Preparation","DollysMirror","Flame Barrier"],"campfire_rested":2,"item_purchase_floors":[19,19,19,19,38,38,38,38],"current_hp_per_floor":[80,80,80,80,85,85,85,85,95,73,75,75,59,60,60,50,95,89,89,69,61,67,61,89,80,80,80,92,92,95,93,93,76,95,95,78,84,84,74,95,95,95,95,95,95,95,95,94,94,50],"gold":480,"neow_bonus":"THREE_ENEMY_KILL","is_daily":false,"chose_seed":false,"campfire_upgraded":0,"win_rate":0.0,"timestamp":1611216942,"path_taken":["M","?","M","?","?","E","M","M","T","M","M","R","E","M","R","BOSS","M","$","M","M","M","E","R","M","T","R","?","?","?","?","R","BOSS","M","M","M","$","M","R","?","R","T","R","?","M","M","M","R","BOSS"],"items_purchased_type":["Relic","Relic","Card","Card","Relic","Relic","Relic","Card"],"build_version":"2020-12-22","purchased_purges":0,"victory":true,"max_hp_per_floor":[80,80,80,80,85,85,85,85,95,95,95,95,95,95,95,95,95,95,95,95,95,95,95,95,95,95,95,95,95,95,95,95,95,95,95,95,95,95,95,95,95,95,95,95,95,95,95,95,95,100],"card_choices":[{"not_picked":["Dual Wield","Body Slam"],"picked":"Thunderclap","floor":1.0},{"not_picked":["Heavy Blade","Dual Wield"],"picked":"Body Slam","floor":3.0},{"not_picked":["Havoc","Flex"],"picked":"Metallicize","floor":6.0},{"not_picked":["Shrug It Off","Thunderclap"],"picked":"Armaments","floor":7.0},{"not_picked":["Pommel Strike","Body Slam"],"picked":"Demon Form","floor":8.0},{"not_picked":["Anger","Bloodletting"],"picked":"Shockwave","floor":10.0},{"not_picked":["Shockwave","Dropkick"],"picked":"Pummel","floor":11.0},{"not_picked":["Searing Blow","Pummel"],"picked":"Inflame","floor":13.0},{"not_picked":["Infernal Blade","Shrug It Off"],"picked":"Perfected Strike","floor":14.0},{"not_picked":["Reckless Charge","Pommel Strike"],"picked":"Pummel+1","floor":18},{"not_picked":["Flex","Wild Strike+1"],"picked":"Carnage","floor":20},{"not_picked":["Second Wind","Clash"],"picked":"Perfected Strike+1","floor":21},{"not_picked":["Shrug It Off+1","Flex+1"],"picked":"Clothesline+1","floor":22},{"not_picked":["Clothesline","Evolve+1"],"picked":"Flame Barrier","floor":23},{"not_picked":["Body Slam","Headbutt"],"picked":"Shockwave","floor":25},{"not_picked":["Cleave+1","Rage"],"picked":"Twin Strike","floor":28},{"not_picked":["Clash","Combust"],"picked":"Heavy Blade","floor":31},{"not_picked":["Impervious","Feed"],"picked":"Barricade","floor":33},{"not_picked":["Rampage+1","Twin Strike+1"],"picked":"Armaments+1","floor":35},{"not_picked":["Infernal Blade","Heavy Blade","Twin Strike"],"picked":"SKIP","floor":36},{"not_picked":["Headbutt+1","Corruption","True Grit"],"picked":"SKIP","floor":37},{"not_picked":["Pommel Strike+1","Warcry+1","Second Wind+1"],"picked":"SKIP","floor":39},{"not_picked":["Body Slam","Sentinel","Battle Trance+1"],"picked":"SKIP","floor":45},{"not_picked":["Bloodletting","Shrug It Off"],"picked":"Metallicize","floor":46},{"not_picked":["Sever Soul+1","Second Wind","Cleave"],"picked":"SKIP","floor":47},{"not_picked":["Warcry+1","Body Slam","Twin Strike+1"],"picked":"SKIP","floor":48}],"player_experience":5836349,"relics_obtained":[{"floor":6.0,"key":"Shovel"},{"floor":9.0,"key":"Pear"},{"floor":12.0,"key":"Pantograph"},{"floor":13.0,"key":"Du-Vu Doll"},{"floor":15.0,"key":"Turnip"},{"floor":23,"key":"Akabeko"},{"floor":26,"key":"Vajra"},{"floor":27,"key":"War Paint"},{"floor":28,"key":"Charon\u0027s Ashes"},{"floor":28,"key":"Blue Candle"},{"floor":32,"key":"Oddly Smooth Stone"},{"floor":42,"key":"CaptainsWheel"},{"floor":43,"key":"Ornamental Fan"},{"floor":44,"key":"Shuriken"},{"floor":49,"key":"Paper Frog"}],"event_choices":[{"damage_healed":0.0,"max_hp_gain":0.0,"max_hp_loss":0.0,"gold_gain":0.0,"event_name":"Golden Wing","player_choice":"Ignored","floor":2.0,"gold_loss":0.0,"damage_taken":0.0},{"damage_healed":0.0,"max_hp_gain":0.0,"max_hp_loss":0.0,"gold_gain":0.0,"event_name":"Shining Light","player_choice":"Ignored","floor":4.0,"gold_loss":0.0,"damage_taken":0.0},{"damage_healed":0.0,"max_hp_gain":5.0,"max_hp_loss":0.0,"gold_gain":0.0,"event_name":"Big Fish","player_choice":"Donut","floor":5.0,"gold_loss":0.0,"damage_taken":0.0},{"damage_healed":0,"gold_gain":0,"player_choice":"Fight","damage_taken":0,"max_hp_gain":0,"max_hp_loss":0,"event_name":"Colosseum","floor":28,"gold_loss":0},{"damage_healed":0,"gold_gain":0,"player_choice":"Fought Nobs","damage_taken":0,"max_hp_gain":0,"max_hp_loss":0,"event_name":"Colosseum","floor":28,"gold_loss":0},{"damage_healed":0,"gold_gain":0,"player_choice":"Ignored","damage_taken":0,"max_hp_gain":0,"max_hp_loss":0,"event_name":"Cursed Tome","floor":29,"gold_loss":0},{"cards_removed":["Shockwave"],"damage_healed":3,"gold_gain":0,"player_choice":"Offered Uncommon","damage_taken":0,"max_hp_gain":0,"max_hp_loss":0,"event_name":"Bonfire Elementals","floor":30,"gold_loss":0},{"damage_healed":0,"gold_gain":275,"player_choice":"Desecrate","damage_taken":0,"max_hp_gain":0,"max_hp_loss":0,"event_name":"Golden Shrine","floor":41,"gold_loss":0,"cards_obtained":["Regret"]}],"is_beta":false,"boss_relics":[{"not_picked":["Tiny House","Runic Pyramid"],"picked":"Snecko Eye"},{"not_picked":["Astrolabe","Runic Cube"],"picked":"Cursed Key"}],"items_purged_floors":[],"is_endless":false,"potions_floor_spawned":[6,11,14,21,23,28,28,33,35,36,45,46,48],"ascension_level":0}}