{"host":"p8f0otjoacyb9giz","time":1611188204,"event":{"mods":["AchievementEnabler","BaseMod","Downfall","Minty Spire (QoL Compilation)","StSLib"],"gold_per_floor":[99,99,99,162,262,262,288,188,223,72,82,102,12,46,65,166,166,66,86,104,104,121,149,149,184,184,184,17,17,51,36,56,153,153,53,63,63,82,101,13,37,37,48,81,81,25,36,70,89,89,89,119,1,1,1,1],"floor_reached":57,"language":"ENG","playtime":3652,"items_purged":[],"score":1799,"play_id":"8c1942ea-5e99-4094-9bce-d5bcc322b4ae","local_time":"20210121031644","is_ascension_mode":true,"campfire_choices":[{"floor":1,"key":"RECALL"},{"data":"Guardian:CurlUp","floor":8,"key":"SMITH"},{"data":"Guardian:CompilePackage","floor":18,"key":"SMITH"},{"data":"Guardian:StasisEngine","floor":35,"key":"SMITH"},{"data":"Guardian:StasisEngine","floor":45,"key":"SMITH"},{"floor":54,"key":"REST"}],"circlet_count":0,"master_deck":["Guardian:Strike_Guardian","Guardian:Strike_Guardian","Guardian:Strike_Guardian","Guardian:Strike_Guardian","Guardian:Defend_Guardian","Guardian:Defend_Guardian","Guardian:Defend_Guardian","Guardian:Defend_Guardian","Guardian:CurlUp+1","Guardian:TwinSlam","Guardian:SpikerProtocol","Guardian:ShieldSpikes","Guardian:PiercingHide","expansioncontent:AwakenDeath","Guardian:Orbwalk","Guardian:ArmoredProtocol","Guardian:FloatingOrbs","Guardian:EvasiveProtocol","Guardian:CompilePackage+1","Guardian:PrimingBeam","Guardian:PiercingHide+1","Guardian:Orbwalk","Guardian:Harden","Writhe","Guardian:BodySlam+1","Guardian:FuturePlans+1","Guardian:StasisEngine+1","Guardian:StasisEngine+1","Guardian:ShieldCharger+1","Guardian:ChargeUp+1","Guardian:Orbwalk+1","Guardian:FierceBash","Guardian:Repulse","Guardian:MultiBeam","Guardian:RollAttack","Guardian:ShieldCharger","Guardian:PolyBeam+1","Guardian:WalkerClaw+1","Guardian:GatlingBeam"],"relics":["Guardian:ModeShifter","downfall:HeartsMalice","Calipers","Sundial","Oddly Smooth Stone","downfall:HeartBlessingRed","MealTicket","Meat on the Bone","Runic Dome","downfall:HeartBlessingGreen","Prayer Wheel","Mercury Hourglass","Pear","Gremlin Horn","Medical Kit","Omamori","Snecko Eye","downfall:HeartBlessingBlue","bronze:DonusWashers","Ice Cream","Akabeko","The Courier","Ornamental Fan","HornCleat","Orrery"],"acts_visited":["Exordium","TheCity","TheBeyond","TheEnding"],"potions_floor_usage":[13,15,23,50],"damage_taken":[{"damage":0,"enemies":"2 Louse","floor":2,"turns":1},{"damage":0,"enemies":"3 Sentries","floor":4,"turns":1},{"damage":0,"enemies":"Gremlin Nob","floor":9,"turns":1},{"damage":0,"enemies":"downfall:FleeingMerchant","floor":10,"turns":4},{"damage":8,"enemies":"Small Slimes","floor":11,"turns":5},{"damage":11,"enemies":"Jaw Worm","floor":12,"turns":4},{"damage":0,"enemies":"downfall:FleeingMerchant","floor":13,"turns":4},{"damage":0,"enemies":"Lagavulin","floor":14,"turns":7},{"damage":9,"enemies":"Gremlin Gang","floor":15,"turns":6},{"damage":41,"enemies":"IC_STATUS_ARCHETYPE","floor":16,"turns":14},{"damage":0,"enemies":"3 Byrds","floor":19,"turns":4},{"damage":0,"enemies":"Shelled Parasite and Fungi","floor":20,"turns":6},{"damage":2,"enemies":"Cultist and Chosen","floor":22,"turns":6},{"damage":26,"enemies":"Slavers","floor":23,"turns":6},{"damage":5,"enemies":"Gremlin Leader","floor":25,"turns":6},{"damage":0,"enemies":"downfall:FleeingMerchant","floor":28,"turns":4},{"damage":20,"enemies":"Slavers","floor":30,"turns":4},{"damage":25,"enemies":"downfall:FleeingMerchant","floor":31,"turns":4},{"damage":3,"enemies":"Snake Plant","floor":32,"turns":4},{"damage":23,"enemies":"DF_ARCHETYPE_CLAW","floor":33,"turns":8},{"damage":21,"enemies":"3 Shapes","floor":36,"turns":4},{"damage":8,"enemies":"3 Darklings","floor":38,"turns":4},{"damage":5,"enemies":"Maw","floor":39,"turns":6},{"damage":0,"enemies":"downfall:FleeingMerchant","floor":40,"turns":3},{"damage":34,"enemies":"4 Shapes","floor":43,"turns":3},{"damage":21,"enemies":"Nemesis","floor":44,"turns":7},{"damage":0,"enemies":"Sphere and 2 Shapes","floor":47,"turns":4},{"damage":18,"enemies":"Reptomancer","floor":48,"turns":4},{"damage":0,"enemies":"Spire Growth","floor":49,"turns":3},{"damage":26,"enemies":"SI_POISON_ARCHETYPE","floor":50,"turns":10},{"damage":46,"enemies":"downfall:CharBossMerchant","floor":52,"turns":11},{"damage":8,"enemies":"downfall:NeowBoss","floor":55,"turns":10},{"damage":43,"enemies":"downfall:NeowBossFinal","floor":56,"turns":11}],"seed_played":"369494894901138017","potions_obtained":[{"floor":4,"key":"Energy Potion"},{"floor":11,"key":"FairyPotion"},{"floor":12,"key":"ColorlessPotion"},{"floor":14,"key":"Fruit Juice"},{"floor":16,"key":"Block Potion"},{"floor":23,"key":"champ:CounterPotion"},{"floor":25,"key":"FairyPotion"}],"is_trial":false,"path_per_floor":["R","M","?","?","?","?","T","R","E","$","M","M","$","E","M","B",null,"R","M","M","T","M","E","T","E","?","?","$","?","E","$","M","B",null,"R","M","?","M","M","$","T","$","M","E","R","$","M","E","M","B",null,"E","$","R","B","B",null],"character_chosen":"GUARDIAN","items_purchased":["Guardian:PiercingHide","expansioncontent:AwakenDeath","Guardian:FloatingOrbs","Medical Kit","bronze:DonusWashers","Ice Cream","Guardian:Repulse","Orrery"],"campfire_rested":1,"item_purchase_floors":[10,10,13,28,40,40,46,53],"current_hp_per_floor":[72,72,72,72,72,60,60,60,60,75,67,56,71,71,62,33,68,68,68,68,68,66,52,52,57,57,57,72,56,48,50,47,36,77,87,66,66,58,53,68,68,83,61,52,52,67,67,61,61,52,92,58,73,104,96,53],"gold":1,"neow_bonus":"THREE_ENEMY_KILL","is_daily":false,"chose_seed":false,"campfire_upgraded":4,"win_rate":0.0,"timestamp":1611188204,"path_taken":["R","M","?","?","?","?","T","R","E","?","?","?","$","E","M","BOSS","R","M","M","?","M","E","T","E","?","?","?","?","E","$","M","BOSS","R","M","?","M","?","$","T","?","M","E","R","$","M","E","M","BOSS","E","$","R","BOSS","BOSS"],"items_purchased_type":["Card","Card","Card","Relic","Relic","Relic","Card","Relic"],"build_version":"2020-12-22","purchased_purges":0,"victory":true,"max_hp_per_floor":[80,80,80,80,80,80,80,80,80,80,80,80,80,80,80,80,80,80,80,80,80,80,80,80,90,90,90,90,90,90,90,90,90,90,100,100,100,100,100,100,100,100,100,100,100,100,100,100,100,105,105,105,105,105,105,105],"card_choices":[{"not_picked":["Guardian:Clone","Guardian:ChargeUp"],"picked":"Guardian:SpikerProtocol","floor":2},{"not_picked":["Guardian:WalkerClaw","Guardian:BronzeArmor"],"picked":"Guardian:ShieldSpikes","floor":9},{"not_picked":["Guardian:Reroute","Guardian:CrystalBeam"],"picked":"Guardian:Gem_Purple","floor":10},{"not_picked":["Guardian:HyperBeam_Guardian","Guardian:Gem_Fragmented"],"picked":"Guardian:Orbwalk","floor":11},{"not_picked":["Guardian:ShieldCharger","Guardian:Suspension","Guardian:Gem_Lightblue"],"picked":"SKIP","floor":12},{"not_picked":["Guardian:CrystalBeam","Guardian:Reroute"],"picked":"Guardian:ArmoredProtocol","floor":13},{"not_picked":["Guardian:GemFire","Guardian:TimeCapacitor","Guardian:Planning"],"picked":"SKIP","floor":14},{"not_picked":["Guardian:Gem_Green","Guardian:FuturePlans"],"picked":"Guardian:EvasiveProtocol","floor":15},{"not_picked":["Guardian:ExploitGems","Guardian:GatlingBeam"],"picked":"Guardian:CompilePackage","floor":16},{"not_picked":["Guardian:ShieldCharger","Guardian:Suspension"],"picked":"Guardian:PrimingBeam","floor":19},{"not_picked":["Guardian:RefractedBeam+1","Guardian:Emergency+1"],"picked":"Guardian:PiercingHide+1","floor":20},{"not_picked":["Guardian:PiercingHide","Guardian:Reroute"],"picked":"Guardian:Orbwalk","floor":22},{"not_picked":["Guardian:RollAttack","Guardian:ChargeCore"],"picked":"Guardian:Harden","floor":23},{"not_picked":["Guardian:ShieldSpikes","Guardian:Gem_Cyan"],"picked":"Guardian:Gem_White","floor":25},{"not_picked":["Guardian:TemporalStrike","Guardian:WalkerClaw"],"picked":"Guardian:BodySlam+1","floor":28},{"not_picked":["Guardian:PiercingHide","Guardian:BodySlam","Guardian:Gem_Synthetic"],"picked":"SKIP","floor":30},{"not_picked":["Guardian:ShieldSpikes","Guardian:ChargeCore","Guardian:Reroute"],"picked":"SKIP","floor":31},{"not_picked":["Guardian:Reroute","Guardian:ChargeCore"],"picked":"Guardian:FuturePlans+1","floor":32},{"not_picked":["Guardian:Incinerate","Guardian:ShieldCharger+1"],"picked":"Guardian:StasisEngine","floor":32},{"not_picked":["Guardian:AncientConstruct","Guardian:FastForward"],"picked":"Guardian:StasisEngine","floor":33},{"not_picked":["Guardian:PiercingHide+1","Guardian:Planning+1","Guardian:Gem_White"],"picked":"SKIP","floor":36},{"not_picked":["Guardian:CrystalBeam","Guardian:Suspension","Guardian:Incinerate+1"],"picked":"SKIP","floor":36},{"not_picked":["Guardian:TemporalShield+1","Guardian:Planning+1"],"picked":"Guardian:ShieldCharger+1","floor":38},{"not_picked":["Guardian:TimeSifter","Guardian:Suspension+1","Guardian:Gem_White"],"picked":"SKIP","floor":38},{"not_picked":["Guardian:BodySlam","Guardian:Gem_Purple"],"picked":"Guardian:ChargeUp+1","floor":39},{"not_picked":["Guardian:Suspension+1","Guardian:WalkerClaw","Guardian:Incinerate"],"picked":"SKIP","floor":39},{"not_picked":["Guardian:Clone+1","Guardian:FuturePlans","Guardian:Gem_White"],"picked":"SKIP","floor":40},{"not_picked":["Guardian:Recover","Guardian:Gem_Crimson"],"picked":"Guardian:Orbwalk+1","floor":43},{"not_picked":["Guardian:Clone","Guardian:PiercingHide+1","Guardian:BronzeOrb+1"],"picked":"SKIP","floor":43},{"not_picked":["Guardian:Harden","Guardian:CrystalBeam+1"],"picked":"Guardian:FierceBash","floor":44},{"not_picked":["Guardian:PiercingHide+1","Guardian:BodySlam+1"],"picked":"Guardian:MultiBeam","floor":47},{"not_picked":["Guardian:BronzeArmor+1","Guardian:Repulse+1","Guardian:Gem_Green"],"picked":"SKIP","floor":47},{"not_picked":["Guardian:Gem_Red","Guardian:TemporalShield+1","Guardian:Suspension"],"picked":"SKIP","floor":48},{"not_picked":["Guardian:Gem_Cyan","Guardian:GuardianWhirl+1"],"picked":"Guardian:RollAttack","floor":49},{"not_picked":["Guardian:EvasiveProtocol+1","Guardian:SpikerProtocol+1","Guardian:Reroute+1"],"picked":"SKIP","floor":49},{"not_picked":["Guardian:Gem_Yellow","Guardian:Gem_Green","Guardian:ShieldCharger"],"picked":"SKIP","floor":52},{"not_picked":["Guardian:Suspension","Guardian:Incinerate+1"],"picked":"Guardian:ShieldCharger","floor":53},{"not_picked":["Guardian:Gem_Blue","Guardian:VentSteam+1"],"picked":"Guardian:PolyBeam+1","floor":53},{"not_picked":["Guardian:Gem_Crimson","Guardian:PiercingHide"],"picked":"Guardian:WalkerClaw+1","floor":53},{"not_picked":["Guardian:Gem_Fragmented","Guardian:Gem_Blue"],"picked":"Guardian:GatlingBeam","floor":53}],"player_experience":381964,"relics_obtained":[{"floor":4,"key":"Calipers"},{"floor":7,"key":"Oddly Smooth Stone"},{"floor":9,"key":"MealTicket"},{"floor":14,"key":"Meat on the Bone"},{"floor":23,"key":"Prayer Wheel"},{"floor":24,"key":"Mercury Hourglass"},{"floor":25,"key":"Pear"},{"floor":30,"key":"Omamori"},{"floor":41,"key":"Akabeko"},{"floor":44,"key":"The Courier"},{"floor":48,"key":"Ornamental Fan"},{"floor":52,"key":"HornCleat"}],"event_choices":[{"damage_healed":0,"gold_gain":0,"player_choice":"Success","damage_taken":12,"relics_obtained":["Sundial"],"max_hp_gain":0,"max_hp_loss":0,"event_name":"Scrap Ooze","floor":6,"gold_loss":0},{"damage_healed":0,"gold_gain":0,"player_choice":"Ignored","damage_taken":0,"max_hp_gain":0,"max_hp_loss":0,"event_name":"Ghosts","floor":27,"gold_loss":0}],"is_beta":false,"boss_relics":[{"not_picked":["bronze:MakeshiftBattery","Calling Bell"],"picked":"Runic Dome"},{"not_picked":["expansioncontent:StudyCardRelic","SlaversCollar"],"picked":"Snecko Eye"}],"items_purged_floors":[],"is_endless":false,"potions_floor_spawned":[4,11,12,14,16,19,23,25,30,32,33,38,43,44],"ascension_level":6}}