{"host":"vyjryxuuuxkt43k4","time":1611215802,"event":{"mods":["AchievementEnabler","BaseMod","Colored Map","DeckTracker","Keyboard Shortcuts","Minty Spire (QoL Compilation)","Permanent Neow","Quick Restart","StSLib","SuperFastMode","everything is the same but u backflip on backflip"],"gold_per_floor":[117,217,235,245,36,36,66,66,66,84,119,119,138,155,155,155,155],"floor_reached":16,"language":"KOR","playtime":629,"items_purged":[],"score":162,"play_id":"d9cfbc46-c787-4942-b5c5-1631924a823f","local_time":"20210121165642","is_ascension_mode":true,"campfire_choices":[{"data":"Dagger Throw","floor":6.0,"key":"SMITH"},{"floor":12.0,"key":"REST"},{"data":"Prepared","floor":15.0,"key":"SMITH"}],"circlet_count":0,"master_deck":["Strike_G","Strike_G","Strike_G","Strike_G","Defend_G","Defend_G","Defend_G","Defend_G","Defend_G","Survivor","Neutralize","Backflip","Catalyst","Cloak And Dagger","Dagger Throw+1","All Out Attack","Prepared+1","Choke","Crippling Poison","Dodge and Roll"],"relics":["Ring of the Snake","TheAbacus","Tough Bandages","Frozen Egg 2","Bottled Lightning"],"acts_visited":["Exordium"],"potions_floor_usage":[16,16],"damage_taken":[{"damage":4.0,"enemies":"Small Slimes","floor":1.0,"turns":6.0},{"damage":7.0,"enemies":"Cultist","floor":3.0,"turns":6.0},{"damage":4.0,"enemies":"Jaw Worm","floor":4.0,"turns":6.0},{"damage":15.0,"enemies":"Gremlin Nob","floor":7.0,"turns":5.0},{"damage":0.0,"enemies":"Blue Slaver","floor":10.0,"turns":5.0},{"damage":22.0,"enemies":"3 Sentries","floor":11.0,"turns":8.0},{"damage":0.0,"enemies":"Red Slaver","floor":13.0,"turns":4.0},{"damage":1.0,"enemies":"Exordium Wildlife","floor":14.0,"turns":3.0},{"damage":37,"enemies":"Slime Boss","floor":16,"turns":9}],"seed_played":"-1997723896446978430","potions_obtained":[{"floor":1.0,"key":"Energy Potion"},{"floor":3.0,"key":"SneckoOil"},{"floor":13.0,"key":"FearPotion"}],"is_trial":false,"path_per_floor":["M","?","M","M","$","R","E","$","T","M","E","R","M","M","R","B"],"character_chosen":"THE_SILENT","items_purchased":["TheAbacus","Dagger Throw"],"campfire_rested":1,"item_purchase_floors":[5,5],"current_hp_per_floor":[59,59,52,48,48,48,33,33,33,33,11,32,32,31,31,0,0],"gold":155,"neow_bonus":"REMOVE_CARD","is_daily":false,"chose_seed":false,"campfire_upgraded":2,"win_rate":0.0,"timestamp":1611215802,"path_taken":["M","?","M","M","$","R","E","$","T","M","E","R","?","M","R","BOSS"],"items_purchased_type":["Relic","Card"],"build_version":"2020-12-22","purchased_purges":0,"victory":false,"max_hp_per_floor":[70,70,70,70,70,70,70,70,70,70,70,70,70,70,70,70,70],"card_choices":[{"not_picked":["Distraction","Caltrops"],"picked":"Backflip","floor":1.0},{"not_picked":["Calculated Gamble","Slice"],"picked":"Catalyst","floor":3.0},{"not_picked":["Blade Dance","Infinite Blades"],"picked":"Cloak And Dagger","floor":4.0},{"not_picked":["Distraction","Deadly Poison"],"picked":"All Out Attack","floor":7.0},{"not_picked":["Blade Dance","Underhanded Strike"],"picked":"Prepared","floor":10.0},{"not_picked":["Choke","Poisoned Stab","Deflect"],"picked":"SKIP","floor":11.0},{"not_picked":["Poisoned Stab","Deflect"],"picked":"Choke","floor":11.0},{"not_picked":["Bane","Reflex"],"picked":"Crippling Poison","floor":13.0},{"not_picked":["Deadly Poison","Cloak And Dagger"],"picked":"Dodge and Roll","floor":14.0}],"player_experience":199518,"relics_obtained":[{"floor":7.0,"key":"Tough Bandages"},{"floor":9.0,"key":"Frozen Egg 2"},{"floor":11.0,"key":"Bottled Lightning"}],"event_choices":[{"damage_healed":0.0,"max_hp_gain":0.0,"max_hp_loss":0.0,"gold_gain":100.0,"event_name":"Golden Shrine","player_choice":"Pray","floor":2.0,"gold_loss":0.0,"damage_taken":0.0}],"is_beta":false,"boss_relics":[],"items_purged_floors":[],"is_endless":false,"potions_floor_spawned":[1,3,13],"killed_by":"Slime Boss","ascension_level":9}}