{"host":"4pckc3u5mqcilakq","time":1611265953,"event":{"mods":["AchievementEnabler","BaseMod","Colored Map","Colored Powertips","Highlight Path","Minty Spire (QoL Compilation)"],"gold_per_floor":[119,131,131,78,96,131,131,154,181,198,41,41,53,70,70,169,169,182,182,97,108,118,118,118,118],"floor_reached":24,"language":"ENG","playtime":1229,"items_purged":[],"score":228,"play_id":"055cbb2c-fd9f-4af7-841e-0db13c24f790","local_time":"20210122005233","is_ascension_mode":true,"campfire_choices":[{"floor":7,"key":"REST"},{"data":"Conserve Battery","floor":12,"key":"SMITH"},{"data":"Static Discharge","floor":15,"key":"SMITH"},{"data":"Ball Lightning","floor":23,"key":"SMITH"}],"circlet_count":0,"master_deck":["Strike_B+1","Strike_B+1","Strike_B+1","Strike_B+1","Defend_B+1","Defend_B+1","Defend_B+1","Defend_B+1","Zap+1","Dualcast","Coolheaded+1","Sweeping Beam","Conserve Battery+1","Echo Form","Barrage","Static Discharge+1","Amplify","Cold Snap","Ball Lightning+1"],"relics":["Cracked Core","NeowsBlessing","Toy Ornithopter","Centennial Puzzle","MealTicket","Lee\u0027s Waffle","Nuclear Battery","Tiny Chest"],"acts_visited":["Exordium","TheCity"],"potions_floor_usage":[21,24,24,24],"damage_taken":[{"damage":0,"enemies":"2 Louse","floor":1,"turns":1},{"damage":0,"enemies":"Jaw Worm","floor":2,"turns":1},{"damage":0,"enemies":"Small Slimes","floor":5,"turns":1},{"damage":53,"enemies":"Gremlin Nob","floor":6,"turns":6},{"damage":14,"enemies":"2 Fungi Beasts","floor":10,"turns":3},{"damage":0,"enemies":"Exordium Thugs","floor":13,"turns":4},{"damage":11,"enemies":"Lots of Slimes","floor":14,"turns":2},{"damage":35,"enemies":"The Guardian","floor":16,"turns":12},{"damage":30,"enemies":"Spheric Guardian","floor":18,"turns":6},{"damage":20,"enemies":"2 Thieves","floor":21,"turns":4},{"damage":32,"enemies":"Centurion and Healer","floor":22,"turns":5},{"damage":26,"enemies":"Slavers","floor":24,"turns":1}],"seed_played":"-959017790958192432","potions_obtained":[{"floor":6,"key":"BlessingOfTheForge"},{"floor":13,"key":"SpeedPotion"},{"floor":18,"key":"Swift Potion"},{"floor":22,"key":"Explosive Potion"}],"is_trial":false,"path_per_floor":["M","M","?","$","M","E","R","T","T","M","$","R","M","M","R","B",null,"M","?","?","M","M","R","E"],"character_chosen":"DEFECT","items_purchased":["Conserve Battery","Lee\u0027s Waffle"],"campfire_rested":1,"item_purchase_floors":[4,11],"current_hp_per_floor":[75,75,60,60,60,7,29,29,29,15,82,82,82,71,71,36,82,52,52,52,37,5,5,0,0],"gold":118,"neow_bonus":"THREE_ENEMY_KILL","is_daily":false,"chose_seed":false,"campfire_upgraded":3,"win_rate":0.0,"timestamp":1611265953,"path_taken":["M","M","?","$","M","E","R","?","T","M","$","R","M","M","R","BOSS","M","?","?","M","?","R","E"],"items_purchased_type":["Card","Relic"],"build_version":"2020-12-22","purchased_purges":0,"victory":false,"max_hp_per_floor":[75,75,75,75,75,75,75,75,75,75,82,82,82,82,82,82,82,82,82,82,82,82,82,82,82],"card_choices":[{"not_picked":["Hologram","White Noise"],"picked":"Coolheaded","floor":1},{"not_picked":["Turbo","Reinforced Body"],"picked":"Sweeping Beam","floor":2},{"not_picked":["Beam Cell","Leap"],"picked":"Echo Form","floor":5},{"not_picked":["Force Field","Beam Cell"],"picked":"Barrage","floor":6},{"not_picked":["Beam Cell","Double Energy","Rebound"],"picked":"SKIP","floor":10},{"not_picked":["Barrage","Blizzard"],"picked":"Static Discharge","floor":13},{"not_picked":["Turbo","Coolheaded","Rip and Tear"],"picked":"SKIP","floor":14},{"not_picked":["Thunder Strike","Meteor Strike"],"picked":"Amplify","floor":16},{"not_picked":["Gash","Tempest","Blizzard"],"picked":"SKIP","floor":18},{"not_picked":["Conserve Battery","Barrage"],"picked":"Cold Snap","floor":21},{"not_picked":["Lockon","Chaos"],"picked":"Ball Lightning","floor":22}],"player_experience":175841,"relics_obtained":[{"floor":6,"key":"Toy Ornithopter"},{"floor":8,"key":"Centennial Puzzle"},{"floor":9,"key":"MealTicket"}],"event_choices":[{"damage_healed":0,"gold_gain":0,"player_choice":"Entered Light","damage_taken":15,"max_hp_gain":0,"max_hp_loss":0,"event_name":"Shining Light","floor":3,"gold_loss":0,"cards_upgraded":["Coolheaded","Zap"]},{"damage_healed":0,"gold_gain":0,"player_choice":"Simplicity","damage_taken":0,"max_hp_gain":0,"max_hp_loss":0,"event_name":"Back to Basics","floor":19,"gold_loss":0,"cards_upgraded":["Strike_B","Strike_B","Strike_B","Strike_B","Defend_B","Defend_B","Defend_B","Defend_B"]},{"damage_healed":0,"gold_gain":0,"player_choice":"Obtained Relic","damage_taken":0,"relics_obtained":["Tiny Chest"],"max_hp_gain":0,"max_hp_loss":0,"event_name":"Addict","floor":20,"gold_loss":85}],"is_beta":false,"boss_relics":[{"not_picked":["Sozu","Pandora\u0027s Box"],"picked":"Nuclear Battery"}],"items_purged_floors":[],"is_endless":false,"potions_floor_spawned":[6,13,18,22],"killed_by":"Slavers","ascension_level":3}}