{"host":"ftwnpa9ceeptmrn1","time":1611198259,"event":{"mods":["Aspiration","BaseMod","Colored Map","Colored Powertips","Conspire","Downfall","Hubris","Infinite Spire","Minty Spire (QoL Compilation)","Relic Stats","StSLib","Waifu the Spire","vexMod"],"gold_per_floor":[115,290,301,44,44,44,63,75,129,129,147,157,157,176,176,275,275,290,278,1,1,1,1,20,20,20,20,37,37,37,70,70,170,170,188,188,208,208,208,208,208,208,288,288,308,0,32,51,51,51,51],"floor_reached":50,"language":"ENG","playtime":4040,"items_purged":["Strike_B","Defend_B"],"score":553,"play_id":"1fdfb003-b587-40b5-b590-d7e1da7b3193","local_time":"20210120210419","is_ascension_mode":true,"campfire_choices":[{"data":"Dualcast","floor":6.0,"key":"SMITH"},{"data":"Fusion","floor":13,"key":"SMITH"},{"data":"Redo","floor":15,"key":"SMITH"},{"floor":23,"key":"REST"},{"floor":27,"key":"RECALL"},{"data":"RitualDagger","floor":30,"key":"SMITH"},{"data":"Defragment","floor":32,"key":"SMITH"},{"data":"Self Repair","floor":40,"key":"SMITH"},{"data":"Madness","floor":44,"key":"SMITH"},{"data":"hubris:TrickCloak","floor":49,"key":"SMITH"}],"circlet_count":0,"master_deck":["Defend_B","Zap","Dualcast+1","Redo+1","Sweeping Beam","Conserve Battery","BootSequence","Fusion+1","Gash","Scrape","Buffer","Cold Snap+1","Electrodynamics","Gash","hubris:PowerSurge+1","Bite","Bite+1","Bite","Bite","Bite","BootSequence+1","RitualDagger+1","Defragment+1","All For One","Self Repair+1","Redo+1","hubris:PowerSurge+1","Madness+1","Madness+1","Conserve Battery+1","hubris:TrickCloak+1","Self Repair"],"relics":["Cracked Core","Question Card","hubris:BallOfYels","infinitespire:PuzzleCube","hubris:Stopwatch","aspiration:VileToxins","hubris:Backtick","Runic Capacitor","hubris:DisguiseKit","vexMod:PaidLearning","Oddly Smooth Stone","Whetstone"],"acts_visited":["Exordium","TheCity","TheBeyond"],"potions_floor_usage":[16,16,24,33,33,35,50,50,50],"damage_taken":[{"damage":12.0,"enemies":"Small Slimes","floor":1.0,"turns":3.0},{"damage":3.0,"enemies":"2 Louse","floor":3.0,"turns":2.0},{"damage":7.0,"enemies":"Jaw Worm","floor":7.0,"turns":3.0},{"damage":4.0,"enemies":"3 Louse","floor":8.0,"turns":3.0},{"damage":0,"enemies":"Blue Slaver","floor":11,"turns":2},{"damage":5,"enemies":"2 Fungi Beasts","floor":12,"turns":4},{"damage":0,"enemies":"Red Slaver","floor":14,"turns":3},{"damage":31,"enemies":"Slime Boss","floor":16,"turns":9},{"damage":11,"enemies":"Spheric Guardian","floor":18,"turns":5},{"damage":12,"enemies":"2 Thieves","floor":19,"turns":4},{"damage":1,"enemies":"Cultist and Chosen","floor":24,"turns":5},{"damage":34,"enemies":"Shelled Parasite and Fungi","floor":28,"turns":8},{"damage":11,"enemies":"Slavers","floor":31,"turns":3},{"damage":39,"enemies":"hubris:MusketHawk","floor":33,"turns":9},{"damage":18,"enemies":"3 Darklings","floor":35,"turns":4},{"damage":0,"enemies":"3 Shapes","floor":37,"turns":2},{"damage":0,"enemies":"3 Darklings","floor":45,"turns":2},{"damage":10,"enemies":"Reptomancer","floor":47,"turns":9},{"damage":42,"enemies":"Spire Growth","floor":48,"turns":4},{"damage":44,"enemies":"Donu and Deca","floor":50,"turns":4}],"seed_played":"4506865783942373320","potions_obtained":[{"floor":7.0,"key":"Weak Potion"},{"floor":11,"key":"champ:CounterPotion"},{"floor":12,"key":"Slimebound:ThreeZeroPotion"},{"floor":16,"key":"GamblersBrew"},{"floor":18,"key":"Ancient Potion"},{"floor":28,"key":"SpeedPotion"},{"floor":33,"key":"Explosive Potion"},{"floor":35,"key":"SpeedPotion"},{"floor":45,"key":"Ancient Potion"}],"is_trial":false,"path_per_floor":["M","?","M","$","?","R","M","M","T","?","M","M","R","M","R","B",null,"M","M","$","?","$","R","M","?","T","R","M","?","R","E","R","B",null,"M","?","M","AVR","?","R","?","?","T","R","M","$","E","M","R","B"],"character_chosen":"DEFECT","items_purchased":["Question Card","Electrodynamics","Gash","vexMod:PaidLearning","Oddly Smooth Stone"],"campfire_rested":1,"item_purchase_floors":[4,20,20,46,46],"current_hp_per_floor":[70,70,67,67,67,67,60,56,56,56,56,51,51,51,51,20,82,71,59,59,43,43,69,68,60,60,60,44,38,38,33,33,12,60,44,44,44,44,44,44,44,36,36,36,38,38,52,29,29,0,0],"gold":51,"neow_bonus":"TEN_PERCENT_HP_BONUS","is_daily":false,"chose_seed":false,"campfire_upgraded":8,"win_rate":0.0,"timestamp":1611198259,"path_taken":["M","?","M","$","?","R","M","M","T","?","M","M","R","M","R","BOSS","M","M","$","?","$","R","M","?","T","R","M","?","R","E","R","BOSS","M","?","?","AVR","?","R","?","?","T","R","M","$","E","M","R","BOSS"],"items_purchased_type":["Relic","Card","Card","Relic","Relic"],"build_version":"2020-12-22","purchased_purges":2,"victory":false,"max_hp_per_floor":[82,82,82,82,82,82,82,82,82,82,82,82,82,82,82,82,82,82,82,82,87,87,87,87,60,60,60,60,60,60,60,60,60,60,60,60,60,60,60,60,60,60,60,60,60,60,60,60,60,60,60],"relic_stats":{"counters":[20,88],"Whetstone":["Cold Snap","Bite"],"Question Card":22,"obtain_stats":[{"aspiration:VileToxins":38,"hubris:BallOfYels":26,"hubris:DisguiseKit":43,"hubris:Backtick":38,"hubris:Stopwatch":34,"Oddly Smooth Stone":46,"Runic Capacitor":38,"vexMod:PaidLearning":46,"Whetstone":47,"Cracked Core":0,"Question Card":4,"infinitespire:PuzzleCube":31},{"aspiration:VileToxins":16,"hubris:BallOfYels":11,"hubris:DisguiseKit":16,"hubris:Backtick":16,"hubris:Stopwatch":14,"Oddly Smooth Stone":17,"Runic Capacitor":16,"vexMod:PaidLearning":17,"Whetstone":18,"Cracked Core":0,"Question Card":2,"infinitespire:PuzzleCube":13},{"aspiration:VileToxins":69,"hubris:BallOfYels":43,"hubris:DisguiseKit":69,"hubris:Backtick":69,"hubris:Stopwatch":63,"Oddly Smooth Stone":71,"Runic Capacitor":69,"vexMod:PaidLearning":71,"Whetstone":80,"Cracked Core":0,"Question Card":5,"infinitespire:PuzzleCube":54}]},"card_choices":[{"not_picked":["aspiration:Polymerization","Force Field"],"picked":"Redo","floor":1.0},{"not_picked":["Leap","Barrage"],"picked":"Sweeping Beam","floor":3.0},{"not_picked":["Tempest","Rainbow","Heatsinks"],"picked":"Conserve Battery","floor":7.0},{"not_picked":["Fusion","Recycle","Streamline"],"picked":"BootSequence","floor":8.0},{"not_picked":["Coolheaded","Lockon","conspire:SharedLibrary"],"picked":"Fusion","floor":11},{"not_picked":["Compile Driver","Lockon","Coolheaded"],"picked":"Gash","floor":12},{"not_picked":["aspiration:Polymerization","Leap","Tempest"],"picked":"Scrape","floor":14},{"not_picked":["Multi-Cast","Fission","Seek"],"picked":"Buffer","floor":16},{"not_picked":["Heatsinks","Sweeping Beam","Rip and Tear"],"picked":"Cold Snap","floor":18},{"not_picked":["Turbo","Rip and Tear","Steam","Streamline"],"picked":"SKIP","floor":19},{"not_picked":["Tempest","aspiration:Polymerization","Conserve Battery"],"picked":"hubris:PowerSurge+1","floor":24},{"not_picked":["Barrage","Reinforced Body","Chaos"],"picked":"BootSequence+1","floor":28},{"not_picked":["Chill+1","Redo","Doom and Gloom+1"],"picked":"Defragment","floor":31},{"not_picked":["Buffer","Electrodynamics","Thunder Strike"],"picked":"All For One","floor":33},{"not_picked":["Cold Snap+1","White Noise+1","Ball Lightning"],"picked":"Self Repair","floor":35},{"not_picked":["Ball Lightning","Coolheaded+1","Cold Snap"],"picked":"Redo+1","floor":37},{"not_picked":["Barrage+1","Streamline","Cold Snap+1","Bane"],"picked":"Conserve Battery+1","floor":45},{"not_picked":["Conserve Battery","Cold Snap","Rebound","Steam+1"],"picked":"hubris:TrickCloak","floor":47},{"not_picked":["Doom and Gloom","Reinforced Body","Leap+1","hubris:TrickCloak"],"picked":"Self Repair","floor":48}],"player_experience":263505,"relics_obtained":[{"floor":26,"key":"hubris:BallOfYels"},{"floor":31,"key":"infinitespire:PuzzleCube"},{"floor":43,"key":"hubris:DisguiseKit"},{"floor":47,"key":"Whetstone"}],"event_choices":[{"damage_healed":0.0,"max_hp_gain":0.0,"max_hp_loss":0.0,"gold_gain":175.0,"event_name":"Liars Game","player_choice":"AGREE","floor":2.0,"gold_loss":0.0,"damage_taken":0.0,"cards_obtained":["Doubt"]},{"cards_removed":["Doubt"],"damage_healed":0.0,"max_hp_gain":0.0,"max_hp_loss":0.0,"gold_gain":0.0,"event_name":"Living Wall","player_choice":"Forget","floor":10.0,"gold_loss":0.0,"damage_taken":0.0},{"damage_healed":0,"gold_gain":0,"player_choice":"Shed Blood","damage_taken":21,"max_hp_gain":5,"max_hp_loss":0,"event_name":"Forgotten Altar","floor":21,"gold_loss":0},{"damage_healed":0,"gold_gain":0,"player_choice":"Became a vampire","damage_taken":0,"max_hp_gain":0,"max_hp_loss":27,"event_name":"Vampires","floor":25,"gold_loss":0,"cards_obtained":["Bite","Bite","Bite","Bite","Bite"]},{"damage_healed":0,"gold_gain":0,"player_choice":"Joined the Cult","damage_taken":6,"max_hp_gain":0,"max_hp_loss":0,"event_name":"Nest","floor":29,"gold_loss":0,"cards_obtained":["RitualDagger"]},{"damage_healed":0,"gold_gain":0,"player_choice":"Ignored","damage_taken":0,"max_hp_gain":0,"max_hp_loss":0,"event_name":"Transmorgrifier","floor":36,"gold_loss":0},{"cards_removed":["Defend_B"],"damage_healed":0,"gold_gain":0,"player_choice":"Removed Skill","damage_taken":0,"max_hp_gain":0,"max_hp_loss":0,"event_name":"Falling","floor":41,"gold_loss":0},{"damage_healed":0,"gold_gain":0,"player_choice":"Embrace Madness","damage_taken":8,"max_hp_gain":0,"max_hp_loss":0,"event_name":"Winding Halls","floor":42,"gold_loss":0,"cards_obtained":["Madness","Madness"]}],"is_beta":false,"boss_relics":[{"not_picked":["vexMod:DeviousBotling","Astrolabe","Coffee Dripper"]},{"not_picked":["hubris:VirtuousBlindfold","conspire:RoyalGoblet"],"picked":"hubris:Stopwatch"}],"items_purged_floors":[20,38],"is_endless":false,"potions_floor_spawned":[7,11,12,16,18,28,33,35,45],"killed_by":"Donu and Deca","ascension_level":2}}