{"host":"sdjng9zhqonqi3uc","time":1611262276,"event":{"mods":["2.2 Compatiblity","AchievementEnabler","BaseMod","Better Note","Better Third Choice","BetterRewards","Colored Map","Colored Powertips","Downfall","Hero for Fun","Hubris","Minty Spire (QoL Compilation)","Quick Restart","Relic Stats","Shop Mod","Spicy Shops","StSLib","Td1madao Mod","The Animator","The Cursed","The Servant 0.9.4"],"gold_per_floor":[126,17,27,50,78,78,125,144,144,144,144],"floor_reached":10,"language":"ENG","playtime":911,"items_purged":[],"score":91,"play_id":"d1168acd-3b37-4628-a32d-6d3d68f8ea0c","local_time":"20210121215116","is_ascension_mode":true,"campfire_choices":[{"data":"animator:GuildGirl","floor":6,"key":"SMITH"}],"circlet_count":0,"master_deck":["animator:Strike_FullmetalAlchemist","animator:Defend_FullmetalAlchemist","animator:Strike","animator:Strike","animator:Strike","animator:Defend","animator:Defend","animator:Defend","animator:ElricEdward","animator:ElricAlphonse","animator:KrulTepes","animator:Benimaru","hubris:DuctTapeCard"],"relics":["animator:LivingPicture","animator:TheMissingPiece","animator:PurgingStone","animator:CerealBox","hubris:CuriousFeather","MerchantsRug","Membership Card","Blood Vial","Akabeko","hubris:DuctTape"],"acts_visited":["Exordium"],"potions_floor_usage":[5,7,10],"damage_taken":[{"damage":3,"enemies":"Cultist","floor":1,"turns":5},{"damage":0,"enemies":"2 Louse","floor":3,"turns":3},{"damage":5,"enemies":"Jaw Worm","floor":4,"turns":4},{"damage":7,"enemies":"Looter","floor":5,"turns":4},{"damage":19,"enemies":"3 Sentries","floor":7,"turns":8},{"damage":10,"enemies":"Blue Slaver","floor":8,"turns":3},{"damage":19,"enemies":"Gremlin Nob","floor":10,"turns":4}],"seed_played":"-7679498557439138226","potions_obtained":[{"floor":3,"key":"sneckomod:MuddlingPotion"},{"floor":4,"key":"Guardian:BlockOnCardUsePotion"},{"floor":8,"key":"bronze:BurnAndBuffPotion"}],"is_trial":false,"path_per_floor":["M","$","M","M","M","R","E","M","T","E"],"character_chosen":"THE_ANIMATOR","items_purchased":["animator:CerealBox","Strawberry","MerchantsRug","Strange Spoon","Membership Card"],"campfire_rested":0,"item_purchase_floors":[0,0,0,0,2],"current_hp_per_floor":[38,38,38,33,26,26,15,11,11,0,0],"gold":144,"neow_bonus":"","is_daily":false,"chose_seed":false,"campfire_upgraded":1,"win_rate":0.0,"timestamp":1611262276,"path_taken":["M","$","M","?","M","R","E","M","T","E"],"items_purchased_type":["Relic","Relic","Relic","Relic","Relic"],"build_version":"2020-12-22","purchased_purges":0,"victory":false,"max_hp_per_floor":[73,73,73,73,73,73,73,73,73,73,73],"relic_stats":{"Blood Vial":4,"counters":[7,31],"obtain_stats":[{"Blood Vial":7,"MerchantsRug":0,"Strange Spoon":0,"animator:PurgingStone":0,"hubris:DuctTape":9,"animator:TheMissingPiece":0,"Strawberry":0,"animator:LivingPicture":0,"hubris:CuriousFeather":0,"Membership Card":2,"Akabeko":7,"animator:CerealBox":0},{"Blood Vial":5,"MerchantsRug":0,"Strange Spoon":0,"animator:PurgingStone":0,"hubris:DuctTape":6,"animator:TheMissingPiece":0,"Strawberry":0,"animator:LivingPicture":0,"hubris:CuriousFeather":0,"Membership Card":1,"Akabeko":5,"animator:CerealBox":0},{"Blood Vial":24,"MerchantsRug":0,"Strange Spoon":0,"animator:PurgingStone":0,"hubris:DuctTape":27,"animator:TheMissingPiece":0,"Strawberry":0,"animator:LivingPicture":0,"hubris:CuriousFeather":0,"Membership Card":5,"Akabeko":24,"animator:CerealBox":0}]},"card_choices":[{"not_picked":["animator:SakuraMatou","animator:IzunaHatsuse"],"picked":"animator:KrulTepes","floor":1},{"not_picked":["animator:IzunaHatsuse","animator:Benimaru"],"picked":"animator:GuildGirl","floor":3},{"not_picked":["animator:Mitsurugi","animator:Jibril","animator:LizardPriest"],"picked":"SKIP","floor":4},{"not_picked":["animator:Gluttony","animator:ElricEdward"],"picked":"animator:WinryRockbell","floor":5},{"not_picked":["animator:DolaCouronne","animator:GoblinSlayer"],"picked":"animator:Benimaru","floor":7},{"not_picked":["animator:Kazuma","animator:Illya","animator:Jibril"],"picked":"SKIP","floor":8}],"player_experience":352804,"relics_obtained":[{"floor":7,"key":"Blood Vial"},{"floor":7,"key":"Akabeko"},{"floor":9,"key":"hubris:DuctTape"}],"event_choices":[],"is_beta":false,"boss_relics":[],"items_purged_floors":[],"is_endless":false,"potions_floor_spawned":[3,4,8],"killed_by":"Gremlin Nob","ascension_level":6}}