{"host":"ELF","time":1611230005,"event":{"mods":["BaseMod","Bestiary","Minty Spire (QoL Compilation)","Relic Stats","Slay the Relics Exporter"],"gold_per_floor":[109,109,121,133,8,8,43,43,98,114,14,48,67,37,37,110,110,122,122,137,137,52,52,86,27,27,27,38,63,74,21,21,21,21],"floor_reached":33,"language":"ENG","playtime":1630,"items_purged":["Pain","Strike_G"],"score":586,"play_id":"7cddc15a-e7a7-4a65-9ed8-6d45fd106a98","local_time":"20210121055325","is_ascension_mode":true,"campfire_choices":[{"data":"Prepared","floor":6.0,"key":"SMITH"},{"floor":8.0,"key":"REST"},{"floor":15.0,"key":"REST"},{"floor":23,"key":"REST"},{"floor":27,"key":"REST"},{"floor":32,"key":"REST"}],"circlet_count":0,"master_deck":["AscendersBane","Strike_G","Strike_G+1","Strike_G","Defend_G","Defend_G","Defend_G","Defend_G","Defend_G","Survivor","Neutralize+1","Eviscerate","Terror","Masterful Stab","Bouncing Flask","Prepared+1","Skewer","Dagger Throw","Caltrops","Blade Dance","Adrenaline","Prepared","Writhe","Tactician","Adrenaline","PiercingWail","Backflip","Blade Dance"],"relics":["Ring of the Snake","CaptainsWheel","Pen Nib","Centennial Puzzle","Akabeko","HoveringKite","InkBottle","Potion Belt","Anchor","Shovel","Whetstone"],"acts_visited":["Exordium","TheCity"],"potions_floor_usage":[16,33,33],"damage_taken":[{"damage":13.0,"enemies":"2 Louse","floor":1.0,"turns":5.0},{"damage":3.0,"enemies":"Cultist","floor":3.0,"turns":2.0},{"damage":2.0,"enemies":"Jaw Worm","floor":4.0,"turns":3.0},{"damage":39.0,"enemies":"3 Sentries","floor":7.0,"turns":11.0},{"damage":3.0,"enemies":"Exordium Thugs","floor":10.0,"turns":4.0},{"damage":8.0,"enemies":"Gremlin Nob","floor":12.0,"turns":3.0},{"damage":0.0,"enemies":"2 Fungi Beasts","floor":13.0,"turns":3.0},{"damage":25,"enemies":"The Guardian","floor":16,"turns":8},{"damage":9,"enemies":"Chosen","floor":18,"turns":3},{"damage":17,"enemies":"3 Byrds","floor":20,"turns":5},{"damage":45,"enemies":"Slavers","floor":24,"turns":5},{"damage":15,"enemies":"3 Cultists","floor":28,"turns":6},{"damage":14,"enemies":"Gremlin Leader","floor":29,"turns":3},{"damage":0,"enemies":"Snake Plant","floor":30,"turns":3},{"damage":61,"enemies":"Collector","floor":33,"turns":5}],"seed_played":"569518888708698305","potions_obtained":[{"floor":4.0,"key":"Explosive Potion"},{"floor":13.0,"key":"DistilledChaos"},{"floor":14.0,"key":"FearPotion"},{"floor":16,"key":"GamblersBrew"},{"floor":18,"key":"Fruit Juice"}],"is_trial":false,"path_per_floor":["M","?","M","M","$","R","E","R","T","M","$","E","M","?","R","B",null,"M","?","M","?","?","R","E","$","T","R","M","E","M","$","R","B"],"character_chosen":"THE_SILENT","items_purchased":["Prepared","PiercingWail","SkillPotion"],"campfire_rested":5,"item_purchase_floors":[5,25,31],"current_hp_per_floor":[46,46,43,41,41,41,2,21,21,18,18,10,10,10,29,4,51,42,42,25,38,38,57,12,12,12,31,16,2,2,2,21,0,0],"gold":21,"neow_bonus":"ONE_RARE_RELIC","is_daily":false,"chose_seed":false,"campfire_upgraded":1,"win_rate":0.0,"timestamp":1611230005,"path_taken":["M","?","?","?","$","R","E","R","T","?","$","E","M","?","R","BOSS","M","?","M","?","?","R","E","?","T","R","M","E","M","$","R","BOSS"],"items_purchased_type":["Card","Card","Potion"],"build_version":"2020-12-18","purchased_purges":2,"victory":false,"max_hp_per_floor":[66,66,66,66,66,66,66,66,66,66,66,66,66,66,66,66,66,66,66,66,66,66,66,66,66,66,66,66,66,66,66,66,71,71],"relic_stats":{"Centennial Puzzle":[27],"Shovel":0,"counters":[15,69],"HoveringKite":[20],"Pen Nib":[11],"Whetstone":["Neutralize","Strike_G"],"obtain_stats":[{"Potion Belt":22,"CaptainsWheel":0,"Centennial Puzzle":9,"Anchor":24,"Shovel":26,"HoveringKite":17,"Pen Nib":7,"Whetstone":29,"Akabeko":12,"InkBottle":19,"Ring of the Snake":0},{"Potion Belt":10,"CaptainsWheel":0,"Centennial Puzzle":4,"Anchor":11,"Shovel":11,"HoveringKite":8,"Pen Nib":4,"Whetstone":13,"Akabeko":6,"InkBottle":9,"Ring of the Snake":0},{"Potion Belt":47,"CaptainsWheel":0,"Centennial Puzzle":21,"Anchor":52,"Shovel":52,"HoveringKite":39,"Pen Nib":21,"Whetstone":61,"Akabeko":28,"InkBottle":42,"Ring of the Snake":0}],"InkBottle":[15],"Ring of the Snake":[30]},"card_choices":[{"not_picked":["Dagger Spray","Deflect"],"picked":"Eviscerate","floor":1.0},{"not_picked":["Flechettes","Flying Knee"],"picked":"Masterful Stab","floor":3.0},{"not_picked":["Choke","All Out Attack"],"picked":"Bouncing Flask","floor":4.0},{"not_picked":["Flying Knee","Deflect"],"picked":"Skewer","floor":7.0},{"not_picked":["Expertise","Endless Agony"],"picked":"Dagger Throw","floor":10.0},{"not_picked":["Outmaneuver","Backstab"],"picked":"Caltrops","floor":12.0},{"not_picked":["Predator","Well Laid Plans"],"picked":"Blade Dance","floor":13.0},{"not_picked":["Die Die Die","A Thousand Cuts"],"picked":"Adrenaline","floor":16},{"not_picked":["Escape Plan","Sucker Punch"],"picked":"Prepared","floor":18},{"not_picked":["Poisoned Stab","Bane"],"picked":"Tactician","floor":20},{"not_picked":["Dagger Throw+1","Malaise"],"picked":"Adrenaline","floor":24},{"not_picked":["Bane","Quick Slash","Caltrops"],"picked":"SKIP","floor":28},{"not_picked":["Outmaneuver","Flechettes"],"picked":"Backflip","floor":29},{"not_picked":["Skewer","Quick Slash"],"picked":"Blade Dance","floor":30}],"player_experience":3245511,"relics_obtained":[{"floor":7.0,"key":"Pen Nib"},{"floor":9.0,"key":"Centennial Puzzle"},{"floor":12.0,"key":"Akabeko"},{"floor":24,"key":"Anchor"},{"floor":26,"key":"Shovel"},{"floor":29,"key":"Whetstone"}],"event_choices":[{"damage_healed":0.0,"max_hp_gain":0.0,"max_hp_loss":0.0,"gold_gain":0.0,"cards_transformed":["Strike_G"],"event_name":"Transmorgrifier","player_choice":"Transformed","floor":2.0,"gold_loss":0.0,"damage_taken":0.0,"cards_obtained":["Terror"]},{"damage_healed":0.0,"max_hp_gain":0.0,"max_hp_loss":0.0,"gold_gain":0.0,"event_name":"The Woman in Blue","player_choice":"Bought 2 Potions","floor":14.0,"gold_loss":0.0,"damage_taken":0.0},{"damage_healed":0,"gold_gain":0,"player_choice":"Opened","damage_taken":0,"relics_obtained":["InkBottle"],"max_hp_gain":0,"max_hp_loss":0,"event_name":"The Mausoleum","floor":19,"gold_loss":0,"cards_obtained":["Writhe"]},{"damage_healed":13,"gold_gain":0,"player_choice":"Heal","damage_taken":0,"max_hp_gain":0,"max_hp_loss":0,"event_name":"The Library","floor":21,"gold_loss":0},{"damage_healed":0,"gold_gain":0,"player_choice":"Obtained Relic","damage_taken":0,"relics_obtained":["Potion Belt"],"max_hp_gain":0,"max_hp_loss":0,"event_name":"Addict","floor":22,"gold_loss":85}],"is_beta":true,"boss_relics":[{"not_picked":["Black Star","WristBlade"],"picked":"HoveringKite"}],"items_purged_floors":[5,11],"is_endless":false,"potions_floor_spawned":[4,13,16,18,20],"killed_by":"Collector","ascension_level":20}}