{"host":"eqvfcipf8hzzjeaq","time":1611204118,"event":{"mods":["BaseMod","Colored Map","Colored Powertips","Friendly Minions","Glutton Mod","Jorbs\u0027s Wanderer Trilogy","Minty Spire (QoL Compilation)","Random Character Button","Relic Sorter","Shop Mod","StSLib","SuperFastMode"],"gold_per_floor":[122,141,154,154,8,39,39,71,71,89,108,108,108,136,148,262,274,296,291,319,341,365,377,402,414,503,515,555,567,597,650,662,770,782,818,830,902,937,949,961,988,1000,1012,1049,1089,1113,1164,1202,1214,1236,1248,1260,549,574,574],"floor_reached":56,"language":"ENG","playtime":17309,"items_purged":["stsjorbsmod:Defend_Wanderer","stsjorbsmod:Strike_Wanderer"],"score":1335,"play_id":"af4366d0-10b4-4f8a-b33a-d0907e454ff4","local_time":"20210120234158","is_ascension_mode":false,"campfire_choices":[{"data":"stsjorbsmod:CorrodingBarrier","floor":7,"key":"SMITH"},{"data":"stsjorbsmod:RayOfFrost","floor":15,"key":"SMITH"},{"data":"stsjorbsmod:Fireball","floor":23,"key":"SMITH"},{"data":"stsjorbsmod:BurningFlask","floor":25,"key":"SMITH"},{"floor":29,"key":"RECALL"},{"data":"stsjorbsmod:Index","floor":32,"key":"SMITH"},{"data":"stsjorbsmod:Aid","floor":40,"key":"SMITH"},{"data":"stsjorbsmod:FaerieFire","floor":42,"key":"SMITH"},{"data":"stsjorbsmod:WeightOfMemory","floor":49,"key":"SMITH"},{"data":"stsjorbsmod:DeathThroes","floor":52,"key":"SMITH"}],"circlet_count":0,"master_deck":["stsjorbsmod:ForbiddenGrimoire+1","stsjorbsmod:Strike_Wanderer","stsjorbsmod:Strike_Wanderer","stsjorbsmod:Defend_Wanderer","stsjorbsmod:Defend_Wanderer+1","stsjorbsmod:Defend_Wanderer","stsjorbsmod:FreshAdventure","stsjorbsmod:EyeOfTheStorm+1","stsjorbsmod:HedgeWizard","stsjorbsmod:BookOfTongues+1","stsjorbsmod:Index+1","stsjorbsmod:CorrodingBarrier+1","stsjorbsmod:Feast","stsjorbsmod:FindFamiliar","stsjorbsmod:Mending","stsjorbsmod:LoseGrip","stsjorbsmod:Fireball+1","stsjorbsmod:UnseenServant+1","stsjorbsmod:FlameWard+1","stsjorbsmod:BurningFlask+1","stsjorbsmod:LocateObject","stsjorbsmod:FaerieFire+1","stsjorbsmod:DeathThroes+1","stsjorbsmod:Materialize+1","stsjorbsmod:Aid+1","stsjorbsmod:WeightOfMemory+1","stsjorbsmod:Aid+1","stsjorbsmod:Inferno+1","stsjorbsmod:Inferno","Mayhem"],"relics":["stsjorbsmod:GrimoireRelic","Kunai","HornCleat","MawBank","Busted Crown","Bottled Tornado","Coffee Dripper","FossilizedHelix","stsjorbsmod:MindGlassRelic","Ornamental Fan","stsjorbsmod:MindPalaceRelic","Torii","Orichalcum"],"acts_visited":["Exordium","TheCity","TheBeyond","TheEnding"],"potions_floor_usage":[8,14,14,19,19,50,50,54,55,55],"damage_taken":[{"damage":0,"enemies":"Cultist","floor":1,"turns":3},{"damage":0,"enemies":"Jaw Worm","floor":2,"turns":4},{"damage":0,"enemies":"Small Slimes","floor":3,"turns":3},{"damage":17,"enemies":"Lagavulin","floor":6,"turns":7},{"damage":13,"enemies":"3 Sentries","floor":8,"turns":11},{"damage":2,"enemies":"3 Louse","floor":10,"turns":3},{"damage":0,"enemies":"Gremlin Gang","floor":11,"turns":5},{"damage":9,"enemies":"Lagavulin","floor":14,"turns":6},{"damage":30,"enemies":"The Guardian","floor":16,"turns":9},{"damage":2,"enemies":"3 Byrds","floor":18,"turns":3},{"damage":0,"enemies":"2 Thieves","floor":19,"turns":4},{"damage":10,"enemies":"Shelled Parasite and Fungi","floor":20,"turns":5},{"damage":8,"enemies":"Centurion and Healer","floor":21,"turns":5},{"damage":11,"enemies":"Sentry and Sphere","floor":22,"turns":7},{"damage":1,"enemies":"Snake Plant","floor":24,"turns":4},{"damage":1,"enemies":"Snecko","floor":28,"turns":5},{"damage":5,"enemies":"Sentry and Sphere","floor":30,"turns":5},{"damage":0,"enemies":"3 Cultists","floor":31,"turns":4},{"damage":22,"enemies":"Champ","floor":33,"turns":11},{"damage":0,"enemies":"Orb Walker","floor":35,"turns":3},{"damage":1,"enemies":"Mind Bloom Boss Battle","floor":37,"turns":6},{"damage":0,"enemies":"3 Darklings","floor":38,"turns":6},{"damage":0,"enemies":"Transient","floor":41,"turns":5},{"damage":35,"enemies":"Giant Head","floor":44,"turns":8},{"damage":0,"enemies":"4 Shapes","floor":45,"turns":4},{"damage":0,"enemies":"Sphere and 2 Shapes","floor":46,"turns":2},{"damage":0,"enemies":"Nemesis","floor":47,"turns":6},{"damage":0,"enemies":"3 Darklings","floor":48,"turns":4},{"damage":0,"enemies":"Time Eater","floor":50,"turns":6},{"damage":14,"enemies":"Shield and Spear","floor":54,"turns":5},{"damage":44,"enemies":"The Heart","floor":55,"turns":8}],"seed_played":"6385245561952129313","potions_obtained":[{"floor":3,"key":"DistilledChaos"},{"floor":6,"key":"DuplicationPotion"},{"floor":8,"key":"SteroidPotion"},{"floor":10,"key":"SkillPotion"},{"floor":13,"key":"CultistPotion"},{"floor":13,"key":"BlessingOfTheForge"},{"floor":16,"key":"SkillPotion"},{"floor":18,"key":"Fruit Juice"},{"floor":21,"key":"EssenceOfSteel"},{"floor":22,"key":"SpeedPotion"},{"floor":41,"key":"Block Potion"},{"floor":47,"key":"stsjorbsmod:LiquidClarity"}],"is_trial":false,"path_per_floor":["M","M","M","?","$","E","R","E","T","M","M","?","?","E","R","B",null,"M","M","M","M","M","R","M","R","T","?","M","R","M","M","R","B",null,"M","?","?","M","?","R","M","R","T","E","M","M","E","M","R","B",null,"R","$","E","B",null],"character_chosen":"WANDERER","items_purchased":["stsjorbsmod:CorrodingBarrier","stsjorbsmod:Inferno","Torii","stsjorbsmod:LiquidVirtue","PowerPotion","Mayhem"],"campfire_rested":0,"item_purchase_floors":[5,53,53,53,53,53],"current_hp_per_floor":[74,74,74,74,74,57,57,48,48,48,61,61,61,67,67,37,88,94,101,99,101,95,95,95,95,95,95,100,100,103,114,114,97,121,121,121,123,125,125,125,125,125,125,90,104,107,119,131,131,139,139,139,139,135,91],"gold":574,"neow_bonus":"TEN_PERCENT_HP_BONUS","is_daily":false,"chose_seed":false,"campfire_upgraded":9,"win_rate":0.0,"timestamp":1611204118,"path_taken":["M","M","?","?","?","E","R","E","T","?","M","?","?","E","R","BOSS","M","M","?","M","M","R","M","R","T","?","M","R","M","M","R","BOSS","M","?","?","M","?","R","M","R","T","E","M","M","E","M","R","BOSS","R","$","E","BOSS"],"items_purchased_type":["Card","Card","Relic","Potion","Potion","Card"],"build_version":"2020-12-22","purchased_purges":2,"victory":true,"max_hp_per_floor":[74,74,74,74,74,74,74,78,78,78,86,86,86,88,88,88,88,94,101,105,107,109,109,109,109,109,109,111,111,115,121,121,121,121,121,121,123,125,125,125,125,125,125,125,133,133,135,137,137,139,139,139,139,143,143],"card_choices":[{"not_picked":["stsjorbsmod:DoubleCheck","stsjorbsmod:Hurt"],"picked":"stsjorbsmod:HedgeWizard","floor":1},{"not_picked":["stsjorbsmod:ChatteringStrike","stsjorbsmod:Index"],"picked":"stsjorbsmod:BookOfTongues","floor":2},{"not_picked":["stsjorbsmod:MagicMissiles","stsjorbsmod:ChatteringStrike"],"picked":"stsjorbsmod:Index","floor":3},{"not_picked":["stsjorbsmod:ThirstingSword","stsjorbsmod:Message"],"picked":"stsjorbsmod:Feast","floor":6},{"not_picked":["stsjorbsmod:Introspection","stsjorbsmod:TrueStrike"],"picked":"stsjorbsmod:FindFamiliar","floor":8},{"not_picked":["stsjorbsmod:MageArmor","stsjorbsmod:Materialize"],"picked":"stsjorbsmod:RayOfFrost","floor":10},{"not_picked":["stsjorbsmod:ParryingBlow","stsjorbsmod:ArcaneWeapon"],"picked":"stsjorbsmod:Mending","floor":11},{"not_picked":["stsjorbsmod:Mindworm","stsjorbsmod:DisguiseSelf"],"picked":"stsjorbsmod:LoseGrip","floor":14},{"not_picked":["stsjorbsmod:Fear","stsjorbsmod:Feast"],"picked":"stsjorbsmod:Fireball","floor":16},{"not_picked":[],"picked":"stsjorbsmod:UnseenServant+1","floor":18},{"not_picked":["stsjorbsmod:Index"],"picked":"SKIP","floor":19},{"not_picked":["stsjorbsmod:RayOfFrost"],"picked":"SKIP","floor":20},{"not_picked":[],"picked":"stsjorbsmod:FlameWard+1","floor":21},{"not_picked":[],"picked":"stsjorbsmod:BurningFlask","floor":22},{"not_picked":["stsjorbsmod:CorrodingBarrier"],"picked":"SKIP","floor":24},{"not_picked":["stsjorbsmod:ChainLightning"],"picked":"SKIP","floor":28},{"not_picked":[],"picked":"stsjorbsmod:FaerieFire","floor":30},{"not_picked":["stsjorbsmod:DoubleCheck"],"picked":"SKIP","floor":31},{"not_picked":[],"picked":"stsjorbsmod:DeathThroes","floor":33},{"not_picked":[],"picked":"stsjorbsmod:Materialize+1","floor":35},{"not_picked":[],"picked":"stsjorbsmod:Aid","floor":37},{"not_picked":["stsjorbsmod:ChatteringStrike+1"],"picked":"SKIP","floor":38},{"not_picked":["stsjorbsmod:MageArmor+1"],"picked":"SKIP","floor":41},{"not_picked":[],"picked":"stsjorbsmod:WeightOfMemory","floor":44},{"not_picked":[],"picked":"stsjorbsmod:Aid+1","floor":45},{"not_picked":["stsjorbsmod:UnseenServant"],"picked":"SKIP","floor":46},{"not_picked":[],"picked":"stsjorbsmod:Inferno+1","floor":47},{"not_picked":["stsjorbsmod:DisguiseSelf"],"picked":"SKIP","floor":48},{"not_picked":["stsjorbsmod:Firebolt"],"picked":"SKIP","floor":54}],"player_experience":1195901,"relics_obtained":[{"floor":6,"key":"Kunai"},{"floor":8,"key":"HornCleat"},{"floor":14,"key":"MawBank"},{"floor":26,"key":"Bottled Tornado"},{"floor":37,"key":"FossilizedHelix"},{"floor":43,"key":"stsjorbsmod:MindGlassRelic"},{"floor":44,"key":"Ornamental Fan"},{"floor":47,"key":"stsjorbsmod:MindPalaceRelic"},{"floor":54,"key":"Orichalcum"}],"event_choices":[{"damage_healed":0,"gold_gain":0,"player_choice":"Upgraded","damage_taken":0,"max_hp_gain":0,"max_hp_loss":0,"event_name":"Upgrade Shrine","floor":4,"gold_loss":0,"cards_upgraded":["stsjorbsmod:EyeOfTheStorm"]},{"cards_removed":["stsjorbsmod:Strike_Wanderer"],"damage_healed":0,"gold_gain":0,"player_choice":"Forget","damage_taken":0,"max_hp_gain":0,"max_hp_loss":0,"event_name":"Living Wall","floor":12,"gold_loss":0},{"damage_healed":0,"gold_gain":0,"player_choice":"Got Potions","damage_taken":0,"max_hp_gain":0,"max_hp_loss":0,"event_name":"Lab","floor":13,"gold_loss":0},{"damage_healed":0,"gold_gain":0,"player_choice":"Read","damage_taken":0,"max_hp_gain":0,"max_hp_loss":0,"event_name":"The Library","floor":27,"gold_loss":0,"cards_obtained":["stsjorbsmod:LocateObject"]},{"cards_removed":["stsjorbsmod:RayOfFrost"],"damage_healed":0,"gold_gain":0,"player_choice":"Removed Attack","damage_taken":0,"max_hp_gain":0,"max_hp_loss":0,"event_name":"Falling","floor":36,"gold_loss":0},{"damage_healed":0,"gold_gain":0,"player_choice":"Fight","damage_taken":0,"max_hp_gain":0,"max_hp_loss":0,"event_name":"MindBloom","floor":37,"gold_loss":0},{"damage_healed":0,"gold_gain":0,"player_choice":"Ignored","damage_taken":0,"max_hp_gain":0,"max_hp_loss":0,"event_name":"Tomb of Lord Red Mask","floor":39,"gold_loss":0}],"is_beta":false,"boss_relics":[{"not_picked":["Fusion Hammer","SacredBark"],"picked":"Busted Crown"},{"not_picked":["Runic Dome","Empty Cage"],"picked":"Coffee Dripper"}],"items_purged_floors":[5,53],"is_endless":false,"potions_floor_spawned":[3,6,8,10,16,18,21,22,30,31,38,41,44,46,47],"ascension_level":0}}