{"host":"pwvccrb83t5l255a","time":1611260049,"event":{"mods":["2.2 Compatiblity","AchievementEnabler","BaseMod","Bestiary","BetterRewards","Block Reminder","Colored Map","Colored Powertips","Curses Come First","Googly Eyes","Minty Spire (QoL Compilation)","Quick Restart","Rare Cards Sparkle","Relic Sorter","Relic Stats","StSLib","The IronCluck"],"gold_per_floor":[116,127,127,140,65,100,115,115,115,144,94,109,124,142,142,238,288,306,306,306,150,169,202,202,202,254,287,306,306,321,339,339,443,443,458,458,8,21,21,21,36,36,115,135,0,47,47,63,63,63,63],"floor_reached":50,"language":"ENG","playtime":2596,"items_purged":["Pain"],"score":678,"play_id":"bd28b85d-7852-42b3-977b-44455d2c9d38","local_time":"20210121151409","is_ascension_mode":true,"campfire_choices":[{"floor":8,"key":"REST"},{"floor":15,"key":"REST"},{"floor":25,"key":"REST"},{"floor":29,"key":"REST"},{"data":"Storm","floor":32,"key":"SMITH"},{"floor":40,"key":"REST"},{"floor":49,"key":"REST"}],"circlet_count":0,"master_deck":["Strike_B+1","Strike_B+1","Strike_B+1","Strike_B+1","Defend_B+1","Defend_B+1","Defend_B+1","Zap","Dualcast","Storm+1","Genetic Algorithm","Doom and Gloom+1","Biased Cognition","Self Repair","Hello World","Melter","Conserve Battery","Defragment","Static Discharge+1","Necronomicurse","Heatsinks","Echo Form"],"relics":["Cracked Core","Orichalcum","Potion Belt","Whetstone","Eternal Feather","Tiny House","Oddly Smooth Stone","Gambling Chip","Necronomicon","MealTicket","Boot","Busted Crown","Cables","Membership Card","InkBottle","Red Mask","Bronze Scales"],"acts_visited":["Exordium","TheCity","TheBeyond"],"potions_floor_usage":[23,27,47,50,50,50,50,50],"damage_taken":[{"damage":0,"enemies":"Cultist","floor":1,"turns":3},{"damage":4,"enemies":"Small Slimes","floor":2,"turns":3},{"damage":8,"enemies":"Jaw Worm","floor":4,"turns":2},{"damage":26,"enemies":"Gremlin Nob","floor":6,"turns":5},{"damage":5,"enemies":"3 Louse","floor":7,"turns":3},{"damage":24,"enemies":"Lagavulin","floor":10,"turns":6},{"damage":7,"enemies":"Blue Slaver","floor":12,"turns":3},{"damage":5,"enemies":"Large Slime","floor":13,"turns":4},{"damage":0,"enemies":"Exordium Wildlife","floor":14,"turns":2},{"damage":12,"enemies":"Slime Boss","floor":16,"turns":6},{"damage":4,"enemies":"Spheric Guardian","floor":18,"turns":3},{"damage":10,"enemies":"Shell Parasite","floor":22,"turns":3},{"damage":18,"enemies":"Gremlin Leader","floor":23,"turns":7},{"damage":27,"enemies":"Slavers","floor":27,"turns":3},{"damage":17,"enemies":"Cultist and Chosen","floor":28,"turns":5},{"damage":16,"enemies":"Centurion and Healer","floor":30,"turns":5},{"damage":2,"enemies":"Chosen and Byrds","floor":31,"turns":4},{"damage":51,"enemies":"Automaton","floor":33,"turns":8},{"damage":24,"enemies":"3 Shapes","floor":35,"turns":3},{"damage":23,"enemies":"3 Darklings","floor":38,"turns":4},{"damage":21,"enemies":"4 Shapes","floor":41,"turns":2},{"damage":17,"enemies":"Sphere and 2 Shapes","floor":44,"turns":3},{"damage":0,"enemies":"Jaw Worm Horde","floor":47,"turns":1},{"damage":6,"enemies":"4 Shapes","floor":48,"turns":2},{"damage":106,"enemies":"Awakened One","floor":50,"turns":7}],"seed_played":"3577881468292726103","potions_obtained":[{"floor":6,"key":"Energy Potion"},{"floor":10,"key":"Weak Potion"},{"floor":12,"key":"Explosive Potion"},{"floor":14,"key":"Weak Potion"},{"floor":17,"key":"Fire Potion"},{"floor":23,"key":"SmokeBomb"},{"floor":28,"key":"SkillPotion"},{"floor":38,"key":"FearPotion"},{"floor":48,"key":"Swift Potion"}],"is_trial":false,"path_per_floor":["M","M","?","M","$","E","M","R","T","E","?","M","M","M","R","B",null,"M","?","?","$","M","E","?","R","T","E","M","R","M","M","R","B",null,"M","?","$","M","?","R","M","?","T","M","?","T","M","M","R","B"],"character_chosen":"DEFECT","items_purchased":["Oddly Smooth Stone","Cables","Membership Card","Regen Potion"],"campfire_rested":6,"item_purchase_floors":[21,37,37,37],"current_hp_per_floor":[75,71,71,63,63,37,32,54,54,37,37,37,39,46,75,70,80,80,80,65,65,62,51,35,72,72,52,42,79,70,68,80,36,85,61,61,76,60,60,85,64,64,64,54,54,54,54,48,81,0,0],"gold":63,"neow_bonus":"RANDOM_COMMON_RELIC","is_daily":false,"chose_seed":false,"campfire_upgraded":1,"win_rate":0.0,"timestamp":1611260049,"path_taken":["M","?","?","?","$","E","M","R","T","E","?","M","M","M","R","BOSS","M","?","?","$","M","E","?","R","T","E","M","R","M","M","R","BOSS","M","?","$","M","?","R","M","?","T","?","?","?","M","M","R","BOSS"],"items_purchased_type":["Relic","Relic","Relic","Potion"],"build_version":"2020-12-22","purchased_purges":1,"victory":false,"max_hp_per_floor":[75,75,75,75,75,75,75,75,75,75,75,75,75,75,75,75,80,80,80,85,85,85,85,85,85,85,85,85,85,85,85,85,85,85,85,85,85,85,85,85,85,81,81,81,81,81,81,81,81,81,81],"relic_stats":{"counters":[25,97],"Eternal Feather":69,"Whetstone":["Strike_B","Strike_B"],"Orichalcum":[294],"Boot":[18],"Cables":[12,12,0,0,0],"Busted Crown":12,"Gambling Chip":[8],"Bronze Scales":[30],"MealTicket":15,"Necronomicon":[14],"obtain_stats":[{"Potion Belt":6,"Tiny House":17,"Oddly Smooth Stone":21,"Eternal Feather":10,"Whetstone":9,"Orichalcum":0,"Boot":27,"Cables":37,"Busted Crown":34,"Gambling Chip":23,"Bronze Scales":46,"MealTicket":26,"Necronomicon":24,"Red Mask":45,"Membership Card":37,"Cracked Core":0,"InkBottle":43},{"Potion Belt":4,"Tiny House":10,"Oddly Smooth Stone":11,"Eternal Feather":6,"Whetstone":5,"Orichalcum":0,"Boot":14,"Cables":19,"Busted Crown":18,"Gambling Chip":13,"Bronze Scales":22,"MealTicket":13,"Necronomicon":13,"Red Mask":22,"Membership Card":19,"Cracked Core":0,"InkBottle":21},{"Potion Belt":13,"Tiny House":37,"Oddly Smooth Stone":40,"Eternal Feather":22,"Whetstone":16,"Orichalcum":0,"Boot":53,"Cables":78,"Busted Crown":75,"Gambling Chip":50,"Bronze Scales":87,"MealTicket":50,"Necronomicon":50,"Red Mask":87,"Membership Card":78,"Cracked Core":0,"InkBottle":84}],"InkBottle":[5]},"card_choices":[{"not_picked":["Compile Driver","Turbo"],"picked":"Stack","floor":1},{"not_picked":["Steam","Redo"],"picked":"Storm","floor":2},{"not_picked":["Streamline","BootSequence"],"picked":"Doom and Gloom","floor":4},{"not_picked":["Leap","Coolheaded"],"picked":"Biased Cognition","floor":6},{"not_picked":["Beam Cell","Steam"],"picked":"Self Repair","floor":7},{"not_picked":["Undo","Rebound"],"picked":"Hello World","floor":10},{"not_picked":["Recycle","Hello World"],"picked":"Melter","floor":12},{"not_picked":["Cold Snap","Conserve Battery","Coolheaded"],"picked":"SKIP","floor":13},{"not_picked":["Conserve Battery","Sweeping Beam","Barrage"],"picked":"SKIP","floor":14},{"not_picked":["Scrape","Consume"],"picked":"Conserve Battery","floor":17},{"not_picked":["FTL+1","Sweeping Beam"],"picked":"Defragment","floor":18},{"not_picked":["Redo","Sweeping Beam+1","Consume"],"picked":"SKIP","floor":22},{"not_picked":["Consume","Force Field"],"picked":"Static Discharge+1","floor":23},{"not_picked":["Go for the Eyes","Conserve Battery+1","Sunder"],"picked":"SKIP","floor":27},{"not_picked":["Steam+1","Coolheaded","Cold Snap"],"picked":"SKIP","floor":28},{"not_picked":["Streamline","Auto Shields","Rebound"],"picked":"SKIP","floor":30},{"not_picked":["Storm","Cold Snap"],"picked":"Heatsinks","floor":31},{"not_picked":["Seek","Meteor Strike"],"picked":"Echo Form","floor":33},{"not_picked":["Scrape"],"picked":"SKIP","floor":35},{"not_picked":["Ball Lightning+1"],"picked":"SKIP","floor":38},{"not_picked":["Chaos+1"],"picked":"SKIP","floor":41},{"not_picked":["Ball Lightning"],"picked":"SKIP","floor":44},{"not_picked":["Compile Driver"],"picked":"SKIP","floor":48}],"player_experience":230096,"relics_obtained":[{"floor":6,"key":"Potion Belt"},{"floor":9,"key":"Whetstone"},{"floor":10,"key":"Eternal Feather"},{"floor":23,"key":"Gambling Chip"},{"floor":24,"key":"Necronomicon"},{"floor":26,"key":"MealTicket"},{"floor":27,"key":"Boot"},{"floor":43,"key":"InkBottle"},{"floor":46,"key":"Bronze Scales"}],"event_choices":[{"damage_healed":0,"gold_gain":0,"player_choice":"2 cards matched","damage_taken":0,"max_hp_gain":0,"max_hp_loss":0,"event_name":"Match and Keep!","floor":3,"gold_loss":0,"cards_obtained":["Genetic Algorithm","Pain"]},{"cards_removed":["Defend_B"],"damage_healed":0,"gold_gain":0,"player_choice":"Card Removal","damage_taken":0,"max_hp_gain":0,"max_hp_loss":0,"event_name":"The Cleric","floor":11,"gold_loss":50},{"damage_healed":0,"gold_gain":0,"player_choice":"Simplicity","damage_taken":0,"max_hp_gain":0,"max_hp_loss":0,"event_name":"Back to Basics","floor":19,"gold_loss":0,"cards_upgraded":["Strike_B","Strike_B","Defend_B","Defend_B","Defend_B"]},{"damage_healed":0,"gold_gain":0,"player_choice":"Shed Blood","damage_taken":20,"max_hp_gain":5,"max_hp_loss":0,"event_name":"Forgotten Altar","floor":20,"gold_loss":0},{"damage_healed":0,"gold_gain":0,"player_choice":"Obtained Book","damage_taken":16,"max_hp_gain":0,"max_hp_loss":0,"event_name":"Cursed Tome","floor":24,"gold_loss":0},{"damage_healed":0,"gold_gain":0,"player_choice":"Memory 1","damage_taken":0,"max_hp_gain":0,"max_hp_loss":0,"event_name":"SensoryStone","floor":36,"gold_loss":0},{"cards_removed":["Stack"],"damage_healed":0,"gold_gain":0,"player_choice":"Removed Skill","damage_taken":0,"max_hp_gain":0,"max_hp_loss":0,"event_name":"Falling","floor":39,"gold_loss":0},{"damage_healed":0,"gold_gain":0,"player_choice":"Max HP","damage_taken":0,"max_hp_gain":0,"max_hp_loss":4,"event_name":"Winding Halls","floor":42,"gold_loss":0},{"damage_healed":0,"gold_gain":0,"player_choice":"Paid","damage_taken":0,"relics_obtained":["Red Mask"],"max_hp_gain":0,"max_hp_loss":0,"event_name":"Tomb of Lord Red Mask","floor":45,"gold_loss":135}],"is_beta":false,"boss_relics":[{"not_picked":["Empty Cage","Cursed Key"],"picked":"Tiny House"},{"not_picked":["Philosopher\u0027s Stone","Astrolabe"],"picked":"Busted Crown"}],"items_purged_floors":[5],"is_endless":false,"potions_floor_spawned":[6,10,12,14,18,22,23,28,38,47,48],"killed_by":"Awakened One","ascension_level":1}}