{"host":"goj2s4fnav97bn09","time":1611242941,"event":{"mods":["AchievementEnabler","BaseMod","Colored Map","GifTheSpireLib","Minty Spire (QoL Compilation)","StSLib"],"gold_per_floor":[114,189,199,49,69,104,124,150,150,150,169,197,208,228,228,333,633,645,630,648,648,663,663,343,376,402,414,458,470,482,494,506,627,639,677,703,391,391,409,409,70,70,70,120,220,281,309,321,321,321],"floor_reached":51,"language":"ENG","playtime":3006,"items_purged":["Strike_B","Defend_B"],"score":890,"play_id":"bea9214a-a619-4201-ab79-4b56bdeca6b5","local_time":"20210121092901","is_ascension_mode":true,"campfire_choices":[{"floor":10,"key":"REST"},{"floor":15,"key":"REST"},{"data":"Zap","floor":23,"key":"SMITH"},{"data":"Dualcast","floor":27,"key":"SMITH"},{"data":"White Noise","floor":30,"key":"SMITH"},{"data":"Defragment","floor":32,"key":"SMITH"},{"data":"Static Discharge","floor":40,"key":"SMITH"},{"data":"Rainbow","floor":42,"key":"SMITH"},{"data":"Defragment","floor":49,"key":"SMITH"}],"circlet_count":0,"master_deck":["Defend_B","Defend_B","Zap+1","Dualcast+1","Defragment+1","FTL","Defragment+1","Defragment","Melter","Cold Snap","Coolheaded","Go for the Eyes","Sunder","White Noise+1","Echo Form","CurseOfTheBell","Conserve Battery","Ball Lightning","Streamline+1","Multi-Cast","Genetic Algorithm","Self Repair","Glacier","Rainbow+1","Steam+1","Static Discharge+1","Capacitor+1"],"relics":["Cracked Core","Matryoshka","Happy Flower","Blood Vial","Oddly Smooth Stone","Odd Mushroom","Calling Bell","Lantern","Eternal Feather","Old Coin","Juzu Bracelet","CeramicFish","Vajra","MawBank","Bottled Tornado","Ginger","Busted Crown","Mummified Hand","FossilizedHelix","Kunai","Torii","Unceasing Top","Shuriken"],"acts_visited":["Exordium","TheCity","TheBeyond"],"potions_floor_usage":[6,12,19,25,28,33,46,48,50],"damage_taken":[{"damage":7,"enemies":"Small Slimes","floor":1,"turns":3},{"damage":0,"enemies":"2 Louse","floor":3,"turns":2},{"damage":7,"enemies":"Jaw Worm","floor":5,"turns":3},{"damage":28,"enemies":"Gremlin Nob","floor":6,"turns":4},{"damage":12,"enemies":"Looter","floor":7,"turns":3},{"damage":16,"enemies":"3 Sentries","floor":8,"turns":8},{"damage":23,"enemies":"Lots of Slimes","floor":11,"turns":5},{"damage":0,"enemies":"The Mushroom Lair","floor":12,"turns":3},{"damage":9,"enemies":"2 Fungi Beasts","floor":13,"turns":3},{"damage":3,"enemies":"Red Slaver","floor":14,"turns":3},{"damage":22,"enemies":"Hexaghost","floor":16,"turns":12},{"damage":8,"enemies":"Shell Parasite","floor":18,"turns":6},{"damage":21,"enemies":"2 Thieves","floor":19,"turns":4},{"damage":14,"enemies":"Snake Plant","floor":20,"turns":5},{"damage":2,"enemies":"Chosen and Byrds","floor":22,"turns":6},{"damage":23,"enemies":"Gremlin Leader","floor":25,"turns":8},{"damage":20,"enemies":"Book of Stabbing","floor":28,"turns":7},{"damage":13,"enemies":"Automaton","floor":33,"turns":11},{"damage":25,"enemies":"3 Darklings","floor":35,"turns":8},{"damage":0,"enemies":"Orb Walker","floor":36,"turns":4},{"damage":17,"enemies":"Maw","floor":39,"turns":7},{"damage":0,"enemies":"Mind Bloom Boss Battle","floor":44,"turns":6},{"damage":36,"enemies":"2 Orb Walkers","floor":46,"turns":7},{"damage":0,"enemies":"Nemesis","floor":47,"turns":7},{"damage":0,"enemies":"Jaw Worm Horde","floor":48,"turns":4},{"damage":20,"enemies":"Time Eater","floor":50,"turns":8}],"seed_played":"3353335909897237248","potions_obtained":[{"floor":1,"key":"Weak Potion"},{"floor":3,"key":"FairyPotion"},{"floor":11,"key":"DistilledChaos"},{"floor":12,"key":"DistilledChaos"},{"floor":13,"key":"SkillPotion"},{"floor":16,"key":"FocusPotion"},{"floor":20,"key":"Dexterity Potion"},{"floor":33,"key":"BlessingOfTheForge"},{"floor":39,"key":"Weak Potion"},{"floor":47,"key":"SkillPotion"},{"floor":48,"key":"Swift Potion"}],"is_trial":false,"path_per_floor":["M","?","M","$","M","E","M","E","T","R","M","?","M","M","R","B",null,"M","M","M","?","M","R","$","E","T","R","E","?","R","?","R","B",null,"M","M","$","?","M","R","$","R","T","?","?","?","E","M","R","B",null],"character_chosen":"DEFECT","items_purchased":["Defragment","Juzu Bracelet","Glacier","Mummified Hand","Static Discharge","FossilizedHelix","Fire Potion"],"campfire_rested":2,"item_purchase_floors":[4,24,24,37,37,41,41],"current_hp_per_floor":[68,57,57,57,50,22,10,17,17,39,18,20,13,12,34,14,75,67,48,36,36,36,48,48,41,41,53,35,35,47,41,53,49,75,64,66,66,66,65,75,75,75,75,75,75,53,69,75,75,55],"gold":321,"neow_bonus":"REMOVE_CARD","is_daily":false,"chose_seed":false,"campfire_upgraded":7,"win_rate":0.0,"timestamp":1611242941,"path_taken":["M","?","M","$","M","E","M","E","T","R","M","?","M","M","R","BOSS","M","M","M","?","M","R","$","E","T","R","E","?","R","?","R","BOSS","M","M","?","?","M","R","$","R","T","?","?","?","E","M","R","BOSS"],"items_purchased_type":["Card","Relic","Card","Relic","Card","Relic","Potion"],"build_version":"2020-12-22","purchased_purges":2,"victory":true,"max_hp_per_floor":[75,75,75,75,75,75,75,75,75,75,75,75,75,75,75,75,75,75,75,75,75,75,75,75,75,75,75,75,75,75,75,75,75,75,75,75,75,75,75,75,75,75,75,75,75,75,75,75,75,75],"card_choices":[{"not_picked":["Melter","Cold Snap"],"picked":"Defragment","floor":1},{"not_picked":["BootSequence","Gash"],"picked":"FTL","floor":3},{"not_picked":["Compile Driver","Darkness"],"picked":"Defragment","floor":5},{"not_picked":["Genetic Algorithm","Skim"],"picked":"Melter","floor":6},{"not_picked":["Undo","Stack"],"picked":"Cold Snap","floor":7},{"not_picked":["Skim","Aggregate"],"picked":"Coolheaded","floor":8},{"not_picked":["Cold Snap","Streamline"],"picked":"Go for the Eyes","floor":11},{"not_picked":["Fusion","Conserve Battery"],"picked":"Sunder","floor":12},{"not_picked":["Cold Snap","Darkness"],"picked":"White Noise","floor":13},{"not_picked":["Streamline","Turbo","Genetic Algorithm"],"picked":"SKIP","floor":14},{"not_picked":["All For One","Meteor Strike"],"picked":"Echo Form","floor":16},{"not_picked":["Streamline","Tempest"],"picked":"Conserve Battery","floor":18},{"not_picked":["Go for the Eyes","Steam+1"],"picked":"Ball Lightning","floor":19},{"not_picked":["Undo","Scrape+1"],"picked":"Streamline+1","floor":20},{"not_picked":["Fusion","Stack"],"picked":"Self Repair","floor":22},{"not_picked":["Cold Snap","Multi-Cast","Melter+1"],"picked":"SKIP","floor":25},{"not_picked":["Coolheaded","Fission","Darkness+1"],"picked":"SKIP","floor":28},{"not_picked":["Thunder Strike","Core Surge"],"picked":"Rainbow","floor":33},{"not_picked":[],"picked":"Steam+1","floor":35},{"not_picked":["Rebound"],"picked":"SKIP","floor":36},{"not_picked":["Coolheaded+1"],"picked":"SKIP","floor":39},{"not_picked":[],"picked":"Capacitor+1","floor":46},{"not_picked":["Steam Power+1"],"picked":"SKIP","floor":47},{"not_picked":["Ball Lightning"],"picked":"SKIP","floor":48}],"player_experience":322858,"relics_obtained":[{"floor":6,"key":"Matryoshka"},{"floor":8,"key":"Happy Flower"},{"floor":9,"key":"Blood Vial"},{"floor":9,"key":"Oddly Smooth Stone"},{"floor":12,"key":"Odd Mushroom"},{"floor":17,"key":"Lantern"},{"floor":17,"key":"Eternal Feather"},{"floor":17,"key":"Old Coin"},{"floor":25,"key":"CeramicFish"},{"floor":26,"key":"Vajra"},{"floor":26,"key":"MawBank"},{"floor":28,"key":"Bottled Tornado"},{"floor":43,"key":"Kunai"},{"floor":44,"key":"Torii"},{"floor":46,"key":"Unceasing Top"},{"floor":47,"key":"Shuriken"}],"event_choices":[{"damage_healed":0,"gold_gain":75,"player_choice":"Gather Gold","damage_taken":11,"max_hp_gain":0,"max_hp_loss":0,"event_name":"World of Goop","floor":2,"gold_loss":0},{"damage_healed":0,"gold_gain":0,"player_choice":"Fought Mushrooms","damage_taken":0,"max_hp_gain":0,"max_hp_loss":0,"event_name":"Mushrooms","floor":12,"gold_loss":0},{"damage_healed":0,"gold_gain":0,"cards_transformed":["Strike_B","Strike_B"],"player_choice":"Became Test Subject","damage_taken":0,"max_hp_gain":0,"max_hp_loss":0,"event_name":"Drug Dealer","floor":21,"gold_loss":0,"cards_obtained":["Multi-Cast","Genetic Algorithm"]},{"damage_healed":0,"gold_gain":0,"player_choice":"Opened","damage_taken":0,"relics_obtained":["Ginger"],"max_hp_gain":0,"max_hp_loss":0,"event_name":"The Mausoleum","floor":29,"gold_loss":0},{"damage_healed":0,"gold_gain":0,"player_choice":"","damage_taken":6,"max_hp_gain":0,"max_hp_loss":0,"event_name":"Knowing Skull","floor":31,"potions_obtained":[],"gold_loss":0,"cards_obtained":[]},{"cards_removed":["Defend_B"],"damage_healed":0,"gold_gain":0,"player_choice":"Purged","damage_taken":0,"max_hp_gain":0,"max_hp_loss":0,"event_name":"Purifier","floor":38,"gold_loss":0},{"damage_healed":0,"gold_gain":0,"player_choice":"Fight","damage_taken":0,"max_hp_gain":0,"max_hp_loss":0,"event_name":"MindBloom","floor":44,"gold_loss":0},{"damage_healed":0,"gold_gain":100,"player_choice":"Pray","damage_taken":0,"max_hp_gain":0,"max_hp_loss":0,"event_name":"Golden Shrine","floor":45,"gold_loss":0},{"damage_healed":0,"gold_gain":0,"player_choice":"Fight","damage_taken":0,"max_hp_gain":0,"max_hp_loss":0,"event_name":"Mysterious Sphere","floor":46,"gold_loss":0}],"is_beta":false,"boss_relics":[{"not_picked":["SacredBark","Philosopher\u0027s Stone"],"picked":"Calling Bell"},{"not_picked":["Coffee Dripper","Pandora\u0027s Box"],"picked":"Busted Crown"}],"items_purged_floors":[4,24],"is_endless":false,"potions_floor_spawned":[1,3,11,12,13,16,18,20,22,33,39,47,48],"ascension_level":4}}