{"host":"t9zjxed0utvsfjwc","time":1611233581,"event":{"mods":["2.2 Compatiblity","Aspiration","BaseMod","Better Altar","Better Match","Better Note","Better Sensory Stone","Better Skull","Better Third Choice","Block Reminder","Colored Map","Colored Powertips","Hermit","Highlight Path","Hubris","Infinite Spire","Minty Spire (QoL Compilation)","Quick Restart","Rare Cards Sparkle","Replay The Spire","Shade Mod","StSLib","The Cursed","The Marked","The Runesmith","Unceasing Turn Reminder","everything is the same but u backflip on backflip"],"gold_per_floor":[116,135,135,155,155,184,203,238,238,238,251,263,263,276,276,371,371,381,381,291,310,328,353,353,368,391,410,410,410],"floor_reached":28,"language":"ENG","playtime":1270,"items_purged":[],"score":254,"play_id":"1a49d322-0afc-4e2b-8fef-d0ad22374c12","local_time":"20210121125301","is_ascension_mode":false,"campfire_choices":[{"data":"hermit:FullyLoaded","floor":10,"key":"SMITH"},{"floor":13,"key":"REST"},{"data":"hermit:Magnum","floor":24,"key":"SMITH"}],"circlet_count":0,"master_deck":["hermit:Strike_Hermit+1","hermit:Strike_Hermit+1","hermit:Strike_Hermit+1","hermit:Strike_Hermit+1","hermit:Defend_Hermit","hermit:Defend_Hermit","hermit:Defend_Hermit","hermit:Defend_Hermit","hermit:Snapshot","hermit:Covet+1","hermit:Maintenance","Regret","hermit:Quickdraw","hermit:FullyLoaded+1","hermit:HighCaliber+1","hermit:Gambit","infinitespire:FutureSight","hermit:Magnum+1"],"relics":["hermit:Momento","NeowsBlessing","Bag of Marbles","aspiration:HummingbirdHeart","Replay:Bottled Eggs","aspiration:ChemicalBlood","Pet Ghost","aspiration:MobileForge","Strawberry","Boot"],"acts_visited":["Exordium","TheCity"],"potions_floor_usage":[8,16,16,16,21,22,23,23,25,27,27,28],"damage_taken":[{"damage":0,"enemies":"Cultist","floor":1,"turns":1},{"damage":0,"enemies":"Jaw Worm","floor":2,"turns":1},{"damage":0,"enemies":"2 Louse","floor":4,"turns":1},{"damage":32,"enemies":"Gremlin Nob","floor":6,"turns":5},{"damage":0,"enemies":"Large Slime","floor":7,"turns":5},{"damage":14,"enemies":"3 Sentries","floor":8,"turns":7},{"damage":0,"enemies":"Red Slaver","floor":11,"turns":2},{"damage":2,"enemies":"Exordium Wildlife","floor":12,"turns":4},{"damage":0,"enemies":"Exordium Thugs","floor":14,"turns":4},{"damage":28,"enemies":"Hexaghost","floor":16,"turns":9},{"damage":2,"enemies":"Chosen","floor":18,"turns":2},{"damage":13,"enemies":"3 Byrds","floor":21,"turns":4},{"damage":13,"enemies":"Cultist and Chosen","floor":22,"turns":6},{"damage":19,"enemies":"Nightmare","floor":23,"turns":6},{"damage":9,"enemies":"3 Cultists","floor":25,"turns":4},{"damage":7,"enemies":"Snecko","floor":27,"turns":3},{"damage":26,"enemies":"Gremlin Leader","floor":28,"turns":2}],"seed_played":"-4286215188458406088","potions_obtained":[{"floor":1,"key":"Dexterity Potion"},{"floor":7,"key":"SteroidPotion"},{"floor":11,"key":"Venom Potion"},{"floor":12,"key":"Weak Potion"},{"floor":18,"key":"SkillPotion"},{"floor":21,"key":"Swift Potion"},{"floor":25,"key":"SneckoOil"},{"floor":27,"key":"Milkshake"}],"is_trial":false,"path_per_floor":["M","M","?","M","T","E","M","E","T","R","M","M","R","M","R_BF","B",null,"M","?","?","M","M","NM","R","M","T","M","E"],"character_chosen":"HERMIT","items_purchased":[],"campfire_rested":1,"item_purchase_floors":[],"current_hp_per_floor":[75,75,75,75,75,43,43,29,29,29,29,27,49,49,71,43,75,73,73,73,60,47,35,35,31,31,24,0,0],"gold":410,"neow_bonus":"THREE_ENEMY_KILL","is_daily":false,"chose_seed":false,"campfire_upgraded":2,"win_rate":0.0,"timestamp":1611233581,"path_taken":["M","?","?","M","?","E","M","E","T","R","M","M","R","M","R_BF","BOSS","M","?","?","M","M","NM","R","M","T","?","E"],"items_purchased_type":[],"build_version":"2020-12-22","purchased_purges":0,"victory":false,"max_hp_per_floor":[75,75,75,75,75,75,75,75,75,75,75,75,75,75,75,75,75,75,75,75,75,75,82,82,87,87,87,87,87],"card_choices":[{"not_picked":["hermit:Manifest","hermit:TrackingShot"],"picked":"hermit:ItchyTrigger","floor":1},{"not_picked":["hermit:WideOpen","hermit:Roulette"],"picked":"hermit:Maintenance","floor":2},{"not_picked":["hermit:Roulette","hermit:BlackWind"],"picked":"hermit:Quickdraw","floor":4},{"not_picked":["hermit:LowProfile","hermit:OverwhelmingPower","hermit:EyeOfTheStorm"],"picked":"SKIP","floor":6},{"not_picked":["hermit:Snipe","hermit:SprayPray","hermit:CalledShot"],"picked":"SKIP","floor":7},{"not_picked":["hermit:Feint","hermit:WideOpen"],"picked":"hermit:FullyLoaded","floor":8},{"not_picked":["hermit:WideOpen","hermit:Roulette"],"picked":"hermit:HighCaliber","floor":11},{"not_picked":["hermit:Dive","hermit:Manifest","hermit:Grudge"],"picked":"SKIP","floor":12},{"not_picked":["hermit:TrackingShot","hermit:ItchyTrigger","hermit:Coalescence"],"picked":"SKIP","floor":14},{"not_picked":["hermit:Reprieve","hermit:BlackWind"],"picked":"hermit:Gambit","floor":16},{"not_picked":["hermit:FlashPowder+1","hermit:Shortfuse","hermit:TakeCover+1"],"picked":"SKIP","floor":18},{"not_picked":["hermit:Roulette","hermit:EyeOfTheStorm","hermit:Snipe+1"],"picked":"SKIP","floor":21},{"not_picked":["hermit:Desperado","hermit:FullyLoaded","hermit:Brawl+1"],"picked":"SKIP","floor":22},{"not_picked":["infinitespire:SealOfDarkness+","infinitespire:TheBestDefense"],"picked":"infinitespire:FutureSight","floor":23},{"not_picked":["hermit:Brawl+1","hermit:Desperado+1"],"picked":"hermit:Magnum","floor":23},{"not_picked":["hermit:GhostlyPresence+1","hermit:LowProfile","hermit:SprayPray"],"picked":"SKIP","floor":25},{"not_picked":["hermit:Desperado","hermit:FlashPowder","hermit:Scavenge"],"picked":"SKIP","floor":27}],"player_experience":396477,"relics_obtained":[{"floor":5,"key":"aspiration:HummingbirdHeart"},{"floor":6,"key":"Replay:Bottled Eggs"},{"floor":8,"key":"aspiration:ChemicalBlood"},{"floor":9,"key":"Pet Ghost"},{"floor":23,"key":"Strawberry"},{"floor":26,"key":"Boot"}],"event_choices":[{"damage_healed":0,"gold_gain":0,"player_choice":"Box","damage_taken":0,"relics_obtained":["Bag of Marbles"],"max_hp_gain":0,"max_hp_loss":0,"event_name":"Big Fish","floor":3,"gold_loss":0,"cards_obtained":["Regret"]},{"damage_healed":0,"gold_gain":0,"player_choice":"Ignored","damage_taken":0,"max_hp_gain":0,"max_hp_loss":0,"event_name":"N\u0027loth","floor":19,"gold_loss":0},{"cards_removed":["hermit:ItchyTrigger"],"damage_healed":0,"gold_gain":0,"player_choice":"Upgrade and Remove","damage_taken":0,"max_hp_gain":0,"max_hp_loss":0,"event_name":"Designer","floor":20,"gold_loss":90,"cards_upgraded":["hermit:Covet"]}],"is_beta":false,"boss_relics":[{"not_picked":["aspiration:RunicSpoon","Coffee Dripper"],"picked":"aspiration:MobileForge"}],"items_purged_floors":[],"is_endless":true,"potions_floor_spawned":[1,7,11,12,18,21,25,27],"killed_by":"Gremlin Leader","ascension_level":0}}