{"host":"u4zac1ah2fyo4jwu","time":1611202537,"event":{"mods":["AchievementEnabler","BaseMod","Keyboard Shortcuts","Minty Spire (QoL Compilation)","Quick Restart","Rare Cards Sparkle","SuperFastMode"],"gold_per_floor":[113,126,145,66,81,115,130,130,130],"floor_reached":8,"language":"KOR","playtime":249,"items_purged":[],"score":60,"play_id":"c2fea862-d780-498d-a4c2-40cccbe90f95","local_time":"20210121131537","is_ascension_mode":false,"campfire_choices":[],"circlet_count":0,"master_deck":["Strike_B","Strike_B","Strike_B","Strike_B","Defend_B","Defend_B","Defend_B","Defend_B","Zap","Dualcast","Go for the Eyes","Consume","Conserve Battery","Defragment","Ball Lightning","Self Repair","Gash"],"relics":["Cracked Core","Vajra"],"acts_visited":["Exordium"],"potions_floor_usage":[5,6],"damage_taken":[{"damage":1,"enemies":"Cultist","floor":1,"turns":3},{"damage":7,"enemies":"Small Slimes","floor":2,"turns":3},{"damage":1,"enemies":"Jaw Worm","floor":3,"turns":3},{"damage":15,"enemies":"Lots of Slimes","floor":5,"turns":4},{"damage":32,"enemies":"Lagavulin","floor":6,"turns":6},{"damage":20,"enemies":"3 Louse","floor":7,"turns":2},{"damage":0,"enemies":"3 Sentries","floor":8,"turns":1}],"seed_played":"8437321963493049376","potions_obtained":[{"floor":2,"key":"Energy Potion"},{"floor":5,"key":"Swift Potion"},{"floor":7,"key":"ColorlessPotion"}],"is_trial":false,"path_per_floor":["M","M","M","$","M","E","M","E"],"character_chosen":"DEFECT","items_purchased":["Defragment"],"campfire_rested":0,"item_purchase_floors":[4],"current_hp_per_floor":[81,74,73,73,58,26,6,6,6],"gold":130,"neow_bonus":"TEN_PERCENT_HP_BONUS","is_daily":false,"chose_seed":false,"campfire_upgraded":0,"win_rate":0.0,"timestamp":1611202537,"path_taken":["M","M","?","$","M","E","M","E"],"items_purchased_type":["Card"],"build_version":"2020-12-22","purchased_purges":0,"victory":false,"max_hp_per_floor":[82,82,82,82,82,82,82,82,82],"card_choices":[{"not_picked":["Hologram","Compile Driver"],"picked":"Go for the Eyes","floor":1},{"not_picked":["Compile Driver","Streamline"],"picked":"Consume","floor":2},{"not_picked":["Thunder Strike","Ball Lightning"],"picked":"Conserve Battery","floor":3},{"not_picked":["Cold Snap","Beam Cell"],"picked":"Ball Lightning","floor":5},{"not_picked":["Rip and Tear","Loop"],"picked":"Self Repair","floor":6},{"not_picked":["Hologram","Skim"],"picked":"Gash","floor":7}],"player_experience":18750,"relics_obtained":[{"floor":6,"key":"Vajra"}],"event_choices":[],"is_beta":false,"boss_relics":[],"items_purged_floors":[],"is_endless":false,"potions_floor_spawned":[2,5,7],"killed_by":"3 Sentries","ascension_level":0}}