{"host":"6gwm7y0tp7acoxay","time":1611230492,"event":{"mods":["BaseMod","Colored Map","Keyboard Shortcuts","Minty Spire (QoL Compilation)","Quick Restart","StSLib","SuperFastMode","everything is the same but u backflip on backflip"],"gold_per_floor":[113,113,113,123,142,142,174,205,205,205,237,262,187,202,202,278,278,298,298,308,223,223,257,287,287,287,322,354,254,85,111,111,188,188,199,218,234,234,234,269,297,326,326,353,380,380,380,380,380,380,380,380,380,82,113,113],"floor_reached":57,"language":"KOR","playtime":1719,"items_purged":["Fire Breathing","Pommel Strike","Flex"],"score":3336,"play_id":"32460917-75bc-4651-bb74-97dd8ceec0ca","local_time":"20210121210132","daily_mods":["SealedDeck","Heirloom","Flight"],"is_ascension_mode":true,"campfire_choices":[{"data":"Armaments","floor":6.0,"key":"SMITH"},{"data":"Limit Break","floor":15.0,"key":"SMITH"},{"floor":25.0,"key":"REST"},{"floor":32.0,"key":"REST"},{"floor":47.0,"key":"RECALL"},{"data":"Enlightenment","floor":49.0,"key":"SMITH"},{"data":"Battle Trance","floor":53.0,"key":"SMITH"}],"circlet_count":0,"master_deck":["AscendersBane","Battle Trance+1","Whirlwind+1","Shockwave","Power Through","Uppercut+1","Flame Barrier","Armaments+1","Shrug It Off","Limit Break+1","Evolve","Sword Boomerang+1","Inflame","True Grit","Feel No Pain","Disarm","Enlightenment+1","Burning Pact+1"],"relics":["Burning Blood","Unceasing Top","Ginger","Mercury Hourglass","Du-Vu Doll","Molten Egg 2","Runic Dome","Tiny Chest","Vajra","White Beast Statue","Pen Nib","Paper Frog","Regal Pillow","Bottled Lightning","Anchor","Magic Flower","SlaversCollar","Self Forming Clay","Ancient Tea Set","TungstenRod","Bottled Tornado","Happy Flower","Mango","Whetstone","Red Skull","Toy Ornithopter"],"acts_visited":["Exordium","TheCity","TheBeyond","TheEnding"],"potions_floor_usage":[55,56,56],"damage_taken":[{"damage":12.0,"enemies":"Small Slimes","floor":1.0,"turns":2.0},{"damage":0.0,"enemies":"2 Louse","floor":4.0,"turns":2.0},{"damage":0.0,"enemies":"Cultist","floor":5.0,"turns":2.0},{"damage":10.0,"enemies":"3 Sentries","floor":7.0,"turns":3.0},{"damage":10.0,"enemies":"Lagavulin","floor":8.0,"turns":5.0},{"damage":33.0,"enemies":"Gremlin Nob","floor":11.0,"turns":4.0},{"damage":0.0,"enemies":"Lagavulin","floor":12.0,"turns":7.0},{"damage":0.0,"enemies":"Large Slime","floor":14.0,"turns":3.0},{"damage":2.0,"enemies":"The Guardian","floor":16.0,"turns":5.0},{"damage":0.0,"enemies":"3 Byrds","floor":18.0,"turns":4.0},{"damage":5.0,"enemies":"Chosen","floor":20.0,"turns":5.0},{"damage":11.0,"enemies":"Book of Stabbing","floor":23.0,"turns":5.0},{"damage":16.0,"enemies":"Slavers","floor":24.0,"turns":2.0},{"damage":6.0,"enemies":"Book of Stabbing","floor":27.0,"turns":5.0},{"damage":19.0,"enemies":"Slavers","floor":28.0,"turns":2.0},{"damage":46.0,"enemies":"Gremlin Leader","floor":31.0,"turns":5.0},{"damage":8.0,"enemies":"Champ","floor":33.0,"turns":6.0},{"damage":16.0,"enemies":"Orb Walker","floor":35.0,"turns":3.0},{"damage":0.0,"enemies":"3 Darklings","floor":36.0,"turns":3.0},{"damage":32.0,"enemies":"Writhing Mass","floor":37.0,"turns":5.0},{"damage":26.0,"enemies":"Reptomancer","floor":40.0,"turns":5.0},{"damage":0.0,"enemies":"Giant Head","floor":41.0,"turns":4.0},{"damage":16.0,"enemies":"Reptomancer","floor":42.0,"turns":5.0},{"damage":0.0,"enemies":"Giant Head","floor":44.0,"turns":5.0},{"damage":27.0,"enemies":"Nemesis","floor":45.0,"turns":9.0},{"damage":21.0,"enemies":"Donu and Deca","floor":50.0,"turns":5.0},{"damage":15.0,"enemies":"Time Eater","floor":51.0,"turns":9.0},{"damage":33,"enemies":"Shield and Spear","floor":55,"turns":5},{"damage":54,"enemies":"The Heart","floor":56,"turns":7}],"seed_played":"-5143505504118377170","potions_obtained":[{"floor":5.0,"key":"SkillPotion"},{"floor":12.0,"key":"BlessingOfTheForge"},{"floor":14.0,"key":"DistilledChaos"},{"floor":16.0,"key":"SkillPotion"},{"floor":24.0,"key":"SteroidPotion"},{"floor":27.0,"key":"Strength Potion"},{"floor":28.0,"key":"Regen Potion"},{"floor":31.0,"key":"Strength Potion"},{"floor":35.0,"key":"SkillPotion"},{"floor":37.0,"key":"FairyPotion"},{"floor":40.0,"key":"Energy Potion"},{"floor":42.0,"key":"Swift Potion"},{"floor":44.0,"key":"Regen Potion"},{"floor":45.0,"key":"BloodPotion"},{"floor":55,"key":"Ancient Potion"}],"is_trial":true,"path_per_floor":["M","?","?","M","M","R","E","E","T","?","E","E","$","M","R","B",null,"M","?","M","?","T","E","E","R","T","E","E","$","$","E","R","B",null,"M","M","M","?","?","E","E","E","T","E","E","T","R","?","R","B","B",null,"R","$","E","B",null],"character_chosen":"IRONCLAD","items_purchased":["Anchor","Red Skull"],"campfire_rested":2,"item_purchase_floors":[30,54],"current_hp_per_floor":[62,62,62,68,74,74,70,66,66,66,39,45,45,51,51,55,70,75,54,55,55,55,50,40,64,64,64,51,51,51,25,64,65,76,69,78,55,55,55,38,47,40,40,49,69,69,69,60,60,48,42,81,81,81,57,55],"gold":113,"neow_bonus":"","is_daily":false,"chose_seed":false,"campfire_upgraded":4,"win_rate":0.0,"timestamp":1611230492,"path_taken":["M","?","?","M","?","R","E","E","T","?","E","E","?","M","R","BOSS","M","?","M","?","?","E","E","R","T","E","E","$","$","E","R","BOSS","M","M","M","?","?","E","E","E","T","E","E","?","R","?","R","BOSS","BOSS","R","$","E","BOSS"],"items_purchased_type":["Relic","Relic"],"build_version":"2020-12-22","purchased_purges":3,"victory":true,"max_hp_per_floor":[75,75,75,75,75,75,75,75,75,75,75,75,75,75,75,75,75,75,80,80,80,80,80,80,80,80,80,80,80,80,80,80,80,80,80,80,80,80,80,80,80,80,80,80,94,94,94,94,94,94,94,94,94,94,94,94],"card_choices":[{"not_picked":["Havoc","Intimidate","Rampage"],"picked":"SKIP","floor":1.0},{"not_picked":["Flame Barrier","Entrench","Perfected Strike"],"picked":"SKIP","floor":4.0},{"not_picked":["Iron Wave","Burning Pact"],"picked":"Armaments","floor":5.0},{"not_picked":["Perfected Strike","Clash"],"picked":"Shrug It Off","floor":7.0},{"not_picked":["Heavy Blade","Infernal Blade"],"picked":"Limit Break","floor":8.0},{"not_picked":["True Grit","Pommel Strike"],"picked":"Evolve","floor":11.0},{"not_picked":["Rage","Hemokinesis+1"],"picked":"Sword Boomerang+1","floor":12.0},{"not_picked":["Shockwave","Infernal Blade"],"picked":"Inflame","floor":14.0},{"not_picked":["Clash+1","Headbutt+1","Ghostly Armor"],"picked":"SKIP","floor":18.0},{"not_picked":["Pommel Strike+1","Havoc"],"picked":"True Grit","floor":20.0},{"not_picked":["Clothesline+1","Warcry","Anger+1"],"picked":"SKIP","floor":23.0},{"not_picked":["Cleave+1","Pommel Strike+1"],"picked":"Feel No Pain","floor":24.0},{"not_picked":["Iron Wave+1","Sentinel"],"picked":"Disarm","floor":27.0},{"not_picked":["Entrench","Havoc","Fiend Fire+1"],"picked":"SKIP","floor":28.0},{"not_picked":["Perfected Strike+1","Hemokinesis+1","True Grit"],"picked":"SKIP","floor":31.0},{"not_picked":["Dropkick+1","Entrench","Clash+1"],"picked":"SKIP","floor":35.0},{"not_picked":["Thunderclap+1","Ghostly Armor+1","Sword Boomerang+1"],"picked":"SKIP","floor":36.0},{"not_picked":["Iron Wave+1","Clash+1","Warcry"],"picked":"SKIP","floor":37.0},{"not_picked":["Rage","Clash+1","Inflame"],"picked":"SKIP","floor":40.0},{"not_picked":["Flame Barrier","Rampage+1","Flex"],"picked":"SKIP","floor":41.0},{"not_picked":["Ghostly Armor","Whirlwind+1","Twin Strike+1"],"picked":"SKIP","floor":42.0},{"not_picked":["Ghostly Armor","Whirlwind+1","Twin Strike+1"],"picked":"SKIP","floor":42.0},{"not_picked":["Dropkick+1","Infernal Blade","Heavy Blade+1"],"picked":"SKIP","floor":44.0},{"not_picked":["Evolve","Anger+1","Clash+1"],"picked":"SKIP","floor":45.0},{"not_picked":["Mind Blast+1","Deep Breath"],"picked":"Enlightenment","floor":48.0},{"not_picked":["Entrench+1","Wild Strike+1"],"picked":"Burning Pact+1","floor":55}],"player_experience":4437053,"relics_obtained":[{"floor":7.0,"key":"Ginger"},{"floor":8.0,"key":"Mercury Hourglass"},{"floor":11.0,"key":"Du-Vu Doll"},{"floor":12.0,"key":"Molten Egg 2"},{"floor":22.0,"key":"Vajra"},{"floor":23.0,"key":"White Beast Statue"},{"floor":24.0,"key":"Pen Nib"},{"floor":26.0,"key":"Paper Frog"},{"floor":27.0,"key":"Regal Pillow"},{"floor":28.0,"key":"Bottled Lightning"},{"floor":31.0,"key":"Magic Flower"},{"floor":40.0,"key":"Self Forming Clay"},{"floor":41.0,"key":"Ancient Tea Set"},{"floor":42.0,"key":"TungstenRod"},{"floor":43.0,"key":"Bottled Tornado"},{"floor":44.0,"key":"Happy Flower"},{"floor":45.0,"key":"Mango"},{"floor":46.0,"key":"Whetstone"},{"floor":55,"key":"Toy Ornithopter"}],"event_choices":[{"damage_healed":0.0,"max_hp_gain":0.0,"max_hp_loss":0.0,"gold_gain":0.0,"event_name":"Living Wall","player_choice":"Grow","floor":2.0,"gold_loss":0.0,"damage_taken":0.0,"cards_upgraded":["Uppercut"]},{"damage_healed":0.0,"max_hp_gain":0.0,"max_hp_loss":0.0,"gold_gain":0.0,"cards_transformed":["Headbutt"],"event_name":"Transmorgrifier","player_choice":"Transformed","floor":3.0,"gold_loss":0.0,"damage_taken":0.0,"cards_obtained":["Flame Barrier"]},{"cards_removed":["Rampage"],"damage_healed":0.0,"max_hp_gain":0.0,"max_hp_loss":0.0,"gold_gain":0.0,"event_name":"Purifier","player_choice":"Purged","floor":10.0,"gold_loss":0.0,"damage_taken":0.0},{"damage_healed":0.0,"max_hp_gain":5.0,"max_hp_loss":0.0,"gold_gain":0.0,"event_name":"Forgotten Altar","player_choice":"Shed Blood","floor":19.0,"gold_loss":0.0,"damage_taken":26.0},{"damage_healed":0.0,"max_hp_gain":0.0,"max_hp_loss":0.0,"gold_gain":0.0,"event_name":"Addict","player_choice":"Obtained Relic","floor":21.0,"gold_loss":85.0,"damage_taken":0.0,"relics_obtained":["Tiny Chest"]},{"damage_healed":0.0,"max_hp_gain":0.0,"max_hp_loss":0.0,"gold_gain":0.0,"event_name":"Tomb of Lord Red Mask","player_choice":"Ignored","floor":38.0,"gold_loss":0.0,"damage_taken":0.0},{"damage_healed":0.0,"max_hp_gain":0.0,"max_hp_loss":0.0,"gold_gain":0.0,"event_name":"SecretPortal","player_choice":"Ignored","floor":39.0,"gold_loss":0.0,"damage_taken":0.0},{"damage_healed":0.0,"max_hp_gain":0.0,"max_hp_loss":0.0,"gold_gain":0.0,"event_name":"SensoryStone","player_choice":"Memory 3","floor":48.0,"gold_loss":0.0,"damage_taken":10.0}],"is_beta":false,"boss_relics":[{"not_picked":["Coffee Dripper","Velvet Choker"],"picked":"Runic Dome"},{"not_picked":["Tiny House","Calling Bell"],"picked":"SlaversCollar"}],"items_purged_floors":[13,29,54],"is_endless":false,"potions_floor_spawned":[5,12,14,16,20,23,24,27,28,31,33,35,36,37,40,41,42,44,45,55],"ascension_level":20}}