{"host":"qsusua7l529r8z9k","time":1611202393,"event":{"mods":["BaseMod","Minty Spire (QoL Compilation)","Spicy Shops","StSLib","Youmu£®ªÍ∆«—˝√Œ£©"],"gold_per_floor":[116,116,136,136,160,191,191,116,116,141,184,184,199,272,272,402,402,422,697,69,89,104,140,140,173,173,206,56,70,70,70,70,198,198,213,63,77,410,410,410,422,0,24,53,0,26,38,50,62,74],"floor_reached":51,"language":"ZHS","playtime":3440,"items_purged":["Strike_YM","Regret","Strike_YM","Defend_YM","Defend_YM"],"score":1038,"play_id":"e9b96324-f742-4463-9682-e618c816a101","local_time":"20210121121313","is_ascension_mode":false,"campfire_choices":[{"data":"SlashOfSaigyouSpringWind","floor":7.0,"key":"SMITH"},{"data":"FourBirthsSword","floor":12.0,"key":"SMITH"},{"data":"StrangeHalfBody","floor":15.0,"key":"SMITH"},{"data":"HellRealmSword","floor":24.0,"key":"SMITH"},{"data":"WickedSoul","floor":32.0,"key":"SMITH"},{"data":"DeadlyForm","floor":40.0,"key":"SMITH"},{"data":"FastingOfTheYoungPreta","floor":47,"key":"SMITH"},{"data":"SpiritCuttingSword","floor":49,"key":"SMITH"}],"circlet_count":0,"master_deck":["Strike_YM+1","Defend_YM","Defend_YM","SlashOfPresentWorld+1","WheelOfPainOfLivingAndDead","FiveSignsOfTheDyingDeva","SpiritCuttingSword+1","SlashOfSaigyouSpringWind+1","HellRealmSword+1","FourBirthsSword+1","StrangeHalfBody+1","SlashOfMeditation","WickedSoul+1","SlashOfDelusionalInnerEye+1","HellFireSword+1","CrescentMoonSlash+1","EchoesOfTheInclemencyOfAllBeings","DeadlyForm+1","HumanKnowledgeSword+1","Flash of Steel+1","FastingOfTheYoungPreta+1"],"relics":["HalfPhantom","NeowsBlessing","Anchor","FencingExperience","Pocketwatch","Shuriken","Velvet Choker","Hakurouken","ClockworkSouvenir","Molten Egg 2","Whetstone","Pantograph","Dead Branch","Gremlin Horn","Sozu","Membership Card","Orichalcum","Kunai","Pear","MawBank","Red Mask"],"acts_visited":["Exordium","TheCity","TheBeyond"],"potions_floor_usage":[],"damage_taken":[{"damage":0.0,"enemies":"Cultist","floor":1.0,"turns":1.0},{"damage":0.0,"enemies":"Jaw Worm","floor":3.0,"turns":1.0},{"damage":0.0,"enemies":"2 Louse","floor":5.0,"turns":1.0},{"damage":16.0,"enemies":"Lagavulin","floor":6.0,"turns":5.0},{"damage":11.0,"enemies":"Gremlin Gang","floor":10.0,"turns":5.0},{"damage":10.0,"enemies":"Gremlin Nob","floor":11.0,"turns":3.0},{"damage":0.0,"enemies":"Exordium Thugs","floor":13.0,"turns":4.0},{"damage":0.0,"enemies":"Slime Boss","floor":16.0,"turns":5.0},{"damage":5.0,"enemies":"2 Thieves","floor":18.0,"turns":3.0},{"damage":0.0,"enemies":"3 Byrds","floor":21.0,"turns":4.0},{"damage":0.0,"enemies":"Cultist and Chosen","floor":22.0,"turns":7.0},{"damage":7.0,"enemies":"Slavers","floor":23.0,"turns":4.0},{"damage":7.0,"enemies":"Book of Stabbing","floor":25.0,"turns":4.0},{"damage":0.0,"enemies":"Gremlin Leader","floor":27.0,"turns":5.0},{"damage":0.0,"enemies":"Chosen and Byrds","floor":29.0,"turns":3.0},{"damage":0.0,"enemies":"Champ","floor":33.0,"turns":6.0},{"damage":0.0,"enemies":"3 Darklings","floor":35.0,"turns":3.0},{"damage":5.0,"enemies":"3 Shapes","floor":37.0,"turns":2.0},{"damage":0.0,"enemies":"Writhing Mass","floor":41.0,"turns":3.0},{"damage":8,"enemies":"Spire Growth","floor":44,"turns":4},{"damage":0,"enemies":"Jaw Worm Horde","floor":46,"turns":3},{"damage":0,"enemies":"Time Eater","floor":50,"turns":9}],"seed_played":"-8914662111743249526","potions_obtained":[{"floor":1.0,"key":"AttackPotion"},{"floor":6.0,"key":"CultistPotion"},{"floor":11.0,"key":"SteroidPotion"},{"floor":18.0,"key":"Regen Potion"},{"floor":25.0,"key":"Weak Potion"}],"is_trial":false,"path_per_floor":["M","?","M","?","M","E","R","$","T","M","E","R","M","T","R","B",null,"M","?","$","M","M","E","R","E","T","E","$","M","T","?","R","B",null,"M","$","M","?","?","R","M","$","T","M","?","M","R","$","R","B",null],"character_chosen":"YOUMU","items_purchased":["Hakurouken","ClockworkSouvenir","Membership Card","Orichalcum","Kunai","Pear","Flash of Steel+1"],"campfire_rested":0,"item_purchase_floors":[20,20,36,42,42,42,42],"current_hp_per_floor":[75,68,68,68,68,52,52,52,52,41,31,31,31,31,31,31,69,64,64,64,64,64,57,57,50,50,50,50,50,50,38,38,74,74,74,74,69,69,69,69,69,79,79,71,71,71,71,71,71,80],"gold":86,"neow_bonus":"THREE_ENEMY_KILL","is_daily":false,"chose_seed":false,"campfire_upgraded":8,"win_rate":0.0,"timestamp":1611202393,"path_taken":["M","?","M","?","M","E","R","?","T","M","E","R","?","?","R","BOSS","M","?","$","M","?","E","R","E","T","E","$","M","?","?","R","BOSS","M","$","M","?","?","R","M","?","T","M","?","M","R","?","R","BOSS"],"items_purchased_type":["Relic","Relic","Relic","Relic","Relic","Relic","Card"],"build_version":"2020-12-22","purchased_purges":5,"victory":true,"max_hp_per_floor":[75,75,75,69,69,69,69,69,69,69,69,69,69,69,69,69,69,69,69,69,69,69,69,69,69,69,69,69,69,69,74,74,74,74,74,74,74,74,70,70,70,80,80,80,80,80,80,80,80,80],"card_choices":[{"not_picked":["LowerRealmReflectionSlash","SwordOfBindingDesires"],"picked":"FiveSignsOfTheDyingDeva","floor":1.0},{"not_picked":["CherryBlossomFlashing","EchoesOfTheInclemencyOfAllBeings"],"picked":"SpiritCuttingSword","floor":3.0},{"not_picked":["SwordOfBindingDesires","SlashOfMeditation"],"picked":"SlashOfSaigyouSpringWind","floor":5.0},{"not_picked":["DispleasureOfTheSevenHakus","ThreeKonsSevenHakus"],"picked":"HellRealmSword","floor":6.0},{"not_picked":["TransmigrationSlash","SpiritCuttingSword"],"picked":"FourBirthsSword","floor":10.0},{"not_picked":["DoubleWheelOfPain","SpiritCuttingSword"],"picked":"StrangeHalfBody","floor":11.0},{"not_picked":["LifeCuttingSword","ConstancyOfTheConventionalTruth"],"picked":"SlashOfMeditation","floor":13.0},{"not_picked":["GreatEnlightenmentAppearingAndDisappearing","StrangeHalfBody"],"picked":"WickedSoul","floor":16.0},{"not_picked":["FlashingScatteredFlowers","SlashOfMeditation","HiganSword"],"picked":"SKIP","floor":18.0},{"not_picked":["FlashingScatteredFlowers","PhosphoricSlash"],"picked":"SlashOfDelusionalInnerEye+1","floor":21.0},{"not_picked":["ConstancyOfTheConventionalTruth","HumanKnowledgeSword","FiveSignsOfTheDyingDeva"],"picked":"SKIP","floor":22.0},{"not_picked":["ConstancyOfTheConventionalTruth","SlashOfAscensionToBuddhahood+1"],"picked":"HellFireSword+1","floor":23.0},{"not_picked":["ConstancyOfTheConventionalTruth+1","LifeCuttingSword+1"],"picked":"CrescentMoonSlash+1","floor":25.0},{"not_picked":["ConstancyOfTheConventionalTruth","SanzenSekai+1","PretaSword+1"],"picked":"SKIP","floor":27.0},{"not_picked":["TenKingsRetributionOnThePreta+1","DispleasureOfTheSevenHakus"],"picked":"EchoesOfTheInclemencyOfAllBeings","floor":29.0},{"not_picked":["StrangeHalfBody","GreatEnlightenmentAppearingAndDisappearing"],"picked":"DeadlyForm","floor":33.0},{"not_picked":["HumanGodSword+1","PretaSword+1","TenKingsRetributionOnThePreta+1"],"picked":"SKIP","floor":35.0},{"not_picked":["ObsessionWithThePresentWorld","LifeCuttingSword+1"],"picked":"HumanKnowledgeSword+1","floor":37.0},{"not_picked":["FourBirthsSword+1","DispleasureOfTheSevenHakus","LifeCuttingSword+1"],"picked":"SKIP","floor":41.0},{"not_picked":["SlashOfDelusionalInnerEye+1","LightFlashOfTheNetherworld+1","PhosphoricSlash+1"],"picked":"SKIP","floor":44},{"not_picked":["ThreeKonsSevenHakus+1","CherryBlossomFlashing+1"],"picked":"FastingOfTheYoungPreta","floor":46}],"player_experience":418552,"relics_obtained":[{"floor":6.0,"key":"Anchor"},{"floor":9.0,"key":"FencingExperience"},{"floor":11.0,"key":"Pocketwatch"},{"floor":14.0,"key":"Shuriken"},{"floor":23.0,"key":"Molten Egg 2"},{"floor":25.0,"key":"Whetstone"},{"floor":26.0,"key":"Pantograph"},{"floor":27.0,"key":"Dead Branch"},{"floor":30.0,"key":"Gremlin Horn"},{"floor":43,"key":"MawBank"}],"event_choices":[{"cards_removed":["Strike_YM"],"damage_healed":0.0,"max_hp_gain":0.0,"max_hp_loss":0.0,"gold_gain":0.0,"event_name":"Golden Wing","player_choice":"Card Removal","floor":2.0,"gold_loss":0.0,"damage_taken":7.0},{"damage_healed":0.0,"max_hp_gain":0.0,"max_hp_loss":6.0,"gold_gain":0.0,"event_name":"Golden Idol","player_choice":"Lose Max HP","floor":4.0,"gold_loss":0.0,"damage_taken":0.0,"relics_obtained":["Golden Idol"]},{"damage_healed":0.0,"max_hp_gain":0.0,"max_hp_loss":0.0,"gold_gain":275.0,"event_name":"Golden Shrine","player_choice":"Desecrate","floor":19.0,"gold_loss":0.0,"damage_taken":0.0,"cards_obtained":["Regret"]},{"damage_healed":0.0,"max_hp_gain":5.0,"max_hp_loss":0.0,"gold_gain":0.0,"event_name":"Forgotten Altar","player_choice":"Shed Blood","floor":31.0,"gold_loss":0.0,"damage_taken":17.0},{"damage_healed":0.0,"max_hp_gain":0.0,"max_hp_loss":0.0,"gold_gain":333.0,"event_name":"The Moai Head","player_choice":"Gave Idol","floor":38.0,"relics_lost":["Golden Idol"],"gold_loss":0.0,"damage_taken":0.0},{"damage_healed":0.0,"max_hp_gain":0.0,"max_hp_loss":4.0,"gold_gain":0.0,"event_name":"Winding Halls","player_choice":"Max HP","floor":39.0,"gold_loss":0.0,"damage_taken":0.0},{"damage_healed":0,"gold_gain":0,"player_choice":"Paid","damage_taken":0,"relics_obtained":["Red Mask"],"max_hp_gain":0,"max_hp_loss":0,"event_name":"Tomb of Lord Red Mask","floor":45,"gold_loss":65}],"is_beta":false,"boss_relics":[{"not_picked":["Pandora\u0027s Box","Coffee Dripper"],"picked":"Velvet Choker"},{"not_picked":["Astrolabe","Tiny House"],"picked":"Sozu"}],"items_purged_floors":[8,20,20,28,42],"is_endless":false,"potions_floor_spawned":[1,6,11,13,18,25,27,35,44],"ascension_level":0}}