{"host":"w8xisjf5mgmfjvmt","time":1611217474,"event":{"mods":["BaseMod","BetterRewards","Challenge The Spire","Conspire","Dota2Spire","Energized Spire","Filter the Spire","Minty Spire (QoL Compilation)","Quarter Circle Forward PUNCH!","Quick Restart","Relic Stats","Replay The Spire","Shop Mod","Spicy Shops","StSLib","Starting Relic: Pandora\u0027s Box","¡¾ÒÅÎï¿¨ÅÆ¡¿REMEMod","óô»ðÖ¸ÄÏ"],"gold_per_floor":[382,38,93,119,148,148,41,41,98,132,194,194,259,159,189,251,284,343],"floor_reached":19,"language":"ZHS","playtime":699,"items_purged":["Dagger Throw","Quick Slash","Infinite Blades","Bane"],"score":470,"play_id":"0b53e386-8a13-4a3b-8529-c9e08c3cbb68","local_time":"20210121162434","daily_mods":["challengethespire:Bronze Difficulty","challengethespire:Modded Elite Rush","Uncertain Future"],"is_ascension_mode":false,"campfire_choices":[{"data":"REME_GreenPollution","floor":8.0,"key":"SMITH"}],"circlet_count":0,"master_deck":["Survivor","Neutralize","Riddle With Holes","Tactician","Acrobatics","Deflect","conspire:DoublingDagger","Masterful Stab","Footwork","Whirlwind","Terror+1","Calculated Gamble+1","Dash","REME_GreenPollution+1","Catalyst+1","ReplayTheSpireMod:Speed Training+1","CurseOfTheBell","Burst+1","Leg Sweep+1","Footwork","Replay:Poison Smokescreen+1","Reflex+1","Calculated Gamble+1","Catalyst+1","Reflex+1","Escape Plan+1"],"relics":["Pandora\u0027s Box","Black Star","Sling","PreservedInsect","REME_ComplimentaryCards","Toxic Egg 2","Dota2Spire:HandOfMidas","Dota2Spire:EchoSabre","Turnip","Snake Skull","Smiling Mask","Dota2Spire:PhaseBoots","Shovel","Counterbalance","Calling Bell","Dota2Spire:MagicBottle","conspire:DeflatedDodgeball","conspire:GiftBox","Dota2Spire:AghanimScepter","Replay:Multitool","Lizard Tail","qcfpunch:Red_Headband","REME_PuzzleBoxRelic","Omamori","energizedSpire:PogoStick","qcfpunch:Combat_Fatigues","Orichalcum","Dota2Spire:CrimsonGuard","Pen Nib","Dota2Spire:ArmletOfMordiggian","Blue Candle","Sundial","Centennial Puzzle"],"acts_visited":["Exordium"],"potions_floor_usage":[],"damage_taken":[{"damage":0.0,"enemies":"Lagavulin","floor":3.0,"turns":3.0},{"damage":0.0,"enemies":"Gremlin Nob","floor":4.0,"turns":1.0},{"damage":5.0,"enemies":"Replay:BlueRogue","floor":5.0,"turns":3.0},{"damage":11.0,"enemies":"Replay:Snechameleon","floor":9.0,"turns":4.0},{"damage":0.0,"enemies":"conspire:SneckoGhost","floor":10.0,"turns":4.0},{"damage":0.0,"enemies":"REME_1_Revenger","floor":11.0,"turns":2.0},{"damage":0.0,"enemies":"Giant Head","floor":15.0,"turns":3.0},{"damage":0,"enemies":"Reptomancer","floor":16,"turns":2},{"damage":5,"enemies":"Nemesis","floor":17,"turns":3},{"damage":4,"enemies":"Shield and Spear","floor":18,"turns":2}],"seed_played":"2281465942175753762","potions_obtained":[{"floor":5.0,"key":"REME_GoldPotion"},{"floor":9.0,"key":"PowerPotion"},{"floor":11.0,"key":"SteroidPotion"},{"floor":18,"key":"Dota2Spire:HealingSalve"}],"is_trial":true,"path_per_floor":["$","$","E","E","E","T","$","R","E","E","E","T","R","$","E","E","E","E",null],"character_chosen":"THE_SILENT","items_purchased":["Toxic Egg 2","Terror+1","Dota2Spire:HandOfMidas","Dota2Spire:EchoSabre","Calculated Gamble+1","Dash","Infinite Blades","Leg Sweep+1"],"campfire_rested":0,"item_purchase_floors":[1,1,1,1,2,2,2,7],"current_hp_per_floor":[70,70,70,70,65,65,65,65,54,54,54,54,54,54,54,54,49,45],"gold":343,"neow_bonus":"","is_daily":false,"chose_seed":false,"campfire_upgraded":1,"win_rate":0.0,"timestamp":1611217474,"path_taken":["$","$","E","E","E","T","$","R","E","E","E","T","R","$","E","E","E","E"],"items_purchased_type":["Relic","Card","Relic","Relic","Card","Card","Card","Card"],"build_version":"2020-12-22","purchased_purges":4,"victory":true,"max_hp_per_floor":[70,70,70,70,70,70,70,70,70,70,70,70,70,70,70,70,70,70],"relic_stats":{"counters":[10,27],"Blue Candle":[0],"PreservedInsect":484,"Snake Skull":[112],"Pen Nib":[2],"Orichalcum":[6],"Smiling Mask":225,"Lizard Tail":0,"Centennial Puzzle":[0],"Shovel":0,"Sundial":[0],"Pandora\u0027s Box":[],"Turnip":[0],"Black Star":10,"obtain_stats":[{"energizedSpire:PogoStick":12,"Dota2Spire:EchoSabre":1,"Dota2Spire:ArmletOfMordiggian":17,"Snake Skull":3,"Replay:Multitool":9,"Sling":0,"Smiling Mask":4,"Dota2Spire:MagicBottle":6,"Lizard Tail":10,"Centennial Puzzle":18,"Shovel":5,"Dota2Spire:CrimsonGuard":16,"Sundial":18,"Toxic Egg 2":1,"Dota2Spire:HandOfMidas":1,"Counterbalance":5,"Blue Candle":17,"PreservedInsect":0,"Pen Nib":16,"Omamori":11,"Orichalcum":15,"Calling Bell":6,"qcfpunch:Combat_Fatigues":15,"conspire:GiftBox":6,"Dota2Spire:AghanimScepter":9,"Pandora\u0027s Box":0,"Turnip":3,"Black Star":0,"qcfpunch:Red_Headband":10,"conspire:DeflatedDodgeball":6,"REME_PuzzleBoxRelic":11,"REME_ComplimentaryCards":0,"Dota2Spire:PhaseBoots":4},{"energizedSpire:PogoStick":6,"Dota2Spire:EchoSabre":0,"Dota2Spire:ArmletOfMordiggian":9,"Snake Skull":1,"Replay:Multitool":4,"Sling":0,"Smiling Mask":2,"Dota2Spire:MagicBottle":3,"Lizard Tail":5,"Centennial Puzzle":10,"Shovel":3,"Dota2Spire:CrimsonGuard":8,"Sundial":10,"Toxic Egg 2":0,"Dota2Spire:HandOfMidas":0,"Counterbalance":3,"Blue Candle":9,"PreservedInsect":0,"Pen Nib":8,"Omamori":6,"Orichalcum":7,"Calling Bell":3,"qcfpunch:Combat_Fatigues":7,"conspire:GiftBox":3,"Dota2Spire:AghanimScepter":4,"Pandora\u0027s Box":0,"Turnip":1,"Black Star":0,"qcfpunch:Red_Headband":5,"conspire:DeflatedDodgeball":3,"REME_PuzzleBoxRelic":6,"REME_ComplimentaryCards":0,"Dota2Spire:PhaseBoots":2},{"energizedSpire:PogoStick":17,"Dota2Spire:EchoSabre":0,"Dota2Spire:ArmletOfMordiggian":25,"Snake Skull":3,"Replay:Multitool":11,"Sling":0,"Smiling Mask":4,"Dota2Spire:MagicBottle":7,"Lizard Tail":15,"Centennial Puzzle":27,"Shovel":7,"Dota2Spire:CrimsonGuard":22,"Sundial":27,"Toxic Egg 2":0,"Dota2Spire:HandOfMidas":0,"Counterbalance":7,"Blue Candle":25,"PreservedInsect":0,"Pen Nib":22,"Omamori":17,"Orichalcum":20,"Calling Bell":7,"qcfpunch:Combat_Fatigues":20,"conspire:GiftBox":7,"Dota2Spire:AghanimScepter":11,"Pandora\u0027s Box":0,"Turnip":3,"Black Star":0,"qcfpunch:Red_Headband":15,"conspire:DeflatedDodgeball":7,"REME_PuzzleBoxRelic":17,"REME_ComplimentaryCards":0,"Dota2Spire:PhaseBoots":4}]},"card_choices":[{"not_picked":["Doppelganger+1","Tools of the Trade"],"picked":"Burst+1","floor":6.0}],"player_experience":1188428,"relics_obtained":[{"floor":3.0,"key":"Turnip"},{"floor":3.0,"key":"Snake Skull"},{"floor":4.0,"key":"Smiling Mask"},{"floor":4.0,"key":"Dota2Spire:PhaseBoots"},{"floor":5.0,"key":"Shovel"},{"floor":5.0,"key":"Counterbalance"},{"floor":6.0,"key":"Dota2Spire:MagicBottle"},{"floor":6.0,"key":"conspire:DeflatedDodgeball"},{"floor":6.0,"key":"conspire:GiftBox"},{"floor":9.0,"key":"Dota2Spire:AghanimScepter"},{"floor":9.0,"key":"Replay:Multitool"},{"floor":10.0,"key":"Lizard Tail"},{"floor":10.0,"key":"qcfpunch:Red_Headband"},{"floor":11.0,"key":"REME_PuzzleBoxRelic"},{"floor":11.0,"key":"Omamori"},{"floor":15.0,"key":"qcfpunch:Combat_Fatigues"},{"floor":15.0,"key":"Orichalcum"},{"floor":16,"key":"Dota2Spire:CrimsonGuard"},{"floor":16,"key":"Pen Nib"},{"floor":17,"key":"Dota2Spire:ArmletOfMordiggian"},{"floor":17,"key":"Blue Candle"},{"floor":18,"key":"Sundial"},{"floor":18,"key":"Centennial Puzzle"}],"event_choices":[],"is_beta":false,"boss_relics":[{"not_picked":["energizedSpire:StickyHand","Dota2Spire:Bloodstone"],"picked":"Calling Bell"},{"not_picked":["qcfpunch:Dark_Gi","SacredBark"],"picked":"energizedSpire:PogoStick"}],"items_purged_floors":[2,7,14,14],"is_endless":false,"potions_floor_spawned":[5,9,11,18],"ascension_level":0}}