{"host":"l84l8xigz5v5foa2","time":1611205631,"event":{"mods":["2.2 Compatiblity","AchievementEnabler","BaseMod","Better Note","Better Vampires","Card Filter","Colored Map","DeckTracker","Gremlin Skip","Hermit","Highlight Path","Keyboard Shortcuts","Minty Spire (QoL Compilation)","Permanent Neow","Quick Restart","Relic Filter","Relic Stats","Shop Mod","StSLib","SuperFastMode","Transform Curses","Unknown Chances"],"gold_per_floor":[359,359,372,372,391,423,423,452,452,452,464,481,481,481,481],"floor_reached":14,"language":"KOR","playtime":664,"items_purged":[],"score":105,"play_id":"054faccf-31cd-4d53-a6df-b25ee276fc79","local_time":"20210121140711","is_ascension_mode":true,"campfire_choices":[{"data":"hermit:Covet","floor":7.0,"key":"SMITH"},{"data":"hermit:LuckOfTheDraw","floor":10.0,"key":"SMITH"}],"circlet_count":0,"master_deck":["hermit:Strike_Hermit","hermit:Strike_Hermit","hermit:Strike_Hermit","hermit:Strike_Hermit","hermit:Defend_Hermit","hermit:Defend_Hermit+1","hermit:Defend_Hermit","hermit:Defend_Hermit","hermit:Snapshot","hermit:Covet+1","Pain","hermit:Virtue+1","hermit:Midnight+1","hermit:GoldenBullet","hermit:Deadeye+1","hermit:LuckOfTheDraw+1","hermit:Coalescence","hermit:CursedWeapon+1"],"relics":["hermit:Momento","War Paint","Strawberry","Mercury Hourglass"],"acts_visited":["Exordium"],"potions_floor_usage":[],"damage_taken":[{"damage":0.0,"enemies":"Cultist","floor":1.0,"turns":4.0},{"damage":0.0,"enemies":"Small Slimes","floor":3.0,"turns":5.0},{"damage":1.0,"enemies":"Jaw Worm","floor":5.0,"turns":5.0},{"damage":32.0,"enemies":"Gremlin Nob","floor":6.0,"turns":5.0},{"damage":21.0,"enemies":"Lagavulin","floor":8.0,"turns":8.0},{"damage":0,"enemies":"Exordium Wildlife","floor":11,"turns":4},{"damage":0,"enemies":"Blue Slaver","floor":12,"turns":6},{"damage":12,"enemies":"Gremlin Nob","floor":14,"turns":2}],"seed_played":"-3770177804478627481","potions_obtained":[{"floor":1.0,"key":"hermit:Tonic"},{"floor":3.0,"key":"PowerPotion"},{"floor":12,"key":"SpeedPotion"}],"is_trial":false,"path_per_floor":["M","?","M","?","M","E","R","E","T","R","M","M","?","E"],"character_chosen":"HERMIT","items_purchased":[],"campfire_rested":0,"item_purchase_floors":[],"current_hp_per_floor":[75,75,75,75,74,42,42,28,28,28,28,28,12,0,0],"gold":481,"neow_bonus":"TWO_FIFTY_GOLD","is_daily":false,"chose_seed":false,"campfire_upgraded":2,"win_rate":0.0,"timestamp":1611205631,"path_taken":["M","?","?","?","M","E","R","E","T","R","M","M","?","E"],"items_purchased_type":[],"build_version":"2020-12-22","purchased_purges":0,"victory":false,"max_hp_per_floor":[75,75,75,75,75,75,75,82,82,82,82,82,82,82,82],"relic_stats":{"counters":[8,39],"War Paint":["hermit:Defend_Hermit","hermit:Midnight"],"obtain_stats":[{"Strawberry":8,"War Paint":6,"hermit:Momento":0,"Mercury Hourglass":9},{"Strawberry":5,"War Paint":4,"hermit:Momento":0,"Mercury Hourglass":5},{"Strawberry":27,"War Paint":19,"hermit:Momento":0,"Mercury Hourglass":27}],"Mercury Hourglass":[42]},"card_choices":[{"not_picked":["hermit:Snipe","hermit:Roulette"],"picked":"hermit:Virtue","floor":1.0},{"not_picked":["hermit:HighCaliber","hermit:Misfire"],"picked":"hermit:Midnight","floor":3.0},{"not_picked":["hermit:Roulette","hermit:Glare"],"picked":"hermit:GoldenBullet","floor":5.0},{"not_picked":["hermit:OverwhelmingPower","hermit:LowProfile"],"picked":"hermit:Deadeye","floor":6.0},{"not_picked":["hermit:Spite","hermit:FullyLoaded"],"picked":"hermit:LuckOfTheDraw","floor":8.0},{"not_picked":["hermit:Manifest","hermit:Misfire"],"picked":"hermit:Coalescence","floor":11},{"not_picked":["hermit:CalledShot","hermit:Desperado"],"picked":"hermit:CursedWeapon","floor":12}],"player_experience":1418307,"relics_obtained":[{"floor":6.0,"key":"War Paint"},{"floor":8.0,"key":"Strawberry"},{"floor":9.0,"key":"Mercury Hourglass"}],"event_choices":[{"damage_healed":0.0,"max_hp_gain":0.0,"max_hp_loss":0.0,"gold_gain":0.0,"event_name":"Upgrade Shrine","player_choice":"Upgraded","floor":2.0,"gold_loss":0.0,"damage_taken":0.0,"cards_upgraded":["hermit:Virtue"]},{"damage_healed":0.0,"max_hp_gain":0.0,"max_hp_loss":0.0,"gold_gain":0.0,"event_name":"Liars Game","player_choice":"Ignored","floor":4.0,"gold_loss":0.0,"damage_taken":0.0},{"damage_healed":0,"gold_gain":0,"player_choice":"Entered Light","damage_taken":16,"max_hp_gain":0,"max_hp_loss":0,"event_name":"Shining Light","floor":13,"gold_loss":0,"cards_upgraded":["hermit:CursedWeapon","hermit:Deadeye"]}],"is_beta":false,"boss_relics":[],"items_purged_floors":[],"is_endless":false,"potions_floor_spawned":[1,3,12],"killed_by":"Gremlin Nob","ascension_level":1}}