{"host":"30wt20ujo94jt0x4","time":1611232231,"event":{"mods":["AchievementEnabler","Act Like it!","BaseMod","Bestiary","Colored Map","Googly Eyes","Hermit","Highlight Path","Koishi","Marisa????????","Minty Spire (QoL Compilation)","Rare Cards Sparkle","StSLib","The IronCluck","Waifu the Spire","Yuyuko","slay the spire mod where everything is the same but ironclad has a cowboy hat"],"gold_per_floor":[112,15,15,115,131,156,156,169,224,224,248,258,275,289,289,387,387,400,420,420,433,348,348,6,39,39,39,57,77,77,77,77,77,77],"floor_reached":33,"language":"ENG","playtime":3036,"items_purged":[],"score":317,"play_id":"e83f9a06-30b7-47d6-b724-aa29a4be3660","local_time":"20210121203031","is_ascension_mode":false,"campfire_choices":[{"data":"Koishi:JumpScare","floor":7,"key":"SMITH"},{"data":"Koishi:MindNumbingTerror","floor":15,"key":"SMITH"},{"data":"Koishi:FleetingPhantom","floor":23,"key":"SMITH"},{"floor":27,"key":"REST"},{"floor":30,"key":"REST"},{"data":"Koishi:SprinkleStarAndHeart","floor":32,"key":"SMITH"}],"circlet_count":0,"master_deck":["Koishi:BasicDefend","Koishi:BasicDefend","Koishi:BasicDefend","Koishi:BasicDefend","Koishi:Provoke","Koishi:HauntingSlash","Koishi:JumpScare+1","Koishi:UnconsciousUrges+1","Koishi:FleetingPhantom+1","Koishi:SprinkleStarAndHeart+1","Koishi:HeartfeltFancy","Koishi:PredatoryInstincts","Koishi:CatchAndRose","Koishi:MindNumbingTerror+1","Koishi:TerrifyingSpectre","Koishi:SpiritedAway","Koishi:Prune+1","Bite","Bite","Bite","Bite","Bite","Koishi:SubconsciousSweep","Koishi:FourthEye","Koishi:ConfinedInnocent","Koishi:SubconsciousSweep","Koishi:DNAsFlaw","Koishi:EmbersOfLove+1","Koishi:PhantomBarrier+1"],"relics":["Koishi:ImaginaryFriend","NeowsBlessing","Pen Nib","Lantern","Dream Catcher","Koishi:BloodstainedWhiteRose","SlaversCollar","Regal Pillow","Nunchaku","Potion Belt","PreservedInsect","Nloth\u0027s Gift","Frozen Eye"],"acts_visited":["Exordium","TheCity"],"potions_floor_usage":[16,21,25],"damage_taken":[{"damage":0,"enemies":"Small Slimes","floor":1,"turns":1},{"damage":0,"enemies":"Cultist","floor":5,"turns":1},{"damage":0,"enemies":"Lagavulin","floor":6,"turns":2},{"damage":0,"enemies":"Jaw Worm","floor":8,"turns":4},{"damage":1,"enemies":"Blue Slaver","floor":12,"turns":4},{"damage":6,"enemies":"2 Fungi Beasts","floor":13,"turns":7},{"damage":1,"enemies":"Exordium Wildlife","floor":14,"turns":3},{"damage":50,"enemies":"Hexaghost","floor":16,"turns":11},{"damage":20,"enemies":"3 Byrds","floor":18,"turns":6},{"damage":10,"enemies":"Shell Parasite","floor":19,"turns":6},{"damage":8,"enemies":"Centurion and Healer","floor":21,"turns":8},{"damage":44,"enemies":"Book of Stabbing","floor":25,"turns":6},{"damage":29,"enemies":"Snake Plant","floor":28,"turns":4},{"damage":42,"enemies":"Sentry and Sphere","floor":29,"turns":8},{"damage":50,"enemies":"Automaton","floor":33,"turns":7}],"seed_played":"-3221266154485975182","potions_obtained":[{"floor":5,"key":"FairyPotion"},{"floor":6,"key":"DuplicationPotion"},{"floor":12,"key":"Energy Potion"},{"floor":18,"key":"Ancient Potion"},{"floor":21,"key":"Fire Potion"}],"is_trial":false,"path_per_floor":["M","$","?","?","M","E","R","M","T","?","T","M","M","M","R","B",null,"M","M","?","M","?","R","$","E","T","R","M","M","R","?","R","B"],"character_chosen":"KOISHI","items_purchased":["Koishi:UnconsciousUrges","Koishi:FleetingPhantom","Koishi:FourthEye","ClockworkSouvenir","Nunchaku"],"campfire_rested":2,"item_purchase_floors":[2,2,24,24,24],"current_hp_per_floor":[60,60,48,48,48,51,51,56,56,56,56,60,60,60,60,24,60,59,60,42,42,42,42,42,18,18,42,23,12,39,39,39,0,0],"gold":77,"neow_bonus":"THREE_ENEMY_KILL","is_daily":false,"chose_seed":false,"campfire_upgraded":4,"win_rate":0.0,"timestamp":1611232231,"path_taken":["M","$","?","?","M","E","R","?","T","?","?","M","M","M","R","BOSS","M","M","?","M","?","R","?","E","T","R","M","M","R","?","R","BOSS"],"items_purchased_type":["Card","Card","Card","Relic","Relic"],"build_version":"2020-12-22","purchased_purges":0,"victory":false,"max_hp_per_floor":[60,60,60,60,60,60,60,60,60,60,60,60,60,60,60,60,60,60,60,42,42,42,42,42,42,42,42,42,42,42,42,42,42,42],"card_choices":[{"not_picked":["Koishi:UnseenTerror","Koishi:EmbryosDream"],"picked":"Koishi:JumpScare","floor":1},{"not_picked":["Koishi:BloodcurdlingScream","Koishi:Vanish","Koishi:UnansweredLove"],"picked":"SKIP","floor":5},{"not_picked":["Koishi:SuperEgo","Koishi:ReleaseOfTheId"],"picked":"Koishi:SprinkleStarAndHeart","floor":6},{"not_picked":["Koishi:StrangeCloudFist","Koishi:UnconsciousUrges"],"picked":"Koishi:HeartfeltFancy","floor":8},{"not_picked":["Koishi:PhantomBarrier","Koishi:ParalyzingFear"],"picked":"Koishi:PredatoryInstincts","floor":12},{"not_picked":["Koishi:UnseenTerror","Koishi:HeartfeltFancy"],"picked":"Koishi:CatchAndRose","floor":13},{"not_picked":["Koishi:IdleWhim","Koishi:Jaunt"],"picked":"Koishi:MindNumbingTerror","floor":14},{"not_picked":["Koishi:GrowingPain","Koishi:ImGoingToCallYouNow"],"picked":"Koishi:TerrifyingSpectre","floor":16},{"not_picked":["Koishi:Prune+1","Koishi:CatchAndRose+1"],"picked":"Koishi:SpiritedAway","floor":18},{"not_picked":["Koishi:HeartfeltFancy","Koishi:CatchAndRose"],"picked":"Koishi:Prune+1","floor":19},{"not_picked":["Koishi:MassHysteria","Koishi:SpiritedAway+1"],"picked":"Koishi:SubconsciousSweep","floor":21},{"not_picked":["Koishi:ParalyzingFear+1","Koishi:PredatoryInstincts"],"picked":"Koishi:ConfinedInnocent","floor":25},{"not_picked":["Koishi:FleetingPhantom","Koishi:ParalyzingFear"],"picked":"Koishi:SubconsciousSweep","floor":27},{"not_picked":["Koishi:HeartfeltFancy","Koishi:SprinkleStarAndHeart+1"],"picked":"Koishi:DNAsFlaw","floor":28},{"not_picked":["Koishi:TraumaticStroke","Koishi:GeneticsOfTheUnconscious+1"],"picked":"Koishi:EmbersOfLove+1","floor":29},{"not_picked":["Koishi:ApparitionsStalkTheNight","Koishi:MindNumbingTerror"],"picked":"Koishi:PhantomBarrier+1","floor":30}],"player_experience":32065,"relics_obtained":[{"floor":6,"key":"Pen Nib"},{"floor":9,"key":"Lantern"},{"floor":11,"key":"Koishi:BloodstainedWhiteRose"},{"floor":25,"key":"Potion Belt"},{"floor":26,"key":"PreservedInsect"}],"event_choices":[{"damage_healed":0,"gold_gain":0,"player_choice":"Entered Light","damage_taken":12,"max_hp_gain":0,"max_hp_loss":0,"event_name":"Shining Light","floor":3,"gold_loss":0,"cards_upgraded":["Koishi:BasicStrike","Koishi:UnconsciousUrges"]},{"damage_healed":0,"gold_gain":100,"player_choice":"Pray","damage_taken":0,"max_hp_gain":0,"max_hp_loss":0,"event_name":"Golden Shrine","floor":4,"gold_loss":0},{"damage_healed":0,"gold_gain":0,"player_choice":"Searched \u00272\u0027 times","damage_taken":0,"relics_obtained":["Dream Catcher"],"max_hp_gain":0,"max_hp_loss":0,"event_name":"Dead Adventurer","floor":10,"gold_loss":0},{"damage_healed":0,"gold_gain":0,"player_choice":"Became a vampire","damage_taken":0,"max_hp_gain":0,"max_hp_loss":18,"event_name":"Vampires","floor":20,"gold_loss":0,"cards_obtained":["Bite","Bite","Bite","Bite","Bite"]},{"damage_healed":0,"gold_gain":0,"player_choice":"Obtained Relic","damage_taken":0,"relics_obtained":["Regal Pillow"],"max_hp_gain":0,"max_hp_loss":0,"event_name":"Addict","floor":22,"gold_loss":85},{"damage_healed":0,"gold_gain":0,"player_choice":"Traded Relic","damage_taken":0,"relics_obtained":["Nloth\u0027s Gift"],"max_hp_gain":0,"max_hp_loss":0,"event_name":"N\u0027loth","floor":31,"relics_lost":["ClockworkSouvenir"],"gold_loss":0}],"is_beta":false,"boss_relics":[{"not_picked":["Coffee Dripper","Snecko Eye"],"picked":"SlaversCollar"}],"items_purged_floors":[],"is_endless":false,"potions_floor_spawned":[5,6,12,13,14,18,21,29],"killed_by":"Automaton","ascension_level":0}}