{"host":"vb9tx51ayxprrw9u","time":1611264334,"event":{"mods":["AchievementEnabler","BaseMod","Colored Map","Colored Powertips","Highlight Path","Minty Spire (QoL Compilation)","StSLib"],"gold_per_floor":[111,111,125,141,30,30,43,43,43,43,75,88,388,420,420,525,525,514,529,547,558,572,572,572,572,596,114,128,143,175,202,202,303,303,313,362,362,362],"floor_reached":37,"language":"ENG","playtime":2234,"items_purged":["Defend_G","Strike_G"],"score":446,"play_id":"cb61b773-5a9f-4ebd-8da6-01ebc03cd3a8","local_time":"20210121152534","is_ascension_mode":true,"campfire_choices":[{"data":"Neutralize","floor":6,"key":"SMITH"},{"data":"Infinite Blades","floor":15,"key":"SMITH"},{"floor":23,"key":"REST"},{"floor":25,"key":"REST"},{"floor":32,"key":"REST"}],"circlet_count":0,"master_deck":["Strike_G","Strike_G","Strike_G+1","Defend_G","Defend_G","Survivor","Neutralize+1","Expertise","Backflip+1","Caltrops+1","Flying Knee","Cloak And Dagger","Accuracy","Infinite Blades+1","Die Die Die","Dagger Throw","Blade Dance+1","Blade Dance+1","Blade Dance","Noxious Fumes","Blade Dance+1","Dodge and Roll+1","Phantasmal Killer","Catalyst+1","A Thousand Cuts","Expertise+1","Corpse Explosion+1","Heel Hook+1","Bane+1"],"relics":["Runic Dome","TungstenRod","Pocketwatch","Pantograph","Old Coin","PreservedInsect","Black Star","Oddly Smooth Stone","ClockworkSouvenir","Bronze Scales","Red Mask","WingedGreaves","Gambling Chip","Astrolabe","Shovel"],"acts_visited":["Exordium","TheCity","TheBeyond"],"potions_floor_usage":[11,14,14,33,33,33,36,36],"damage_taken":[{"damage":0,"enemies":"Small Slimes","floor":1,"turns":4},{"damage":0,"enemies":"Cultist","floor":3,"turns":5},{"damage":3,"enemies":"Jaw Worm","floor":4,"turns":6},{"damage":0,"enemies":"3 Louse","floor":7,"turns":4},{"damage":2,"enemies":"Lagavulin","floor":11,"turns":6},{"damage":6,"enemies":"Lots of Slimes","floor":12,"turns":4},{"damage":8,"enemies":"Gremlin Nob","floor":14,"turns":4},{"damage":17,"enemies":"Slime Boss","floor":16,"turns":10},{"damage":13,"enemies":"2 Thieves","floor":18,"turns":4},{"damage":0,"enemies":"3 Byrds","floor":19,"turns":3},{"damage":14,"enemies":"Snecko","floor":20,"turns":5},{"damage":28,"enemies":"Snake Plant","floor":21,"turns":5},{"damage":10,"enemies":"Shelled Parasite and Fungi","floor":22,"turns":5},{"damage":7,"enemies":"Snecko","floor":28,"turns":4},{"damage":8,"enemies":"Snake Plant","floor":29,"turns":5},{"damage":3,"enemies":"Masked Bandits","floor":30,"turns":2},{"damage":23,"enemies":"Gremlin Leader","floor":31,"turns":3},{"damage":15,"enemies":"Collector","floor":33,"turns":5},{"damage":10,"enemies":"Orb Walker","floor":35,"turns":4},{"damage":36,"enemies":"2 Orb Walkers","floor":36,"turns":3},{"damage":24,"enemies":"3 Darklings","floor":37,"turns":2}],"seed_played":"7986273502259276350","potions_obtained":[{"floor":1,"key":"PowerPotion"},{"floor":7,"key":"Energy Potion"},{"floor":12,"key":"Explosive Potion"},{"floor":18,"key":"Poison Potion"},{"floor":20,"key":"Strength Potion"},{"floor":28,"key":"GhostInAJar"},{"floor":31,"key":"BlessingOfTheForge"},{"floor":33,"key":"ColorlessPotion"},{"floor":35,"key":"BlessingOfTheForge"}],"is_trial":false,"path_per_floor":["M","?","M","M","$","R","M","?","T","?","E","M","T","E","R","B",null,"M","M","M","M","M","R","?","R","T","$","M","M","?","E","R","B",null,"M","?","M"],"character_chosen":"THE_SILENT","items_purchased":["Caltrops","Blade Dance","ClockworkSouvenir","Bronze Scales","Noxious Fumes"],"campfire_rested":3,"item_purchase_floors":[5,27,27,27,27],"current_hp_per_floor":[70,67,67,64,64,64,64,51,51,51,49,43,43,35,35,43,70,57,57,43,15,5,26,26,47,47,47,40,32,29,6,27,37,70,60,24,0,0],"gold":362,"neow_bonus":"BOSS_RELIC","is_daily":false,"chose_seed":false,"campfire_upgraded":2,"win_rate":0.0,"timestamp":1611264334,"path_taken":["M","?","M","M","$","R","M","?","T","?","E","?","?","E","R","BOSS","M","M","M","M","M","R","?","R","T","$","?","M","?","E","R","BOSS","M","?","M"],"items_purchased_type":["Card","Card","Relic","Relic","Card"],"build_version":"2020-12-22","purchased_purges":2,"victory":false,"max_hp_per_floor":[70,70,70,70,70,70,70,70,70,70,70,70,70,70,70,70,70,70,70,70,70,70,70,70,70,70,70,70,70,70,70,70,70,70,70,70,70,70],"card_choices":[{"not_picked":["Dodge and Roll","Prepared"],"picked":"Expertise","floor":1},{"not_picked":["Deflect","PiercingWail"],"picked":"Backflip","floor":3},{"not_picked":["Flechettes","Outmaneuver","Expertise"],"picked":"SKIP","floor":4},{"not_picked":["Flechettes","Outmaneuver","Expertise"],"picked":"SKIP","floor":4},{"not_picked":["Distraction","Acrobatics"],"picked":"Flying Knee","floor":7},{"not_picked":["Catalyst","Malaise"],"picked":"Cloak And Dagger","floor":11},{"not_picked":["Outmaneuver","Setup"],"picked":"Accuracy","floor":12},{"not_picked":["Underhanded Strike","Adrenaline"],"picked":"Infinite Blades","floor":14},{"not_picked":["Unload","Venomology"],"picked":"Die Die Die","floor":16},{"not_picked":["Outmaneuver","Noxious Fumes","Masterful Stab"],"picked":"SKIP","floor":18},{"not_picked":["Backflip","Predator"],"picked":"Dagger Throw","floor":19},{"not_picked":["Slice","Well Laid Plans"],"picked":"Blade Dance+1","floor":20},{"not_picked":["Catalyst","Setup","Deflect"],"picked":"SKIP","floor":21},{"not_picked":["Reflex","Dagger Throw","Dagger Spray"],"picked":"SKIP","floor":22},{"not_picked":["Dagger Spray","PiercingWail"],"picked":"Blade Dance+1","floor":28},{"not_picked":["Sucker Punch","Tactician"],"picked":"Dodge and Roll+1","floor":29},{"not_picked":["Prepared","Underhanded Strike"],"picked":"Phantasmal Killer","floor":30},{"not_picked":["PiercingWail","Backstab+1"],"picked":"Catalyst+1","floor":31},{"not_picked":["Bullet Time","Die Die Die"],"picked":"A Thousand Cuts","floor":33},{"not_picked":["Infinite Blades","Riddle With Holes"],"picked":"Bane+1","floor":35}],"player_experience":145522,"relics_obtained":[{"floor":9,"key":"Pocketwatch"},{"floor":11,"key":"Pantograph"},{"floor":13,"key":"Old Coin"},{"floor":14,"key":"PreservedInsect"},{"floor":26,"key":"Oddly Smooth Stone"},{"floor":30,"key":"Red Mask"},{"floor":31,"key":"WingedGreaves"},{"floor":31,"key":"Gambling Chip"},{"floor":36,"key":"Shovel"}],"event_choices":[{"damage_healed":0,"gold_gain":0,"player_choice":"Success","damage_taken":3,"relics_obtained":["TungstenRod"],"max_hp_gain":0,"max_hp_loss":0,"event_name":"Scrap Ooze","floor":2,"gold_loss":0},{"damage_healed":0,"gold_gain":0,"player_choice":"Entered Light","damage_taken":14,"max_hp_gain":0,"max_hp_loss":0,"event_name":"Shining Light","floor":8,"gold_loss":0,"cards_upgraded":["Strike_G","Caltrops"]},{"damage_healed":0,"gold_gain":0,"player_choice":"Upgraded","damage_taken":0,"max_hp_gain":0,"max_hp_loss":0,"event_name":"Upgrade Shrine","floor":10,"gold_loss":0,"cards_upgraded":["Backflip"]},{"damage_healed":0,"gold_gain":0,"player_choice":"Copied","damage_taken":0,"max_hp_gain":0,"max_hp_loss":0,"event_name":"Duplicator","floor":24,"gold_loss":0,"cards_obtained":["Blade Dance"]},{"damage_healed":0,"gold_gain":0,"player_choice":"Fought Bandits","damage_taken":0,"max_hp_gain":0,"max_hp_loss":0,"event_name":"Masked Bandits","floor":30,"gold_loss":0},{"damage_healed":0,"gold_gain":0,"player_choice":"Fight","damage_taken":0,"max_hp_gain":0,"max_hp_loss":0,"event_name":"Mysterious Sphere","floor":36,"gold_loss":0}],"is_beta":false,"boss_relics":[{"not_picked":["Ectoplasm","SlaversCollar"],"picked":"Black Star"},{"not_picked":["Velvet Choker","Pandora\u0027s Box"],"picked":"Astrolabe"}],"items_purged_floors":[5,27],"is_endless":false,"potions_floor_spawned":[1,7,12,18,20,28,29,31,33,35],"killed_by":"3 Darklings","ascension_level":1}}