{"host":"s0rqbuvjzggdtc2s","time":1611232092,"event":{"mods":["ATMod(°¢èªMod)","BaseMod","Minty Spire (QoL Compilation)","StSLib","The Bug Knight","¡¾ÒÅÎï¿¨ÅÆ¡¿REMEMod"],"gold_per_floor":[113,124,35,51,51,82,82,108,108,119,119,44,101,101,101,196,196,211,227,8,28,38,38,38,38,338,353,353,278,278,305,305,401,401,417,137,137,60,73,73,92,92,119,132,206,306,340,351,351,351],"floor_reached":51,"language":"ZHS","playtime":1233,"items_purged":["AT_RealColorLess","Defend_R","Defend_R"],"score":853,"play_id":"4014d4a4-f9dc-4099-bbc2-3d6e5c82110f","local_time":"20210121202812","is_ascension_mode":false,"campfire_choices":[{"data":"AT_ShrugMaster","floor":7.0,"key":"SMITH"},{"data":"AT_ShrugMaster","floor":11.0,"key":"SMITH"},{"data":"Flex","floor":15.0,"key":"SMITH"},{"data":"Flex","floor":24.0,"key":"SMITH"},{"data":"Berserk","floor":28.0,"key":"SMITH"},{"data":"REME_Cut","floor":30.0,"key":"SMITH"},{"data":"AT_ManFootWork","floor":32.0,"key":"SMITH"},{"data":"REME_Cut","floor":40.0,"key":"SMITH"},{"data":"Offering","floor":42,"key":"SMITH"},{"data":"Warcry","floor":49,"key":"SMITH"}],"circlet_count":0,"master_deck":["Strike_R","Strike_R","Strike_R","Strike_R+1","Strike_R","Defend_R+1","Bash","REME_BattleFury+1","AT_ShrugMaster+1","Flex+1","AT_ShrugMaster+1","Warcry+1","Thunderclap","Berserk+1","Burning Pact","REME_Cut+1","Flex+1","AT_ManFootWork+1","Armaments+1","Offering+1","REME_Cut+1","REME_FearOfPain+1"],"relics":["Burning Blood","AT_ATBox","REME_ComplimentaryCards","NeowsBlessing","AT_SunfireAegis","Pantograph","Potion Belt","Meat on the Bone","Mark of Pain","Mummified Hand","Old Coin","Torii","Anchor","Bottled Lightning","Champion Belt"],"acts_visited":["Exordium","TheCity","TheBeyond"],"potions_floor_usage":[50,50],"damage_taken":[{"damage":0.0,"enemies":"Jaw Worm","floor":1.0,"turns":1.0},{"damage":0.0,"enemies":"Small Slimes","floor":2.0,"turns":2.0},{"damage":0.0,"enemies":"2 Louse","floor":4.0,"turns":2.0},{"damage":4.0,"enemies":"Lagavulin","floor":6.0,"turns":6.0},{"damage":4.0,"enemies":"Gremlin Nob","floor":8.0,"turns":3.0},{"damage":0.0,"enemies":"Large Slime","floor":10.0,"turns":4.0},{"damage":4.0,"enemies":"Lagavulin Event","floor":13.0,"turns":4.0},{"damage":0.0,"enemies":"Slime Boss","floor":16.0,"turns":5.0},{"damage":2.0,"enemies":"Chosen","floor":18.0,"turns":3.0},{"damage":10.0,"enemies":"Shell Parasite","floor":19.0,"turns":3.0},{"damage":20.0,"enemies":"Centurion and Healer","floor":21.0,"turns":3.0},{"damage":0.0,"enemies":"Sentry and Sphere","floor":22.0,"turns":4.0},{"damage":0.0,"enemies":"Snecko","floor":27.0,"turns":3.0},{"damage":13.0,"enemies":"Gremlin Leader","floor":31.0,"turns":3.0},{"damage":0.0,"enemies":"Collector","floor":33.0,"turns":4.0},{"damage":1.0,"enemies":"3 Shapes","floor":35.0,"turns":3.0},{"damage":21.0,"enemies":"Orb Walker","floor":39.0,"turns":2.0},{"damage":0,"enemies":"Sphere and 2 Shapes","floor":41,"turns":3},{"damage":6,"enemies":"Jaw Worm Horde","floor":44,"turns":2},{"damage":6,"enemies":"Giant Head","floor":47,"turns":2},{"damage":6,"enemies":"Maw","floor":48,"turns":3},{"damage":41,"enemies":"Time Eater","floor":50,"turns":5}],"seed_played":"-272833107674732321","potions_obtained":[{"floor":4.0,"key":"SkillPotion"},{"floor":18.0,"key":"SteroidPotion"},{"floor":19.0,"key":"BloodPotion"},{"floor":22.0,"key":"GamblersBrew"},{"floor":31.0,"key":"EntropicBrew"},{"floor":35.0,"key":"ElixirPotion"},{"floor":39.0,"key":"ColorlessPotion"}],"is_trial":false,"path_per_floor":["M","M","$","M","?","E","R","E","T","M","R","$","?","?","R","B",null,"M","M","$","M","M","?","R","?","T","M","R","?","R","E","R","B",null,"M","$","?","$","M","R","M","R","T","M","T","?","E","M","R","B",null],"character_chosen":"IRONCLAD","items_purchased":["AT_ShrugMaster","Flex","REME_Cut","Flex","Offering","REME_Cut"],"campfire_rested":0,"item_purchase_floors":[3,3,20,20,36,38],"current_hp_per_floor":[80,80,80,80,80,80,80,80,80,80,80,80,80,64,64,80,80,80,76,76,62,68,68,68,68,68,74,74,74,74,67,67,80,80,80,80,80,80,65,65,71,71,71,71,71,71,71,71,71,57],"gold":351,"neow_bonus":"THREE_ENEMY_KILL","is_daily":false,"chose_seed":false,"campfire_upgraded":10,"win_rate":0.0,"timestamp":1611232092,"path_taken":["M","M","$","M","?","E","R","E","T","M","R","$","?","?","R","BOSS","M","M","$","M","M","?","R","?","T","M","R","?","R","E","R","BOSS","M","$","?","$","M","R","M","R","T","?","?","?","E","M","R","BOSS"],"items_purchased_type":["Card","Card","Card","Card","Card","Card"],"build_version":"2020-12-22","purchased_purges":3,"victory":true,"max_hp_per_floor":[80,80,80,80,80,80,80,80,80,80,80,80,80,80,80,80,80,80,80,80,80,80,80,80,80,80,80,80,80,80,80,80,80,80,80,80,80,80,80,80,80,80,80,80,80,80,80,80,80,80],"card_choices":[{"not_picked":["Sword Boomerang","AT_IchimonjiDouble","Body Slam"],"picked":"SKIP","floor":1.0},{"not_picked":["Cleave","True Grit","Sword Boomerang"],"picked":"SKIP","floor":2.0},{"not_picked":["Twin Strike","AT_ManFootWork"],"picked":"AT_ShrugMaster","floor":4.0},{"not_picked":["Wild Strike","Evolve"],"picked":"Warcry","floor":6.0},{"not_picked":["Feel No Pain","Dark Embrace","True Grit"],"picked":"SKIP","floor":8.0},{"not_picked":["Perfected Strike","AT_ManFootWork"],"picked":"Thunderclap","floor":10.0},{"not_picked":["REME_TheLastStrike","Impervious"],"picked":"Berserk","floor":16.0},{"not_picked":["Clothesline","Hemokinesis+1"],"picked":"Burning Pact","floor":18.0},{"not_picked":["Body Slam","AT_BodySlamDance+1","Reckless Charge+1"],"picked":"SKIP","floor":19.0},{"not_picked":["Pommel Strike","Anger","Perfected Strike"],"picked":"SKIP","floor":21.0},{"not_picked":["Inflame","Pommel Strike+1","Shrug It Off"],"picked":"SKIP","floor":22.0},{"not_picked":["True Grit","Headbutt+1"],"picked":"AT_ManFootWork","floor":27.0},{"not_picked":["Headbutt","Spot Weakness"],"picked":"Armaments+1","floor":31.0},{"not_picked":["True Grit","Power Through+1","Shrug It Off"],"picked":"SKIP","floor":35.0},{"not_picked":["AT_DiedThrough+1","Pommel Strike+1"],"picked":"REME_FearOfPain+1","floor":39.0},{"not_picked":["Heavy Blade","AT_IchimonjiDouble","Sever Soul"],"picked":"SKIP","floor":41},{"not_picked":["Shrug It Off+1","Reckless Charge+1","Sword Boomerang+1"],"picked":"SKIP","floor":44},{"not_picked":["Armaments+1","AT_IchimonjiDouble","Dual Wield+1"],"picked":"SKIP","floor":47},{"not_picked":["AT_BodySlamDance+1","Pommel Strike+1","Limit Break"],"picked":"SKIP","floor":48}],"player_experience":216992,"relics_obtained":[{"floor":6.0,"key":"AT_SunfireAegis"},{"floor":8.0,"key":"Pantograph"},{"floor":9.0,"key":"Potion Belt"},{"floor":13.0,"key":"Meat on the Bone"},{"floor":26.0,"key":"Old Coin"},{"floor":31.0,"key":"Torii"},{"floor":43,"key":"Anchor"},{"floor":45,"key":"Bottled Lightning"},{"floor":47,"key":"Champion Belt"}],"event_choices":[{"damage_healed":0.0,"max_hp_gain":0.0,"max_hp_loss":0.0,"gold_gain":0.0,"event_name":"Living Wall","player_choice":"Grow","floor":5.0,"gold_loss":0.0,"damage_taken":0.0,"cards_upgraded":["REME_BattleFury"]},{"damage_healed":0.0,"max_hp_gain":0.0,"max_hp_loss":0.0,"gold_gain":0.0,"event_name":"Dead Adventurer","player_choice":"Searched \u00271\u0027 times","floor":13.0,"gold_loss":0.0,"damage_taken":0.0},{"damage_healed":0.0,"max_hp_gain":0.0,"max_hp_loss":0.0,"gold_gain":0.0,"event_name":"Shining Light","player_choice":"Entered Light","floor":14.0,"gold_loss":0.0,"damage_taken":16.0,"cards_upgraded":["Strike_R","Defend_R"]},{"damage_healed":0.0,"max_hp_gain":0.0,"max_hp_loss":0.0,"gold_gain":0.0,"event_name":"The Mausoleum","player_choice":"Opened","floor":25.0,"gold_loss":0.0,"damage_taken":0.0,"relics_obtained":["Mummified Hand"],"cards_obtained":["Writhe"]},{"cards_removed":["Defend_R"],"damage_healed":0.0,"max_hp_gain":0.0,"max_hp_loss":0.0,"gold_gain":0.0,"event_name":"Beggar","player_choice":"Gave Gold","floor":29.0,"gold_loss":75.0,"damage_taken":0.0},{"cards_removed":["Writhe"],"damage_healed":0.0,"max_hp_gain":0.0,"max_hp_loss":0.0,"gold_gain":0.0,"event_name":"Purifier","player_choice":"Purged","floor":37.0,"gold_loss":0.0,"damage_taken":0.0},{"damage_healed":0,"gold_gain":100,"player_choice":"Pray","damage_taken":0,"max_hp_gain":0,"max_hp_loss":0,"event_name":"Golden Shrine","floor":46,"gold_loss":0}],"is_beta":false,"boss_relics":[{"not_picked":["Cursed Key","Runic Pyramid"],"picked":"Mark of Pain"},{"not_picked":["Velvet Choker","REME_DuelDisc","Runic Dome"]}],"items_purged_floors":[12,20,36],"is_endless":false,"potions_floor_spawned":[4,18,19,22,31,35,39,44,48],"ascension_level":0}}