{"host":"bq4pt811tk9yrmjl","time":1611231970,"event":{"mods":["AchievementEnabler","BaseMod","Colored Map","Colored Powertips","Defuse TimeMaze Blight","Hermit","Minty Spire (QoL Compilation)","StSLib","SuperFastMode"],"gold_per_floor":[109,109,109,130,130,171,171,189,189,204,60,60,60,75,75,204,204,224,224,69,82,102,140,140,181,263,263,263,263,263,288,288,408,408,408],"floor_reached":34,"language":"ENG","playtime":564,"items_purged":[],"score":436,"play_id":"3d32aade-16cc-4329-b0de-2a57e0a0bb4e","local_time":"20210121102610","is_ascension_mode":true,"campfire_choices":[{"data":"Zap","floor":7.0,"key":"SMITH"},{"data":"Stack","floor":12.0,"key":"SMITH"},{"data":"Conserve Battery","floor":15.0,"key":"SMITH"},{"floor":24,"key":"REST"},{"floor":28,"key":"REST"},{"floor":32,"key":"RECALL"}],"circlet_count":0,"master_deck":["Zap+1","Dualcast","Beam Cell","Stack+1","Streamline+1","Conserve Battery+1","Sunder+1","Beam Cell+1","Sunder+1","Beam Cell+1","Undo","Echo Form","Stack","Recycle","Undo","Seek","Loop","Meteor Strike+1","Streamline+1"],"relics":["Cracked Core","NeowsBlessing","Golden Idol","Molten Egg 2","Pantograph","Tiny Chest","Empty Cage","Lee\u0027s Waffle","PreservedInsect","Ice Cream","Eternal Feather","MutagenicStrength","Pandora\u0027s Box"],"acts_visited":["Exordium","TheCity","TheBeyond"],"potions_floor_usage":[18,22,30],"damage_taken":[{"damage":0.0,"enemies":"2 Louse","floor":1.0,"turns":1.0},{"damage":0.0,"enemies":"Jaw Worm","floor":4.0,"turns":1.0},{"damage":0.0,"enemies":"3 Sentries","floor":6.0,"turns":1.0},{"damage":0.0,"enemies":"Small Slimes","floor":8.0,"turns":2.0},{"damage":8.0,"enemies":"Red Slaver","floor":10.0,"turns":3.0},{"damage":1.0,"enemies":"Lots of Slimes","floor":14.0,"turns":4.0},{"damage":23,"enemies":"Slime Boss","floor":16,"turns":7},{"damage":11,"enemies":"3 Byrds","floor":18,"turns":6},{"damage":7,"enemies":"Shell Parasite","floor":21,"turns":3},{"damage":2,"enemies":"Centurion and Healer","floor":22,"turns":4},{"damage":57,"enemies":"Gremlin Leader","floor":23,"turns":8},{"damage":20,"enemies":"Slavers","floor":25,"turns":5},{"damage":0,"enemies":"Chosen and Byrds","floor":30,"turns":2},{"damage":7,"enemies":"3 Cultists","floor":31,"turns":5},{"damage":67,"enemies":"Champ","floor":33,"turns":13}],"seed_played":"2154067134918175057","potions_obtained":[{"floor":6.0,"key":"DuplicationPotion"},{"floor":8.0,"key":"Fruit Juice"},{"floor":21,"key":"SkillPotion"},{"floor":25,"key":"SmokeBomb"},{"floor":31,"key":"Explosive Potion"}],"is_trial":false,"path_per_floor":["M","?","?","M","?","E","R","M","T","M","$","R","?","M","R","B",null,"M","?","$","M","M","E","R","E","T","T","R","?","M","M","R","B",null],"character_chosen":"DEFECT","items_purchased":["Tiny Chest","Lee\u0027s Waffle"],"campfire_rested":2,"item_purchase_floors":[11,20],"current_hp_per_floor":[75,75,57,57,57,57,57,62,62,54,54,54,54,53,53,55,80,69,69,87,80,78,21,47,27,27,27,62,62,62,55,64,20,87,87],"gold":408,"neow_bonus":"THREE_ENEMY_KILL","is_daily":false,"chose_seed":false,"campfire_upgraded":3,"win_rate":0.0,"timestamp":1611231970,"path_taken":["M","?","?","M","?","E","R","M","T","M","$","R","?","M","R","BOSS","M","?","$","?","M","E","R","E","T","?","R","?","M","M","R","BOSS"],"items_purchased_type":["Relic","Relic"],"build_version":"2020-12-22","purchased_purges":0,"victory":false,"max_hp_per_floor":[75,75,75,75,75,75,75,80,80,80,80,80,80,80,80,80,80,80,80,87,87,87,87,87,87,87,87,87,87,87,87,87,87,87,87],"card_choices":[{"not_picked":["Compile Driver","Coolheaded"],"picked":"Beam Cell","floor":1.0},{"not_picked":["Steam","Coolheaded"],"picked":"Stack","floor":4.0},{"not_picked":["Hologram","Coolheaded"],"picked":"Streamline+1","floor":6.0},{"not_picked":["Sweeping Beam+1","Heatsinks"],"picked":"Conserve Battery","floor":8.0},{"not_picked":["Force Field","Glacier"],"picked":"Sunder+1","floor":10.0},{"not_picked":["Consume","Conserve Battery"],"picked":"Cold Snap+1","floor":14.0},{"not_picked":["Rebound+1","Lockon+1"],"picked":"Beam Cell+1","floor":18},{"not_picked":["Barrage+1","Turbo","Steam"],"picked":"SKIP","floor":21},{"not_picked":["Redo","Coolheaded"],"picked":"Beam Cell+1","floor":22},{"not_picked":["Rebound+1","Doom and Gloom+1"],"picked":"Undo","floor":23},{"not_picked":["Auto Shields","Capacitor","Undo"],"picked":"SKIP","floor":25},{"not_picked":["Compile Driver+1","Redo","Barrage+1"],"picked":"SKIP","floor":31},{"not_picked":["Creative AI","Core Surge+1"],"picked":"Echo Form","floor":33}],"player_experience":197517,"relics_obtained":[{"floor":6.0,"key":"Molten Egg 2"},{"floor":9.0,"key":"Pantograph"},{"floor":23,"key":"PreservedInsect"},{"floor":25,"key":"Ice Cream"},{"floor":26,"key":"Eternal Feather"}],"event_choices":[{"damage_healed":0.0,"max_hp_gain":0.0,"max_hp_loss":0.0,"gold_gain":0.0,"event_name":"Shining Light","player_choice":"Ignored","floor":2.0,"gold_loss":0.0,"damage_taken":0.0},{"damage_healed":0.0,"max_hp_gain":0.0,"max_hp_loss":0.0,"gold_gain":0.0,"event_name":"Golden Idol","player_choice":"Take Damage","floor":3.0,"gold_loss":0.0,"damage_taken":18.0,"relics_obtained":["Golden Idol"]},{"damage_healed":0.0,"max_hp_gain":0.0,"max_hp_loss":0.0,"gold_gain":0.0,"event_name":"Liars Game","player_choice":"Ignored","floor":5.0,"gold_loss":0.0,"damage_taken":0.0},{"damage_healed":0.0,"max_hp_gain":0.0,"max_hp_loss":0.0,"gold_gain":0.0,"event_name":"Transmorgrifier","player_choice":"Ignored","floor":13.0,"gold_loss":0.0,"damage_taken":0.0},{"damage_healed":0,"gold_gain":0,"player_choice":"Copied","damage_taken":0,"max_hp_gain":0,"max_hp_loss":0,"event_name":"Duplicator","floor":19,"gold_loss":0,"cards_obtained":["Sunder"]},{"damage_healed":0,"gold_gain":0,"player_choice":"Inject Mutagens","damage_taken":0,"relics_obtained":["MutagenicStrength"],"max_hp_gain":0,"max_hp_loss":0,"event_name":"Drug Dealer","floor":29,"gold_loss":0}],"is_beta":false,"boss_relics":[{"not_picked":["Runic Dome","Cursed Key"],"picked":"Empty Cage"},{"not_picked":["Black Star","Calling Bell"],"picked":"Pandora\u0027s Box"}],"items_purged_floors":[],"is_endless":false,"potions_floor_spawned":[6,8,21,25,31],"ascension_level":1}}