{"host":"n91w9dq5l8qws978","time":1611246081,"event":{"mods":["BaseMod","Bestiary","Challenge The Spire","Custom Start","Defuse TimeMaze Blight","Keyboard Shortcuts","Minty Spire (QoL Compilation)","MonsterHotkey","Relic Stats","StSLib","Uncapped"],"gold_per_floor":[112,187,197,50,65,65,76,76,76,76,95,126,126,154,154,154,154],"floor_reached":16,"language":"ENG","playtime":709,"items_purged":["Strike_G"],"score":280,"play_id":"112d2c56-6f24-4807-b6d4-7950f935591b","local_time":"20210121162121","is_ascension_mode":true,"campfire_choices":[{"data":"Terror","floor":6.0,"key":"SMITH"},{"data":"Neutralize","floor":8.0,"key":"SMITH"},{"data":"Well Laid Plans","floor":13,"key":"SMITH"},{"data":"Survivor","floor":15,"key":"SMITH"}],"circlet_count":0,"master_deck":["AscendersBane","Strike_G","Strike_G","Strike_G","Strike_G","Defend_G","Defend_G","Defend_G","Defend_G","Defend_G","Survivor+1","Neutralize+1","Predator","Terror+1","Backflip","Predator","Well Laid Plans+1","Dagger Spray"],"relics":["Ring of the Snake","Smiling Mask","PreservedInsect","Kunai","Pear"],"acts_visited":["Exordium"],"potions_floor_usage":[12,14],"damage_taken":[{"damage":5.0,"enemies":"Jaw Worm","floor":1.0,"turns":10.0},{"damage":0.0,"enemies":"Small Slimes","floor":3.0,"turns":4.0},{"damage":0.0,"enemies":"2 Louse","floor":5.0,"turns":2.0},{"damage":1.0,"enemies":"Red Slaver","floor":7.0,"turns":3.0},{"damage":7.0,"enemies":"Exordium Thugs","floor":11.0,"turns":4.0},{"damage":10,"enemies":"Lagavulin","floor":12,"turns":4},{"damage":5,"enemies":"3 Sentries","floor":14,"turns":7},{"damage":31,"enemies":"Hexaghost","floor":16,"turns":14}],"seed_played":"3426283088319724208","potions_obtained":[{"floor":3.0,"key":"AttackPotion"},{"floor":7.0,"key":"Dexterity Potion"},{"floor":12,"key":"Block Potion"}],"is_trial":false,"path_per_floor":["M","?","M","$","M","R","M","R","T","?","M","E","R","E","R","B"],"character_chosen":"THE_SILENT","items_purchased":["Backflip","Predator"],"campfire_rested":0,"item_purchase_floors":[4,4],"current_hp_per_floor":[54,43,43,43,43,43,42,42,42,42,35,25,25,30,30,0,0],"gold":154,"neow_bonus":"RANDOM_COMMON_RELIC","is_daily":false,"chose_seed":false,"campfire_upgraded":4,"win_rate":0.0,"timestamp":1611246081,"path_taken":["M","?","M","$","M","R","M","R","T","?","M","E","R","E","R","BOSS"],"items_purchased_type":["Card","Card"],"build_version":"2020-12-22","purchased_purges":1,"victory":false,"max_hp_per_floor":[66,66,66,66,66,66,66,66,66,66,66,66,66,76,76,76,76],"relic_stats":{"counters":[8,48],"PreservedInsect":60,"Kunai":[1],"Smiling Mask":25,"obtain_stats":[{"Pear":14,"PreservedInsect":9,"Kunai":12,"Smiling Mask":0,"Ring of the Snake":0},{"Pear":7,"PreservedInsect":4,"Kunai":6,"Smiling Mask":0,"Ring of the Snake":0},{"Pear":34,"PreservedInsect":19,"Kunai":27,"Smiling Mask":0,"Ring of the Snake":0}],"Ring of the Snake":[16]},"card_choices":[{"not_picked":["Dagger Throw","Calculated Gamble"],"picked":"Predator","floor":1.0},{"not_picked":["Expertise","Setup"],"picked":"Terror","floor":3.0},{"not_picked":["Slice","Choke","Deflect"],"picked":"SKIP","floor":5.0},{"not_picked":["Deflect","Slice","Prepared"],"picked":"SKIP","floor":7.0},{"not_picked":["Prepared","Heel Hook"],"picked":"Well Laid Plans","floor":11.0},{"not_picked":["Finisher","Phantasmal Killer"],"picked":"Dagger Spray","floor":12},{"not_picked":["Dodge and Roll","Well Laid Plans","Backstab"],"picked":"SKIP","floor":14}],"player_experience":404507,"relics_obtained":[{"floor":9.0,"key":"PreservedInsect"},{"floor":12,"key":"Kunai"},{"floor":14,"key":"Pear"}],"event_choices":[{"damage_healed":0.0,"max_hp_gain":0.0,"max_hp_loss":0.0,"gold_gain":75.0,"event_name":"World of Goop","player_choice":"Gather Gold","floor":2.0,"gold_loss":0.0,"damage_taken":11.0},{"damage_healed":0.0,"max_hp_gain":0.0,"max_hp_loss":0.0,"gold_gain":0.0,"event_name":"Liars Game","player_choice":"Ignored","floor":10.0,"gold_loss":0.0,"damage_taken":0.0}],"is_beta":false,"boss_relics":[],"items_purged_floors":[4],"is_endless":false,"potions_floor_spawned":[3,7,12],"killed_by":"Hexaghost","ascension_level":15}}