{"host":"wghdsg8ym2wc7ov9","time":1611272370,"event":{"mods":["AchievementEnabler","Astrologer","BaseMod","Beaked The Cultist","Better Altar","Better Note","ChefMod","Colored Map","Evolution","Fox Events","Hermit","Highlight Path","Jorbs\u0027s Wanderer Trilogy","KinomotoSakuraMod(????)","Minty Spire (QoL Compilation)","Random Character Button","Relic Stats","SIMod","Shop Mod","StSLib","The Blackbeard","The Bladedancer","The Construct","The Cursed","The Death Knight","The Gatherer","The Hierophant","The Marked","The Mystic","The Necromancer","The Runesmith","The Senshi","The Servant 0.9.4"],"gold_per_floor":[118,118,136,151,166,207,221,221,247,286,310,310,330,344,344,468,468,481,494,509,527,4,4,48,48,48],"floor_reached":25,"language":"ENG","playtime":5501,"items_purged":[],"score":239,"play_id":"3694a20d-2a0e-4a43-aa0f-eefd631961da","local_time":"20210121153930","is_ascension_mode":false,"campfire_choices":[{"data":"theSenshi:SailorNeptuneAssists","floor":8,"key":"SMITH"},{"data":"theSenshi:MoonPrincessHalation","floor":15,"key":"SMITH"},{"data":"theSenshi:SailorNeptuneAssists","floor":23,"key":"SMITH"}],"circlet_count":0,"master_deck":["theSenshi:SailorKick","theSenshi:SailorKick","theSenshi:SailorKick","theSenshi:SailorKick","theSenshi:SailorBlock","theSenshi:SailorBlock","theSenshi:SailorBlock+1","theSenshi:SailorBlock","theSenshi:RoseThrow","theSenshi:MoonPrismPowerMakeUp","theSenshi:SailorNeptuneAssists+1","Injury","theSenshi:SailorStarFighterAssists","theSenshi:TallSilhouette","theSenshi:SaturnsMystery","theSenshi:JupitersPower","theSenshi:MoonPrincessHalation+1","theSenshi:MoonsReflection","theSenshi:SteeledNerves","theSenshi:Sidestep","theSenshi:SailorV","theSenshi:InTheNameOfTheMoon","theSenshi:PlutosSolemnity","theSenshi:InTheNickOfTime","theSenshi:MoonKick+1","theSenshi:SailorVenusAssists","theSenshi:GlimpseOfThePast","theSenshi:SailorNeptuneAssists+1","theSenshi:KlutzyLuck"],"relics":["theSenshi:TransformationBroochRelic","EVO:Axolotl","Golden Idol","Ornamental Fan","theSenshi:RoseRelic","Toy Ornithopter","Runic Dome","construct:RocketBooster","theSenshi:CrescentMoonWandRelic"],"acts_visited":["Exordium","TheCity"],"potions_floor_usage":[6,13,16,24,25],"damage_taken":[{"damage":0,"enemies":"2 Louse","floor":1,"turns":4},{"damage":0,"enemies":"Cultist","floor":3,"turns":6},{"damage":4,"enemies":"Jaw Worm","floor":4,"turns":7},{"damage":3,"enemies":"Gremlin Gang","floor":5,"turns":3},{"damage":10,"enemies":"3 Sentries","floor":6,"turns":8},{"damage":7,"enemies":"Large Slime","floor":7,"turns":11},{"damage":68,"enemies":"Gremlin Nob","floor":10,"turns":7},{"damage":9,"enemies":"Blue Slaver","floor":11,"turns":6},{"damage":7,"enemies":"3 Louse","floor":13,"turns":23},{"damage":2,"enemies":"Large Slime","floor":14,"turns":19},{"damage":52,"enemies":"Slime Boss","floor":16,"turns":13},{"damage":33,"enemies":"Spheric Guardian","floor":18,"turns":7},{"damage":26,"enemies":"Chosen","floor":19,"turns":7},{"damage":15,"enemies":"Snecko","floor":20,"turns":6},{"damage":10,"enemies":"Snake Plant","floor":21,"turns":4},{"damage":39,"enemies":"Gremlin Leader","floor":24,"turns":6},{"damage":66,"enemies":"Centurion and Healer","floor":25,"turns":11}],"seed_played":"-8386928442502262970","potions_obtained":[{"floor":5,"key":"Explosive Potion"},{"floor":7,"key":"construct:ShiftPotion"},{"floor":10,"key":"Strength Potion"},{"floor":13,"key":"FearPotion"},{"floor":14,"key":"ColorlessPotion"},{"floor":16,"key":"Explosive Potion"},{"floor":20,"key":"Energy Potion"}],"is_trial":false,"path_per_floor":["M","?","M","M","M","E","M","R","T","E","M","?","M","M","R","B",null,"M","M","M","M","$","R","E","M"],"character_chosen":"THE_SENSHI","items_purchased":["construct:RocketBooster","theSenshi:GlimpseOfThePast","theSenshi:SailorNeptuneAssists"],"campfire_rested":0,"item_purchase_floors":[22,22,22],"current_hp_per_floor":[82,82,82,78,75,65,65,65,65,13,20,20,53,81,81,53,82,54,48,53,56,56,56,32,0,0],"gold":48,"neow_bonus":"TEN_PERCENT_HP_BONUS","is_daily":false,"chose_seed":false,"campfire_upgraded":3,"win_rate":0.0,"timestamp":1611272370,"path_taken":["M","?","M","M","M","E","M","R","T","E","M","?","M","M","R","BOSS","M","M","M","M","$","R","E","M"],"items_purchased_type":["Relic","Card","Card"],"build_version":"2020-12-22","purchased_purges":0,"victory":false,"max_hp_per_floor":[82,82,82,82,82,82,82,82,82,82,82,82,82,82,82,82,82,82,82,82,82,82,82,82,82,82],"relic_stats":{"counters":[17,148],"Golden Idol":88,"Ornamental Fan":[28],"obtain_stats":[{"Runic Dome":17,"theSenshi:TransformationBroochRelic":0,"construct:RocketBooster":22,"Golden Idol":2,"Ornamental Fan":6,"theSenshi:RoseRelic":10,"EVO:Axolotl":0,"theSenshi:CrescentMoonWandRelic":24,"Toy Ornithopter":12},{"Runic Dome":11,"theSenshi:TransformationBroochRelic":0,"construct:RocketBooster":15,"Golden Idol":1,"Ornamental Fan":5,"theSenshi:RoseRelic":7,"EVO:Axolotl":0,"theSenshi:CrescentMoonWandRelic":16,"Toy Ornithopter":8},{"Runic Dome":107,"theSenshi:TransformationBroochRelic":0,"construct:RocketBooster":131,"Golden Idol":4,"Ornamental Fan":28,"theSenshi:RoseRelic":46,"EVO:Axolotl":0,"theSenshi:CrescentMoonWandRelic":137,"Toy Ornithopter":52}],"Toy Ornithopter":15},"card_choices":[{"not_picked":["theSenshi:SailorMarsAssists","theSenshi:MoonPrincessHalation"],"picked":"theSenshi:SailorNeptuneAssists","floor":1},{"not_picked":["theSenshi:SailorMarsAssists","theSenshi:MoonCosmicPowerMakeUp"],"picked":"theSenshi:SailorStarFighterAssists","floor":3},{"not_picked":["theSenshi:Sidestep","theSenshi:DramaticEntrance"],"picked":"theSenshi:TallSilhouette","floor":4},{"not_picked":["theSenshi:MoonPunch","theSenshi:SailorStarMakerAssists"],"picked":"theSenshi:SaturnsMystery","floor":5},{"not_picked":["theSenshi:MoonlightKnight","theSenshi:SailorChibiMoonAssists"],"picked":"theSenshi:JupitersPower","floor":6},{"not_picked":["theSenshi:LunasBite","theSenshi:SailorPlanetPower"],"picked":"theSenshi:MoonPrincessHalation","floor":7},{"not_picked":["theSenshi:SteeledNerves","theSenshi:MoonCosmicPowerMakeUp"],"picked":"theSenshi:MoonsReflection","floor":10},{"not_picked":["theSenshi:LateForSchool","theSenshi:TallSilhouette"],"picked":"theSenshi:SteeledNerves","floor":11},{"not_picked":["theSenshi:MoonPower","theSenshi:MoonsReflection"],"picked":"theSenshi:Sidestep","floor":13},{"not_picked":["theSenshi:RainbowMoonHeartAche","theSenshi:LateForSchool"],"picked":"theSenshi:SailorV","floor":14},{"not_picked":["theSenshi:IWillPunishYou","theSenshi:JupitersPower"],"picked":"theSenshi:InTheNameOfTheMoon","floor":16},{"not_picked":["theSenshi:SailorStarMakerAssists","theSenshi:SailorChibiMoonAssists"],"picked":"theSenshi:PlutosSolemnity","floor":18},{"not_picked":["theSenshi:Sidestep","theSenshi:OdangoHead"],"picked":"theSenshi:InTheNickOfTime","floor":19},{"not_picked":["theSenshi:SchoolBag","theSenshi:SailorPlutoAssists"],"picked":"theSenshi:MoonKick+1","floor":20},{"not_picked":["theSenshi:SupersonicWaves","theSenshi:SchoolBag"],"picked":"theSenshi:SailorVenusAssists","floor":21},{"not_picked":["theSenshi:RainbowMoonHeartAche","theSenshi:SailorStarMakerAssists"],"picked":"theSenshi:KlutzyLuck","floor":24}],"player_experience":700932,"relics_obtained":[{"floor":6,"key":"Ornamental Fan"},{"floor":10,"key":"theSenshi:RoseRelic"},{"floor":24,"key":"theSenshi:CrescentMoonWandRelic"}],"event_choices":[{"damage_healed":0,"gold_gain":0,"player_choice":"Take Wound","damage_taken":0,"relics_obtained":["Golden Idol"],"max_hp_gain":0,"max_hp_loss":0,"event_name":"Golden Idol","floor":2,"gold_loss":0,"cards_obtained":["Injury"]},{"damage_healed":0,"gold_gain":0,"player_choice":"Searched \u00271\u0027 times","damage_taken":0,"relics_obtained":["Toy Ornithopter"],"max_hp_gain":0,"max_hp_loss":0,"event_name":"Dead Adventurer","floor":12,"gold_loss":0}],"is_beta":false,"boss_relics":[{"not_picked":["Pandora\u0027s Box","Snecko Eye"],"picked":"Runic Dome"}],"items_purged_floors":[],"is_endless":false,"potions_floor_spawned":[5,7,10,13,14,16,20],"killed_by":"Centurion and Healer","ascension_level":0}}