{"host":"wj6vwlg8bkoql3lv","time":1611262098,"event":{"mods":["AchievementEnabler","Bard","Bartender","BaseMod","Colored Map","Decade(???)","Friendly Minions","Hermit","Hubris","Infinite Spire","JesterMod","Jorbs\u0027s Wanderer Trilogy","KinomotoSakuraMod(????)","Marisa????????","Minty Spire (QoL Compilation)","Potionbrewer","Quick Restart","Replay The Spire","Robot Space Explorer","SIMod","Shade Mod","StSLib","The Blue Laboratory","The Bug Knight","The Construct","The Cursed","The Death Knight","The Disciple","The Forsaken","The Gatherer","The Hayseed","The Hierophant","The Jungle","The Marked","The Mystic","The Runesmith","The Saiyan","The Senshi","The Servant 0.9.4","TheFirefly","TheVacant","Transform Curses"],"gold_per_floor":[112,42,55,75,85,85,3,3,3,21,36,54,66,77,77,178,178,178],"floor_reached":17,"language":"ENG","playtime":1541,"items_purged":[],"score":153,"play_id":"3826da60-f2b5-452e-9466-34b4ce3e9ad7","local_time":"20210121204818","is_ascension_mode":false,"campfire_choices":[{"floor":6,"key":"REST"},{"data":"HollowMod:FocusHealStart","floor":8,"key":"SMITH"},{"floor":15,"key":"REST"}],"circlet_count":0,"master_deck":["HollowMod:NailStrikeStart","HollowMod:NailStrikeStart","HollowMod:NailStrikeStart","HollowMod:NailStrikeStart","HollowMod:QuickDashStart","HollowMod:QuickDashStart","HollowMod:QuickDashStart","HollowMod:QuickDashStart","HollowMod:FocusHealStart+1","HollowMod:PogoStrike","HollowMod:DesolateDive","HollowMod:TaintedHusks","HollowMod:NewGlowingWomb","HollowMod:GoodIntentions","HollowMod:VengefulSpirit","HollowMod:LifebloodCocoon","HollowMod:MawleksShell","HollowMod:CloakDash","HollowMod:FallenFury","HollowMod:InfectedAttack","HollowMod:PureVessel"],"relics":["HollowMod:VesselMask","HollowMod:PaleOreRelic","Replay:Wax Seal","Cleaning_Rag","Painkiller Herb"],"acts_visited":["Exordium","TheCity"],"potions_floor_usage":[5,13,16],"damage_taken":[{"damage":3,"enemies":"Small Slimes","floor":1,"turns":2},{"damage":1,"enemies":"Cultist","floor":3,"turns":3},{"damage":5,"enemies":"2 Louse","floor":4,"turns":3},{"damage":47,"enemies":"Exordium Wildlife","floor":5,"turns":7},{"damage":2,"enemies":"Looter","floor":10,"turns":4},{"damage":23,"enemies":"2 Fungi Beasts","floor":11,"turns":5},{"damage":18,"enemies":"Red Slaver","floor":12,"turns":7},{"damage":4,"enemies":"Gremlin Gang","floor":13,"turns":4},{"damage":2,"enemies":"Looter","floor":14,"turns":4},{"damage":48,"enemies":"Hexaghost","floor":16,"turns":13}],"seed_played":"2014448108636854413","potions_obtained":[{"floor":3,"key":"blueLaboratory:FruitPunch"},{"floor":10,"key":"blueLaboratory:PhilterOfMotion"},{"floor":11,"key":"potionbrewer:NoxiousPotion"},{"floor":12,"key":"Energy Potion"},{"floor":14,"key":"EssenceOfSteel"}],"is_trial":false,"path_per_floor":["M","?","M","M","M","R","$","R","T","M","M","M","M","M","R","B",null],"character_chosen":"THE_BUGKNIGHT","items_purchased":["HollowMod:VengefulSpirit"],"campfire_rested":2,"item_purchase_floors":[7],"current_hp_per_floor":[72,72,71,66,31,54,54,54,54,52,41,29,31,29,52,10,77,77],"gold":178,"neow_bonus":"RANDOM_COMMON_RELIC","is_daily":false,"chose_seed":false,"campfire_upgraded":1,"win_rate":0.0,"timestamp":1611262098,"path_taken":["M","?","M","M","M","R","$","R","T","M","M","M","M","M","R","BOSS"],"items_purchased_type":["Card"],"build_version":"2020-12-22","purchased_purges":0,"victory":false,"max_hp_per_floor":[75,75,75,75,77,77,77,77,77,77,77,77,77,77,77,77,77,77],"card_choices":[{"not_picked":["HollowMod:PureNailStrike","HollowMod:GoodIntentions"],"picked":"HollowMod:DesolateDive","floor":1},{"not_picked":["HollowMod:NewJinnsSoul","HollowMod:RecoilStrike"],"picked":"HollowMod:TaintedHusks","floor":3},{"not_picked":["HollowMod:HuntersJournal","HollowMod:ShapeofUnn"],"picked":"HollowMod:NewGlowingWomb","floor":4},{"not_picked":["HollowMod:CycloneSlash","HollowMod:SoulShaman"],"picked":"HollowMod:GoodIntentions","floor":5},{"not_picked":["HollowMod:VengefulSpirit","HollowMod:SoulSplash"],"picked":"HollowMod:LifebloodCocoon","floor":10},{"not_picked":["HollowMod:SoulSplash","HollowMod:LifebloodCocoon"],"picked":"HollowMod:MawleksShell","floor":11},{"not_picked":["HollowMod:HowlingWraiths","HollowMod:NewLittleFool"],"picked":"HollowMod:CloakDash","floor":12},{"not_picked":["HollowMod:VengefulSpirit","HollowMod:SoulShaman"],"picked":"HollowMod:FallenFury","floor":13},{"not_picked":["HollowMod:NewGlowingWomb","HollowMod:SoulSplash"],"picked":"HollowMod:InfectedAttack","floor":14},{"not_picked":["HollowMod:LifebloodCore","HollowMod:ElderbugsWisdom"],"picked":"HollowMod:PureVessel","floor":16}],"player_experience":130712,"relics_obtained":[{"floor":9,"key":"Cleaning_Rag"}],"event_choices":[{"damage_healed":0,"gold_gain":0,"player_choice":"Paid Gold","damage_taken":0,"relics_obtained":["Replay:Wax Seal"],"max_hp_gain":0,"max_hp_loss":0,"event_name":"WeMeetAgain","floor":2,"gold_loss":70}],"is_beta":false,"boss_relics":[{"not_picked":["ReplayTheSpireMod:DimensionalGlitch","Replay:Bronze Core"],"picked":"Painkiller Herb"}],"items_purged_floors":[],"is_endless":false,"potions_floor_spawned":[3,10,11,12,14],"ascension_level":0}}