{"host":"1c52r9kaxdyo25eq","time":1611246927,"event":{"mods":["AchievementEnabler","BaseMod","Minty Spire (QoL Compilation)","Rare Cards Sparkle","SuperFastMode","everything is the same but u backflip on backflip"],"gold_per_floor":[116,116,116,35,110,148,148,72,72,90,114,114,152,177,177,273,273,289,489,503,527,543,543,578,602,602,646,671,686,421,353,353,446,446,464,485,485,508,107,107,130,148,148,168,182,218,231,267,267,267,267],"floor_reached":50,"language":"KOR","playtime":1283,"items_purged":["Regret","Defend_R"],"score":1095,"play_id":"013b2c3a-2610-417a-ae21-5100445948dd","local_time":"20210122013527","is_ascension_mode":true,"campfire_choices":[{"data":"Perfected Strike","floor":7.0,"key":"SMITH"},{"data":"Inflame","floor":12.0,"key":"SMITH"},{"data":"True Grit","floor":15.0,"key":"SMITH"},{"data":"Dark Embrace","floor":23,"key":"SMITH"},{"data":"Shockwave","floor":32,"key":"SMITH"},{"data":"Perfected Strike","floor":40,"key":"SMITH"},{"floor":49,"key":"RECALL"}],"circlet_count":0,"master_deck":["AscendersBane","Strike_R","Strike_R","Strike_R","Strike_R","Strike_R","Defend_R","Defend_R","Bash","Feel No Pain","Perfected Strike+1","Inflame+1","Dark Embrace+1","Wild Strike","True Grit+1","Feed","Perfected Strike","Shockwave+1","Perfected Strike+1","Perfected Strike","Second Wind","Impervious","Fire Breathing","Immolate","Power Through","Feel No Pain","Shrug It Off","Power Through+1","Armaments+1"],"relics":["Burning Blood","NeowsBlessing","Golden Idol","Magic Flower","Bird Faced Urn","Mummified Hand","Cursed Key","StrikeDummy","Happy Flower","Sozu","Shuriken","Art of War","HornCleat"],"acts_visited":["Exordium","TheCity","TheBeyond"],"potions_floor_usage":[24,28,28,33],"damage_taken":[{"damage":0.0,"enemies":"Small Slimes","floor":1.0,"turns":1.0},{"damage":0.0,"enemies":"Lagavulin","floor":6.0,"turns":1.0},{"damage":0.0,"enemies":"Jaw Worm","floor":10.0,"turns":1.0},{"damage":1.0,"enemies":"Cultist","floor":11.0,"turns":3.0},{"damage":20.0,"enemies":"Gremlin Nob","floor":13.0,"turns":4.0},{"damage":9.0,"enemies":"Red Slaver","floor":14.0,"turns":2.0},{"damage":45.0,"enemies":"The Guardian","floor":16.0,"turns":11.0},{"damage":19,"enemies":"2 Thieves","floor":18,"turns":4},{"damage":15,"enemies":"Shell Parasite","floor":20,"turns":4},{"damage":17,"enemies":"Centurion and Healer","floor":21,"turns":5},{"damage":12,"enemies":"Cultist and Chosen","floor":22,"turns":6},{"damage":45,"enemies":"Gremlin Leader","floor":24,"turns":7},{"damage":7,"enemies":"Snecko","floor":25,"turns":3},{"damage":59,"enemies":"Book of Stabbing","floor":27,"turns":5},{"damage":0,"enemies":"Snake Plant","floor":28,"turns":2},{"damage":10,"enemies":"Centurion and Healer","floor":29,"turns":4},{"damage":44,"enemies":"Champ","floor":33,"turns":8},{"damage":17,"enemies":"3 Darklings","floor":35,"turns":3},{"damage":16,"enemies":"3 Shapes","floor":36,"turns":3},{"damage":12,"enemies":"Sphere and 2 Shapes","floor":38,"turns":6},{"damage":16,"enemies":"Transient","floor":41,"turns":5},{"damage":6,"enemies":"3 Darklings","floor":42,"turns":3},{"damage":49,"enemies":"Writhing Mass","floor":44,"turns":7},{"damage":13,"enemies":"Maw","floor":45,"turns":6},{"damage":44,"enemies":"Nemesis","floor":46,"turns":7},{"damage":19,"enemies":"4 Shapes","floor":47,"turns":3},{"damage":41,"enemies":"Giant Head","floor":48,"turns":8},{"damage":64,"enemies":"Time Eater","floor":50,"turns":9}],"seed_played":"-551209988545328175","potions_obtained":[{"floor":11.0,"key":"LiquidMemories"},{"floor":13.0,"key":"Ancient Potion"},{"floor":16.0,"key":"Regen Potion"},{"floor":27,"key":"Ancient Potion"},{"floor":28,"key":"DuplicationPotion"}],"is_trial":false,"path_per_floor":["M","?","?","$","?","E","R","$","T","M","M","R","E","M","R","B",null,"M","?","M","M","M","R","E","M","T","E","M","M","$","$","R","B",null,"M","M","?","M","$","R","M","M","T","M","M","E","M","E","R","B"],"character_chosen":"IRONCLAD","items_purchased":["Feel No Pain","Inflame","AttackPotion","Impervious","Fire Breathing","Shrug It Off","Shuriken"],"campfire_rested":0,"item_purchase_floors":[4,8,30,30,31,39,39],"current_hp_per_floor":[74,67,41,41,30,36,36,36,36,45,53,53,45,51,51,24,62,66,66,74,80,87,87,56,67,67,23,54,64,64,64,64,41,80,78,85,80,97,97,97,92,102,102,71,84,64,66,49,49,0,0],"gold":267,"neow_bonus":"THREE_ENEMY_KILL","is_daily":false,"chose_seed":false,"campfire_upgraded":6,"win_rate":0.0,"timestamp":1611246927,"path_taken":["M","?","?","?","?","E","R","$","T","M","M","R","E","M","R","BOSS","M","?","M","M","M","R","E","?","T","E","M","M","?","$","R","BOSS","M","M","?","M","$","R","M","M","T","M","M","E","M","E","R","BOSS"],"items_purchased_type":["Card","Card","Potion","Card","Card","Card","Relic"],"build_version":"2020-12-22","purchased_purges":2,"victory":false,"max_hp_per_floor":[75,75,75,75,75,75,75,75,75,75,75,75,75,75,75,75,75,78,78,81,84,87,87,87,87,87,87,90,93,93,93,93,93,93,93,96,96,99,99,99,99,102,102,102,105,105,109,109,109,109,109],"card_choices":[{"not_picked":["Armaments","Warcry","Iron Wave"],"picked":"SKIP","floor":1.0},{"not_picked":["Sword Boomerang","Heavy Blade"],"picked":"Perfected Strike","floor":6.0},{"not_picked":["Bloodletting","True Grit","Seeing Red"],"picked":"SKIP","floor":10.0},{"not_picked":["Bloodletting","True Grit","Seeing Red"],"picked":"SKIP","floor":10.0},{"not_picked":["Shrug It Off","Warcry"],"picked":"Dark Embrace","floor":11.0},{"not_picked":["Flame Barrier","Double Tap"],"picked":"Wild Strike","floor":13.0},{"not_picked":["Iron Wave","Headbutt"],"picked":"True Grit","floor":14.0},{"not_picked":["Immolate","Offering"],"picked":"Feed","floor":16.0},{"not_picked":["Dual Wield","Wild Strike+1"],"picked":"Perfected Strike","floor":18},{"not_picked":["Rampage","Heavy Blade"],"picked":"Shockwave","floor":20},{"not_picked":["Perfected Strike","Warcry","Havoc+1"],"picked":"SKIP","floor":21},{"not_picked":["Warcry","Havoc+1"],"picked":"Perfected Strike","floor":21},{"not_picked":["Clothesline+1","Intimidate","Entrench"],"picked":"SKIP","floor":22},{"not_picked":["Anger","Clothesline","Limit Break"],"picked":"SKIP","floor":24},{"not_picked":["Reckless Charge","Twin Strike","Havoc"],"picked":"SKIP","floor":25},{"not_picked":["Perfected Strike","Cleave","Disarm"],"picked":"SKIP","floor":27},{"not_picked":["Cleave","Disarm"],"picked":"Perfected Strike","floor":27},{"not_picked":["Headbutt","Flex","Wild Strike"],"picked":"SKIP","floor":28},{"not_picked":["Pummel","Armaments"],"picked":"Second Wind","floor":29},{"not_picked":["Feed","Demon Form"],"picked":"Immolate","floor":33},{"not_picked":["Shrug It Off","Entrench"],"picked":"Power Through","floor":35},{"not_picked":["Wild Strike+1","Bloodletting"],"picked":"Feel No Pain","floor":36},{"not_picked":["Carnage+1","Iron Wave","Heavy Blade"],"picked":"SKIP","floor":38},{"not_picked":["Clash","Shockwave","Intimidate"],"picked":"SKIP","floor":41},{"not_picked":["Wild Strike","Dual Wield"],"picked":"Power Through+1","floor":42},{"not_picked":["Wild Strike+1","Warcry","Clash"],"picked":"SKIP","floor":44},{"not_picked":["Shrug It Off","Limit Break","Cleave+1"],"picked":"SKIP","floor":45},{"not_picked":["Shrug It Off","Limit Break","Cleave+1"],"picked":"SKIP","floor":45},{"not_picked":["Power Through","Headbutt"],"picked":"Armaments+1","floor":46},{"not_picked":["Pommel Strike","Cleave","Warcry"],"picked":"SKIP","floor":47},{"not_picked":["Warcry","Iron Wave","Thunderclap"],"picked":"SKIP","floor":48}],"player_experience":605906,"relics_obtained":[{"floor":6.0,"key":"Magic Flower"},{"floor":9.0,"key":"Bird Faced Urn"},{"floor":13.0,"key":"Mummified Hand"},{"floor":24,"key":"StrikeDummy"},{"floor":27,"key":"Happy Flower"},{"floor":46,"key":"Art of War"},{"floor":48,"key":"HornCleat"}],"event_choices":[{"cards_removed":["Defend_R"],"damage_healed":0.0,"max_hp_gain":0.0,"max_hp_loss":0.0,"gold_gain":0.0,"event_name":"Golden Wing","player_choice":"Card Removal","floor":2.0,"gold_loss":0.0,"damage_taken":7.0},{"damage_healed":0.0,"max_hp_gain":0.0,"max_hp_loss":0.0,"gold_gain":0.0,"event_name":"Golden Idol","player_choice":"Take Damage","floor":3.0,"gold_loss":0.0,"damage_taken":26.0,"relics_obtained":["Golden Idol"]},{"damage_healed":0.0,"max_hp_gain":0.0,"max_hp_loss":0.0,"gold_gain":75.0,"event_name":"World of Goop","player_choice":"Gather Gold","floor":5.0,"gold_loss":0.0,"damage_taken":11.0},{"damage_healed":0,"gold_gain":250,"player_choice":"Bet on Owner","damage_taken":0,"max_hp_gain":0,"max_hp_loss":0,"event_name":"The Joust","floor":19,"gold_loss":50},{"damage_healed":0,"gold_gain":0,"player_choice":"Bought 0 Potions","damage_taken":0,"max_hp_gain":0,"max_hp_loss":0,"event_name":"The Woman in Blue","floor":37,"gold_loss":0}],"is_beta":false,"boss_relics":[{"not_picked":["Astrolabe","Velvet Choker"],"picked":"Cursed Key"},{"not_picked":["SacredBark","Runic Cube"],"picked":"Sozu"}],"items_purged_floors":[30,39],"is_endless":false,"potions_floor_spawned":[11,13,16,18,22,27,28,35,36,41,45,47,48],"killed_by":"Time Eater","ascension_level":15}}