{"host":"18wi9kpcl4eah7pe","time":1611209564,"event":{"mods":["BaseMod","Colored Powertips","Downfall","Minty Spire (QoL Compilation)","StSLib"],"gold_per_floor":[99,99,99,99,99,84,109,135,135,145,173,73,73,248,263,359,359,259,278,293,47,66,66,66,99,99,119,136,136,136,147,158,262,312,312,331,377,377,390,390,390,402,421,421,446,446,346,446,459,459,459,459,459,459],"floor_reached":52,"language":"ENG","playtime":2727,"items_purged":["Doubt"],"score":889,"play_id":"db862540-76b9-4ac3-a037-4636771cbe98","local_time":"20210121001244","is_ascension_mode":true,"campfire_choices":[{"floor":1.0,"key":"RECALL"},{"floor":12.0,"key":"REST"},{"data":"bronze:Repulsor","floor":18.0,"key":"SMITH"},{"data":"bronze:Separator","floor":26.0,"key":"SMITH"},{"data":"bronze:BuggyMess","floor":35.0,"key":"SMITH"},{"floor":40.0,"key":"REST"},{"data":"1","floor":47.0,"key":"LIFT"}],"circlet_count":0,"master_deck":["bronze:Strike+1","bronze:Strike+1","bronze:Defend+1","bronze:Defend+1","bronze:Defend+1","bronze:Defend+1","bronze:Replicate","bronze:Goto","bronze:Constructor+1","bronze:Constructor","bronze:Frontload","bronze:Iterate","bronze:Repulsor+1","bronze:WhirlingStrike","bronze:BuggyMess+1","bronze:DazingPulse","bronze:Branch","bronze:CutThrough","bronze:RecursiveStrike","bronze:OilSpill","bronze:CloningBeam","bronze:Terminator+1","bronze:Optimize+1","Pain","bronze:Separator+1","bronze:BugBarrage+1","bronze:MaxOutput","bronze:WhirlingStrike","bronze:BuggyMess","bronze:Deprecate","bronze:OilSpill+1","bronze:GetLatest","bronze:Iterate+1","bronze:Optimize+1","bronze:ChosenStrike","bronze:Mutator","bronze:Goto","bronze:BitShift","bronze:InfiniteBeams","bronze:ThunderWave","Purity","Doubt","bronze:BronzeOrb","bronze:Separator"],"relics":["bronze:BronzeCore","downfall:HeartsMalice","Bronze Scales","FossilizedHelix","Akabeko","downfall:HeartBlessingRed","expansioncontent:StudyCardRelic","downfall:HeartBlessingGreen","Nunchaku","Question Card","White Beast Statue","hexamod:BolsterEngine","Tiny House","Girya","Ice Cream","Orichalcum","downfall:HeartBlessingBlue","downfall:GremlinSack"],"acts_visited":["Exordium","TheCity","TheBeyond","TheEnding"],"potions_floor_usage":[50,50,50],"damage_taken":[{"damage":0.0,"enemies":"Cultist","floor":2.0,"turns":1.0},{"damage":0.0,"enemies":"Jaw Worm","floor":4.0,"turns":1.0},{"damage":0.0,"enemies":"Small Slimes","floor":5.0,"turns":1.0},{"damage":0.0,"enemies":"downfall:FleeingMerchant","floor":6.0,"turns":4.0},{"damage":20.0,"enemies":"Gremlin Nob","floor":8.0,"turns":5.0},{"damage":1.0,"enemies":"3 Louse","floor":10.0,"turns":4.0},{"damage":33.0,"enemies":"Lagavulin","floor":11.0,"turns":9.0},{"damage":0.0,"enemies":"Lagavulin","floor":13.0,"turns":2.0},{"damage":0.0,"enemies":"Blue Slaver","floor":15.0,"turns":2.0},{"damage":4.0,"enemies":"SI_SHIV_ARCHETYPE","floor":16.0,"turns":11.0},{"damage":0.0,"enemies":"Spheric Guardian","floor":19.0,"turns":3.0},{"damage":0.0,"enemies":"3 Byrds","floor":20.0,"turns":4.0},{"damage":0.0,"enemies":"downfall:FleeingMerchant","floor":21.0,"turns":4.0},{"damage":8.0,"enemies":"Snake Plant","floor":22.0,"turns":2.0},{"damage":4.0,"enemies":"Book of Stabbing","floor":25.0,"turns":5.0},{"damage":0.0,"enemies":"Centurion and Healer","floor":27.0,"turns":3.0},{"damage":0.0,"enemies":"Sentry and Sphere","floor":28.0,"turns":3.0},{"damage":0.0,"enemies":"Cultist and Chosen","floor":31.0,"turns":4.0},{"damage":3.0,"enemies":"Chosen and Byrds","floor":32.0,"turns":4.0},{"damage":69.0,"enemies":"DF_ARCHETYPE_CLAW","floor":33.0,"turns":9.0},{"damage":0.0,"enemies":"3 Shapes","floor":36.0,"turns":3.0},{"damage":70.0,"enemies":"2 Orb Walkers","floor":37.0,"turns":5.0},{"damage":3.0,"enemies":"Orb Walker","floor":39.0,"turns":3.0},{"damage":18.0,"enemies":"Sphere and 2 Shapes","floor":42.0,"turns":4.0},{"damage":0.0,"enemies":"3 Darklings","floor":43.0,"turns":6.0},{"damage":0.0,"enemies":"Giant Head","floor":45.0,"turns":6.0},{"damage":0.0,"enemies":"Giant Head","floor":48.0,"turns":3.0},{"damage":40.0,"enemies":"Spire Growth","floor":49.0,"turns":4.0},{"damage":68,"enemies":"WA_ARCHETYPE_DIVINITY","floor":50,"turns":12},{"damage":103,"enemies":"downfall:CharBossMerchant","floor":52,"turns":8}],"seed_played":"-379535949888849759","potions_obtained":[{"floor":8.0,"key":"bronze:BurnAndBuffPotion"},{"floor":11.0,"key":"DistilledChaos"},{"floor":16.0,"key":"bronze:CleanCodePotion"},{"floor":19.0,"key":"EssenceOfSteel"},{"floor":25.0,"key":"ColorlessPotion"},{"floor":27.0,"key":"ColorlessPotion"},{"floor":28.0,"key":"champ:CounterPotion"},{"floor":31.0,"key":"SteroidPotion"},{"floor":33.0,"key":"GamblersBrew"},{"floor":34.0,"key":"LiquidMemories"},{"floor":36.0,"key":"SkillPotion"},{"floor":37.0,"key":"FearPotion"},{"floor":39.0,"key":"hexamod:SoulburnPotion"},{"floor":42.0,"key":"ColorlessPotion"},{"floor":43.0,"key":"bronze:BurnAndBuffPotion"},{"floor":45.0,"key":"Regen Potion"},{"floor":48.0,"key":"Explosive Potion"},{"floor":49.0,"key":"LiquidMemories"}],"is_trial":false,"path_per_floor":["R","M","?","M","M","$","T","E","?","M","E","R","?","?","M","B",null,"R","M","M","$","M","?","T","E","R","M","M","?","?","M","M","B",null,"R","M","?","?","M","R","T","M","M","?","E","?","R","?","M","B",null,"E"],"character_chosen":"THE_AUTOMATON","items_purchased":["Nunchaku"],"campfire_rested":2,"item_purchase_floors":[21],"current_hp_per_floor":[70,70,70,70,70,70,70,50,50,49,16,37,37,37,37,33,70,70,70,70,70,62,62,62,58,58,58,58,58,58,58,55,28,75,75,75,5,5,2,24,24,6,6,85,85,85,95,95,55,2,95,0,0,0],"gold":459,"neow_bonus":"THREE_ENEMY_KILL","is_daily":false,"chose_seed":false,"campfire_upgraded":3,"win_rate":0.0,"timestamp":1611209564,"path_taken":["R","M","?","M","?","$","T","E","?","M","E","R","?","?","M","BOSS","R","M","M","$","M","?","T","E","R","?","M","?","?","M","M","BOSS","R","M","?","?","M","R","T","?","?","?","E","?","R","?","M","BOSS","E"],"items_purchased_type":["Relic"],"build_version":"2020-12-22","purchased_purges":1,"victory":false,"max_hp_per_floor":[70,70,70,70,70,70,70,70,70,70,70,70,70,70,70,70,70,70,70,70,70,70,70,70,70,70,70,70,70,70,70,70,70,75,75,75,75,75,75,75,75,75,75,85,85,85,95,95,95,95,95,95,95,95],"card_choices":[{"not_picked":["bronze:Flail","bronze:OilSpill"],"picked":"bronze:Constructor","floor":2.0},{"not_picked":["bronze:BugBarrage","bronze:WhirlingStrike"],"picked":"bronze:Constructor","floor":4.0},{"not_picked":["bronze:Repair","bronze:Philosophize"],"picked":"bronze:Frontload","floor":5.0},{"not_picked":["bronze:DelayedSlice","bronze:Virus"],"picked":"bronze:Iterate","floor":6.0},{"not_picked":["bronze:Overheat","bronze:GetLatest"],"picked":"bronze:Repulsor","floor":8.0},{"not_picked":["bronze:Branch","bronze:CutThrough"],"picked":"bronze:WhirlingStrike","floor":10.0},{"not_picked":["bronze:Hardcode","bronze:DelayedGuard"],"picked":"bronze:BuggyMess","floor":11.0},{"not_picked":[],"picked":"bronze:DazingPulse","floor":13.0},{"not_picked":["bronze:BitShift","bronze:WildBeam"],"picked":"bronze:Branch","floor":13.0},{"not_picked":["bronze:WildBeam","bronze:Shield"],"picked":"bronze:CutThrough","floor":15.0},{"not_picked":["bronze:Format","bronze:InfiniteLoop"],"picked":"bronze:RecursiveStrike","floor":16.0},{"not_picked":["bronze:Iterate+1","bronze:DelayedSlice"],"picked":"bronze:OilSpill","floor":19.0},{"not_picked":["bronze:FineTuning","bronze:WhirlingStrike"],"picked":"bronze:CloningBeam","floor":20.0},{"not_picked":["bronze:ForLoop+1","bronze:Deprecate"],"picked":"bronze:Terminator+1","floor":21.0},{"not_picked":["bronze:Iterate","bronze:DelayedGuard+1"],"picked":"bronze:Optimize+1","floor":22.0},{"not_picked":["bronze:ForceShield","bronze:DelayedSlice","bronze:BugBarrage"],"picked":"bronze:Separator","floor":25.0},{"not_picked":["bronze:BitShift+1","bronze:CutThrough","bronze:HyperBeam"],"picked":"bronze:BugBarrage+1","floor":27.0},{"not_picked":["bronze:Separator","bronze:ForceShield","bronze:Repulsor"],"picked":"bronze:MaxOutput","floor":28.0},{"not_picked":["bronze:BugBarrage","bronze:Turbo","bronze:FineTuning"],"picked":"bronze:WhirlingStrike","floor":31.0},{"not_picked":["bronze:Iterate","bronze:Invalidate+1","bronze:Shield"],"picked":"bronze:BuggyMess","floor":32.0},{"not_picked":["bronze:Break","bronze:Library","bronze:Virus"],"picked":"bronze:Verify","floor":33.0},{"not_picked":["bronze:DelayedSlice","bronze:Constructor","bronze:Refactor+1"],"picked":"bronze:Deprecate","floor":34.0},{"not_picked":["bronze:DarkDash","bronze:Overheat+1","bronze:Backtrace+1"],"picked":"bronze:OilSpill+1","floor":36.0},{"not_picked":["bronze:TinkerersToolbox","bronze:Overheat","bronze:Turbo"],"picked":"bronze:GetLatest","floor":37.0},{"not_picked":["bronze:ForLoop+1","bronze:Repulsor+1","bronze:Separator"],"picked":"bronze:Iterate+1","floor":39.0},{"not_picked":["bronze:BitShift+1","bronze:Iterate","bronze:OilSpill+1"],"picked":"bronze:Optimize+1","floor":42.0},{"not_picked":["bronze:Deprecate","bronze:BitShift+1","bronze:Separator"],"picked":"bronze:ChosenStrike","floor":43.0},{"not_picked":["bronze:Repair+1","bronze:Invalidate","bronze:OilSpill"],"picked":"bronze:Mutator","floor":45.0},{"not_picked":["bronze:Constructor+1","bronze:Turbo+1","bronze:BronzeArmor+1"],"picked":"bronze:BronzeOrb","floor":48.0},{"not_picked":["bronze:CutThrough+1","bronze:OilSpill","bronze:Backtrace+1"],"picked":"bronze:Separator","floor":49.0}],"player_experience":936402,"relics_obtained":[{"floor":7.0,"key":"Bronze Scales"},{"floor":8.0,"key":"FossilizedHelix"},{"floor":11.0,"key":"Akabeko"},{"floor":24.0,"key":"White Beast Statue"},{"floor":25.0,"key":"hexamod:BolsterEngine"},{"floor":37.0,"key":"Girya"},{"floor":45.0,"key":"Ice Cream"},{"floor":46.0,"key":"Orichalcum"},{"floor":48.0,"key":"downfall:GremlinSack"}],"event_choices":[{"cards_removed":["bronze:Strike"],"damage_healed":0.0,"max_hp_gain":0.0,"max_hp_loss":0.0,"gold_gain":0.0,"event_name":"Bonfire Elementals","player_choice":"Offered Basic","floor":3.0,"gold_loss":0.0,"damage_taken":0.0},{"damage_healed":0.0,"max_hp_gain":0.0,"max_hp_loss":0.0,"gold_gain":0.0,"event_name":"Ghosts","player_choice":"Ignored","floor":30.0,"gold_loss":0.0,"damage_taken":0.0},{"damage_healed":0.0,"max_hp_gain":0.0,"max_hp_loss":0.0,"gold_gain":0.0,"event_name":"Mysterious Sphere","player_choice":"Fight","floor":37.0,"gold_loss":0.0,"damage_taken":0.0}],"is_beta":false,"boss_relics":[{"not_picked":["Snecko Eye","Calling Bell"],"picked":"expansioncontent:StudyCardRelic"},{"not_picked":["Cursed Key","SlaversCollar"],"picked":"Tiny House"}],"items_purged_floors":[21],"is_endless":false,"potions_floor_spawned":[8,11,16,19,25,27,28,31,32,33,36,37,39,42,43,45,48,49],"killed_by":"downfall:CharBossMerchant","ascension_level":3}}