{"host":"c43fkomrial8fa1s","time":1611221049,"event":{"mods":["BaseMod","Googly Eyes","Minty Spire (QoL Compilation)","Quick Restart","Relic Stats","StSLib"],"gold_per_floor":[114,114,114,134,144,171,136,167,246,277,96,109,120,130,130,233,233,253,253,253,253,266,292,292,323,323,341,351,364,364,9,9,109,109,127,127,144,144,164,164,192,192,192,226,226,245,120,137,137,137],"floor_reached":51,"language":"ENG","playtime":3545,"items_purged":["Strike_P","Strike_P","Eruption"],"score":778,"play_id":"c9aa4797-10ca-453b-a098-62722f61f6a6","local_time":"20210121032409","is_ascension_mode":true,"campfire_choices":[{"data":"Blasphemy","floor":15.0,"key":"SMITH"},{"floor":24.0,"key":"REST"},{"data":"ConjureBlade","floor":30.0,"key":"SMITH"},{"data":"Defend_P","floor":32.0,"key":"SMITH"},{"data":"RitualDagger","floor":40.0,"key":"SMITH"},{"floor":42.0,"key":"REST"},{"floor":49.0,"key":"REST"}],"circlet_count":0,"master_deck":["Strike_P","Strike_P","Defend_P+1","Defend_P","Defend_P+1","Defend_P","Vigilance+1","SandsOfTime","DeceiveReality","BattleHymn","Blasphemy+1","Conclude","Evaluate","FlyingSleeves","FollowUp","ConjureBlade+1","Establishment","PathToVictory+1","RitualDagger+1","PathToVictory"],"relics":["PureWater","NeowsBlessing","Lizard Tail","Orichalcum","Bronze Scales","Bottled Tornado","Meat on the Bone","Velvet Choker","Nilry\u0027s Codex","Toy Ornithopter","FossilizedHelix","Ancient Tea Set","Potion Belt","Eternal Feather","Philosopher\u0027s Stone","MealTicket","Sundial"],"acts_visited":["Exordium","TheCity","TheBeyond"],"potions_floor_usage":[50],"damage_taken":[{"damage":0.0,"enemies":"2 Louse","floor":1.0,"turns":2.0},{"damage":0.0,"enemies":"Small Slimes","floor":4.0,"turns":1.0},{"damage":0.0,"enemies":"Jaw Worm","floor":5.0,"turns":1.0},{"damage":8.0,"enemies":"3 Sentries","floor":6.0,"turns":6.0},{"damage":32.0,"enemies":"Lagavulin","floor":8.0,"turns":6.0},{"damage":15.0,"enemies":"3 Sentries","floor":10.0,"turns":6.0},{"damage":0.0,"enemies":"Looter","floor":12.0,"turns":3.0},{"damage":0.0,"enemies":"Exordium Wildlife","floor":13.0,"turns":2.0},{"damage":0.0,"enemies":"3 Louse","floor":14.0,"turns":2.0},{"damage":11.0,"enemies":"Slime Boss","floor":16.0,"turns":7.0},{"damage":13.0,"enemies":"Shell Parasite","floor":18.0,"turns":4.0},{"damage":2.0,"enemies":"Spheric Guardian","floor":22.0,"turns":4.0},{"damage":24.0,"enemies":"Gremlin Leader","floor":23.0,"turns":6.0},{"damage":42.0,"enemies":"Slavers","floor":25.0,"turns":4.0},{"damage":0.0,"enemies":"Cultist and Chosen","floor":27.0,"turns":5.0},{"damage":0.0,"enemies":"Chosen and Byrds","floor":28.0,"turns":3.0},{"damage":8.0,"enemies":"Centurion and Healer","floor":29.0,"turns":5.0},{"damage":13.0,"enemies":"Collector","floor":33.0,"turns":8.0},{"damage":0.0,"enemies":"Orb Walker","floor":35.0,"turns":3.0},{"damage":8.0,"enemies":"3 Shapes","floor":37.0,"turns":3.0},{"damage":28.0,"enemies":"3 Darklings","floor":39.0,"turns":5.0},{"damage":42.0,"enemies":"Giant Head","floor":41.0,"turns":7.0},{"damage":49.0,"enemies":"Reptomancer","floor":44.0,"turns":5.0},{"damage":28.0,"enemies":"4 Shapes","floor":46.0,"turns":5.0},{"damage":16.0,"enemies":"Transient","floor":48.0,"turns":5.0},{"damage":73,"enemies":"Time Eater","floor":50,"turns":8}],"seed_played":"7329582148245202595","potions_obtained":[{"floor":1.0,"key":"FearPotion"},{"floor":4.0,"key":"EssenceOfSteel"},{"floor":5.0,"key":"Explosive Potion"},{"floor":10.0,"key":"AttackPotion"},{"floor":12.0,"key":"SpeedPotion"},{"floor":22.0,"key":"Block Potion"},{"floor":27.0,"key":"Block Potion"},{"floor":28.0,"key":"Fire Potion"},{"floor":37.0,"key":"Regen Potion"},{"floor":41.0,"key":"StancePotion"},{"floor":44.0,"key":"StancePotion"},{"floor":48.0,"key":"Weak Potion"}],"is_trial":false,"path_per_floor":["M","?","?","M","M","E","?","E","T","E","$","M","M","M","R","B",null,"M","?","?","?","M","E","R","E","T","M","M","M","R","$","R","B",null,"M","?","M","?","M","R","E","R","T","E","?","M","$","M","R","B",null],"character_chosen":"WATCHER","items_purchased":["Evaluate","FlyingSleeves","Eternal Feather"],"campfire_rested":3,"item_purchase_floors":[11,11,31],"current_hp_per_floor":[72,58,55,55,55,47,65,33,33,18,18,30,42,42,42,43,72,59,53,37,37,45,33,54,29,29,41,41,38,38,38,50,47,72,72,72,64,64,48,60,43,72,72,35,63,35,50,34,63,43],"gold":137,"neow_bonus":"THREE_ENEMY_KILL","is_daily":false,"chose_seed":false,"campfire_upgraded":4,"win_rate":0.0,"timestamp":1611221049,"path_taken":["M","?","?","M","M","E","?","E","T","E","$","M","M","M","R","BOSS","M","?","?","?","M","E","R","E","T","M","M","M","R","$","R","BOSS","M","?","M","?","?","R","E","R","T","E","?","M","$","M","R","BOSS"],"items_purchased_type":["Card","Card","Relic"],"build_version":"2020-12-22","purchased_purges":3,"victory":true,"max_hp_per_floor":[72,72,72,72,72,72,72,72,72,72,72,72,72,72,72,72,72,72,72,72,72,72,72,72,72,72,72,72,72,72,72,72,72,72,72,72,72,72,72,72,72,72,72,72,63,63,63,63,63,63],"relic_stats":{"Lizard Tail":31,"counters":[26,116],"Sundial":[0],"Bronze Scales":[302],"Eternal Feather":48,"MealTicket":15,"Orichalcum":[150],"obtain_stats":[{"Potion Belt":26,"NeowsBlessing":0,"Nilry\u0027s Codex":20,"Velvet Choker":17,"Eternal Feather":31,"Orichalcum":6,"Bottled Tornado":9,"Ancient Tea Set":25,"Lizard Tail":3,"Sundial":44,"Bronze Scales":8,"Philosopher\u0027s Stone":34,"MealTicket":41,"PureWater":0,"Toy Ornithopter":21,"FossilizedHelix":23,"Meat on the Bone":10},{"Potion Belt":14,"NeowsBlessing":0,"Nilry\u0027s Codex":11,"Velvet Choker":10,"Eternal Feather":17,"Orichalcum":4,"Bottled Tornado":5,"Ancient Tea Set":14,"Lizard Tail":1,"Sundial":23,"Bronze Scales":5,"Philosopher\u0027s Stone":18,"MealTicket":22,"PureWater":0,"Toy Ornithopter":11,"FossilizedHelix":13,"Meat on the Bone":6},{"Potion Belt":54,"NeowsBlessing":0,"Nilry\u0027s Codex":40,"Velvet Choker":36,"Eternal Feather":67,"Orichalcum":10,"Bottled Tornado":16,"Ancient Tea Set":54,"Lizard Tail":2,"Sundial":98,"Bronze Scales":16,"Philosopher\u0027s Stone":75,"MealTicket":93,"PureWater":0,"Toy Ornithopter":40,"FossilizedHelix":50,"Meat on the Bone":22}],"Toy Ornithopter":40,"Meat on the Bone":120},"card_choices":[{"not_picked":["BowlingBash","Protect"],"picked":"SandsOfTime","floor":1.0},{"not_picked":["WheelKick","FlyingSleeves"],"picked":"DeceiveReality","floor":4.0},{"not_picked":["Evaluate","DeceiveReality"],"picked":"BattleHymn","floor":5.0},{"not_picked":["WreathOfFlame","Prostrate","Conclude"],"picked":"SKIP","floor":6.0},{"not_picked":["FearNoEvil","JustLucky"],"picked":"Blasphemy","floor":8.0},{"not_picked":["LessonLearned","ClearTheMind"],"picked":"Conclude","floor":10.0},{"not_picked":["Wireheading","Nirvana"],"picked":"FollowUp","floor":12.0},{"not_picked":["CrushJoints","ThirdEye","FlurryOfBlows"],"picked":"SKIP","floor":13.0},{"not_picked":["Protect","FlyingSleeves"],"picked":"ConjureBlade","floor":14.0},{"not_picked":["Judgement","MasterReality"],"picked":"Establishment","floor":16.0},{"not_picked":["Protect+1","Crescendo"],"picked":"PathToVictory+1","floor":18.0},{"not_picked":["FollowUp","PathToVictory","JustLucky"],"picked":"SKIP","floor":22.0},{"not_picked":["DeceiveReality","BowlingBash","Sanctity"],"picked":"SKIP","floor":23.0},{"not_picked":["TalkToTheHand","WreathOfFlame","CarveReality+1"],"picked":"SKIP","floor":25.0},{"not_picked":["Sanctity","CutThroughFate","ClearTheMind"],"picked":"SKIP","floor":27.0},{"not_picked":["Establishment","EmptyMind+1"],"picked":"PathToVictory","floor":28.0},{"not_picked":["CrushJoints","JustLucky+1","FearNoEvil"],"picked":"SKIP","floor":29.0},{"not_picked":["Halt","FlurryOfBlows","Weave+1"],"picked":"SKIP","floor":35.0},{"not_picked":["FlyingSleeves","Halt","InnerPeace"],"picked":"SKIP","floor":37.0},{"not_picked":["Pray+1","Weave","Fasting2"],"picked":"SKIP","floor":39.0},{"not_picked":["WaveOfTheHand","EmptyFist+1","FollowUp+1"],"picked":"SKIP","floor":41.0},{"not_picked":["BowlingBash+1","FlyingSleeves","Wallop+1"],"picked":"SKIP","floor":44.0},{"not_picked":["Evaluate+1","Wireheading+1","Crescendo"],"picked":"SKIP","floor":46.0},{"not_picked":["Prostrate","EmptyBody+1","WheelKick"],"picked":"SKIP","floor":48.0}],"player_experience":344140,"relics_obtained":[{"floor":6.0,"key":"Orichalcum"},{"floor":8.0,"key":"Bronze Scales"},{"floor":9.0,"key":"Bottled Tornado"},{"floor":10.0,"key":"Meat on the Bone"},{"floor":20.0,"key":"Nilry\u0027s Codex"},{"floor":23.0,"key":"FossilizedHelix"},{"floor":25.0,"key":"Ancient Tea Set"},{"floor":26.0,"key":"Potion Belt"},{"floor":41.0,"key":"MealTicket"},{"floor":44.0,"key":"Sundial"}],"event_choices":[{"damage_healed":0.0,"max_hp_gain":0.0,"max_hp_loss":0.0,"gold_gain":0.0,"event_name":"Shining Light","player_choice":"Entered Light","floor":2.0,"gold_loss":0.0,"damage_taken":14.0,"cards_upgraded":["Vigilance","Defend_P"]},{"damage_healed":0.0,"max_hp_gain":0.0,"max_hp_loss":0.0,"gold_gain":0.0,"event_name":"Scrap Ooze","player_choice":"Success","floor":3.0,"gold_loss":0.0,"damage_taken":3.0,"relics_obtained":["Lizard Tail"]},{"damage_healed":18.0,"max_hp_gain":0.0,"max_hp_loss":0.0,"gold_gain":0.0,"event_name":"The Cleric","player_choice":"Healed","floor":7.0,"gold_loss":35.0,"damage_taken":0.0},{"damage_healed":0.0,"max_hp_gain":0.0,"max_hp_loss":0.0,"gold_gain":0.0,"event_name":"Nest","player_choice":"Joined the Cult","floor":19.0,"gold_loss":0.0,"damage_taken":6.0,"cards_obtained":["RitualDagger"]},{"damage_healed":0.0,"max_hp_gain":0.0,"max_hp_loss":0.0,"gold_gain":0.0,"event_name":"Cursed Tome","player_choice":"Obtained Book","floor":20.0,"gold_loss":0.0,"damage_taken":16.0},{"damage_healed":0.0,"max_hp_gain":0.0,"max_hp_loss":0.0,"gold_gain":0.0,"event_name":"The Mausoleum","player_choice":"Opened","floor":21.0,"gold_loss":0.0,"damage_taken":0.0,"relics_obtained":["Toy Ornithopter"]},{"damage_healed":0.0,"max_hp_gain":0.0,"max_hp_loss":0.0,"gold_gain":0.0,"event_name":"SensoryStone","player_choice":"Memory 1","floor":36.0,"gold_loss":0.0,"damage_taken":0.0},{"damage_healed":0.0,"max_hp_gain":0.0,"max_hp_loss":0.0,"gold_gain":0.0,"event_name":"Mysterious Sphere","player_choice":"Ignored","floor":38.0,"gold_loss":0.0,"damage_taken":0.0},{"damage_healed":63.0,"max_hp_gain":0.0,"max_hp_loss":9.0,"gold_gain":0.0,"event_name":"The Moai Head","player_choice":"Heal","floor":45.0,"gold_loss":0.0,"damage_taken":0.0}],"is_beta":false,"boss_relics":[{"not_picked":["Runic Pyramid","Tiny House"],"picked":"Velvet Choker"},{"not_picked":["Sozu","Fusion Hammer"],"picked":"Philosopher\u0027s Stone"}],"items_purged_floors":[11,31,47],"is_endless":false,"potions_floor_spawned":[1,4,5,10,12,22,27,28,37,41,44,48],"ascension_level":1}}