{"host":"8d3fefv2347kqkpz","time":1611203948,"event":{"mods":["100% Spire Juice","AchievementEnabler","Act Like it!","Aspiration","BaseMod","Better Vampires","Colored Map","Colored Powertips","Conspire","Gensokyo","GifTheSpireLib","Highlight Path","Mimic Mod","Minty Spire (QoL Compilation)","Pale of the Ancients","Quick Restart","Rare Cards Sparkle","Reimu£®≤©¿ˆ¡È√Œ£©","Relic Stats","Remilia_Scarlet Moed£®¿Ÿ√◊¿Ú—«°§Àπø®¿◊Ãÿ£©3.3.5","Remilia£®¿Ÿ√◊¿Ú—«£©","Replay The Spire","Spicy Shops","StSLib","The Animator","The Gatherer","The Jungle","The Servant 0.9.4","Waifu the Spire","Youmu£®ªÍ∆«—˝√Œ£©","vexMod"],"gold_per_floor":[119,119,119,135,155,155,189,208,248,33,33,51,67,100,100,203,203,219,219,235,235,254,284,284,320,356,356,46,63,82,82,82,183,183,199,238,255,275,275,275,100,100,176,195,212,246,262,277,277,277],"floor_reached":51,"language":"ZHS","playtime":5085,"items_purged":["Strike_G","Defend_G","Defend_G"],"score":736,"play_id":"7fe82bb9-bffc-4954-b6b7-c42313e097a1","local_time":"20210121123908","is_ascension_mode":false,"campfire_choices":[{"data":"Neutralize","floor":6.0,"key":"SMITH"},{"floor":11.0,"key":"REST"},{"floor":15.0,"key":"REST"},{"floor":24.0,"key":"REST"},{"data":"ReplayTheSpireMod:Shiv Toss","floor":27.0,"key":"SMITH"},{"data":"Expertise","floor":49.0,"key":"SMITH"}],"circlet_count":0,"master_deck":["Strike_G","Defend_G+1","Defend_G+1","Survivor","Neutralize+1","Dagger Spray","Blade Dance","Footwork","Hidden Blade","Noxious Fumes","Adrenaline","ReplayTheSpireMod:Shiv Toss+1","Phantasmal Killer","Armaments+1","Infinite Blades","Backflip","Accuracy","Rage","Defy Death+1","conspire:DoublingDagger+1","After Image","Prepared","Rage+1","Inflame+1","Blade Dance","Footwork+1","Acrobatics+1","Expertise+1"],"relics":["Ring of the Snake","PreservedInsect","ScarletDevilRocket","aspiration:ArtOfWarUpgrade","Ancient Tea Set","aspiration:IroncladSkillbook","Divine Protection","Replay:Ringing Soul","Prayer Wheel","conspire:RoyalGoblet","Bird Faced Urn","Pantograph","Simple Rune"],"acts_visited":["Exordium","TheCity","TheBeyond"],"potions_floor_usage":[50],"damage_taken":[{"damage":2.0,"enemies":"Small Slimes","floor":1.0,"turns":4.0},{"damage":0.0,"enemies":"2 Louse","floor":4.0,"turns":3.0},{"damage":0.0,"enemies":"Jaw Worm","floor":5.0,"turns":3.0},{"damage":9.0,"enemies":"Lagavulin","floor":7.0,"turns":6.0},{"damage":3.0,"enemies":"3 Louse","floor":8.0,"turns":2.0},{"damage":9.0,"enemies":"Large Slime","floor":9.0,"turns":11.0},{"damage":0.0,"enemies":"Large Slime","floor":12.0,"turns":4.0},{"damage":0.0,"enemies":"Exordium Thugs","floor":13.0,"turns":4.0},{"damage":22.0,"enemies":"3 Sentries","floor":14.0,"turns":7.0},{"damage":62.0,"enemies":"Hexaghost","floor":16.0,"turns":13.0},{"damage":14.0,"enemies":"3 Byrds","floor":18.0,"turns":3.0},{"damage":8.0,"enemies":"Shell Parasite","floor":20.0,"turns":5.0},{"damage":12.0,"enemies":"Shelled Parasite and Fungi","floor":22.0,"turns":7.0},{"damage":11.0,"enemies":"conspire:SneckoGhost","floor":23.0,"turns":6.0},{"damage":1.0,"enemies":"Sentry and Sphere","floor":25.0,"turns":5.0},{"damage":0.0,"enemies":"Sentry and Sphere","floor":26.0,"turns":5.0},{"damage":11.0,"enemies":"Sentry and Sphere","floor":29.0,"turns":6.0},{"damage":0.0,"enemies":"3 Cultists","floor":30.0,"turns":5.0},{"damage":36.0,"enemies":"Collector","floor":33.0,"turns":10.0},{"damage":13.0,"enemies":"3 Shapes","floor":35.0,"turns":8.0},{"damage":0.0,"enemies":"Orb Walker","floor":36.0,"turns":8.0},{"damage":1.0,"enemies":"Orb Walker","floor":37.0,"turns":5.0},{"damage":30.0,"enemies":"Sphere and 2 Shapes","floor":38.0,"turns":7.0},{"damage":6.0,"enemies":"Writhing Mass","floor":44.0,"turns":4.0},{"damage":3.0,"enemies":"Maw","floor":45.0,"turns":7.0},{"damage":7.0,"enemies":"R_Hoarder","floor":46.0,"turns":5.0},{"damage":28.0,"enemies":"4 Shapes","floor":47.0,"turns":6.0},{"damage":19.0,"enemies":"Sphere and 2 Shapes","floor":48.0,"turns":6.0},{"damage":92,"enemies":"Time Eater","floor":50,"turns":11}],"seed_played":"-4336092500527119350","potions_obtained":[{"floor":5.0,"key":"Toxic Potion"},{"floor":8.0,"key":"SteroidPotion"},{"floor":12.0,"key":"Poison Potion"},{"floor":14.0,"key":"LifebloodPotion"},{"floor":23.0,"key":"Languid Potion"},{"floor":29.0,"key":"LifebloodPotion"},{"floor":35.0,"key":"EssenceOfSteel"}],"is_trial":false,"path_per_floor":["M","?","?","M","M","R","E","M","MIM","$","R","M","M","E","R","B",null,"M","?","M","?","M","E","R","MIM","MIM","R","$","M","M","?","R","B",null,"M","MIM","M","M","?","R","$","?","T","M","M","E","M","M","R","B",null],"character_chosen":"THE_SILENT","items_purchased":["Noxious Fumes","Prayer Wheel","Blade Dance"],"campfire_rested":3,"item_purchase_floors":[10,28,41],"current_hp_per_floor":[75,68,65,65,65,65,56,53,44,44,67,67,67,45,68,6,77,67,67,63,63,55,48,71,74,77,77,77,73,80,80,80,51,86,77,84,89,72,72,72,75,75,75,83,98,97,82,84,84,18],"gold":277,"neow_bonus":"TEN_PERCENT_HP_BONUS","is_daily":false,"chose_seed":false,"campfire_upgraded":3,"win_rate":0.0,"timestamp":1611203948,"path_taken":["M","?","?","M","M","R","E","M","MIM","$","R","M","?","E","R","BOSS","M","?","M","?","?","E","R","?","MIM","R","?","M","M","?","R","BOSS","M","?","?","?","?","R","$","?","T","M","M","E","M","M","R","BOSS"],"items_purchased_type":["Card","Relic","Card"],"build_version":"2020-12-22","purchased_purges":3,"victory":true,"max_hp_per_floor":[77,77,77,77,77,77,77,77,77,77,77,77,77,77,77,77,77,77,77,77,77,77,77,77,77,77,77,77,80,83,83,83,86,86,86,89,89,92,92,92,95,95,95,95,98,98,98,101,101,101],"relic_stats":{"counters":[29,176],"Bird Faced Urn":[63],"Pantograph":17,"Prayer Wheel":9,"PreservedInsect":170,"obtain_stats":[{"Divine Protection":23,"ScarletDevilRocket":7,"conspire:RoyalGoblet":34,"PreservedInsect":3,"Ancient Tea Set":14,"aspiration:IroncladSkillbook":17,"Replay:Ringing Soul":26,"Bird Faced Urn":36,"Pantograph":43,"Prayer Wheel":28,"aspiration:ArtOfWarUpgrade":40,"Simple Rune":46,"Art of War":9,"Ring of the Snake":0},{"Divine Protection":14,"ScarletDevilRocket":4,"conspire:RoyalGoblet":19,"PreservedInsect":1,"Ancient Tea Set":9,"aspiration:IroncladSkillbook":10,"Replay:Ringing Soul":16,"Bird Faced Urn":21,"Pantograph":23,"Prayer Wheel":16,"aspiration:ArtOfWarUpgrade":23,"Simple Rune":26,"Art of War":6,"Ring of the Snake":0},{"Divine Protection":78,"ScarletDevilRocket":16,"conspire:RoyalGoblet":109,"PreservedInsect":4,"Ancient Tea Set":44,"aspiration:IroncladSkillbook":57,"Replay:Ringing Soul":88,"Bird Faced Urn":125,"Pantograph":137,"Prayer Wheel":88,"aspiration:ArtOfWarUpgrade":137,"Simple Rune":153,"Art of War":29,"Ring of the Snake":0}],"Ring of the Snake":[58]},"card_choices":[{"not_picked":["Footwork","Prepared"],"picked":"Dagger Spray","floor":1.0},{"not_picked":["Catalyst","Backflip"],"picked":"Blade Dance","floor":4.0},{"not_picked":["Endless Agony","PiercingWail","Dodge and Roll"],"picked":"SKIP","floor":5.0},{"not_picked":["ReplayTheSpireMod:From All Sides","Slice"],"picked":"Footwork","floor":7.0},{"not_picked":["Flying Knee","Sucker Punch"],"picked":"Hidden Blade","floor":8.0},{"not_picked":["Hidden Blade","Dodge and Roll"],"picked":"Adrenaline","floor":12.0},{"not_picked":["Sucker Punch","Dagger Throw","Slice"],"picked":"SKIP","floor":13.0},{"not_picked":["PiercingWail","Replay:Bag of Tricks"],"picked":"ReplayTheSpireMod:Shiv Toss","floor":14.0},{"not_picked":["ReplayTheSpireMod:Necrosis","Tools of the Trade"],"picked":"Phantasmal Killer","floor":16.0},{"not_picked":["Outmaneuver+1","Reckless Charge","Dagger Spray"],"picked":"Armaments+1","floor":18.0},{"not_picked":["Wild Strike","Caltrops","Anger","Flying Knee"],"picked":"SKIP","floor":20.0},{"not_picked":["Twin Strike+1","Burning Pact+1","Expertise+1"],"picked":"Accuracy","floor":22.0},{"not_picked":["True Grit+1","Anger","conspire:ExplosiveBarrier","Acrobatics"],"picked":"SKIP","floor":23.0},{"not_picked":["Concentrate+1","PiercingWail","Warcry"],"picked":"Rage","floor":29.0},{"not_picked":["ReplayTheSpireMod:Limb From Limb","Combust","Bludgeon","Heavy Blade"],"picked":"SKIP","floor":29.0},{"not_picked":["Wild Strike","Warcry+1","Headbutt"],"picked":"Defy Death+1","floor":30.0},{"not_picked":["Body Slam","Warcry","Draining Mist"],"picked":"conspire:DoublingDagger+1","floor":30.0},{"not_picked":["Brutality","Eclipse","Hemogenesis"],"picked":"After Image","floor":33.0},{"not_picked":["Dagger Spray","Sucker Punch","Quick Slash+1","ReplayTheSpireMod:The Works"],"picked":"SKIP","floor":35.0},{"not_picked":["Cleave","Sentinel","Seeing Red+1","Run Through+1"],"picked":"SKIP","floor":35.0},{"not_picked":["Cloak And Dagger","ReplayTheSpireMod:Stacked+1","Distraction"],"picked":"Prepared","floor":36.0},{"not_picked":["Outmaneuver+1","Dodge and Roll","Slice+1","Escape Plan"],"picked":"SKIP","floor":37.0},{"not_picked":["Power Through+1","Flame Barrier+1","ReplayTheSpireMod:LeadingStrike+1","Intimidate"],"picked":"SKIP","floor":37.0},{"not_picked":["Flex","ReplayTheSpireMod:Necrosis","ReplayTheSpireMod:Shiv Toss"],"picked":"Rage+1","floor":38.0},{"not_picked":["Second Wind","Dagger Spray","True Grit+1"],"picked":"Inflame+1","floor":38.0},{"not_picked":["All Out Attack","Blade Dance","Armaments+1","ReplayTheSpireMod:Muscle Training+1"],"picked":"SKIP","floor":44.0},{"not_picked":["Dagger Throw","Spot Weakness+1","Riddle With Holes+1","Outmaneuver"],"picked":"SKIP","floor":44.0},{"not_picked":["Prepared","Cleave","Iron Wave+1"],"picked":"Footwork+1","floor":45.0},{"not_picked":["Headbutt","True Grit","Run Through","Quick Slash"],"picked":"SKIP","floor":45.0},{"not_picked":["Flying Knee+1","Clothesline","Anger+1","Uppercut+1"],"picked":"SKIP","floor":46.0},{"not_picked":["Sword Boomerang","ReplayTheSpireMod:Strike From Hell+1","Poisoned Stab","Tactician"],"picked":"SKIP","floor":47.0},{"not_picked":["Endless Agony","conspire:Charge","Twin Strike","Predator"],"picked":"SKIP","floor":47.0},{"not_picked":["Ghostly Armor","Clothesline","Bane+1"],"picked":"Acrobatics+1","floor":48.0},{"not_picked":["Intimidate+1","Perfected Strike","Heavy Blade+1"],"picked":"Expertise","floor":48.0}],"player_experience":165524,"relics_obtained":[{"floor":7.0,"key":"ScarletDevilRocket"},{"floor":9.0,"key":"Art of War"},{"floor":14.0,"key":"Ancient Tea Set"},{"floor":23.0,"key":"Divine Protection"},{"floor":26.0,"key":"Replay:Ringing Soul"},{"floor":36.0,"key":"Bird Faced Urn"},{"floor":43.0,"key":"Pantograph"},{"floor":46.0,"key":"Simple Rune"}],"event_choices":[{"cards_removed":["Strike_G"],"damage_healed":0.0,"max_hp_gain":0.0,"max_hp_loss":0.0,"gold_gain":0.0,"event_name":"Golden Wing","player_choice":"Card Removal","floor":2.0,"gold_loss":0.0,"damage_taken":7.0},{"damage_healed":0.0,"max_hp_gain":0.0,"max_hp_loss":0.0,"gold_gain":0.0,"event_name":"Scrap Ooze","player_choice":"Success","floor":3.0,"gold_loss":0.0,"damage_taken":3.0,"relics_obtained":["PreservedInsect"]},{"damage_healed":0.0,"max_hp_gain":0.0,"max_hp_loss":0.0,"gold_gain":0.0,"event_name":"The Library","player_choice":"Read","floor":19.0,"gold_loss":0.0,"damage_taken":0.0,"cards_obtained":["Infinite Blades"]},{"damage_healed":0.0,"max_hp_gain":0.0,"max_hp_loss":0.0,"gold_gain":0.0,"cards_transformed":["Strike_G"],"event_name":"Transmorgrifier","player_choice":"Transformed","floor":21.0,"gold_loss":0.0,"damage_taken":0.0,"cards_obtained":["Backflip"]},{"cards_removed":["Strike_G"],"damage_healed":0.0,"max_hp_gain":0.0,"max_hp_loss":0.0,"gold_gain":0.0,"event_name":"Purifier","player_choice":"Purged","floor":31.0,"gold_loss":0.0,"damage_taken":0.0},{"cards_removed":["Defend_G"],"damage_healed":0.0,"max_hp_gain":0.0,"max_hp_loss":0.0,"gold_gain":0.0,"event_name":"Falling","player_choice":"Removed Skill","floor":39.0,"gold_loss":0.0,"damage_taken":0.0},{"damage_healed":0.0,"max_hp_gain":0.0,"max_hp_loss":0.0,"gold_gain":0.0,"event_name":"The Woman in Blue","player_choice":"Bought 0 Potions","floor":42.0,"gold_loss":0.0,"damage_taken":0.0}],"is_beta":false,"boss_relics":[{"not_picked":["Replay:Ancient Bell","vexMod:EndlessSickness"],"picked":"aspiration:IroncladSkillbook"},{"not_picked":["Ring of Chaos","Fusion Hammer"],"picked":"conspire:RoyalGoblet"}],"items_purged_floors":[10,10,41],"is_endless":false,"potions_floor_spawned":[5,8,12,13,14,18,23,29,35,38,46],"ascension_level":0}}