{"host":"sc0o2qwpf9j16a4i","time":1611190706,"event":{"mods":["AchievementEnabler","BaseMod","BetterRewards","Block Reminder","Colored Map","Colored Powertips","Custom Start","Highlight Path","Minty Spire (QoL Compilation)","Relic Stats"],"gold_per_floor":[116,128,140,140,153,153,153,153,180,214,214,245,260,276,276,276,276],"floor_reached":16,"language":"ENG","playtime":446,"items_purged":[],"score":224,"play_id":"68f993c7-7ce6-44da-80b0-7f96d3a64862","local_time":"20210121025826","is_ascension_mode":true,"campfire_choices":[{"floor":6,"key":"REST"},{"floor":8,"key":"REST"},{"floor":15,"key":"REST"}],"circlet_count":0,"master_deck":["AscendersBane","Strike_G","Strike_G","Strike_G","Strike_G","Strike_G+1","Defend_G","Defend_G","Defend_G","Defend_G","Defend_G","Survivor+1","Neutralize","Bane","Poisoned Stab","Quick Slash","Dash"],"relics":["Busted Crown","Orichalcum","Vajra","Toxic Egg 2","Regal Pillow"],"acts_visited":["Exordium"],"potions_floor_usage":[10,12,16],"damage_taken":[{"damage":0,"enemies":"Cultist","floor":1,"turns":4},{"damage":10,"enemies":"Small Slimes","floor":2,"turns":5},{"damage":9,"enemies":"Jaw Worm","floor":3,"turns":4},{"damage":14,"enemies":"3 Louse","floor":5,"turns":3},{"damage":12,"enemies":"3 Sentries","floor":10,"turns":8},{"damage":18,"enemies":"Lagavulin","floor":12,"turns":7},{"damage":1,"enemies":"Looter","floor":13,"turns":3},{"damage":6,"enemies":"Large Slime","floor":14,"turns":4},{"damage":63,"enemies":"Slime Boss","floor":16,"turns":10}],"seed_played":"-637787526650960289","potions_obtained":[{"floor":3,"key":"LiquidBronze"},{"floor":5,"key":"Swift Potion"},{"floor":14,"key":"Explosive Potion"}],"is_trial":false,"path_per_floor":["M","M","M","?","M","R","T","R","T","E","?","E","M","M","R","B"],"character_chosen":"THE_SILENT","items_purchased":[],"campfire_rested":3,"item_purchase_floors":[],"current_hp_per_floor":[59,49,40,20,6,25,25,44,44,32,54,36,35,29,63,0,0],"gold":276,"neow_bonus":"BOSS_RELIC","is_daily":false,"chose_seed":false,"campfire_upgraded":0,"win_rate":0.0,"timestamp":1611190706,"path_taken":["M","M","?","?","M","R","?","R","T","E","?","E","M","M","R","BOSS"],"items_purchased_type":[],"build_version":"2020-12-22","purchased_purges":0,"victory":false,"max_hp_per_floor":[66,66,66,66,66,66,66,66,66,66,66,66,66,66,66,66,66],"relic_stats":{"Regal Pillow":15,"Busted Crown":16,"counters":[9,48],"Orichalcum":[90],"obtain_stats":[{"Regal Pillow":12,"Busted Crown":0,"Vajra":9,"Orichalcum":7,"Toxic Egg 2":10,"Ring of the Snake":0},{"Regal Pillow":6,"Busted Crown":0,"Vajra":4,"Orichalcum":4,"Toxic Egg 2":5,"Ring of the Snake":0},{"Regal Pillow":31,"Busted Crown":0,"Vajra":16,"Orichalcum":16,"Toxic Egg 2":24,"Ring of the Snake":0}]},"card_choices":[{"not_picked":["Slice"],"picked":"SKIP","floor":1},{"not_picked":[],"picked":"Bane","floor":2},{"not_picked":[],"picked":"Poisoned Stab","floor":3},{"not_picked":[],"picked":"Quick Slash","floor":5},{"not_picked":["Underhanded Strike"],"picked":"SKIP","floor":10},{"not_picked":["Outmaneuver+1"],"picked":"SKIP","floor":12},{"not_picked":[],"picked":"Dash","floor":13},{"not_picked":["Underhanded Strike"],"picked":"SKIP","floor":14}],"player_experience":826434,"relics_obtained":[{"floor":7,"key":"Orichalcum"},{"floor":9,"key":"Vajra"},{"floor":10,"key":"Toxic Egg 2"},{"floor":12,"key":"Regal Pillow"}],"event_choices":[{"damage_healed":0,"gold_gain":0,"player_choice":"Entered Light","damage_taken":20,"max_hp_gain":0,"max_hp_loss":0,"event_name":"Shining Light","floor":4,"gold_loss":0,"cards_upgraded":["Survivor","Strike_G"]},{"damage_healed":22,"gold_gain":0,"player_choice":"Banana","damage_taken":0,"max_hp_gain":0,"max_hp_loss":0,"event_name":"Big Fish","floor":11,"gold_loss":0}],"is_beta":false,"boss_relics":[],"items_purged_floors":[],"is_endless":false,"potions_floor_spawned":[3,5,14],"killed_by":"Slime Boss","ascension_level":20}}