{"host":"nzto1h6yjf70g1md","time":1611200328,"event":{"mods":["BaseMod","Better Note","Better Third Choice","Downfall","Minty Spire (QoL Compilation)","Quick Restart","Spicy Shops","StSLib"],"gold_per_floor":[110,110,110,126,74,74,74,41,41,41,54,74,95,118,118,239,239,260,260,260,230,250,250,274,300,300,325,97,197,197,210,210,330,330,350,683,683,646,646,646,671,683,683,683,683],"floor_reached":44,"language":"ENG","playtime":4049,"items_purged":["Injury"],"score":396,"play_id":"21397c18-a609-45c7-b94c-73c2bc14013b","local_time":"20210121113848","is_ascension_mode":false,"campfire_choices":[{"data":"Creative AI","floor":6,"key":"SMITH"},{"data":"Zap","floor":10,"key":"SMITH"},{"floor":15,"key":"REST"},{"data":"Armaments","floor":23,"key":"SMITH"},{"floor":30,"key":"REST"},{"floor":32,"key":"REST"},{"data":"Echo Form","floor":40,"key":"SMITH"}],"circlet_count":0,"master_deck":["Strike_B","Strike_B","Strike_B","Defend_B","Defend_B","Defend_B","Defend_B","Zap+1","Dualcast","Creative AI+1","Aggregate","Streamline","Leap","Coolheaded","Hologram","Leap","Go for the Eyes","Conserve Battery","Echo Form+1","Beam Cell+1","Armaments+1","Redo","Capacitor","Conserve Battery","Stack+1","Electrodynamics","Leap+1","Auto Shields","Loop"],"relics":["Cracked Core","InkBottle","SlaversCollar","MutagenicStrength","Centennial Puzzle","Anchor","Ginger","Nuclear Battery","Dream Catcher","Question Card"],"acts_visited":["Exordium","TheCity","TheBeyond"],"potions_floor_usage":[12,13,16,22,22,24,27,27,33,35,44],"damage_taken":[{"damage":11.0,"enemies":"Jaw Worm","floor":1.0,"turns":4.0},{"damage":3,"enemies":"Small Slimes","floor":4,"turns":3},{"damage":1,"enemies":"2 Louse","floor":11,"turns":3},{"damage":9,"enemies":"2 Fungi Beasts","floor":12,"turns":5},{"damage":15,"enemies":"Exordium Thugs","floor":13,"turns":7},{"damage":4,"enemies":"Blue Slaver","floor":14,"turns":4},{"damage":12,"enemies":"Slime Boss","floor":16,"turns":7},{"damage":25,"enemies":"Spheric Guardian","floor":18,"turns":7},{"damage":0,"enemies":"Chosen","floor":22,"turns":5},{"damage":16,"enemies":"Shelled Parasite and Fungi","floor":24,"turns":10},{"damage":21,"enemies":"Snake Plant","floor":27,"turns":5},{"damage":14,"enemies":"Chosen and Byrds","floor":31,"turns":7},{"damage":9,"enemies":"Champ","floor":33,"turns":9},{"damage":14,"enemies":"Orb Walker","floor":35,"turns":8},{"damage":7,"enemies":"3 Shapes","floor":42,"turns":3},{"damage":32,"enemies":"Spire Growth","floor":44,"turns":6}],"seed_played":"-2834058099152695603","potions_obtained":[{"floor":1.0,"key":"SpeedPotion"},{"floor":4,"key":"bronze:BurnAndBuffPotion"},{"floor":11,"key":"Regen Potion"},{"floor":13,"key":"SpeedPotion"},{"floor":21,"key":"AttackPotion"},{"floor":21,"key":"Block Potion"},{"floor":22,"key":"Guardian:BlockOnCardUsePotion"},{"floor":24,"key":"Block Potion"},{"floor":31,"key":"SteroidPotion"},{"floor":33,"key":"SpeedPotion"},{"floor":42,"key":"SkillPotion"}],"is_trial":false,"path_per_floor":["M","?","?","M","$","R","?","$","T","R","M","M","M","M","R","B",null,"M","?","?","?","M","R","M","T","T","M","$","?","R","M","R","B",null,"M","?","?","$","?","R","T","M","T","M"],"character_chosen":"DEFECT","items_purchased":["Leap","Coolheaded","Ginger","Auto Shields"],"campfire_rested":3,"item_purchase_floors":[5,8,28,38],"current_hp_per_floor":[43,68,68,65,65,65,65,65,65,65,64,69,54,50,72,60,75,50,50,50,50,50,50,34,34,34,13,13,13,35,21,43,34,75,61,61,61,61,61,61,61,54,54,22,22],"gold":683,"neow_bonus":"THREE_RARE_CARDS","is_daily":false,"chose_seed":false,"campfire_upgraded":4,"win_rate":0.0,"timestamp":1611200328,"path_taken":["M","?","?","M","$","R","?","$","T","R","M","M","M","M","R","BOSS","M","?","?","?","M","R","?","?","T","M","$","?","R","?","R","BOSS","M","?","?","$","?","R","?","M","T","M"],"items_purchased_type":["Card","Card","Relic","Card"],"build_version":"2020-12-22","purchased_purges":1,"victory":false,"max_hp_per_floor":[75,75,75,75,75,75,75,75,75,75,75,75,75,75,75,75,75,75,75,75,75,75,75,75,75,75,75,75,75,75,75,75,75,75,75,75,75,75,75,75,75,75,75,75,75],"card_choices":[{"not_picked":["Thunder Strike","Buffer"],"picked":"Creative AI","floor":0.0},{"not_picked":["Blizzard","Gash"],"picked":"Aggregate","floor":1.0},{"not_picked":["White Noise","Hello World"],"picked":"Streamline","floor":4},{"not_picked":["Auto Shields","Cold Snap"],"picked":"Hologram","floor":11},{"not_picked":["Self Repair","Consume"],"picked":"Leap","floor":12},{"not_picked":["Hologram","FTL"],"picked":"Go for the Eyes","floor":13},{"not_picked":["Sweeping Beam","Streamline"],"picked":"Conserve Battery","floor":14},{"not_picked":["Reboot","Amplify"],"picked":"Echo Form","floor":16},{"not_picked":["Hologram","Hello World"],"picked":"Beam Cell+1","floor":18},{"not_picked":["Barrage","Steam"],"picked":"Redo","floor":22},{"not_picked":["Tempest+1","Hello World"],"picked":"Capacitor","floor":24},{"not_picked":["Coolheaded","Go for the Eyes"],"picked":"Conserve Battery","floor":27},{"not_picked":["Electrodynamics","Undo"],"picked":"Stack+1","floor":31},{"not_picked":["Multi-Cast","Echo Form"],"picked":"Electrodynamics","floor":33},{"not_picked":["Skim","Ball Lightning+1"],"picked":"Leap+1","floor":35},{"not_picked":["Go for the Eyes+1","Chill"],"picked":"Loop","floor":42}],"player_experience":21425,"relics_obtained":[{"floor":9,"key":"InkBottle"},{"floor":25,"key":"Centennial Puzzle"},{"floor":26,"key":"Anchor"},{"floor":41,"key":"Dream Catcher"},{"floor":43,"key":"Question Card"}],"event_choices":[{"damage_healed":25.0,"max_hp_gain":0.0,"max_hp_loss":0.0,"gold_gain":0.0,"event_name":"Big Fish","player_choice":"Banana","floor":2.0,"gold_loss":0.0,"damage_taken":0.0},{"damage_healed":0,"gold_gain":0,"player_choice":"Take Wound","damage_taken":0,"relics_obtained":["Golden Idol"],"max_hp_gain":0,"max_hp_loss":0,"event_name":"Golden Idol","floor":7,"gold_loss":0,"cards_obtained":["Injury"]},{"cards_removed":["Injury"],"damage_healed":0,"gold_gain":0,"player_choice":"Take \u0026 Give","damage_taken":0,"max_hp_gain":0,"max_hp_loss":0,"event_name":"betterNote:BetterNote","floor":19,"gold_loss":0,"cards_obtained":["Armaments"]},{"damage_healed":0,"gold_gain":0,"player_choice":"Inject Mutagens","damage_taken":0,"relics_obtained":["MutagenicStrength"],"max_hp_gain":0,"max_hp_loss":0,"event_name":"Drug Dealer","floor":20,"gold_loss":0},{"damage_healed":0,"gold_gain":0,"player_choice":"Bought 2 Potions","damage_taken":0,"max_hp_gain":0,"max_hp_loss":0,"event_name":"The Woman in Blue","floor":21,"gold_loss":0},{"damage_healed":0,"gold_gain":100,"player_choice":"Pray","damage_taken":0,"max_hp_gain":0,"max_hp_loss":0,"event_name":"Golden Shrine","floor":29,"gold_loss":0},{"damage_healed":0,"gold_gain":333,"player_choice":"Gave Idol","damage_taken":0,"max_hp_gain":0,"max_hp_loss":0,"event_name":"The Moai Head","floor":36,"relics_lost":["Golden Idol"],"gold_loss":0},{"damage_healed":0,"gold_gain":0,"player_choice":"Ignored","damage_taken":0,"max_hp_gain":0,"max_hp_loss":0,"event_name":"Tomb of Lord Red Mask","floor":37,"gold_loss":0},{"cards_removed":["Strike_B"],"damage_healed":0,"gold_gain":0,"player_choice":"Removed Attack","damage_taken":0,"max_hp_gain":0,"max_hp_loss":0,"event_name":"Falling","floor":39,"gold_loss":0}],"is_beta":false,"boss_relics":[{"not_picked":["Sozu","Runic Dome"],"picked":"SlaversCollar"},{"not_picked":["Fusion Hammer","FrozenCore"],"picked":"Nuclear Battery"}],"items_purged_floors":[28],"is_endless":false,"potions_floor_spawned":[1,4,11,13,22,24,31,33,42],"killed_by":"Spire Growth","ascension_level":0}}