{"host":"notgjglmecngcj3l","time":1611226671,"event":{"mods":["A Magickal Journey","Aspiration","Astrologer","Bard","BaseMod","Better Third Choice","Colored Powertips","Conspire","Downfall","Duelist Mod","Energized Spire","GifTheSpireLib","Hubris","Infinite Spire","Magitek Elite","Minty Spire (QoL Compilation)","Quick Restart","Robot Space Explorer","Spicy Shops","StSLib","Stuff the Spire","Td1madao Mod","The Animator","The Blackbeard","The Bladedancer","The Bug Knight","The Construct","The Cursed","The Disciple","The Factory","The Hierophant","The Necromancer","The Poker Player","The Runesmith","The Servant 0.9.4","The Wild Card"],"gold_per_floor":[99,118,118,129,147,160,160,174,174,174,174],"floor_reached":9,"language":"ENG","playtime":694,"items_purged":[],"score":55,"play_id":"67ee985e-f376-4a0c-9544-abf2015b05ac","local_time":"20210121035751","is_ascension_mode":false,"campfire_choices":[{"data":"Slimebound:Split","floor":1,"key":"SMITH"}],"circlet_count":0,"master_deck":["Slimebound:Strike_Slimebound","Slimebound:Strike_Slimebound","Slimebound:Tackle","Slimebound:Defend_Slimebound","Slimebound:Defend_Slimebound","Slimebound:Defend_Slimebound","Slimebound:Defend_Slimebound","Slimebound:Split+1","Slimebound:CorrosiveSpit","Slimebound:RollThrough","Slimebound:LevelUp","Slimebound:SplitLeeching","Slimebound:MassRepurpose"],"relics":["SlaversCollar","hubris:TinFlute"],"acts_visited":["Exordium"],"potions_floor_usage":[8,8,9],"damage_taken":[{"damage":9,"enemies":"Cultist","floor":2,"turns":3},{"damage":5,"enemies":"Small Slimes","floor":4,"turns":3},{"damage":6,"enemies":"Jaw Worm","floor":5,"turns":3},{"damage":11,"enemies":"3 Louse","floor":6,"turns":3},{"damage":10,"enemies":"Gremlin Gang","floor":8,"turns":4},{"damage":24,"enemies":"Gremlin Nob","floor":9,"turns":3}],"seed_played":"-8379854248323404655","potions_obtained":[{"floor":2,"key":"champ:CounterPotion"},{"floor":5,"key":"Swift Potion"},{"floor":6,"key":"ColorlessPotion"}],"is_trial":false,"path_per_floor":["R","M","?","M","M","M","T","M","E"],"character_chosen":"SLIMEBOUND","items_purchased":[],"campfire_rested":0,"item_purchase_floors":[],"current_hp_per_floor":[65,56,56,51,45,34,34,24,0,0,0],"gold":174,"neow_bonus":"BOSS_RELIC","is_daily":false,"chose_seed":false,"campfire_upgraded":1,"win_rate":0.0,"timestamp":1611226671,"path_taken":["R","?","?","M","M","M","T","M","E"],"items_purchased_type":[],"build_version":"2020-12-22","purchased_purges":0,"victory":false,"max_hp_per_floor":[65,65,65,65,65,65,65,65,65,65,65],"card_choices":[{"not_picked":["Slimebound:ViciousTackle","Slimebound:FinishingTackle"],"picked":"Slimebound:RollThrough","floor":2},{"not_picked":["Slimebound:LivingWall","Slimebound:SpikyOuterGoop"],"picked":"Slimebound:LevelUp","floor":4},{"not_picked":["Slimebound:LevelUp","Slimebound:Dissolve"],"picked":"Slimebound:SplitLeeching","floor":5},{"not_picked":["Slimebound:TongueLash","Slimebound:SplitAcid"],"picked":"Slimebound:MassRepurpose","floor":6},{"not_picked":["Slimebound:ViciousTackle","Slimebound:SplitAcid","Slimebound:GrowthPunch"],"picked":"SKIP","floor":8}],"player_experience":387983,"relics_obtained":[{"floor":7,"key":"hubris:TinFlute"}],"event_choices":[{"cards_removed":["Slimebound:Strike_Slimebound"],"damage_healed":0,"gold_gain":0,"player_choice":"Offered Basic","damage_taken":0,"max_hp_gain":0,"max_hp_loss":0,"event_name":"Bonfire Elementals","floor":3,"gold_loss":0}],"is_beta":false,"boss_relics":[],"items_purged_floors":[],"is_endless":false,"potions_floor_spawned":[2,5,6],"killed_by":"Gremlin Nob","ascension_level":0}}