{"host":"k4t1rqzyfa1bjnq8","time":1611255176,"event":{"mods":["BaseMod","Colored Powertips","Downfall","Minty Spire (QoL Compilation)","StSLib","The Cursed","The Jungle","The Servant 0.9.4"],"gold_per_floor":[116,135,155,59,79,79,79],"floor_reached":6,"language":"ENG","playtime":1456,"items_purged":[],"score":40,"play_id":"011f4a49-a255-42e8-93ad-44997f349ced","local_time":"20210121205256","is_ascension_mode":true,"campfire_choices":[],"circlet_count":0,"master_deck":["TheCursedMod:Strike_TheCursed","TheCursedMod:Strike_TheCursed","TheCursedMod:Strike_TheCursed","TheCursedMod:Defend_TheCursed","TheCursedMod:Defend_TheCursed","TheCursedMod:Defend_TheCursed","TheCursedMod:CursedWand","TheCursedMod:CleanUpWorkshop","TheCursedMod:Dregs","Pain","TheCursedMod:DarkBarrier","TheCursedMod:CursedArmor","TheCursedMod:LuckyCharm","TheCursedMod:BlessingInDisguise","TheCursedMod:FleshFromBone","TheCursedMod:CursedAmulet","TheCursedMod:StingEye","TheCursedMod:SoulReap"],"relics":["TheCursedMod:BlackMagic101"],"acts_visited":["Exordium"],"potions_floor_usage":[6],"damage_taken":[{"damage":3,"enemies":"Jaw Worm","floor":1,"turns":6},{"damage":1,"enemies":"Small Slimes","floor":2,"turns":5},{"damage":3,"enemies":"Cultist","floor":3,"turns":7},{"damage":24,"enemies":"Gremlin Gang","floor":5,"turns":22},{"damage":49,"enemies":"Gremlin Nob","floor":6,"turns":9}],"seed_played":"-3920867896551262955","potions_obtained":[{"floor":5,"key":"SpeedPotion"}],"is_trial":false,"path_per_floor":["M","M","M","$","M","E"],"character_chosen":"THE_CURSED","items_purchased":["TheCursedMod:CursedAmulet","TheCursedMod:StingEye"],"campfire_rested":0,"item_purchase_floors":[4,4],"current_hp_per_floor":[72,71,68,68,44,0,0],"gold":79,"neow_bonus":"TRANSFORM_TWO_CARDS","is_daily":false,"chose_seed":false,"campfire_upgraded":0,"win_rate":0.0,"timestamp":1611255176,"path_taken":["M","M","M","$","M","E"],"items_purchased_type":["Card","Card"],"build_version":"2020-12-22","purchased_purges":0,"victory":false,"max_hp_per_floor":[75,75,75,75,75,75,75],"card_choices":[{"not_picked":["TheCursedMod:TroublousMinions","TheCursedMod:Obscuration"],"picked":"TheCursedMod:LuckyCharm","floor":1},{"not_picked":["TheCursedMod:SpitefulStrike","TheCursedMod:Torture"],"picked":"TheCursedMod:BlessingInDisguise","floor":2},{"not_picked":["TheCursedMod:CircleOfAmplification","TheCursedMod:SpitefulPlan"],"picked":"TheCursedMod:FleshFromBone","floor":3},{"not_picked":["TheCursedMod:CursedShiv","TheCursedMod:SpitefulStrike"],"picked":"TheCursedMod:SoulReap","floor":5}],"player_experience":1094931,"relics_obtained":[],"event_choices":[],"is_beta":false,"boss_relics":[],"items_purged_floors":[],"is_endless":false,"potions_floor_spawned":[5],"killed_by":"Gremlin Nob","ascension_level":1}}