{"host":"70zhvo5nwrhp1mbg","time":1611269975,"event":{"mods":["BaseMod","Colored Map","Colored Powertips","Highlight Path","Minty Spire (QoL Compilation)","Rare Cards Sparkle","StSLib"],"gold_per_floor":[119,137,137,151,151,177,177,32,83,113,124,150,164,184,184,286,286,302,302,80,95,107,137,137,163,163,181,29,29,55,68,68,173,173,193,211,211,225,225,225,244,244,244,244,261,261,32,57,57,57,57],"floor_reached":50,"language":"ENG","playtime":5592,"items_purged":["Writhe"],"score":840,"play_id":"15d344f6-c3c2-4049-abdc-bbf395e30767","local_time":"20210121175935","is_ascension_mode":true,"campfire_choices":[{"floor":7,"key":"REST"},{"floor":15,"key":"REST"},{"floor":24,"key":"REST"},{"floor":29,"key":"REST"},{"floor":32,"key":"REST"},{"data":"Immolate","floor":40,"key":"SMITH"},{"floor":42,"key":"REST"},{"data":"Demon Form","floor":44,"key":"SMITH"},{"data":"Bludgeon","floor":49,"key":"SMITH"}],"circlet_count":0,"master_deck":["Strike_R","Strike_R","Strike_R","Strike_R","Strike_R","Defend_R+1","Defend_R","Defend_R","Bash","Bludgeon","Iron Wave","Heavy Blade","Infernal Blade","Barricade","Clothesline","Carnage","Feel No Pain","Shrug It Off+1","Body Slam","Fiend Fire+1","True Grit","Perfected Strike","Thunderclap","Inflame","Juggernaut","Havoc","Cleave","Shrug It Off","Demon Form+1","Thunderclap+1","Fire Breathing+1","Ghostly Armor+1","Perfected Strike+1","Dark Embrace","Immolate+1","Bludgeon+1","Heavy Blade+1","Inflame","Heavy Blade+1"],"relics":["Black Blood","Lantern","StoneCalendar","Orrery","Ancient Tea Set","Bag of Marbles","War Paint","Snecko Eye","HandDrill","Juzu Bracelet","Turnip","HornCleat","MealTicket","Torii","Molten Egg 2","Bronze Scales","Potion Belt"],"acts_visited":["Exordium","TheCity","TheBeyond"],"potions_floor_usage":[10,12,18,21,25,25,33,41,50],"damage_taken":[{"damage":3,"enemies":"Small Slimes","floor":1,"turns":3},{"damage":6,"enemies":"2 Louse","floor":2,"turns":3},{"damage":0,"enemies":"Cultist","floor":4,"turns":2},{"damage":40,"enemies":"Lagavulin","floor":6,"turns":6},{"damage":0,"enemies":"Gremlin Nob","floor":10,"turns":2},{"damage":14,"enemies":"Red Slaver","floor":11,"turns":2},{"damage":15,"enemies":"3 Sentries","floor":12,"turns":6},{"damage":3,"enemies":"Blue Slaver","floor":13,"turns":2},{"damage":0,"enemies":"Looter","floor":14,"turns":1},{"damage":52,"enemies":"The Guardian","floor":16,"turns":12},{"damage":1,"enemies":"3 Byrds","floor":18,"turns":4},{"damage":0,"enemies":"2 Thieves","floor":21,"turns":2},{"damage":35,"enemies":"Snake Plant","floor":22,"turns":3},{"damage":10,"enemies":"Book of Stabbing","floor":23,"turns":3},{"damage":9,"enemies":"Gremlin Leader","floor":25,"turns":5},{"damage":39,"enemies":"Shelled Parasite and Fungi","floor":27,"turns":4},{"damage":14,"enemies":"Book of Stabbing","floor":30,"turns":4},{"damage":1,"enemies":"Centurion and Healer","floor":31,"turns":4},{"damage":70,"enemies":"Automaton","floor":33,"turns":8},{"damage":0,"enemies":"Orb Walker","floor":35,"turns":1},{"damage":0,"enemies":"3 Darklings","floor":36,"turns":3},{"damage":11,"enemies":"4 Shapes","floor":38,"turns":3},{"damage":43,"enemies":"Writhing Mass","floor":41,"turns":6},{"damage":21,"enemies":"Spire Growth","floor":45,"turns":3},{"damage":0,"enemies":"Giant Head","floor":48,"turns":5},{"damage":83,"enemies":"Time Eater","floor":50,"turns":6}],"seed_played":"-2749671123990823771","potions_obtained":[{"floor":2,"key":"Explosive Potion"},{"floor":4,"key":"AttackPotion"},{"floor":13,"key":"Ancient Potion"},{"floor":16,"key":"SkillPotion"},{"floor":18,"key":"FearPotion"},{"floor":23,"key":"EssenceOfSteel"},{"floor":27,"key":"SmokeBomb"},{"floor":38,"key":"PowerPotion"},{"floor":48,"key":"Strength Potion"}],"is_trial":false,"path_per_floor":["M","M","?","M","?","E","R","$","T","E","M","E","M","M","R","B",null,"M","?","$","M","M","E","R","E","T","M","$","R","E","M","R","B",null,"M","M","?","M","?","R","M","R","T","R","M","?","$","E","R","B"],"character_chosen":"IRONCLAD","items_purchased":["Orrery","Cleave","HandDrill","AttackPotion","MealTicket","Bronze Scales"],"campfire_rested":6,"item_purchase_floors":[8,20,20,20,28,47],"current_hp_per_floor":[75,75,72,78,78,44,68,68,68,74,66,57,60,66,80,34,69,74,74,74,80,51,47,71,68,68,35,35,59,51,56,80,16,64,76,80,80,80,80,80,49,73,73,73,64,80,80,80,80,0,0],"gold":57,"neow_bonus":"ONE_RANDOM_RARE_CARD","is_daily":false,"chose_seed":true,"campfire_upgraded":3,"win_rate":0.0,"timestamp":1611269975,"path_taken":["M","M","?","M","?","E","R","$","T","E","M","E","M","M","R","BOSS","M","?","$","M","M","E","R","E","T","M","?","R","E","M","R","BOSS","M","M","?","M","?","R","M","R","T","R","M","?","$","E","R","BOSS"],"items_purchased_type":["Relic","Card","Relic","Potion","Relic","Relic"],"build_version":"2020-12-22","purchased_purges":1,"victory":false,"max_hp_per_floor":[80,80,80,80,80,80,80,80,80,80,80,80,80,80,80,80,80,80,80,80,80,80,80,80,80,80,80,80,80,80,80,80,80,80,80,80,80,80,80,80,80,80,80,80,80,80,80,80,80,80,80],"card_choices":[{"not_picked":["Combust","Body Slam"],"picked":"Iron Wave","floor":1},{"not_picked":["Anger","Body Slam"],"picked":"Heavy Blade","floor":2},{"not_picked":["Headbutt","Hemokinesis"],"picked":"Infernal Blade","floor":4},{"not_picked":["Armaments","Twin Strike"],"picked":"Barricade","floor":6},{"not_picked":["Second Wind","Barricade"],"picked":"Clothesline","floor":8},{"not_picked":["Searing Blow","Wild Strike"],"picked":"Carnage","floor":8},{"not_picked":["Clash","Pommel Strike"],"picked":"Feel No Pain","floor":8},{"not_picked":["Perfected Strike","Clash"],"picked":"Shrug It Off","floor":8},{"not_picked":["Clash","Reckless Charge"],"picked":"Body Slam","floor":8},{"not_picked":["Searing Blow","Burning Pact"],"picked":"Fiend Fire","floor":10},{"not_picked":["Armaments","Clothesline"],"picked":"True Grit","floor":11},{"not_picked":["Inflame","Battle Trance"],"picked":"Perfected Strike","floor":12},{"not_picked":["Disarm","Twin Strike"],"picked":"Thunderclap","floor":13},{"not_picked":["Clash","Pommel Strike"],"picked":"Inflame","floor":14},{"not_picked":["Fiend Fire","Bludgeon"],"picked":"Juggernaut","floor":16},{"not_picked":["Rage","Body Slam"],"picked":"Havoc","floor":18},{"not_picked":["Body Slam","Twin Strike"],"picked":"Shrug It Off","floor":21},{"not_picked":["Headbutt+1","Havoc"],"picked":"Demon Form","floor":22},{"not_picked":["Headbutt","Pummel"],"picked":"Thunderclap+1","floor":23},{"not_picked":["Wild Strike","Armaments+1"],"picked":"Fire Breathing+1","floor":25},{"not_picked":["Rupture","Clothesline+1"],"picked":"Ghostly Armor+1","floor":27},{"not_picked":["Headbutt","Carnage"],"picked":"Perfected Strike+1","floor":30},{"not_picked":["Dropkick","Armaments"],"picked":"Dark Embrace","floor":31},{"not_picked":["Fiend Fire","Brutality"],"picked":"Immolate","floor":33},{"not_picked":["Fire Breathing","Clothesline+1","Pummel"],"picked":"SKIP","floor":35},{"not_picked":["Shrug It Off+1","Body Slam+1"],"picked":"Bludgeon","floor":36},{"not_picked":["Sentinel+1","Iron Wave+1"],"picked":"Heavy Blade+1","floor":38},{"not_picked":["Flex+1","Warcry+1"],"picked":"Inflame","floor":41},{"not_picked":["Havoc","Body Slam+1"],"picked":"Heavy Blade+1","floor":45},{"not_picked":["Anger+1","Fire Breathing","Pommel Strike+1"],"picked":"SKIP","floor":48}],"player_experience":418484,"relics_obtained":[{"floor":6,"key":"StoneCalendar"},{"floor":9,"key":"Ancient Tea Set"},{"floor":10,"key":"Bag of Marbles"},{"floor":12,"key":"War Paint"},{"floor":23,"key":"Juzu Bracelet"},{"floor":25,"key":"Turnip"},{"floor":26,"key":"HornCleat"},{"floor":30,"key":"Torii"},{"floor":43,"key":"Molten Egg 2"},{"floor":48,"key":"Potion Belt"}],"event_choices":[{"damage_healed":0,"gold_gain":0,"player_choice":"Success","damage_taken":3,"relics_obtained":["Lantern"],"max_hp_gain":0,"max_hp_loss":0,"event_name":"Scrap Ooze","floor":3,"gold_loss":0},{"damage_healed":0,"gold_gain":0,"player_choice":"Ignored","damage_taken":0,"max_hp_gain":0,"max_hp_loss":0,"event_name":"Liars Game","floor":5,"gold_loss":0},{"damage_healed":0,"gold_gain":0,"player_choice":"Forge","damage_taken":0,"max_hp_gain":0,"max_hp_loss":0,"event_name":"Accursed Blacksmith","floor":19,"gold_loss":0,"cards_upgraded":["Fiend Fire"]},{"cards_removed":["Defend_R"],"damage_healed":0,"gold_gain":0,"player_choice":"Removed Skill","damage_taken":0,"max_hp_gain":0,"max_hp_loss":0,"event_name":"Falling","floor":37,"gold_loss":0},{"damage_healed":0,"gold_gain":0,"player_choice":"Ignored","damage_taken":0,"max_hp_gain":0,"max_hp_loss":0,"event_name":"Tomb of Lord Red Mask","floor":39,"gold_loss":0},{"damage_healed":20,"gold_gain":0,"player_choice":"Writhe","damage_taken":0,"max_hp_gain":0,"max_hp_loss":0,"event_name":"Winding Halls","floor":46,"gold_loss":0,"cards_obtained":["Writhe"]}],"is_beta":false,"boss_relics":[{"not_picked":["SlaversCollar","Pandora\u0027s Box"],"picked":"Snecko Eye"},{"not_picked":["Busted Crown","Mark of Pain"],"picked":"Black Blood"}],"items_purged_floors":[47],"is_endless":false,"potions_floor_spawned":[2,4,13,16,18,23,27,38,48],"killed_by":"Time Eater","ascension_level":6}}