{"host":"krw8blyxua7at9ak","time":1611268833,"event":{"mods":["BaseMod","Highlight Path","Minty Spire (QoL Compilation)","ojb\u0027s Info Mod"],"gold_per_floor":[118,132,132,152,302,335,335,335,360,33,67,132,151,162,162,162,162],"floor_reached":16,"language":"ENG","playtime":628,"items_purged":[],"score":220,"play_id":"6ec6a815-171e-4693-a896-ea3f2e02c299","local_time":"20210121234033","is_ascension_mode":true,"campfire_choices":[{"data":"Predator","floor":7,"key":"SMITH"},{"data":"Sucker Punch","floor":15,"key":"SMITH"}],"circlet_count":0,"master_deck":["AscendersBane","Strike_G","Strike_G","Strike_G","Strike_G","Defend_G","Defend_G","Defend_G","Defend_G","Survivor","Neutralize","Glass Knife+1","Predator+1","Dagger Throw","Escape Plan","Doubt","Cloak And Dagger","Reflex","Sucker Punch+1"],"relics":["Ring of the Snake","Strawberry","Art of War","Toy Ornithopter","Toolbox","MealTicket","Tiny Chest"],"acts_visited":["Exordium"],"potions_floor_usage":[11,13],"damage_taken":[{"damage":2,"enemies":"Jaw Worm","floor":1,"turns":4},{"damage":0,"enemies":"Small Slimes","floor":2,"turns":2},{"damage":0,"enemies":"2 Louse","floor":4,"turns":2},{"damage":8,"enemies":"Gremlin Nob","floor":6,"turns":3},{"damage":17,"enemies":"Lagavulin","floor":11,"turns":7},{"damage":0,"enemies":"Looter","floor":13,"turns":3},{"damage":7,"enemies":"Gremlin Gang","floor":14,"turns":4},{"damage":11,"enemies":"The Guardian","floor":16,"turns":14}],"seed_played":"5223186261702240684","potions_obtained":[{"floor":4,"key":"CunningPotion"},{"floor":6,"key":"Energy Potion"}],"is_trial":false,"path_per_floor":["M","M","?","M","?","E","R","?","T","$","E","?","M","M","R","B"],"character_chosen":"THE_SILENT","items_purchased":["Toolbox","MealTicket"],"campfire_rested":0,"item_purchase_floors":[10,10],"current_hp_per_floor":[57,57,57,57,57,56,56,21,21,21,9,9,14,7,7,0,0],"gold":162,"neow_bonus":"TRANSFORM_TWO_CARDS","is_daily":false,"chose_seed":false,"campfire_upgraded":2,"win_rate":0.0,"timestamp":1611268833,"path_taken":["M","M","?","M","?","E","R","?","T","$","E","?","M","?","R","BOSS"],"items_purchased_type":["Relic","Relic"],"build_version":"2020-12-22","purchased_purges":0,"victory":false,"max_hp_per_floor":[60,60,60,60,60,67,67,67,67,67,67,67,67,67,67,67,67],"card_choices":[{"not_picked":["Setup","Cloak And Dagger"],"picked":"Dagger Throw","floor":1},{"not_picked":["Choke","Dagger Spray","Accuracy"],"picked":"SKIP","floor":2},{"not_picked":["Backflip","Quick Slash"],"picked":"Escape Plan","floor":4},{"not_picked":["Outmaneuver","PiercingWail"],"picked":"Cloak And Dagger","floor":6},{"not_picked":["Flechettes","Flying Knee"],"picked":"Reflex","floor":11},{"not_picked":["Distraction","Infinite Blades"],"picked":"Sucker Punch","floor":13},{"not_picked":["Dagger Spray","Blur","Dodge and Roll"],"picked":"SKIP","floor":14}],"player_experience":361037,"relics_obtained":[{"floor":6,"key":"Strawberry"},{"floor":9,"key":"Toy Ornithopter"},{"floor":11,"key":"Tiny Chest"}],"event_choices":[{"damage_healed":0,"gold_gain":0,"player_choice":"Grow","damage_taken":0,"max_hp_gain":0,"max_hp_loss":0,"event_name":"Living Wall","floor":3,"gold_loss":0,"cards_upgraded":["Glass Knife"]},{"damage_healed":0,"gold_gain":150,"player_choice":"AGREE","damage_taken":0,"max_hp_gain":0,"max_hp_loss":0,"event_name":"Liars Game","floor":5,"gold_loss":0,"cards_obtained":["Doubt"]},{"damage_healed":0,"gold_gain":0,"player_choice":"Success","damage_taken":35,"relics_obtained":["Art of War"],"max_hp_gain":0,"max_hp_loss":0,"event_name":"Scrap Ooze","floor":8,"gold_loss":0},{"damage_healed":0,"gold_gain":65,"player_choice":"Gained Gold","damage_taken":0,"max_hp_gain":0,"max_hp_loss":0,"event_name":"Golden Wing","floor":12,"gold_loss":0}],"is_beta":false,"boss_relics":[],"items_purged_floors":[],"is_endless":false,"potions_floor_spawned":[4,6],"killed_by":"The Guardian","ascension_level":20}}