{"host":"0ueeacaatm8t6jyh","time":1611212164,"event":{"mods":["AchievementEnabler","BaseMod","Colored Powertips","Minty Spire (QoL Compilation)","Quick Restart","Rare Cards Sparkle","StSLib"],"gold_per_floor":[109,109,109,126,145,145,220,145,192,192,192],"floor_reached":10,"language":"ZHS","playtime":192,"items_purged":["Regret"],"score":112,"play_id":"25918369-d58c-4377-9ab5-3d618675b756","local_time":"20210121145604","is_ascension_mode":true,"campfire_choices":[{"floor":6.0,"key":"REST"}],"circlet_count":0,"master_deck":["AscendersBane","Strike_R","Strike_R","Strike_R","Strike_R","Strike_R","Defend_R","Defend_R","Defend_R","Defend_R","Bash","Intimidate","Rupture"],"relics":["Runic Cube","Unceasing Top","FaceOfCleric"],"acts_visited":["Exordium"],"potions_floor_usage":[10],"damage_taken":[{"damage":20.0,"enemies":"Small Slimes","floor":1.0,"turns":3.0},{"damage":11.0,"enemies":"Cultist","floor":4.0,"turns":4.0},{"damage":9.0,"enemies":"2 Louse","floor":5.0,"turns":4.0},{"damage":60,"enemies":"Gremlin Nob","floor":10,"turns":4}],"seed_played":"5198886159583916449","potions_obtained":[{"floor":1.0,"key":"Swift Potion"},{"floor":5.0,"key":"ElixirPotion"}],"is_trial":false,"path_per_floor":["M","?","?","M","M","R","?","$","T","E"],"character_chosen":"IRONCLAD","items_purchased":[],"campfire_rested":1,"item_purchase_floors":[],"current_hp_per_floor":[48,48,48,38,30,53,42,42,42,0,0],"gold":192,"neow_bonus":"BOSS_RELIC","is_daily":false,"chose_seed":false,"campfire_upgraded":0,"win_rate":0.0,"timestamp":1611212164,"path_taken":["M","?","?","?","M","R","?","$","T","E"],"items_purchased_type":[],"build_version":"2020-12-22","purchased_purges":1,"victory":false,"max_hp_per_floor":[75,75,75,76,77,77,77,77,77,77,77],"card_choices":[{"not_picked":["Thunderclap","Infernal Blade"],"picked":"Intimidate","floor":1.0},{"not_picked":["Iron Wave","Wild Strike","Infernal Blade"],"picked":"SKIP","floor":4.0},{"not_picked":["Armaments","Bloodletting"],"picked":"Rupture","floor":5.0}],"player_experience":434827,"relics_obtained":[],"event_choices":[{"damage_healed":0.0,"max_hp_gain":0.0,"max_hp_loss":0.0,"gold_gain":0.0,"event_name":"Big Fish","player_choice":"Box","floor":2.0,"gold_loss":0.0,"damage_taken":0.0,"relics_obtained":["Unceasing Top"],"cards_obtained":["Regret"]},{"damage_healed":0.0,"max_hp_gain":0.0,"max_hp_loss":0.0,"gold_gain":0.0,"event_name":"FaceTrader","player_choice":"Trade","floor":3.0,"gold_loss":0.0,"damage_taken":0.0,"relics_obtained":["FaceOfCleric"]},{"damage_healed":0.0,"max_hp_gain":0.0,"max_hp_loss":0.0,"gold_gain":75.0,"event_name":"World of Goop","player_choice":"Gather Gold","floor":7.0,"gold_loss":0.0,"damage_taken":11.0}],"is_beta":false,"boss_relics":[],"items_purged_floors":[8],"is_endless":false,"potions_floor_spawned":[1,5],"killed_by":"Gremlin Nob","ascension_level":20}}