{"host":"5l3fd535wdxfzl1g","time":1611250949,"event":{"mods":["2.2 Compatiblity","AchievementEnabler","BaseMod","Better Third Choice","Better Vampires","Colored Powertips","Minty Spire (QoL Compilation)","Permanent Neow","Quick Restart","Rare Cards Sparkle","Replay The Spire","StSLib","UnlockEverythingMod"],"gold_per_floor":[111,129,204,204,204,204,245,274,301,301,344,344,372,400,400,507,507,524,524,545,563,428,471,471,570,595,606,531,244,255,269,278,278,278],"floor_reached":33,"language":"ZHS","playtime":1368,"items_purged":["Defend_B","Strike_B"],"score":300,"play_id":"d1178d29-85b2-4eaf-81cf-65ee93580d21","local_time":"20210122014229","is_ascension_mode":false,"campfire_choices":[{"data":"Hyperbeam","floor":6.0,"key":"SMITH"},{"data":"Zap","floor":12.0,"key":"SMITH"},{"floor":15.0,"key":"REST"},{"floor":24.0,"key":"REST"}],"circlet_count":0,"master_deck":["Defend_B","Defend_B","Defend_B","Zap+1","Dualcast","Hologram","Hyperbeam+1","Coolheaded","Turbo","Conserve Battery","Lockon","Amplify","Undo+1","Auto Shields","Leap","Self Repair","Seek","Defragment","Core Surge","Electrodynamics"],"relics":["FrozenCore","NeowsBlessing","CeramicFish","Art of War","Replay:Grab Bag","Philosopher\u0027s Stone","Fusion Hammer","Sundial","Mango","Omamori","Membership Card"],"acts_visited":["Exordium","TheCity"],"potions_floor_usage":[33],"damage_taken":[{"damage":0.0,"enemies":"Small Slimes","floor":1.0,"turns":1.0},{"damage":0.0,"enemies":"2 Louse","floor":2.0,"turns":1.0},{"damage":0.0,"enemies":"Gremlin Nob","floor":7.0,"turns":1.0},{"damage":1.0,"enemies":"Cultist","floor":8.0,"turns":3.0},{"damage":44.0,"enemies":"Lagavulin","floor":11.0,"turns":8.0},{"damage":6.0,"enemies":"Red Slaver","floor":13.0,"turns":2.0},{"damage":2.0,"enemies":"3 Louse","floor":14.0,"turns":3.0},{"damage":12.0,"enemies":"Slime Boss","floor":16.0,"turns":4.0},{"damage":17.0,"enemies":"2 Thieves","floor":18.0,"turns":2.0},{"damage":10.0,"enemies":"3 Byrds","floor":20.0,"turns":2.0},{"damage":33.0,"enemies":"Gremlin Leader","floor":23.0,"turns":7.0},{"damage":5.0,"enemies":"Centurion and Healer","floor":27.0,"turns":8.0},{"damage":28.0,"enemies":"Snake Plant","floor":30.0,"turns":6.0},{"damage":7.0,"enemies":"Cultist and Chosen","floor":31.0,"turns":8.0},{"damage":74,"enemies":"Automaton","floor":33,"turns":12}],"seed_played":"4509086464107482821","potions_obtained":[{"floor":2.0,"key":"Elixir"},{"floor":7.0,"key":"FocusPotion"},{"floor":13.0,"key":"Venom Potion"},{"floor":14.0,"key":"Energy Potion"},{"floor":23.0,"key":"Energy Potion"},{"floor":31.0,"key":"SkillPotion"}],"is_trial":false,"path_per_floor":["M","M","?","?","?","R","E","M","T","?","E","R","M","M","R","B",null,"M","T","M","?","$","E","R","?","T","M","?","$","M","M","R","B"],"character_chosen":"DEFECT","items_purchased":["Self Repair","Membership Card","Defragment","Core Surge"],"campfire_rested":2,"item_purchase_floors":[22,29,29,29],"current_hp_per_floor":[75,75,64,64,64,64,64,63,63,63,19,19,13,11,33,21,75,58,58,48,48,48,36,62,62,62,71,71,71,50,50,50,0,0],"gold":278,"neow_bonus":"THREE_ENEMY_KILL","is_daily":false,"chose_seed":false,"campfire_upgraded":2,"win_rate":0.0,"timestamp":1611250949,"path_taken":["M","M","?","?","?","R","E","M","T","?","E","R","M","?","R","BOSS","M","?","M","?","$","E","R","?","T","M","?","$","M","M","R","BOSS"],"items_purchased_type":["Card","Relic","Card","Card"],"build_version":"2020-12-22","purchased_purges":2,"victory":false,"max_hp_per_floor":[75,75,75,75,75,75,75,75,75,75,75,75,75,75,75,75,75,75,75,75,75,75,89,89,89,89,89,89,89,89,89,89,89,89],"card_choices":[{"not_picked":["Beam Cell","Reprogram","BasicCrystalCard"],"picked":"SKIP","floor":1.0},{"not_picked":["Rebound","Leap"],"picked":"Hologram","floor":2.0},{"not_picked":["Gash","ReplayTheSpireMod:System Scan"],"picked":"Coolheaded","floor":7.0},{"not_picked":["White Noise","ReplayGash"],"picked":"Turbo","floor":8.0},{"not_picked":["Beam Cell","Go for the Eyes"],"picked":"Conserve Battery","floor":11.0},{"not_picked":["Beam Cell","Compile Driver"],"picked":"Lockon","floor":13.0},{"not_picked":["Conserve Battery","Consume"],"picked":"Amplify","floor":14.0},{"not_picked":["All For One","ReplayTheSpireMod:Omega Cannon"],"picked":"Amplify","floor":16.0},{"not_picked":["Doom and Gloom+1","Go for the Eyes","Tempest"],"picked":"SKIP","floor":18.0},{"not_picked":["Aggregate","Go for the Eyes","Undo+1"],"picked":"SKIP","floor":20.0},{"not_picked":["Aggregate","Go for the Eyes"],"picked":"Undo+1","floor":20.0},{"not_picked":["Gash","Consume"],"picked":"Seek","floor":23.0},{"not_picked":["Compile Driver","Stack","Steam+1"],"picked":"SKIP","floor":27.0},{"not_picked":["Time Bomb","Streamline+1","Stack"],"picked":"SKIP","floor":30.0},{"not_picked":["Turbo","Rebound","Stack"],"picked":"SKIP","floor":31.0}],"player_experience":95575,"relics_obtained":[{"floor":7.0,"key":"CeramicFish"},{"floor":11.0,"key":"Art of War"},{"floor":19.0,"key":"Sundial"},{"floor":23.0,"key":"Mango"},{"floor":26.0,"key":"Omamori"}],"event_choices":[{"damage_healed":0.0,"max_hp_gain":0.0,"max_hp_loss":0.0,"gold_gain":75.0,"event_name":"betterThird:BetterGoop","player_choice":"Gold","floor":3.0,"gold_loss":0.0,"damage_taken":11.0},{"damage_healed":0.0,"max_hp_gain":0.0,"max_hp_loss":0.0,"gold_gain":0.0,"event_name":"betterThird:BetterSerpent","player_choice":"Ignored","floor":4.0,"gold_loss":0.0,"damage_taken":204.0},{"damage_healed":0.0,"max_hp_gain":0.0,"max_hp_loss":0.0,"gold_gain":0.0,"cards_transformed":["Strike_B"],"event_name":"Living Wall","player_choice":"Change","floor":5.0,"gold_loss":0.0,"damage_taken":0.0,"cards_obtained":["Hyperbeam"]},{"damage_healed":0.0,"max_hp_gain":0.0,"max_hp_loss":0.0,"gold_gain":0.0,"event_name":"NoteForYourself","player_choice":"Ignored","floor":10.0,"gold_loss":0.0,"damage_taken":0.0},{"damage_healed":0.0,"max_hp_gain":0.0,"max_hp_loss":0.0,"gold_gain":0.0,"cards_transformed":["Amplify","Strike_B"],"event_name":"Drug Dealer","player_choice":"Became Test Subject","floor":21.0,"gold_loss":0.0,"damage_taken":0.0,"cards_obtained":["Auto Shields","Leap"]},{"damage_healed":0.0,"max_hp_gain":0.0,"max_hp_loss":0.0,"gold_gain":99.0,"event_name":"betterThird:BetterNest","player_choice":"Steal","floor":25.0,"gold_loss":0.0,"damage_taken":0.0},{"cards_removed":["Strike_B"],"damage_healed":0.0,"max_hp_gain":0.0,"max_hp_loss":0.0,"gold_gain":0.0,"event_name":"Beggar","player_choice":"Gave Gold","floor":28.0,"gold_loss":75.0,"damage_taken":0.0},{"damage_healed":0.0,"max_hp_gain":0.0,"max_hp_loss":0.0,"gold_gain":0.0,"event_name":"The Library","player_choice":"Read","floor":32.0,"gold_loss":0.0,"damage_taken":0.0,"cards_obtained":["Electrodynamics"]}],"is_beta":false,"boss_relics":[{"not_picked":["Tiny House","Kintsugi"],"picked":"Replay:Grab Bag"},{"not_picked":["SlaversCollar","Busted Crown"],"picked":"Philosopher\u0027s Stone"},{"not_picked":["Velvet Choker","Coffee Dripper"],"picked":"Fusion Hammer"},{"not_picked":["Calling Bell","SacredBark"],"picked":"FrozenCore"}],"items_purged_floors":[22,29],"is_endless":false,"potions_floor_spawned":[2,7,13,14,23,31],"killed_by":"Automaton","ascension_level":0}}