{"host":"9d9dhukr2jywmy0f","time":1611233617,"event":{"mods":["2.2 Compatiblity","ATMod(阿瑾Mod)","Act Like it!","Alarm Clock","Aspiration","BaseMod","Bestiary","Block Reminder","Challenge The Spire","Colored Map","Colored Powertips","Conspire","Curses Come First","DeckTracker","Dota2Spire","Energized Spire","Fox Events","GifTheSpireLib","Halation","Highlight Path","Hubris","Infinite Spire","Ironclad Rager","Jedi Mod","Jess\u0027s Bottle","Key Reminder","LazyManMod","Minty Spire (QoL Compilation)","Mirrors Mod","MostiFishMod","Pale of the Ancients","Poem Panic","Poor People Problems","Quarter Circle Forward PUNCH!","Quick Restart","RRrroohrrRGHHhhh!!","Rare Cards Sparkle","RatMod","Relic Sorter","Relic Stats","Replay The Spire","Retaliation","RumiaBox-露米娅的神秘盒子","SCP261 Mod","Shop Mod","Spicy Shops","Spikes Relics","Spire Arcade","Spire Birthday Party","StS++","StSLib","Stuff the Spire","SuperFastMode","Swap Starting Deck Mod","Synergy Search","TestMod","The Blue Laboratory","Thieving Mod","Trackpad","Unceasing Turn Reminder","Unknown Chances","Virulent Crown","[功能]功能增强和修复MOD","vexMod","【遗物卡牌】REMEMod"],"gold_per_floor":[725,725,757,792,827,827,585,585,651,713,775,775,52,52,83,109,136,181],"floor_reached":19,"language":"ZHS","playtime":1175,"items_purged":["Strike_R","Strike_R","Defend_R","DeceiveReality"],"score":520,"play_id":"4924baf7-38af-4f5d-8d01-5d3c4c1786e9","local_time":"20210121205337","daily_mods":["challengethespire:Elite Rush","challengethespire:Bronze Difficulty","Uncertain Future"],"is_ascension_mode":false,"campfire_choices":[{"data":"MostiFishMod:Chiaki","floor":2.0,"key":"SMITH"},{"data":"Body Slam","floor":8.0,"key":"SMITH"},{"floor":14,"key":"REST"}],"circlet_count":0,"master_deck":["Defend_R","Defend_R","Defend_R","Bash","AT_EmpoweredMortalDraw","MostiFishMod:Chiaki+1","AT_EmpoweredMortalDraw","StSpp:Succumb","Power Through","Body Slam+1","Battle Trance","Shrug It Off","Burning Pact","Defend_R","Defend_R","Tantrum","Recycle","Turbo"],"relics":["Emotion Chip","Sizzling Blood","BrkXgEgg","Dota2Spire:AssaultCuirass","halation:StarCompass","Civilization","hubris:CrackedHourglass","StuffTheSpire:CocoNut","testmod-TestBox","Iron Core","halation:PapillonHeart","Ring of the Snake","testmod-Mahjong","Ice Cream","Replay:Blank Codex","testmod-Muramasa","REME_ComplimentaryCards","RollingBoulder","Replay:M_SmolderingBlood","testmod-CrystalShield","Fusion Hammer","halation:PeacePiece","Enchiridion","testmod-Antiphasic","qcfpunch:Handcuffs","trackpad:FieryHotPepper","infinitespire:DarkRift","Replay:Drink Me","aspiration:HiddenCompartment","LugNut","FaceOfCleric","SynthV:C4","infinitespire:Chaos","SynthV:C4","testmod-BlackFramedGlasses","Bag of Marbles","AT_EbonyIvory","Dota2Spire:ArcaneBoots"],"acts_visited":["Exordium"],"potions_floor_usage":[17,17],"damage_taken":[{"damage":18.0,"enemies":"Lagavulin","floor":3.0,"turns":3.0},{"damage":0.0,"enemies":"Gremlin Nob","floor":4.0,"turns":2.0},{"damage":0.0,"enemies":"3 Sentries","floor":5.0,"turns":1.0},{"damage":6.0,"enemies":"Slavers","floor":9.0,"turns":2.0},{"damage":0.0,"enemies":"Gremlin Leader","floor":10.0,"turns":2.0},{"damage":0.0,"enemies":"Book of Stabbing","floor":11.0,"turns":3.0},{"damage":0,"enemies":"Nemesis","floor":15,"turns":2},{"damage":0,"enemies":"Reptomancer","floor":16,"turns":2},{"damage":0,"enemies":"Giant Head","floor":17,"turns":5},{"damage":0,"enemies":"Shield and Spear","floor":18,"turns":1}],"seed_played":"5071968290483226606","potions_obtained":[{"floor":4.0,"key":"jedi:tentaclejuice"},{"floor":5.0,"key":"Adrenaline Potion"},{"floor":9.0,"key":"blueLaboratory:FruitPunch"},{"floor":9.0,"key":"blueLaboratory:FruitPunch"}],"is_trial":true,"path_per_floor":["$","R","E","E","E","T","$","R","E","E","E","T","$","R","E","E","E","E",null],"character_chosen":"IRONCLAD","items_purchased":["DollysMirror","StSpp:Succumb","MerchantsRug","Blood Vial","aspiration:Nostalgia","infinitespire:Chaos","SynthV:C4"],"campfire_rested":1,"item_purchase_floors":[1,1,7,7,13,13,13],"current_hp_per_floor":[80,80,68,74,80,80,80,80,80,63,63,63,56,56,58,61,69,75],"gold":181,"neow_bonus":"","is_daily":false,"chose_seed":false,"campfire_upgraded":2,"win_rate":0.0,"timestamp":1611233617,"path_taken":["$","R","E","E","E","T","$","R","E","E","E","T","$","R","E","E","E","E"],"items_purchased_type":["Relic","Card","Relic","Relic","Relic","Relic","Relic"],"build_version":"2020-11-30","purchased_purges":4,"victory":true,"max_hp_per_floor":[80,80,80,80,80,80,80,80,80,63,63,63,56,56,58,61,69,75],"relic_stats":{"Emotion Chip":[0,0,0,0,0],"FaceOfCleric":4,"counters":[10,22],"obtain_stats":[{"Ice Cream":13,"dwlrmod:ProjectRecorder":4,"AT_ATBox":0,"StuffTheSpire:BottledHeartBeat":10,"Sling":0,"halation:StarCompass":13,"testmod-BlackFramedGlasses":15,"Blood Vial":7,"Dota2Spire:EyeOfSkadi":10,"FaceOfCleric":13,"DollysMirror":1,"halation:VictoryRuler":11,"StSpp:TwinEgg":9,"Fusion Hammer":13,"qcfpunch:Handcuffs":13,"Replay:Blank Codex":13,"LugNut":13,"Girya":3,"MerchantsRug":7,"testmod-Maize":10,"testmod-TestBox":0,"aspiration:Nostalgia":13,"AT_EbonyIvory":17,"aspiration:HiddenCompartment":5,"aspiration:FrozenJewel":9,"testmod-Fortitude":0,"infinitespire:Lychee Nut":10,"SentryEyes":0,"Black Star":0,"StuffTheSpire:PointBlank":9,"GodSword3":5,"Iron Core":13,"halation:PapillonHeart":13,"DaveBox":0,"rorgmod:Black Star":6,"Enchiridion":13,"aspiration:TomeofQuesting":4,"Sizzling Blood":13,"jedi:battlestandard":12,"jedi:archwizardhat":11,"Burning Blood":0,"SynthV:C4":13,"Civilization":13,"Emotion Chip":13,"testmod-CrystalShield":13,"testmod-Mahjong":13,"trackpad:FieryHotPepper":13,"Replay:M_SmolderingBlood":13,"RollingBoulder":13,"Dota2Spire:AssaultCuirass":13,"Dota2Spire:ArcaneBoots":18,"infinitespire:Chaos":13,"Replay:Drink Me":13,"Ring of the Snake":13,"testmod-Muramasa":13,"jedi:purplefairy":4,"SuspiciousGoo":11,"infinitespire:EmptyRelic":13,"PreservedInsect":0,"BrkXgEgg":13,"StSpp:SailingBoat":9,"Orichalcum":3,"testmod-Antiphasic":13,"infinitespire:DarkRift":13,"StuffTheSpire:CocoNut":13,"Bag of Marbles":16,"testmod-BalancedPeriapt":11,"hubris:CrackedHourglass":13,"halation:PeacePiece":13,"REME_ComplimentaryCards":0},{"Ice Cream":6,"dwlrmod:ProjectRecorder":2,"AT_ATBox":0,"StuffTheSpire:BottledHeartBeat":5,"Sling":0,"halation:StarCompass":6,"testmod-BlackFramedGlasses":7,"Blood Vial":3,"Dota2Spire:EyeOfSkadi":5,"FaceOfCleric":6,"DollysMirror":0,"halation:VictoryRuler":6,"StSpp:TwinEgg":4,"Fusion Hammer":6,"qcfpunch:Handcuffs":6,"Replay:Blank Codex":6,"LugNut":6,"Girya":1,"MerchantsRug":3,"testmod-Maize":5,"testmod-TestBox":0,"aspiration:Nostalgia":6,"AT_EbonyIvory":9,"aspiration:HiddenCompartment":3,"aspiration:FrozenJewel":4,"testmod-Fortitude":0,"infinitespire:Lychee Nut":5,"SentryEyes":0,"Black Star":0,"StuffTheSpire:PointBlank":4,"GodSword3":3,"Iron Core":6,"halation:PapillonHeart":6,"DaveBox":0,"rorgmod:Black Star":3,"Enchiridion":6,"aspiration:TomeofQuesting":2,"Sizzling Blood":6,"jedi:battlestandard":6,"jedi:archwizardhat":6,"Burning Blood":0,"SynthV:C4":6,"Civilization":6,"Emotion Chip":6,"testmod-CrystalShield":6,"testmod-Mahjong":6,"trackpad:FieryHotPepper":6,"Replay:M_SmolderingBlood":6,"RollingBoulder":6,"Dota2Spire:AssaultCuirass":6,"Dota2Spire:ArcaneBoots":10,"infinitespire:Chaos":6,"Replay:Drink Me":6,"Ring of the Snake":6,"testmod-Muramasa":6,"jedi:purplefairy":2,"SuspiciousGoo":6,"infinitespire:EmptyRelic":6,"PreservedInsect":0,"BrkXgEgg":6,"StSpp:SailingBoat":4,"Orichalcum":1,"testmod-Antiphasic":6,"infinitespire:DarkRift":6,"StuffTheSpire:CocoNut":6,"Bag of Marbles":8,"testmod-BalancedPeriapt":6,"hubris:CrackedHourglass":6,"halation:PeacePiece":6,"REME_ComplimentaryCards":0},{"Ice Cream":12,"dwlrmod:ProjectRecorder":4,"AT_ATBox":0,"StuffTheSpire:BottledHeartBeat":9,"Sling":0,"halation:StarCompass":12,"testmod-BlackFramedGlasses":14,"Blood Vial":5,"Dota2Spire:EyeOfSkadi":9,"FaceOfCleric":12,"DollysMirror":0,"halation:VictoryRuler":12,"StSpp:TwinEgg":7,"Fusion Hammer":12,"qcfpunch:Handcuffs":12,"Replay:Blank Codex":12,"LugNut":12,"Girya":2,"MerchantsRug":5,"testmod-Maize":9,"testmod-TestBox":0,"aspiration:Nostalgia":12,"AT_EbonyIvory":21,"aspiration:HiddenCompartment":5,"aspiration:FrozenJewel":7,"testmod-Fortitude":0,"infinitespire:Lychee Nut":9,"SentryEyes":0,"Black Star":0,"StuffTheSpire:PointBlank":7,"GodSword3":5,"Iron Core":12,"halation:PapillonHeart":12,"DaveBox":0,"rorgmod:Black Star":5,"Enchiridion":12,"aspiration:TomeofQuesting":4,"Sizzling Blood":12,"jedi:battlestandard":12,"jedi:archwizardhat":12,"Burning Blood":0,"SynthV:C4":12,"Civilization":12,"Emotion Chip":12,"testmod-CrystalShield":12,"testmod-Mahjong":12,"trackpad:FieryHotPepper":12,"Replay:M_SmolderingBlood":12,"RollingBoulder":12,"Dota2Spire:AssaultCuirass":12,"Dota2Spire:ArcaneBoots":22,"infinitespire:Chaos":12,"Replay:Drink Me":12,"Ring of the Snake":12,"testmod-Muramasa":12,"jedi:purplefairy":4,"SuspiciousGoo":12,"infinitespire:EmptyRelic":12,"PreservedInsect":0,"BrkXgEgg":12,"StSpp:SailingBoat":7,"Orichalcum":2,"testmod-Antiphasic":12,"infinitespire:DarkRift":12,"StuffTheSpire:CocoNut":12,"Bag of Marbles":16,"testmod-BalancedPeriapt":12,"hubris:CrackedHourglass":12,"halation:PeacePiece":12,"REME_ComplimentaryCards":0}],"Ring of the Snake":[7]},"card_choices":[],"player_experience":853625,"relics_obtained":[{"floor":3.0,"key":"Girya"},{"floor":3.0,"key":"Orichalcum"},{"floor":4.0,"key":"aspiration:TomeofQuesting"},{"floor":4.0,"key":"jedi:purplefairy"},{"floor":4.0,"key":"dwlrmod:ProjectRecorder"},{"floor":5.0,"key":"GodSword3"},{"floor":5.0,"key":"aspiration:HiddenCompartment"},{"floor":9.0,"key":"StSpp:SailingBoat"},{"floor":9.0,"key":"StuffTheSpire:PointBlank"},{"floor":9.0,"key":"aspiration:FrozenJewel"},{"floor":9.0,"key":"StSpp:TwinEgg"},{"floor":10.0,"key":"Dota2Spire:EyeOfSkadi"},{"floor":10.0,"key":"infinitespire:Lychee Nut"},{"floor":10.0,"key":"testmod-Maize"},{"floor":10.0,"key":"StuffTheSpire:BottledHeartBeat"},{"floor":11.0,"key":"halation:VictoryRuler"},{"floor":11.0,"key":"testmod-BalancedPeriapt"},{"floor":11.0,"key":"SuspiciousGoo"},{"floor":11.0,"key":"jedi:archwizardhat"},{"floor":15,"key":"testmod-BlackFramedGlasses"},{"floor":16,"key":"Bag of Marbles"},{"floor":17,"key":"AT_EbonyIvory"},{"floor":18,"key":"Dota2Spire:ArcaneBoots"}],"event_choices":[],"is_beta":false,"boss_relics":[{"not_picked":["HailfireSword","Black Blood"],"picked":"rorgmod:Black Star"},{"not_picked":["halation:PlatinumPhoenix","SoulBox"],"picked":"jedi:battlestandard"}],"items_purged_floors":[1,7,13,13],"is_endless":false,"potions_floor_spawned":[4,5,9,16],"ascension_level":0}}