{"host":"s794kqxf2n1qz2yr","time":1611192688,"event":{"mods":["100% Spire Juice","2.2 Compatiblity","AchievementEnabler","Aspiration","BaseMod","Downfall","Friendly Minions","Hermit","Marisa????????","Minty Spire (QoL Compilation)","Permanent Neow","Spire Arcade","StSLib"],"gold_per_floor":[116,195,214,214,224,224,240,240,266,441,441,454,60,84,84,189,189,204,52,65,65,65],"floor_reached":21,"language":"ENG","playtime":913,"items_purged":[],"score":169,"play_id":"395ae174-541d-4649-8046-a9f1152998f5","local_time":"20210121013128","is_ascension_mode":false,"campfire_choices":[{"data":"EnergyFlow","floor":6,"key":"SMITH"},{"data":"GalacticHalo","floor":8,"key":"SMITH"},{"floor":11,"key":"REST"},{"data":"SatelliteIllusion","floor":15,"key":"SMITH"}],"circlet_count":0,"master_deck":["Strike_MRS","Strike_MRS","Strike_MRS","Defend_MRS","Defend_MRS","Defend_MRS","Defend_MRS","MasterSpark","UpSweep","Regret","Panache","DarkMatter","GalacticHalo+1","EnergyFlow+1","EnergyFlow","SatelliteIllusion+1","UltimateShortwave","IllusionStar+1","EnergyFlow","DarkMatter"],"relics":["MiniHakkero","Question Card","Omamori","Kunai","Potion Belt","Philosopher\u0027s Stone"],"acts_visited":["Exordium","TheCity"],"potions_floor_usage":[16,18],"damage_taken":[{"damage":4,"enemies":"Cultist","floor":1,"turns":4},{"damage":9,"enemies":"Jaw Worm","floor":3,"turns":4},{"damage":3,"enemies":"2 Louse","floor":5,"turns":4},{"damage":7,"enemies":"Exordium Wildlife","floor":7,"turns":7},{"damage":12,"enemies":"Gremlin Gang","floor":12,"turns":7},{"damage":45,"enemies":"Hexaghost","floor":16,"turns":10},{"damage":19,"enemies":"2 Thieves","floor":18,"turns":5},{"damage":28,"enemies":"3 Byrds","floor":20,"turns":5},{"damage":0,"enemies":"Shelled Parasite and Fungi","floor":21,"turns":1}],"seed_played":"-4388239770673309242","potions_obtained":[{"floor":5,"key":"FearPotion"},{"floor":7,"key":"Swift Potion"},{"floor":16,"key":"champ:CounterPotion"},{"floor":20,"key":"SpeedPotion"}],"is_trial":false,"path_per_floor":["M","T","M","?","M","R","M","R","T","?","R","M","$","T","R","B",null,"M","$","M","M"],"character_chosen":"MARISA","items_purchased":["SatelliteIllusion","Kunai","EnergyFlow","DarkMatter"],"campfire_rested":1,"item_purchase_floors":[13,13,19,19],"current_hp_per_floor":[71,71,62,55,52,52,45,45,45,45,67,55,55,55,55,10,75,56,56,28,28,28],"gold":65,"neow_bonus":"RANDOM_COLORLESS_2","is_daily":false,"chose_seed":false,"campfire_upgraded":3,"win_rate":0.0,"timestamp":1611192688,"path_taken":["M","?","?","?","M","R","M","R","T","?","R","M","$","?","R","BOSS","M","$","?","M"],"items_purchased_type":["Card","Relic","Card","Card"],"build_version":"2020-12-22","purchased_purges":0,"victory":false,"max_hp_per_floor":[75,75,75,75,75,75,75,75,75,75,75,75,75,75,75,75,75,75,75,75,75,75],"card_choices":[{"not_picked":["Secret Technique","HandOfGreed"],"picked":"Panache","floor":0},{"not_picked":["PowerUp","ShootTheMoon"],"picked":"DarkMatter","floor":1},{"not_picked":["UnstableBomb","MachineGunSpark","PowerUp"],"picked":"GalacticHalo","floor":3},{"not_picked":["AsteroidBelt","WitchLeyline","OortCloud"],"picked":"EnergyFlow","floor":5},{"not_picked":["WitchOfGreed","StarBarrage","SuperPerseids","PowerUp"],"picked":"SKIP","floor":7},{"not_picked":["MachineGunSpark","MysteriousBeam","FairyDestructionRay"],"picked":"EnergyFlow","floor":12},{"not_picked":["MillisecondPulsars","FinalSpark","CollectingQuirk"],"picked":"UltimateShortwave","floor":16},{"not_picked":["UnstableBomb+1","DoubleSpark","GrandCross"],"picked":"IllusionStar+1","floor":18},{"not_picked":["DoubleSpark+1","MilkyWay","MachineGunSpark","MillisecondPulsars"],"picked":"SKIP","floor":20}],"player_experience":346450,"relics_obtained":[{"floor":2,"key":"Question Card"},{"floor":9,"key":"Omamori"},{"floor":14,"key":"Potion Belt"}],"event_choices":[{"cards_removed":["Strike_MRS"],"damage_healed":0,"gold_gain":0,"player_choice":"Card Removal","damage_taken":7,"max_hp_gain":0,"max_hp_loss":0,"event_name":"Golden Wing","floor":4,"gold_loss":0},{"damage_healed":0,"gold_gain":175,"player_choice":"AGREE","damage_taken":0,"max_hp_gain":0,"max_hp_loss":0,"event_name":"Liars Game","floor":10,"gold_loss":0,"cards_obtained":["Doubt"]}],"is_beta":false,"boss_relics":[{"not_picked":["aspiration:FutureDiary","Snecko Eye"],"picked":"Philosopher\u0027s Stone"}],"items_purged_floors":[],"is_endless":false,"potions_floor_spawned":[5,7,16,20],"killed_by":"Shelled Parasite and Fungi","ascension_level":0}}