{"host":"x730sfaw5rd1mxd8","time":1611197539,"event":{"mods":["BaseMod","BetterRewards","Colored Map","Colored Powertips","Highlight Path","Minty Spire (QoL Compilation)","Relic Sorter","Relic Stats","Replay The Spire","StSLib"],"gold_per_floor":[119,135,150,166,183,212,212,241,266,296,296,296,296,330,330,342,342,445,445,465,476,495,495,495,525,538,573,622,622,547,558,591,603,603,699,699,715,341,355,375,389,421,421,421,421,421,770,770,800,850,850,850,850,850,439,472,472],"floor_reached":58,"language":"ENG","playtime":3706,"items_purged":["Strike_R+1","Strike_R+1"],"score":1700,"play_id":"1e43fdc3-1254-468e-bf11-113d11f6bcec","local_time":"20210120215219","is_ascension_mode":true,"campfire_choices":[{"data":"Bash","floor":7,"key":"SMITH"},{"data":"Perfected Strike","floor":13,"key":"SMITH"},{"data":"True Grit","floor":17,"key":"SMITH"},{"data":"Defend_R+1","floor":29,"key":"SMITH"},{"data":"Defend_R+1","floor":34,"key":"SMITH"},{"floor":43,"key":"RECALL"},{"data":"Feel No Pain","floor":46,"key":"SMITH"},{"data":"Shrug It Off","floor":48,"key":"SMITH"},{"data":"Pommel Strike","floor":51,"key":"SMITH"},{"data":"Defend_R+2","floor":54,"key":"SMITH"}],"circlet_count":0,"master_deck":["Strike_R+1","Strike_R+2","Defend_R+3","Defend_R+2","Defend_R+2","Defend_R+1","Bash+1","Poisoned Strike","Twin Strike+1","Battle Trance","Pommel Strike+1","Perfected Strike+1","Shrug It Off+1","Cleave","Power Through","True Grit+1","Impervious+1","Shrug It Off+1","Spot Weakness+1","Whirlwind+1","Berserk+1","Feel No Pain+1","Headbutt","Barricade+1","Shrug It Off+1","Uppercut+1","Body Slam+1"],"relics":["Burning Blood","TheAbacus","Golden Egg","Bag of Preparation","Anchor","Whetstone","Velvet Choker","Replay:Bottled Eggs","Simple Rune","Quantum Egg","SlaversCollar","Replay:Baseball","Nunchaku","Juzu Bracelet","Old Coin","Blood Vial","Thread and Needle","Shuriken","Champion Belt"],"acts_visited":["Exordium","TheCity","TheBeyond","TheEnding"],"potions_floor_usage":[14,27,32,40,57,57,57],"damage_taken":[{"damage":0,"enemies":"2 Louse","floor":1,"turns":2},{"damage":1,"enemies":"Cultist","floor":2,"turns":3},{"damage":0,"enemies":"Small Slimes","floor":3,"turns":3},{"damage":0,"enemies":"3 Louse","floor":4,"turns":4},{"damage":4,"enemies":"Blue Slaver","floor":5,"turns":4},{"damage":22,"enemies":"Gremlin Nob","floor":6,"turns":4},{"damage":12,"enemies":"Lagavulin","floor":8,"turns":6},{"damage":14,"enemies":"Gremlin Nob","floor":10,"turns":3},{"damage":13,"enemies":"Lagavulin","floor":14,"turns":3},{"damage":0,"enemies":"2 Fungi Beasts","floor":16,"turns":3},{"damage":15,"enemies":"Hexaghost","floor":18,"turns":8},{"damage":9,"enemies":"3 Byrds","floor":20,"turns":5},{"damage":0,"enemies":"2 Thieves","floor":21,"turns":3},{"damage":0,"enemies":"Chosen and Byrds","floor":22,"turns":4},{"damage":5,"enemies":"Replay:Snechameleon","floor":25,"turns":5},{"damage":8,"enemies":"Snake Plant","floor":26,"turns":3},{"damage":0,"enemies":"Slavers","floor":27,"turns":4},{"damage":0,"enemies":"Snecko","floor":31,"turns":4},{"damage":13,"enemies":"Gremlin Leader","floor":32,"turns":5},{"damage":0,"enemies":"Centurion and Healer","floor":33,"turns":5},{"damage":67,"enemies":"Champ","floor":35,"turns":11},{"damage":0,"enemies":"3 Shapes","floor":37,"turns":7},{"damage":0,"enemies":"3 Darklings","floor":39,"turns":4},{"damage":7,"enemies":"4 Shapes","floor":40,"turns":6},{"damage":3,"enemies":"Maw","floor":41,"turns":7},{"damage":0,"enemies":"Reptomancer","floor":42,"turns":7},{"damage":26,"enemies":"2 Orb Walkers","floor":47,"turns":7},{"damage":0,"enemies":"R_Hoarder","floor":49,"turns":7},{"damage":0,"enemies":"Mind Bloom Boss Battle","floor":50,"turns":4},{"damage":23,"enemies":"Time Eater","floor":52,"turns":10},{"damage":0,"enemies":"Shield and Spear","floor":56,"turns":5},{"damage":78,"enemies":"The Heart","floor":57,"turns":11}],"seed_played":"-6604368802759298532","potions_obtained":[{"floor":4,"key":"SteroidPotion"},{"floor":6,"key":"Reflective Coating"},{"floor":10,"key":"Milkshake"},{"floor":18,"key":"Energy Potion"},{"floor":21,"key":"FearPotion"},{"floor":33,"key":"DuplicationPotion"},{"floor":35,"key":"Fire Potion"},{"floor":42,"key":"Languid Potion"},{"floor":50,"key":"CultistPotion"}],"is_trial":false,"path_per_floor":["M","M","M","M","M","E","R","E","T","E","PTL","PTL","R","E","?","M","R_BF","B",null,"M","M","M","?","?","E","M","E","T","R","?","M","E","M","R","B",null,"M","$","M","M","M","E","R","?","T","R","?","R","E","?","R_BF","B",null,"R","$","E","B",null],"character_chosen":"IRONCLAD","items_purchased":["TheAbacus","Poisoned Strike","Weak Potion","Replay:Baseball","Nunchaku","Shuriken","Dexterity Potion"],"campfire_rested":0,"item_purchase_floors":[0,0,0,38,38,55,55],"current_hp_per_floor":[80,80,80,80,80,64,64,58,58,50,50,50,50,43,35,41,41,32,80,77,80,80,80,80,80,78,80,80,80,80,80,73,79,79,18,80,80,80,80,79,80,80,80,76,76,76,56,56,66,74,74,59,80,80,80,80,8],"gold":472,"neow_bonus":"","is_daily":false,"chose_seed":false,"campfire_upgraded":9,"win_rate":0.0,"timestamp":1611197539,"path_taken":["M","M","M","M","M","E","R","E","T","E","PTL","PTL","R","E","?","M","R_BF","BOSS","M","M","?","?","?","E","M","E","T","R","?","M","E","M","R","BOSS","M","$","M","M","M","E","R","?","T","R","?","R","E","?","R_BF","BOSS","R","$","E","BOSS"],"items_purchased_type":["Relic","Card","Potion","Relic","Relic","Relic","Potion"],"build_version":"2020-12-22","purchased_purges":2,"victory":true,"max_hp_per_floor":[80,80,80,80,80,80,80,80,80,80,80,80,80,80,80,80,80,80,80,80,80,80,80,80,80,80,80,80,80,80,80,80,80,80,80,80,80,80,80,80,80,80,80,76,76,76,76,76,80,80,80,80,80,80,80,80,80],"relic_stats":{"Blood Vial":4,"Nunchaku":[38],"TheAbacus":[216],"counters":[93,411],"Shuriken":[2],"Bag of Preparation":[54],"Juzu Bracelet":0,"Whetstone":["Backstab","Strike_R","Twin Strike"],"Champion Belt":[1],"obtain_stats":[{"Ice Cream":14,"Golden Egg":8,"Gremlin Horn":9,"Whetstone":14,"Old Coin":47,"Blood Vial":20,"Centennial Puzzle":9,"Strawberry":28,"MealTicket":27,"Electric Blood":17,"Blue Candle":30,"Oddly Smooth Stone":26,"Velvet Choker":19,"SlaversCollar":17,"Replay:Baseball":38,"Shuriken":55,"Bronze Scales":12,"Bird Faced Urn":12,"Simple Rune":28,"Mark of Pain":0,"Pocketwatch":0,"Darkstone Periapt":5,"Singing Bowl":10,"Magic Flower":11,"Mango":6,"Bag of Preparation":9,"Juzu Bracelet":42,"Cursed Key":34,"Burning Blood":0,"Pet Ghost":23,"Dream Catcher":43,"Nunchaku":38,"TheAbacus":0,"Pantograph":23,"Gambling Chip":24,"Replay:Bottled Eggs":27,"Red Skull":6,"Golden Idol":11,"Quantum Egg":32,"Thread and Needle":50,"The Courier":14,"PreservedInsect":22,"Frozen Egg 2":0,"Anchor":10,"Busted Crown":17,"Turnip":46,"Art of War":40,"Snack Pack":8,"Champion Belt":56},{"Ice Cream":23,"Golden Egg":68,"Gremlin Horn":20,"Whetstone":70,"Old Coin":88,"Blood Vial":26,"Centennial Puzzle":5,"Strawberry":13,"MealTicket":58,"Electric Blood":51,"Blue Candle":30,"Oddly Smooth Stone":57,"Velvet Choker":72,"SlaversCollar":24,"Replay:Baseball":83,"Shuriken":91,"Bronze Scales":6,"Bird Faced Urn":22,"Simple Rune":78,"Mark of Pain":0,"Pocketwatch":41,"Darkstone Periapt":18,"Singing Bowl":21,"Magic Flower":49,"Mango":19,"Bag of Preparation":68,"Juzu Bracelet":87,"Cursed Key":31,"Burning Blood":0,"Pet Ghost":56,"Dream Catcher":37,"Nunchaku":83,"TheAbacus":61,"Pantograph":12,"Gambling Chip":27,"Replay:Bottled Eggs":78,"Red Skull":47,"Golden Idol":5,"Quantum Egg":80,"Thread and Needle":90,"The Courier":7,"PreservedInsect":11,"Frozen Egg 2":14,"Anchor":69,"Busted Crown":8,"Turnip":38,"Art of War":36,"Snack Pack":48,"Champion Belt":92},{"Ice Cream":93,"Golden Egg":270,"Gremlin Horn":78,"Whetstone":276,"Old Coin":374,"Blood Vial":107,"Centennial Puzzle":17,"Strawberry":48,"MealTicket":230,"Electric Blood":208,"Blue Candle":123,"Oddly Smooth Stone":226,"Velvet Choker":287,"SlaversCollar":100,"Replay:Baseball":343,"Shuriken":395,"Bronze Scales":20,"Bird Faced Urn":86,"Simple Rune":311,"Mark of Pain":0,"Pocketwatch":170,"Darkstone Periapt":65,"Singing Bowl":82,"Magic Flower":200,"Mango":73,"Bag of Preparation":270,"Juzu Bracelet":367,"Cursed Key":130,"Burning Blood":0,"Pet Ghost":224,"Dream Catcher":151,"Nunchaku":343,"TheAbacus":244,"Pantograph":44,"Gambling Chip":111,"Replay:Bottled Eggs":311,"Red Skull":189,"Golden Idol":17,"Quantum Egg":320,"Thread and Needle":385,"The Courier":25,"PreservedInsect":40,"Frozen Egg 2":51,"Anchor":273,"Busted Crown":30,"Turnip":156,"Art of War":146,"Snack Pack":196,"Champion Belt":400}],"Burning Blood":391},"card_choices":[{"not_picked":["Warcry","Power Through"],"picked":"Twin Strike","floor":1},{"not_picked":["Armaments","Seeing Red"],"picked":"Battle Trance","floor":2},{"not_picked":["Clothesline","Replay:Undeath\u0027s Touch","Defy Death"],"picked":"SKIP","floor":3},{"not_picked":["Clash","Seeing Red"],"picked":"Pommel Strike","floor":4},{"not_picked":["Armaments","Body Slam"],"picked":"Perfected Strike","floor":5},{"not_picked":["Carnage","ReplayTheSpireMod:Limb From Limb"],"picked":"Shrug It Off","floor":6},{"not_picked":["Defy Death","Flex"],"picked":"Cleave","floor":8},{"not_picked":["Blood for Blood","Hemogenesis","Battle Trance"],"picked":"SKIP","floor":10},{"not_picked":["Twin Strike","Cleave"],"picked":"Power Through","floor":14},{"not_picked":["Twin Strike","Sword Boomerang"],"picked":"True Grit","floor":16},{"not_picked":["Brutality","Immolate"],"picked":"Impervious","floor":18},{"not_picked":["Armaments","Flex","Blood for Blood"],"picked":"SKIP","floor":20},{"not_picked":["Twin Strike","Havoc+1"],"picked":"Shrug It Off+1","floor":21},{"not_picked":["Warcry","Inflame"],"picked":"Spot Weakness","floor":22},{"not_picked":["ReplayTheSpireMod:Stacked+1","Life Link"],"picked":"Whirlwind+1","floor":25},{"not_picked":["Battle Trance","Blood for Blood","Power Through"],"picked":"SKIP","floor":26},{"not_picked":["Body Slam","Warcry"],"picked":"Berserk","floor":27},{"not_picked":["Flex+1","Armaments"],"picked":"Feel No Pain","floor":31},{"not_picked":["ReplayTheSpireMod:Corrosion Curse","Whirlwind"],"picked":"Headbutt","floor":32},{"not_picked":["Massacre","True Grit","Headbutt+1"],"picked":"SKIP","floor":33},{"not_picked":["Hemogenesis","Brutality"],"picked":"Barricade","floor":35},{"not_picked":["Sword Boomerang","Reckless Charge","Rupture"],"picked":"SKIP","floor":37},{"not_picked":["Fire Breathing+1","Sentinel"],"picked":"Shrug It Off+1","floor":39},{"not_picked":["Warcry+1","Body Slam"],"picked":"Uppercut+1","floor":40},{"not_picked":["Perfected Strike","Twin Strike","Thunderclap"],"picked":"SKIP","floor":41},{"not_picked":["Heavy Blade","Double Tap"],"picked":"Body Slam+1","floor":42},{"not_picked":["ReplayTheSpireMod:Limb From Limb","Life Link+1","Flame Barrier"],"picked":"SKIP","floor":49},{"not_picked":["ReplayTheSpireMod:Strike From Hell+1","Sword Boomerang","Life Link"],"picked":"SKIP","floor":56}],"player_experience":3969686,"relics_obtained":[{"floor":8,"key":"Golden Egg"},{"floor":9,"key":"Bag of Preparation"},{"floor":10,"key":"Anchor"},{"floor":14,"key":"Whetstone"},{"floor":27,"key":"Replay:Bottled Eggs"},{"floor":28,"key":"Simple Rune"},{"floor":32,"key":"Quantum Egg"},{"floor":42,"key":"Juzu Bracelet"},{"floor":47,"key":"Old Coin"},{"floor":49,"key":"Blood Vial"},{"floor":50,"key":"Thread and Needle"},{"floor":56,"key":"Champion Belt"}],"event_choices":[{"damage_healed":0,"gold_gain":0,"player_choice":"Damaged","damage_taken":8,"max_hp_gain":0,"max_hp_loss":0,"event_name":"Wheel of Change","floor":15,"gold_loss":0},{"damage_healed":0,"gold_gain":0,"player_choice":"Simplicity","damage_taken":0,"max_hp_gain":0,"max_hp_loss":0,"event_name":"Back to Basics","floor":23,"gold_loss":0,"cards_upgraded":["Strike_R","Strike_R","Strike_R","Strike_R","Defend_R","Defend_R","Defend_R","Defend_R"]},{"cards_removed":["Strike_R"],"damage_healed":0,"gold_gain":0,"player_choice":"Gave Gold","damage_taken":0,"max_hp_gain":0,"max_hp_loss":0,"event_name":"Beggar","floor":30,"gold_loss":75},{"damage_healed":0,"gold_gain":0,"player_choice":"Max HP","damage_taken":0,"max_hp_gain":0,"max_hp_loss":4,"event_name":"Winding Halls","floor":44,"gold_loss":0},{"damage_healed":0,"gold_gain":0,"player_choice":"Fight","damage_taken":0,"max_hp_gain":0,"max_hp_loss":0,"event_name":"Mysterious Sphere","floor":47,"gold_loss":0},{"damage_healed":0,"gold_gain":0,"player_choice":"Fight","damage_taken":0,"max_hp_gain":0,"max_hp_loss":0,"event_name":"MindBloom","floor":50,"gold_loss":0}],"is_beta":false,"boss_relics":[{"not_picked":["Calling Bell","Abe\u0027s Treasure"],"picked":"Velvet Choker"},{"not_picked":["Philosopher\u0027s Stone","Black Star"],"picked":"SlaversCollar"}],"items_purged_floors":[38,55],"is_endless":false,"potions_floor_spawned":[4,6,8,10,18,21,22,33,35,39,42,47,49,50],"ascension_level":1}}