{"host":"g8ufh7m4frdlkxwv","time":1611189072,"event":{"mods":["AchievementEnabler","BaseMod","Colored Map","Dark Map","Minty Spire (QoL Compilation)","Relic Stats","StSLib","ojb\u0027s Info Mod"],"gold_per_floor":[359,30,47,60,72,100,100,134,134,189,206,233,233,249,249,322,322,335,335,70,81,6,6,6],"floor_reached":23,"language":"ENG","playtime":1816,"items_purged":["Strike_G"],"score":422,"play_id":"d35d4b32-1bec-4dce-b3d0-170fc34aeb23","local_time":"20210121013112","is_ascension_mode":true,"campfire_choices":[{"data":"Skewer","floor":7.0,"key":"SMITH"},{"data":"Cloak And Dagger","floor":13.0,"key":"SMITH"},{"data":"Footwork","floor":15.0,"key":"SMITH"}],"circlet_count":0,"master_deck":["AscendersBane","Strike_G","Strike_G","Strike_G","Strike_G","Defend_G","Defend_G","Defend_G","Defend_G","Defend_G","Survivor","Neutralize","Flying Knee","Leg Sweep","Flying Knee","Skewer+1","Slice","Masterful Stab","Footwork+1","Cloak And Dagger+1","Backflip","Phantasmal Killer+1","Crippling Poison","Calculated Gamble"],"relics":["Ring of the Snake","Potion Belt","Cauldron","Omamori","Nunchaku","Gremlin Horn","Paper Crane","Snake Skull","Fusion Hammer","White Beast Statue"],"acts_visited":["Exordium","TheCity"],"potions_floor_usage":[21,23],"damage_taken":[{"damage":0.0,"enemies":"Cultist","floor":1.0,"turns":4.0},{"damage":1.0,"enemies":"Jaw Worm","floor":3.0,"turns":5.0},{"damage":0.0,"enemies":"2 Louse","floor":4.0,"turns":3.0},{"damage":1.0,"enemies":"Exordium Thugs","floor":5.0,"turns":5.0},{"damage":17.0,"enemies":"3 Sentries","floor":6.0,"turns":8.0},{"damage":17.0,"enemies":"Lagavulin","floor":8.0,"turns":7.0},{"damage":1.0,"enemies":"Gremlin Nob","floor":10.0,"turns":4.0},{"damage":0.0,"enemies":"2 Fungi Beasts","floor":11.0,"turns":3.0},{"damage":12.0,"enemies":"3 Sentries","floor":12.0,"turns":7.0},{"damage":0.0,"enemies":"3 Louse","floor":14.0,"turns":3.0},{"damage":28.0,"enemies":"Hexaghost","floor":16.0,"turns":11.0},{"damage":0,"enemies":"2 Thieves","floor":18,"turns":3},{"damage":0,"enemies":"Spheric Guardian","floor":21,"turns":4},{"damage":47,"enemies":"Gremlin Leader","floor":23,"turns":5}],"seed_played":"8635786779443384058","potions_obtained":[{"floor":2.0,"key":"DuplicationPotion"},{"floor":2.0,"key":"SneckoOil"},{"floor":2.0,"key":"GhostInAJar"},{"floor":2.0,"key":"SpeedPotion"},{"floor":2.0,"key":"Block Potion"},{"floor":6.0,"key":"Poison Potion"},{"floor":8.0,"key":"Explosive Potion"},{"floor":12.0,"key":"Ancient Potion"},{"floor":14.0,"key":"Strength Potion"},{"floor":16.0,"key":"SneckoOil"},{"floor":21,"key":"Swift Potion"}],"is_trial":false,"path_per_floor":["M","$","M","M","M","E","R","E","T","?","M","E","R","M","R","B",null,"M","?","$","M","$","E"],"character_chosen":"THE_SILENT","items_purchased":["Potion Belt","Cauldron","White Beast Statue"],"campfire_rested":0,"item_purchase_floors":[2,2,20],"current_hp_per_floor":[59,59,58,58,57,40,40,23,23,22,22,10,10,10,10,2,46,46,46,46,46,46,0,0],"gold":6,"neow_bonus":"TWO_FIFTY_GOLD","is_daily":false,"chose_seed":false,"campfire_upgraded":3,"win_rate":0.0,"timestamp":1611189072,"path_taken":["M","$","?","M","M","E","R","E","T","?","M","E","R","M","R","BOSS","M","?","?","M","$","E"],"items_purchased_type":["Relic","Relic","Relic"],"build_version":"2020-12-22","purchased_purges":1,"victory":false,"max_hp_per_floor":[60,60,60,60,60,60,60,60,60,60,60,60,60,60,60,60,60,60,60,60,60,60,60,60],"relic_stats":{"Nunchaku":[9],"Gremlin Horn":[9,9],"counters":[14,72],"Snake Skull":[4],"obtain_stats":[{"Potion Belt":2,"Cauldron":2,"Nunchaku":8,"Gremlin Horn":9,"Snake Skull":12,"Fusion Hammer":17,"Omamori":6,"Paper Crane":10,"White Beast Statue":20,"Ring of the Snake":0},{"Potion Belt":1,"Cauldron":1,"Nunchaku":6,"Gremlin Horn":6,"Snake Skull":9,"Fusion Hammer":11,"Omamori":5,"Paper Crane":7,"White Beast Statue":12,"Ring of the Snake":0},{"Potion Belt":4,"Cauldron":4,"Nunchaku":32,"Gremlin Horn":32,"Snake Skull":46,"Fusion Hammer":60,"Omamori":25,"Paper Crane":36,"White Beast Statue":63,"Ring of the Snake":0}],"Ring of the Snake":[28]},"card_choices":[{"not_picked":["Cloak And Dagger","Dodge and Roll"],"picked":"Flying Knee","floor":1.0},{"not_picked":["Setup","Terror"],"picked":"Leg Sweep","floor":3.0},{"not_picked":["Quick Slash","Skewer"],"picked":"Flying Knee","floor":4.0},{"not_picked":["Flying Knee","Underhanded Strike"],"picked":"Skewer","floor":5.0},{"not_picked":["A Thousand Cuts","Blade Dance"],"picked":"Slice","floor":6.0},{"not_picked":["Quick Slash","Outmaneuver","Riddle With Holes"],"picked":"SKIP","floor":8.0},{"not_picked":["Prepared","Doppelganger"],"picked":"Masterful Stab","floor":10.0},{"not_picked":["Underhanded Strike","Prepared"],"picked":"Footwork","floor":11.0},{"not_picked":["Flying Knee","Endless Agony"],"picked":"Cloak And Dagger","floor":12.0},{"not_picked":["Outmaneuver","Finisher"],"picked":"Backflip","floor":14.0},{"not_picked":["A Thousand Cuts","Doppelganger"],"picked":"Phantasmal Killer","floor":16.0},{"not_picked":["Accuracy","Deadly Poison"],"picked":"Crippling Poison","floor":18},{"not_picked":["Prepared","Deadly Poison+1"],"picked":"Calculated Gamble","floor":21}],"player_experience":1045223,"relics_obtained":[{"floor":6.0,"key":"Omamori"},{"floor":8.0,"key":"Nunchaku"},{"floor":9.0,"key":"Gremlin Horn"},{"floor":10.0,"key":"Paper Crane"},{"floor":12.0,"key":"Snake Skull"}],"event_choices":[{"damage_healed":0.0,"max_hp_gain":0.0,"max_hp_loss":0.0,"gold_gain":0.0,"event_name":"Dead Adventurer","player_choice":"Searched \u00271\u0027 times","floor":10.0,"gold_loss":0.0,"damage_taken":0.0},{"damage_healed":0,"gold_gain":0,"player_choice":"Upgraded","damage_taken":0,"max_hp_gain":0,"max_hp_loss":0,"event_name":"Upgrade Shrine","floor":19,"gold_loss":0,"cards_upgraded":["Phantasmal Killer"]}],"is_beta":false,"boss_relics":[{"not_picked":["HoveringKite","WristBlade"],"picked":"Fusion Hammer"}],"items_purged_floors":[22],"is_endless":false,"potions_floor_spawned":[4,6,8,12,14,16,21],"killed_by":"Gremlin Leader","ascension_level":20}}