{"host":"qrt7o4dq2qslzw13","time":1611249647,"event":{"mods":["AchievementEnabler","BaseMod","Colored Map","Colored Powertips","Minty Spire (QoL Compilation)","Quick Restart","StSLib","SuperFastMode"],"gold_per_floor":[362,362,376,391,391,391,425,80,132,132,156,8,8,33,33,161,161,182,182,207,10,35,35,51,51,51,51,51,69,107,107,107,228,228,251,24,24,48,48,48,62,62,62,83,83,83,83,101,101,101,101],"floor_reached":50,"language":"ENG","playtime":1093,"items_purged":[],"score":585,"play_id":"bc460e93-05d2-49f8-ad9d-ea23dff907d2","local_time":"20210121122047","is_ascension_mode":false,"campfire_choices":[{"data":"SignatureMove","floor":6.0,"key":"SMITH"},{"data":"BattleHymn","floor":10.0,"key":"SMITH"},{"data":"WreathOfFlame","floor":13.0,"key":"SMITH"},{"data":"WindmillStrike","floor":15.0,"key":"SMITH"},{"data":"Ragnarok","floor":23.0,"key":"SMITH"},{"data":"FlyingSleeves","floor":25.0,"key":"SMITH"},{"data":"Prostrate","floor":28.0,"key":"SMITH"},{"floor":32.0,"key":"REST"},{"data":"ConjureBlade","floor":40.0,"key":"SMITH"},{"floor":42.0,"key":"RECALL"},{"floor":46.0,"key":"REST"},{"data":"Enlightenment","floor":47.0,"key":"SMITH"},{"floor":49.0,"key":"REST"}],"circlet_count":0,"master_deck":["Strike_P+1","Strike_P+1","Strike_P+1","Strike_P+1","Defend_P+1","Defend_P+1","Defend_P+1","Defend_P+1","Eruption","Vigilance","Injury","SignatureMove+1","Injury","Tantrum","ThirdEye","Protect","Prostrate+1","BattleHymn+1","FlyingSleeves+1","Prostrate","WreathOfFlame+1","CrushJoints","WindmillStrike+1","DeusExMachina","Vengeance","Halt+1","Ragnarok+1","Study","Perseverance+1","Judgement","Collect","ForeignInfluence","Wallop","Pain","ConjureBlade+1","CurseOfTheBell","BowlingBash+1","Establishment","DeusExMachina","FearNoEvil+1","Conclude+1","ClearTheMind+1","Enlightenment+1","Panache","Panacea","Sanctity+1"],"relics":["HolyWater","Golden Idol","Damaru","Shuriken","Bag of Marbles","White Beast Statue","Blood Vial","WarpedTongs","Calling Bell","Toy Ornithopter","Pear","WingedGreaves","OrangePellets"],"acts_visited":["TheCity","TheBeyond"],"potions_floor_usage":[50],"damage_taken":[{"damage":3.0,"enemies":"Jaw Worm","floor":1.0,"turns":4.0},{"damage":0.0,"enemies":"2 Louse","floor":3.0,"turns":3.0},{"damage":0.0,"enemies":"Cultist","floor":4.0,"turns":2.0},{"damage":0.0,"enemies":"Lagavulin","floor":7.0,"turns":3.0},{"damage":0.0,"enemies":"Looter","floor":11.0,"turns":1.0},{"damage":0.0,"enemies":"3 Louse","floor":14.0,"turns":3.0},{"damage":0.0,"enemies":"Slime Boss","floor":16.0,"turns":3.0},{"damage":5.0,"enemies":"Chosen","floor":18.0,"turns":3.0},{"damage":14.0,"enemies":"3 Byrds","floor":20.0,"turns":3.0},{"damage":3.0,"enemies":"Snecko","floor":22.0,"turns":3.0},{"damage":0.0,"enemies":"3 Cultists","floor":24.0,"turns":2.0},{"damage":0.0,"enemies":"Snake Plant","floor":29.0,"turns":3.0},{"damage":2.0,"enemies":"Book of Stabbing","floor":30.0,"turns":2.0},{"damage":25.0,"enemies":"Champ","floor":33.0,"turns":7.0},{"damage":20.0,"enemies":"Orb Walker","floor":35.0,"turns":4.0},{"damage":9.0,"enemies":"3 Darklings","floor":38.0,"turns":3.0},{"damage":20.0,"enemies":"Sphere and 2 Shapes","floor":41.0,"turns":2.0},{"damage":4.0,"enemies":"Transient","floor":44.0,"turns":5.0},{"damage":31.0,"enemies":"Maw","floor":48.0,"turns":7.0},{"damage":63,"enemies":"Awakened One","floor":50,"turns":5}],"seed_played":"-919053365951680352","potions_obtained":[{"floor":3.0,"key":"DuplicationPotion"},{"floor":7.0,"key":"BlessingOfTheForge"},{"floor":24.0,"key":"Fire Potion"},{"floor":29.0,"key":"Explosive Potion"},{"floor":38.0,"key":"Fire Potion"},{"floor":41.0,"key":"PowerPotion"},{"floor":44.0,"key":"Swift Potion"},{"floor":48.0,"key":"SkillPotion"}],"is_trial":false,"path_per_floor":["M","?","M","M","?","R","E","$","T","R","M","$","R","M","R","B",null,"M","?","M","$","M","R","M","R","T","?","R","M","E","?","R","B",null,"M","$","?","M","?","R","M","R","T","M","?","R","R","M","R","B"],"character_chosen":"WATCHER","items_purchased":["Prostrate","BattleHymn","Shuriken","Prostrate","WreathOfFlame","CrushJoints","Ragnarok","Evaluate","Study","Establishment","OrangePellets"],"campfire_rested":3,"item_purchase_floors":[8,8,8,12,12,12,21,21,21,36,36],"current_hp_per_floor":[69,69,69,69,69,69,69,69,69,69,69,69,69,69,69,69,72,67,67,53,53,50,50,50,50,50,50,50,50,48,48,69,46,82,62,62,62,65,65,65,57,57,57,55,45,69,69,50,74,18,18],"gold":101,"neow_bonus":"TWO_FIFTY_GOLD","is_daily":false,"chose_seed":false,"campfire_upgraded":9,"win_rate":0.0,"timestamp":1611249647,"path_taken":["M","?","M","M","?","R","E","$","T","R","M","$","R","?","R","BOSS","M","?","M","$","M","R","M","R","T","?","R","?","E","?","R","BOSS","M","$","?","?","?","R","M","R","T","M","?","R","R","M","R","BOSS"],"items_purchased_type":["Card","Card","Relic","Card","Card","Card","Card","Card","Card","Card","Relic"],"build_version":"2020-12-22","purchased_purges":0,"victory":false,"max_hp_per_floor":[72,72,72,72,72,72,72,72,72,72,72,72,72,72,72,72,72,72,72,72,72,72,72,72,72,72,72,72,72,72,72,72,72,82,82,82,82,82,82,82,82,82,82,82,82,82,82,82,82,82,82],"card_choices":[{"not_picked":["EmptyMind","Collect"],"picked":"SignatureMove","floor":1.0},{"not_picked":["Halt","EmptyFist"],"picked":"Tantrum","floor":3.0},{"not_picked":["Consecrate","Conclude"],"picked":"ThirdEye","floor":4.0},{"not_picked":["FollowUp","ClearTheMind"],"picked":"Protect","floor":7.0},{"not_picked":["Protect","Wireheading"],"picked":"FlyingSleeves","floor":11.0},{"not_picked":["WaveOfTheHand","Judgement"],"picked":"WindmillStrike","floor":14.0},{"not_picked":["Omniscience","Wish"],"picked":"DeusExMachina","floor":16.0},{"not_picked":["CrushJoints","CutThroughFate"],"picked":"Vengeance","floor":18.0},{"not_picked":["Sanctity","Prostrate"],"picked":"Halt+1","floor":20.0},{"not_picked":["Wireheading","Vengeance","FlurryOfBlows"],"picked":"SKIP","floor":22.0},{"not_picked":["WaveOfTheHand","Collect"],"picked":"Perseverance+1","floor":24.0},{"not_picked":["ClearTheMind","TalkToTheHand"],"picked":"ForeignInfluence","floor":29.0},{"not_picked":["Meditate+1","FlyingSleeves"],"picked":"Wallop","floor":30.0},{"not_picked":["LessonLearned","Scrawl"],"picked":"ConjureBlade","floor":33.0},{"not_picked":["Fasting2","Tantrum+1"],"picked":"BowlingBash+1","floor":35.0},{"not_picked":["EmptyFist","FlyingSleeves"],"picked":"FearNoEvil+1","floor":38.0},{"not_picked":["Evaluate","WindmillStrike"],"picked":"Conclude+1","floor":41.0},{"not_picked":["FlyingSleeves","WindmillStrike+1"],"picked":"ClearTheMind+1","floor":44.0},{"not_picked":["Secret Technique","Flash of Steel"],"picked":"Enlightenment","floor":45.0},{"not_picked":["Purity","The Bomb"],"picked":"Panache","floor":45.0},{"not_picked":["Swift Strike","Dramatic Entrance"],"picked":"Panacea","floor":45.0},{"not_picked":["EmptyFist+1","ThirdEye"],"picked":"Sanctity+1","floor":48.0}],"player_experience":575410,"relics_obtained":[{"floor":7.0,"key":"Damaru"},{"floor":9.0,"key":"Bag of Marbles"},{"floor":26.0,"key":"White Beast Statue"},{"floor":30.0,"key":"Blood Vial"},{"floor":34.0,"key":"Toy Ornithopter"},{"floor":34.0,"key":"Pear"},{"floor":34.0,"key":"WingedGreaves"}],"event_choices":[{"damage_healed":0.0,"max_hp_gain":0.0,"max_hp_loss":0.0,"gold_gain":0.0,"event_name":"Golden Idol","player_choice":"Take Wound","floor":2.0,"gold_loss":0.0,"damage_taken":0.0,"relics_obtained":["Golden Idol"],"cards_obtained":["Injury"]},{"damage_healed":0.0,"max_hp_gain":0.0,"max_hp_loss":0.0,"gold_gain":0.0,"event_name":"NoteForYourself","player_choice":"Ignored","floor":5.0,"gold_loss":0.0,"damage_taken":0.0},{"damage_healed":0.0,"max_hp_gain":0.0,"max_hp_loss":0.0,"gold_gain":0.0,"event_name":"Back to Basics","player_choice":"Simplicity","floor":19.0,"gold_loss":0.0,"damage_taken":0.0,"cards_upgraded":["Strike_P","Strike_P","Strike_P","Strike_P","Defend_P","Defend_P","Defend_P","Defend_P"]},{"damage_healed":0.0,"max_hp_gain":0.0,"max_hp_loss":0.0,"gold_gain":0.0,"event_name":"Match and Keep!","player_choice":"2 cards matched","floor":27.0,"gold_loss":0.0,"damage_taken":0.0,"cards_obtained":["Judgement","Collect"]},{"damage_healed":0.0,"max_hp_gain":0.0,"max_hp_loss":0.0,"gold_gain":0.0,"event_name":"Accursed Blacksmith","player_choice":"Rummage","floor":31.0,"gold_loss":0.0,"damage_taken":0.0,"relics_obtained":["WarpedTongs"],"cards_obtained":["Pain"]},{"damage_healed":0.0,"max_hp_gain":0.0,"max_hp_loss":0.0,"gold_gain":0.0,"event_name":"Duplicator","player_choice":"Copied","floor":37.0,"gold_loss":0.0,"damage_taken":0.0,"cards_obtained":["DeusExMachina"]},{"cards_removed":["Evaluate"],"damage_healed":0.0,"max_hp_gain":0.0,"max_hp_loss":0.0,"gold_gain":0.0,"event_name":"Falling","player_choice":"Removed Skill","floor":39.0,"gold_loss":0.0,"damage_taken":0.0},{"damage_healed":0.0,"max_hp_gain":0.0,"max_hp_loss":0.0,"gold_gain":0.0,"event_name":"SensoryStone","player_choice":"Memory 3","floor":45.0,"gold_loss":0.0,"damage_taken":10.0}],"is_beta":false,"boss_relics":[{"not_picked":["Sozu","Velvet Choker"],"picked":"HolyWater"},{"not_picked":["Fusion Hammer","Empty Cage"],"picked":"Calling Bell"}],"items_purged_floors":[],"is_endless":false,"potions_floor_spawned":[3,7,24,29,30,33,35,38,41,44,48],"killed_by":"Awakened One","ascension_level":0}}