{"host":"3xls0xm49ftugio7","time":1611246640,"event":{"mods":["2.2 Compatiblity","AchievementEnabler","Act Like it!","BaseMod","Bestiary","Colored Powertips","Infinite Spire","Minty Spire (QoL Compilation)","Quick Restart","StSLib"],"gold_per_floor":[113,113,113,129,149,175,175,175,175],"floor_reached":8,"language":"ENG","playtime":392,"items_purged":[],"score":112,"play_id":"a953df7b-d142-4691-b0ec-8294bcdd4bda","local_time":"20210121183040","is_ascension_mode":true,"campfire_choices":[{"data":"Whirlwind","floor":7,"key":"SMITH"}],"circlet_count":0,"master_deck":["AscendersBane","Strike_R","Strike_R","Strike_R","Strike_R","Strike_R","Defend_R","Defend_R","Defend_R","Defend_R","Bash","Whirlwind+1","Thunderclap","Shrug It Off","Shrug It Off"],"relics":["Burning Blood","Ancient Tea Set","Torii","infinitespire:CheckeredPen","infinitespire:Beetle Shell"],"acts_visited":["Exordium"],"potions_floor_usage":[],"damage_taken":[{"damage":10,"enemies":"2 Louse","floor":1,"turns":5},{"damage":1,"enemies":"Cultist","floor":4,"turns":3},{"damage":10,"enemies":"infinitespire:Voidling","floor":5,"turns":3},{"damage":42,"enemies":"3 Sentries","floor":6,"turns":7},{"damage":42,"enemies":"Lagavulin","floor":8,"turns":6}],"seed_played":"-86469822901294683","potions_obtained":[{"floor":1,"key":"FearPotion"}],"is_trial":false,"path_per_floor":["M","?","T","M","M","E","R","E"],"character_chosen":"IRONCLAD","items_purchased":[],"campfire_rested":0,"item_purchase_floors":[],"current_hp_per_floor":[64,64,64,69,65,29,29,0,0],"gold":175,"neow_bonus":"RANDOM_COMMON_RELIC","is_daily":false,"chose_seed":false,"campfire_upgraded":1,"win_rate":0.0,"timestamp":1611246640,"path_taken":["M","?","?","M","?","E","R","E"],"items_purchased_type":[],"build_version":"2020-12-22","purchased_purges":0,"victory":false,"max_hp_per_floor":[75,75,75,75,75,75,75,75,75],"card_choices":[{"not_picked":["Havoc","Rupture"],"picked":"Whirlwind","floor":1},{"not_picked":["Havoc","Dual Wield"],"picked":"Thunderclap","floor":4},{"not_picked":["True Grit","Blood for Blood"],"picked":"Shrug It Off","floor":5},{"not_picked":["Twin Strike","Pommel Strike"],"picked":"Shrug It Off","floor":6}],"player_experience":709755,"relics_obtained":[{"floor":2,"key":"Torii"},{"floor":3,"key":"infinitespire:CheckeredPen"},{"floor":6,"key":"infinitespire:Beetle Shell"}],"event_choices":[],"is_beta":false,"boss_relics":[],"items_purged_floors":[],"is_endless":false,"potions_floor_spawned":[1],"killed_by":"Lagavulin","ascension_level":20}}