{"host":"ftwnpa9ceeptmrn1","time":1611271471,"event":{"mods":["Aspiration","BaseMod","Colored Map","Colored Powertips","Conspire","Downfall","Hubris","Infinite Spire","Minty Spire (QoL Compilation)","Relic Stats","StSLib","Waifu the Spire","vexMod"],"gold_per_floor":[113,125,142,160,170,185,198,198,198,42,42,42,54,54,54,153,153,167,186,186,197,208,208,36,52,52,52,52,52,52],"floor_reached":29,"language":"ENG","playtime":2945,"items_purged":["Defend_P"],"score":221,"play_id":"a581d354-adc6-476a-8c8c-d10fba107ec2","local_time":"20210121172431","is_ascension_mode":false,"campfire_choices":[{"data":"ClearTheMind","floor":8.0,"key":"SMITH"},{"data":"Adaptation","floor":11.0,"key":"SMITH"},{"floor":15.0,"key":"RECALL"},{"data":"LikeWater","floor":23,"key":"SMITH"},{"floor":28,"key":"REST"}],"circlet_count":0,"master_deck":["Strike_P","Strike_P","Strike_P","Strike_P","Defend_P","Defend_P","Defend_P","Eruption+1","Vigilance","ThirdEye","MasterReality","LikeWater+1","ClearTheMind+1","Vengeance","FollowUp","Perseverance","Adaptation+1","FollowUp","Omniscience","JustLucky","Consecrate","Collect+1","Weave","ThirdEye","Tantrum+1"],"relics":["vexMod:InvisibilityCloak","vexMod:TanglingVine","Damaru","Nloth\u0027s Gift"],"acts_visited":["Exordium","TheCity"],"potions_floor_usage":[16,21,22,22,22,25],"damage_taken":[{"damage":5.0,"enemies":"infinitespire:Voidling","floor":1.0,"turns":5.0},{"damage":0.0,"enemies":"conspire:RoseBush","floor":2.0,"turns":4.0},{"damage":0.0,"enemies":"Small Slimes","floor":3.0,"turns":3.0},{"damage":20.0,"enemies":"Exordium Wildlife","floor":4.0,"turns":7.0},{"damage":0.0,"enemies":"Gremlin Gang","floor":5.0,"turns":6.0},{"damage":6.0,"enemies":"Red Slaver","floor":6.0,"turns":4.0},{"damage":2.0,"enemies":"Large Slime","floor":7.0,"turns":6.0},{"damage":5.0,"enemies":"Exordium Thugs","floor":13.0,"turns":3.0},{"damage":13,"enemies":"Hexaghost","floor":16,"turns":9},{"damage":4,"enemies":"Shell Parasite","floor":18,"turns":6},{"damage":4,"enemies":"3 Byrds","floor":19,"turns":7},{"damage":2,"enemies":"Snecko","floor":21,"turns":6},{"damage":14,"enemies":"Snake Plant","floor":22,"turns":7},{"damage":23,"enemies":"3 Cultists","floor":25,"turns":6},{"damage":66,"enemies":"Slavers","floor":29,"turns":3}],"seed_played":"1027646648472639828","potions_obtained":[{"floor":1.0,"key":"SteroidPotion"},{"floor":3.0,"key":"Fire Potion"},{"floor":5.0,"key":"BlessingOfTheForge"},{"floor":7.0,"key":"Dexterity Potion"},{"floor":19,"key":"GamblersBrew"},{"floor":21,"key":"Weak Potion"},{"floor":22,"key":"Regen Potion"}],"is_trial":false,"path_per_floor":["M","M","M","M","M","M","M","R","T","$","R","?","M","?","R","B",null,"M","M","?","M","M","R","$","M","T","?","R","E"],"character_chosen":"WATCHER","items_purchased":["Adaptation","Damaru","ThirdEye"],"campfire_rested":1,"item_purchase_floors":[10,24,24],"current_hp_per_floor":[74,74,74,54,54,48,46,46,46,46,46,46,41,67,67,54,79,75,71,56,54,40,40,40,32,32,32,57,0,0],"gold":52,"neow_bonus":"TEN_PERCENT_HP_BONUS","is_daily":false,"chose_seed":false,"campfire_upgraded":3,"win_rate":0.0,"timestamp":1611271471,"path_taken":["M","M","M","M","M","?","M","R","T","$","R","?","M","?","R","BOSS","M","M","?","M","M","R","$","M","T","?","R","E"],"items_purchased_type":["Card","Relic","Card"],"build_version":"2020-12-22","purchased_purges":1,"victory":false,"max_hp_per_floor":[79,79,79,79,79,79,79,79,79,79,79,79,79,79,79,79,79,79,79,84,84,84,84,84,84,84,84,84,84,84],"relic_stats":{"counters":[15,82],"Nloth\u0027s Gift":0,"obtain_stats":[{"vexMod:InvisibilityCloak":9,"Damaru":24,"Nloth\u0027s Gift":27,"vexMod:TanglingVine":17,"PureWater":0},{"vexMod:InvisibilityCloak":7,"Damaru":13,"Nloth\u0027s Gift":14,"vexMod:TanglingVine":9,"PureWater":0},{"vexMod:InvisibilityCloak":35,"Damaru":73,"Nloth\u0027s Gift":79,"vexMod:TanglingVine":47,"PureWater":0}]},"card_choices":[{"not_picked":["FlyingSleeves","FollowUp"],"picked":"ThirdEye","floor":1.0},{"not_picked":["CutThroughFate","PathToVictory"],"picked":"MasterReality","floor":2.0},{"not_picked":["Adaptation","SignatureMove"],"picked":"LikeWater","floor":3.0},{"not_picked":["EmptyBody","Halt"],"picked":"ClearTheMind","floor":4.0},{"not_picked":["EmptyBody","BowlingBash"],"picked":"Vengeance","floor":5.0},{"not_picked":["WreathOfFlame","Consecrate"],"picked":"FollowUp","floor":6.0},{"not_picked":["DeceiveReality","CrushJoints"],"picked":"Perseverance","floor":7.0},{"not_picked":["Protect","Adaptation"],"picked":"FollowUp","floor":13.0},{"not_picked":["Scrawl","Brilliance"],"picked":"Omniscience","floor":16},{"not_picked":["EmptyBody+1","ThirdEye"],"picked":"JustLucky","floor":18},{"not_picked":["ClearTheMind","WheelKick+1"],"picked":"Consecrate","floor":19},{"not_picked":["SashWhip","CrushJoints"],"picked":"Collect+1","floor":21},{"not_picked":["Vengeance","EmptyMind"],"picked":"Weave","floor":22},{"not_picked":["JustLucky","Collect+1"],"picked":"Tantrum+1","floor":25}],"player_experience":278380,"relics_obtained":[{"floor":9.0,"key":"vexMod:InvisibilityCloak"}],"event_choices":[{"damage_healed":26.0,"max_hp_gain":0.0,"max_hp_loss":0.0,"gold_gain":0.0,"event_name":"Big Fish","player_choice":"Banana","floor":14.0,"gold_loss":0.0,"damage_taken":0.0},{"damage_healed":0,"gold_gain":0,"player_choice":"Shed Blood","damage_taken":20,"max_hp_gain":5,"max_hp_loss":0,"event_name":"Forgotten Altar","floor":20,"gold_loss":0},{"damage_healed":0,"gold_gain":0,"player_choice":"Traded Relic","damage_taken":0,"relics_obtained":["Nloth\u0027s Gift"],"max_hp_gain":0,"max_hp_loss":0,"event_name":"N\u0027loth","floor":27,"relics_lost":["PureWater"],"gold_loss":0}],"is_beta":false,"boss_relics":[{"not_picked":["Velvet Choker","vexMod:EndlessSickness"],"picked":"vexMod:TanglingVine"}],"items_purged_floors":[10],"is_endless":false,"potions_floor_spawned":[1,3,5,7,19,21,22],"killed_by":"Slavers","ascension_level":0}}