{"host":"6jrd8fn9k88n08be","time":1611273564,"event":{"mods":["BaseMod","Minty Spire (QoL Compilation)","StSLib"],"gold_per_floor":[118,134,134,149,217,251,251,326,326,345,345,193,193,225,225,321,321,340,340,368,378,389,389,405,405,405,405,405,416,97,123,123,223,223,235,235,12,62,62,62,62,74,74,74,74],"floor_reached":44,"language":"ENG","playtime":2012,"items_purged":["Strike_G"],"score":497,"play_id":"abe57ac8-4118-42f8-87a4-ee5699ed44ff","local_time":"20210121185924","is_ascension_mode":true,"campfire_choices":[{"data":"Bouncing Flask","floor":7,"key":"SMITH"},{"data":"Neutralize","floor":11,"key":"SMITH"},{"floor":13,"key":"REST"},{"data":"Bouncing Flask","floor":15,"key":"SMITH"},{"floor":23,"key":"REST"},{"data":"Strike_G","floor":25,"key":"PURGE"},{"floor":27,"key":"REST"},{"floor":32,"key":"REST"},{"floor":40,"key":"RECALL"}],"circlet_count":0,"master_deck":["Defend_G","Defend_G","Defend_G","Defend_G","Survivor","Neutralize+1","Underhanded Strike","Cloak And Dagger","Bouncing Flask+1","Terror","Noxious Fumes","Deadly Poison","Bouncing Flask+1","Footwork","Tools of the Trade","Bullet Time","CurseOfTheBell","Heel Hook","Blur","Underhanded Strike","Riddle With Holes","Corpse Explosion","Blade Dance+1","Blade Dance","Envenom","Reflex+1","Acrobatics+1","Catalyst+1","Madness","Madness","Accuracy","Dramatic Entrance"],"relics":["Philosopher\u0027s Stone","Bottled Flame","Mercury Hourglass","Orrery","Nunchaku","Calling Bell","Vajra","Gremlin Horn","Peace Pipe","Potion Belt","Red Mask","TwistedFunnel","Akabeko","Astrolabe","Blood Vial","CaptainsWheel","Tough Bandages"],"acts_visited":["Exordium","TheCity","TheBeyond"],"potions_floor_usage":[20,21,22,29,33,33,33,44],"damage_taken":[{"damage":0,"enemies":"Cultist","floor":1,"turns":4},{"damage":5,"enemies":"Small Slimes","floor":2,"turns":4},{"damage":0,"enemies":"Jaw Worm","floor":4,"turns":3},{"damage":29,"enemies":"3 Sentries","floor":6,"turns":8},{"damage":0,"enemies":"3 Louse","floor":10,"turns":2},{"damage":15,"enemies":"Lagavulin","floor":14,"turns":5},{"damage":2,"enemies":"Hexaghost","floor":16,"turns":6},{"damage":15,"enemies":"Spheric Guardian","floor":18,"turns":4},{"damage":45,"enemies":"Masked Bandits","floor":20,"turns":4},{"damage":0,"enemies":"Chosen","floor":21,"turns":4},{"damage":4,"enemies":"Centurion and Healer","floor":22,"turns":5},{"damage":20,"enemies":"Snake Plant","floor":24,"turns":3},{"damage":34,"enemies":"Shelled Parasite and Fungi","floor":29,"turns":5},{"damage":33,"enemies":"Book of Stabbing","floor":31,"turns":4},{"damage":5,"enemies":"Automaton","floor":33,"turns":6},{"damage":3,"enemies":"3 Shapes","floor":35,"turns":3},{"damage":5,"enemies":"Mind Bloom Boss Battle","floor":38,"turns":4},{"damage":2,"enemies":"3 Darklings","floor":42,"turns":3},{"damage":60,"enemies":"Nemesis","floor":44,"turns":4}],"seed_played":"-6868840411291413658","potions_obtained":[{"floor":4,"key":"Poison Potion"},{"floor":10,"key":"Swift Potion"},{"floor":14,"key":"Regen Potion"},{"floor":20,"key":"SteroidPotion"},{"floor":21,"key":"Strength Potion"},{"floor":24,"key":"Explosive Potion"},{"floor":31,"key":"EssenceOfSteel"},{"floor":33,"key":"EssenceOfSteel"},{"floor":38,"key":"Weak Potion"},{"floor":42,"key":"AttackPotion"}],"is_trial":false,"path_per_floor":["M","M","?","M","?","E","R","?","T","M","R","$","R","E","R","B",null,"M","?","?","M","M","R","M","R","T","R","?","M","$","E","R","B",null,"M","?","$","?","?","R","?","M","T","E"],"character_chosen":"THE_SILENT","items_purchased":["Orrery","FairyPotion","TwistedFunnel","Accuracy","Blood Vial"],"campfire_rested":4,"item_purchase_floors":[12,30,30,37,37],"current_hp_per_floor":[70,65,65,65,65,36,36,25,25,25,25,25,46,31,31,29,70,55,55,10,10,21,42,22,22,22,43,43,9,9,2,23,18,70,67,58,58,55,55,55,55,55,55,0,0],"gold":74,"neow_bonus":"BOSS_RELIC","is_daily":false,"chose_seed":true,"campfire_upgraded":3,"win_rate":0.0,"timestamp":1611273564,"path_taken":["M","M","?","?","?","E","R","?","T","M","R","$","R","E","R","BOSS","M","?","?","M","M","R","M","R","T","R","?","M","$","E","R","BOSS","M","?","$","?","?","R","?","M","T","E"],"items_purchased_type":["Relic","Potion","Relic","Card","Relic"],"build_version":"2020-12-22","purchased_purges":1,"victory":false,"max_hp_per_floor":[70,70,70,70,70,70,70,70,70,70,70,70,70,70,70,70,70,70,70,70,70,70,70,70,70,70,70,70,70,70,70,70,70,70,70,70,70,70,70,70,70,70,70,70,70],"card_choices":[{"not_picked":["Dagger Throw","Dagger Spray"],"picked":"Underhanded Strike","floor":1},{"not_picked":["Prepared","Expertise"],"picked":"Cloak And Dagger","floor":2},{"not_picked":["Outmaneuver","Flechettes"],"picked":"Underhanded Strike","floor":4},{"not_picked":["Masterful Stab","Unload"],"picked":"Bouncing Flask","floor":6},{"not_picked":["Well Laid Plans","Flying Knee"],"picked":"Terror","floor":10},{"not_picked":["Dash","Expertise"],"picked":"Noxious Fumes","floor":12},{"not_picked":["Dagger Spray","Backflip"],"picked":"Deadly Poison","floor":12},{"not_picked":["Dagger Spray","Dagger Throw"],"picked":"Bouncing Flask","floor":12},{"not_picked":["Blade Dance","Outmaneuver"],"picked":"Footwork","floor":12},{"not_picked":["Dodge and Roll","Deadly Poison"],"picked":"Tools of the Trade","floor":12},{"not_picked":["Well Laid Plans","Quick Slash","Finisher"],"picked":"SKIP","floor":14},{"not_picked":["A Thousand Cuts","Wraith Form v2"],"picked":"Bullet Time","floor":16},{"not_picked":["Eviscerate+1","Endless Agony"],"picked":"Heel Hook","floor":18},{"not_picked":["Acrobatics","Deadly Poison"],"picked":"Blur","floor":21},{"not_picked":["Blade Dance","Blur+1"],"picked":"Underhanded Strike","floor":22},{"not_picked":["Leg Sweep","Outmaneuver"],"picked":"Riddle With Holes","floor":24},{"not_picked":["Acrobatics","Dodge and Roll+1"],"picked":"Blade Dance+1","floor":29},{"not_picked":["Dash","Bullet Time"],"picked":"Blade Dance","floor":31},{"not_picked":["Malaise","Night Terror"],"picked":"Envenom","floor":33},{"not_picked":["Flying Knee+1","Outmaneuver","Underhanded Strike"],"picked":"SKIP","floor":35},{"not_picked":["Blind","Dark Shackles"],"picked":"Dramatic Entrance","floor":41},{"not_picked":["Flechettes","Dagger Throw","Terror"],"picked":"SKIP","floor":42}],"player_experience":111719,"relics_obtained":[{"floor":6,"key":"Bottled Flame"},{"floor":9,"key":"Mercury Hourglass"},{"floor":14,"key":"Nunchaku"},{"floor":17,"key":"Vajra"},{"floor":17,"key":"Gremlin Horn"},{"floor":17,"key":"Peace Pipe"},{"floor":20,"key":"Red Mask"},{"floor":31,"key":"Akabeko"},{"floor":38,"key":"CaptainsWheel"},{"floor":43,"key":"Tough Bandages"}],"event_choices":[{"cards_removed":["Strike_G"],"damage_healed":0,"gold_gain":0,"player_choice":"Purged","damage_taken":0,"max_hp_gain":0,"max_hp_loss":0,"event_name":"Purifier","floor":3,"gold_loss":0},{"damage_healed":0,"gold_gain":68,"player_choice":"Gained Gold","damage_taken":0,"max_hp_gain":0,"max_hp_loss":0,"event_name":"Golden Wing","floor":5,"gold_loss":0},{"damage_healed":0,"gold_gain":75,"player_choice":"Gather Gold","damage_taken":11,"max_hp_gain":0,"max_hp_loss":0,"event_name":"World of Goop","floor":8,"gold_loss":0},{"damage_healed":0,"gold_gain":0,"player_choice":"Opened","damage_taken":0,"relics_obtained":["Potion Belt"],"max_hp_gain":0,"max_hp_loss":0,"event_name":"The Mausoleum","floor":19,"gold_loss":0},{"damage_healed":0,"gold_gain":0,"player_choice":"Fought Bandits","damage_taken":0,"max_hp_gain":0,"max_hp_loss":0,"event_name":"Masked Bandits","floor":20,"gold_loss":0},{"damage_healed":0,"gold_gain":0,"player_choice":"Read","damage_taken":0,"max_hp_gain":0,"max_hp_loss":0,"event_name":"The Library","floor":28,"gold_loss":0,"cards_obtained":["Corpse Explosion"]},{"damage_healed":0,"gold_gain":0,"player_choice":"Embrace Madness","damage_taken":9,"max_hp_gain":0,"max_hp_loss":0,"event_name":"Winding Halls","floor":36,"gold_loss":0,"cards_obtained":["Madness","Madness"]},{"damage_healed":0,"gold_gain":0,"player_choice":"Fight","damage_taken":0,"max_hp_gain":0,"max_hp_loss":0,"event_name":"MindBloom","floor":38,"gold_loss":0},{"cards_removed":["Underhanded Strike"],"damage_healed":0,"gold_gain":0,"player_choice":"Removed Attack","damage_taken":0,"max_hp_gain":0,"max_hp_loss":0,"event_name":"Falling","floor":39,"gold_loss":0},{"damage_healed":0,"gold_gain":0,"player_choice":"Memory 1","damage_taken":0,"max_hp_gain":0,"max_hp_loss":0,"event_name":"SensoryStone","floor":41,"gold_loss":0}],"is_beta":false,"boss_relics":[{"not_picked":["SlaversCollar","Cursed Key"],"picked":"Calling Bell"},{"not_picked":["Fusion Hammer","Runic Pyramid"],"picked":"Astrolabe"}],"items_purged_floors":[30],"is_endless":false,"potions_floor_spawned":[4,10,14,20,21,24,31,33,38,42],"killed_by":"Nemesis","ascension_level":3}}