{"host":"4izqype2b9ama7cy","time":1611223352,"event":{"mods":["AchievementEnabler","BaseMod","Better Altar","Better Match","Better Note","Better Sensory Stone","Better Skull","Better Third Choice","Better Vampires","Block Reminder","Challenge The Spire","Conspire","Gremlin Skip","Highlight Path","Infinite Spire","Marked Mod","Minty Spire (QoL Compilation)","Replay The Spire","Spicy Shops","StSLib","Wandering Minibosses","everything is the same but u backflip on backflip"],"gold_per_floor":[118,118,132,18,32,32,63,75,101,101,101,101,119,35,35,137,137,151,171,171,171,128,128,139,139,139,139,139,150,161,161,161,161,161],"floor_reached":33,"language":"ENG","playtime":1770,"items_purged":[],"score":284,"play_id":"a073595d-bddc-4da1-acb6-8487eb7274e8","local_time":"20210121020232","is_ascension_mode":true,"campfire_choices":[{"data":"Flechettes","floor":6.0,"key":"SMITH"},{"floor":12.0,"key":"REST"},{"data":"Neutralize","floor":15.0,"key":"SMITH"},{"floor":23.0,"key":"REST"},{"floor":25.0,"key":"REST"},{"floor":28.0,"key":"REST"},{"floor":32,"key":"REST"}],"circlet_count":0,"master_deck":["Strike_G","Strike_G","Strike_G","Strike_G","Strike_G","Defend_G","Defend_G","Defend_G","Defend_G","Defend_G","Survivor","Neutralize+1","Slice","Masterful Stab","Flechettes+1","Flechettes","Slice+1","Crippling Poison","Prepared","All Out Attack","Deadly Poison","Cloak And Dagger+1","All Out Attack+1","Slice","All Out Attack","Sucker Punch","Bane+1","Dagger Throw+1"],"relics":["PureWater","Tiny Chest","Bag of Preparation","infinitespire:Cubic Diamond","Vajra","Empty Cage","Replay:Arrowhead","infinitespire:PuzzleCube","GremlinMask"],"acts_visited":["Exordium","TheCity"],"potions_floor_usage":[],"damage_taken":[{"damage":0.0,"enemies":"2 Louse","floor":1.0,"turns":4.0},{"damage":0.0,"enemies":"conspire:RoseBush","floor":3.0,"turns":4.0},{"damage":0.0,"enemies":"Small Slimes","floor":5.0,"turns":2.0},{"damage":20.0,"enemies":"Lagavulin","floor":7.0,"turns":5.0},{"damage":9.0,"enemies":"Exordium Wildlife","floor":8.0,"turns":4.0},{"damage":4.0,"enemies":"Exordium Thugs","floor":13.0,"turns":4.0},{"damage":41.0,"enemies":"Fading Forest","floor":16.0,"turns":11.0},{"damage":0.0,"enemies":"Spheric Guardian","floor":18.0,"turns":2.0},{"damage":14.0,"enemies":"3 Byrds","floor":19.0,"turns":4.0},{"damage":29.0,"enemies":"conspire:HollyBat","floor":22.0,"turns":9.0},{"damage":25.0,"enemies":"Snecko","floor":24.0,"turns":5.0},{"damage":27.0,"enemies":"Snake Plant","floor":29.0,"turns":4.0},{"damage":28.0,"enemies":"conspire:HollyBat","floor":30.0,"turns":8.0},{"damage":32,"enemies":"Pondfish","floor":33,"turns":4}],"seed_played":"5734437320507590061","potions_obtained":[{"floor":0.0,"key":"LifebloodPotion"},{"floor":0.0,"key":"Poison Potion"},{"floor":0.0,"key":"CultistPotion"},{"floor":18.0,"key":"DistilledChaos"}],"is_trial":false,"path_per_floor":["M","?","M","$","M","R","E","M","T","?","?","R","M","$","R","B",null,"M","M","?","T","M","R","M","R","T","$","R","M","M","?","R","B"],"character_chosen":"THE_SILENT","items_purchased":["Flechettes","Deadly Poison","Vajra"],"campfire_rested":5,"item_purchase_floors":[4,14,14],"current_hp_per_floor":[70,70,70,70,70,70,50,41,41,41,41,62,58,58,58,25,70,70,56,56,56,27,48,23,44,44,44,65,38,10,10,31,0,0],"gold":161,"neow_bonus":"THREE_SMALL_POTIONS","is_daily":false,"chose_seed":false,"campfire_upgraded":2,"win_rate":0.0,"timestamp":1611223352,"path_taken":["M","?","M","$","M","R","E","M","T","?","?","R","M","$","R","BOSS","M","M","?","?","M","R","M","R","T","?","R","?","M","?","R","BOSS"],"items_purchased_type":["Card","Card","Relic"],"build_version":"2020-12-22","purchased_purges":0,"victory":false,"max_hp_per_floor":[70,70,70,70,70,70,70,70,70,70,70,70,70,70,70,70,70,70,70,70,70,70,70,70,70,70,70,70,70,70,70,70,70,70],"card_choices":[{"not_picked":["Predator","Deadly Poison"],"picked":"Slice","floor":1.0},{"not_picked":["Dodge and Roll","Dash"],"picked":"Masterful Stab","floor":3.0},{"not_picked":["Deadly Poison","Replay:Bag of Tricks"],"picked":"Slice","floor":5.0},{"not_picked":["Underhanded Strike","Reflex"],"picked":"Crippling Poison","floor":7.0},{"not_picked":["Outmaneuver","Accuracy"],"picked":"Prepared","floor":8.0},{"not_picked":["Bane","Backflip"],"picked":"All Out Attack","floor":13.0},{"not_picked":["Burst","Night Terror"],"picked":"Envenom","floor":16.0},{"not_picked":["Expertise","Dodge and Roll"],"picked":"Cloak And Dagger+1","floor":18.0},{"not_picked":["Acrobatics","Underhanded Strike"],"picked":"All Out Attack+1","floor":19.0},{"not_picked":["Sucker Punch+1","Choke+1"],"picked":"All Out Attack","floor":22.0},{"not_picked":["Dodge and Roll","Dagger Throw"],"picked":"Sucker Punch","floor":24.0},{"not_picked":["Poison Darts","ReplayTheSpireMod:Tripwire+1"],"picked":"Bane+1","floor":29.0},{"not_picked":["Acrobatics","Backflip"],"picked":"Dagger Throw+1","floor":30.0}],"player_experience":300001,"relics_obtained":[{"floor":7.0,"key":"Tiny Chest"},{"floor":9.0,"key":"Bag of Preparation"},{"floor":21.0,"key":"Replay:Arrowhead"},{"floor":26.0,"key":"infinitespire:PuzzleCube"}],"event_choices":[{"damage_healed":0.0,"max_hp_gain":0.0,"max_hp_loss":0.0,"gold_gain":0.0,"event_name":"conspire:Investor","player_choice":"Leave","floor":2.0,"gold_loss":0.0,"damage_taken":0.0},{"damage_healed":0.0,"max_hp_gain":0.0,"max_hp_loss":0.0,"gold_gain":0.0,"event_name":"The Library","player_choice":"Read","floor":20.0,"gold_loss":0.0,"damage_taken":0.0,"cards_obtained":["Slice"]},{"damage_healed":0,"gold_gain":0,"player_choice":"Trade","damage_taken":0,"relics_obtained":["GremlinMask"],"max_hp_gain":0,"max_hp_loss":0,"event_name":"FaceTrader","floor":31,"gold_loss":0}],"is_beta":false,"boss_relics":[{"not_picked":["Fusion Hammer","Sozu"],"picked":"Empty Cage"}],"items_purged_floors":[],"is_endless":false,"potions_floor_spawned":[3,7,13,16,18,29],"killed_by":"Pondfish","ascension_level":3}}