{"host":"hcfgv6p6h0ubjkk0","time":1611204509,"event":{"mods":["AchievementEnabler","BaseMod","Beaked The Cultist","Highlight Path","Minty Spire (QoL Compilation)","Quick Restart","StSLib","The Cursed","The Elementalist","The Forsaken","The Poker Player"],"gold_per_floor":[118,134,146,146,146,173,192,117,117,180,180,215,233,208,208,303,303,321,305,159,159,171,171,171],"floor_reached":23,"language":"ENG","playtime":1217,"items_purged":["beaked:Strike_Y","beaked:Strike_Y"],"score":203,"play_id":"8ef1faf3-d4c7-48d6-9c61-38bf69cb7880","local_time":"20210121044829","is_ascension_mode":false,"campfire_choices":[{"data":"beaked:Ceremony","floor":11,"key":"SMITH"},{"floor":15,"key":"REST"}],"circlet_count":0,"master_deck":["beaked:Strike_Y","beaked:Strike_Y","beaked:Strike_Y","beaked:Defend_Y","beaked:Defend_Y","beaked:Defend_Y","beaked:Defend_Y","beaked:Ceremony+1","beaked:Ceremony","beaked:Ceremony","beaked:WindBringer","beaked:Pecker","beaked:MachineSpirit","beaked:ShadowFade","beaked:Caw","beaked:Negation+1","beaked:MachineSpirit","beaked:Insight"],"relics":["beaked:MendingPlumage","elementalistmod:RedRibbon","Blood Vial","White Beast Statue","Mummified Hand","Regal Pillow","beaked:SacrificeDoll"],"acts_visited":["Exordium","TheCity"],"potions_floor_usage":[10,10,10,12,16,16,23],"damage_taken":[{"damage":15,"enemies":"Cultist","floor":1,"turns":4},{"damage":19,"enemies":"Jaw Worm","floor":2,"turns":5},{"damage":4,"enemies":"2 Louse","floor":3,"turns":4},{"damage":31,"enemies":"Lagavulin","floor":6,"turns":7},{"damage":11,"enemies":"Large Slime","floor":7,"turns":5},{"damage":23,"enemies":"3 Sentries","floor":10,"turns":7},{"damage":32,"enemies":"Gremlin Nob","floor":12,"turns":4},{"damage":28,"enemies":"3 Louse","floor":13,"turns":5},{"damage":27,"enemies":"Exordium Thugs","floor":14,"turns":5},{"damage":45,"enemies":"The Guardian","floor":16,"turns":11},{"damage":16,"enemies":"Chosen","floor":18,"turns":6},{"damage":31,"enemies":"2 Thieves","floor":19,"turns":5},{"damage":29,"enemies":"Centurion and Healer","floor":22,"turns":7},{"damage":94,"enemies":"Slavers","floor":23,"turns":5}],"seed_played":"-4678274226596622211","potions_obtained":[{"floor":1,"key":"EntropicBrew"},{"floor":3,"key":"Block Potion"},{"floor":10,"key":"FairyPotion"},{"floor":12,"key":"SkillPotion"},{"floor":13,"key":"PowerPotion"},{"floor":16,"key":"SteroidPotion"},{"floor":18,"key":"EntropicBrew"},{"floor":19,"key":"PowerPotion"}],"is_trial":false,"path_per_floor":["M","M","M","?","?","E","M","$","T","?","R","E","M","M","R","B",null,"M","M","$","?","M","E"],"character_chosen":"BEAKED_THE_CULTIST","items_purchased":["beaked:Insight"],"campfire_rested":1,"item_purchase_floors":[20],"current_hp_per_floor":[41,33,40,45,45,28,31,31,31,34,34,28,24,12,43,50,55,42,34,34,34,42,0,0],"gold":171,"neow_bonus":"REMOVE_CARD","is_daily":false,"chose_seed":false,"campfire_upgraded":1,"win_rate":0.0,"timestamp":1611204509,"path_taken":["M","?","M","?","?","E","M","$","T","?","R","E","M","M","R","BOSS","M","M","$","?","M","E"],"items_purchased_type":["Card"],"build_version":"2020-12-22","purchased_purges":2,"victory":false,"max_hp_per_floor":[50,50,50,55,55,55,55,55,55,55,55,55,55,55,55,55,55,55,55,55,55,55,55,55],"card_choices":[{"not_picked":["beaked:VigorBurst","beaked:Brace"],"picked":"beaked:WindBringer","floor":1},{"not_picked":["beaked:Mantra","beaked:Daydream"],"picked":"beaked:Pecker","floor":2},{"not_picked":["beaked:Resilience","beaked:BarbedWire","beaked:Insight"],"picked":"SKIP","floor":3},{"not_picked":["beaked:Poke","beaked:Replenish"],"picked":"beaked:MachineSpirit","floor":6},{"not_picked":["beaked:Resilience","beaked:Struggle","beaked:SacrificialDive"],"picked":"SKIP","floor":7},{"not_picked":["beaked:SacrificialAttack","beaked:Windmill"],"picked":"beaked:ShadowFade","floor":12},{"not_picked":["beaked:WarriorEssence","beaked:Negation","beaked:StunningBlow"],"picked":"SKIP","floor":13},{"not_picked":["beaked:Poke","beaked:Tradeoff","beaked:WarriorEssence"],"picked":"SKIP","floor":14},{"not_picked":["beaked:Sacrifice","beaked:VolatileMisfortune"],"picked":"beaked:Caw","floor":16},{"not_picked":["beaked:CursingBlood+1","beaked:Insight"],"picked":"beaked:Negation+1","floor":18},{"not_picked":["beaked:Replenish","beaked:CursingBlood"],"picked":"beaked:MachineSpirit","floor":19},{"not_picked":["beaked:WarriorSpirit","beaked:TuckingFeathers","beaked:Molting"],"picked":"SKIP","floor":22}],"player_experience":126257,"relics_obtained":[{"floor":6,"key":"Blood Vial"},{"floor":9,"key":"White Beast Statue"},{"floor":10,"key":"Mummified Hand"},{"floor":12,"key":"Regal Pillow"}],"event_choices":[{"damage_healed":0,"gold_gain":0,"player_choice":"Donut","damage_taken":0,"max_hp_gain":5,"max_hp_loss":0,"event_name":"Big Fish","floor":4,"gold_loss":0},{"damage_healed":0,"gold_gain":0,"player_choice":"Searched \u00271\u0027 times","damage_taken":0,"max_hp_gain":0,"max_hp_loss":0,"event_name":"Dead Adventurer","floor":10,"gold_loss":0},{"damage_healed":0,"gold_gain":0,"player_choice":"Ignored","damage_taken":0,"max_hp_gain":0,"max_hp_loss":0,"event_name":"Vampires","floor":21,"gold_loss":0}],"is_beta":false,"boss_relics":[{"not_picked":["Ectoplasm","beaked:SacredDeck"],"picked":"beaked:SacrificeDoll"}],"items_purged_floors":[8,20],"is_endless":false,"potions_floor_spawned":[1,3,10,12,13,14,16,18,19,22],"killed_by":"Slavers","ascension_level":0}}