{"host":"yqveedbda5h7irme","time":1611261036,"event":{"mods":["AchievementEnabler","Aspiration","BaseMod","BetterRewards","Colored Powertips","Conspire","GifTheSpireLib","Hermit","Hubris","Infinite Spire","Marked Mod","Minty Spire (QoL Compilation)","Replay The Spire","StSLib","Stuff the Spire","The Jungle","The Necromancer","The Servant 0.9.4"],"gold_per_floor":[110,127,50,50,70,70,70,70,140,160,188,199,199,54,54,150,150,150,150],"floor_reached":18,"language":"ENG","playtime":1136,"items_purged":[],"score":160,"play_id":"3bdf59d3-45c8-42dc-9f46-d947d112eba8","local_time":"20210121213036","is_ascension_mode":false,"campfire_choices":[{"floor":6,"key":"REST"},{"floor":8,"key":"REST"},{"floor":13,"key":"REST"},{"floor":15,"key":"REST"}],"circlet_count":0,"master_deck":["hermit:Strike_Hermit","hermit:Strike_Hermit","hermit:Strike_Hermit","hermit:Strike_Hermit","hermit:Defend_Hermit","hermit:Defend_Hermit","hermit:Defend_Hermit","hermit:Defend_Hermit","hermit:Snapshot","hermit:Covet","hermit:Determination+1","hermit:LowProfile","hermit:TakeCover","hermit:TakeAim+1","hermit:Headshot","hermit:Grudge","hermit:Brawl","hermit:BodyArmor","hermit:GoldenBullet","hermit:Brawl","hermit:DeadOrAlive"],"relics":["hermit:Momento","hermit:PetGhost","Dream Catcher","ReplayTheSpireMod:TigerMarble","Tiny Chest","MealTicket","hubris:BlackHole"],"acts_visited":["Exordium","theJungle:Jungle"],"potions_floor_usage":[11,11,11,12],"damage_taken":[{"damage":0,"enemies":"2 Louse","floor":1,"turns":3},{"damage":0,"enemies":"Jaw Worm","floor":2,"turns":2},{"damage":18,"enemies":"infinitespire:Voidling","floor":5,"turns":5},{"damage":26,"enemies":"Exordium Thugs","floor":10,"turns":5},{"damage":16,"enemies":"Gremlin Nob","floor":11,"turns":5},{"damage":16,"enemies":"Large Slime","floor":12,"turns":7},{"damage":33,"enemies":"Slime Boss","floor":16,"turns":10},{"damage":100075,"enemies":"theJungle:MUSHROOMGANG","floor":18,"turns":40}],"seed_played":"93023134556004357","potions_obtained":[{"floor":2,"key":"DistilledChaos"},{"floor":5,"key":"ColorlessPotion"},{"floor":10,"key":"Weak Potion"},{"floor":11,"key":"Strength Potion"}],"is_trial":false,"path_per_floor":["M","M","$","?","M","R","?","R","T","M","E","M","R","$","R","B",null,"M"],"character_chosen":"HERMIT","items_purchased":["hermit:PetGhost","Dream Catcher","ReplayTheSpireMod:TigerMarble","hermit:Determination","hermit:TakeAim","MealTicket"],"campfire_rested":4,"item_purchase_floors":[0,0,0,0,3,14],"current_hp_per_floor":[40,40,40,40,29,51,51,73,73,47,31,15,37,37,59,26,75,0,0],"gold":150,"neow_bonus":"","is_daily":false,"chose_seed":false,"campfire_upgraded":0,"win_rate":0.0,"timestamp":1611261036,"path_taken":["M","M","$","?","M","R","?","R","T","?","E","M","R","?","R","BOSS","M"],"items_purchased_type":["Relic","Relic","Relic","Card","Card","Relic"],"build_version":"2020-12-22","purchased_purges":0,"victory":false,"max_hp_per_floor":[75,75,75,75,75,75,75,75,75,75,75,75,75,75,75,75,75,75,75],"card_choices":[{"not_picked":["hermit:EyeOfTheStorm","hermit:Dive"],"picked":"hermit:LowProfile","floor":1},{"not_picked":["hermit:LoneWolf","hermit:Ricochet"],"picked":"hermit:TakeCover","floor":2},{"not_picked":["hermit:GhostlyPresence","hermit:Grudge"],"picked":"hermit:Headshot","floor":5},{"not_picked":["hermit:PistolWhip","hermit:CalledShot"],"picked":"hermit:Grudge","floor":6},{"not_picked":["hermit:Deadeye","hermit:FlashPowder"],"picked":"hermit:Brawl","floor":8},{"not_picked":["hermit:Roulette","hermit:Ricochet"],"picked":"hermit:BodyArmor","floor":10},{"not_picked":["hermit:HeroicBravado","hermit:FlashPowder"],"picked":"hermit:GoldenBullet","floor":11},{"not_picked":["hermit:Feint","hermit:Malice","hermit:Snipe"],"picked":"SKIP","floor":12},{"not_picked":["hermit:LoneWolf","hermit:NoHoldsBarred"],"picked":"hermit:Brawl","floor":13},{"not_picked":["hermit:HighNoon","hermit:Magnum"],"picked":"hermit:DeadOrAlive","floor":16}],"player_experience":131093,"relics_obtained":[{"floor":11,"key":"Tiny Chest"}],"event_choices":[{"damage_healed":0,"gold_gain":0,"player_choice":"Forge","damage_taken":0,"max_hp_gain":0,"max_hp_loss":0,"event_name":"Accursed Blacksmith","floor":7,"gold_loss":0,"cards_upgraded":["hermit:Determination"]}],"is_beta":false,"boss_relics":[{"not_picked":["ReplayTheSpireMod:DimensionalGlitch","Replay:Drink Me"],"picked":"hubris:BlackHole"}],"items_purged_floors":[],"is_endless":false,"potions_floor_spawned":[2,5,10,11],"killed_by":"theJungle:MUSHROOMGANG","ascension_level":0}}