{"host":"0cm5wy4nhuju7tij","time":1611206199,"event":{"mods":["100% Spire Juice","2.2 Compatiblity","AchievementEnabler","Aspiration","BaseMod","Better Third Choice","BetterRewards","CCEM","CapriCore","Colored Powertips","Curses Come First","Custom Start","Displayed Cursed Tome","Downfall","Energized Spire","Evolution","Filter the Spire","Highlight Path","Jess\u0027s Bottle","Minty Spire (QoL Compilation)","Permanent Neow","Poor People Problems","Relic Stats","Shop Mod","Spicy Shops","StSLib","The Cursed","The Juggle","The Sage","TheFirefly"],"gold_per_floor":[115,115,134,144,158,158,192,206,206,226,259,259,271,107,107,204,204,214,214,229,4,24,54,54,54,54,54,54,68,68,79,79,178,178,188,204,39,89,89,120,133,158,205,48,48,76,76,87,87,87],"floor_reached":51,"language":"ENG","playtime":3093,"items_purged":["Strike_B"],"score":953,"play_id":"ab58b783-f2aa-40e8-a4e9-f5e242866adb","local_time":"20210121001639","is_ascension_mode":true,"campfire_choices":[{"data":"Ball Lightning","floor":6,"key":"SMITH"},{"floor":15,"key":"REST"},{"data":"Electrodynamics","floor":25,"key":"SMITH"},{"data":"Self Repair","floor":27,"key":"SMITH"},{"data":"Hello World","floor":30,"key":"SMITH"},{"data":"Zap","floor":32,"key":"SMITH"},{"floor":45,"key":"REST"},{"floor":47,"key":"DIG"},{"floor":49,"key":"DIG"}],"circlet_count":0,"master_deck":["Ball Lightning+1","Ball Lightning","Ball Lightning+1","Defend_B","Defend_B","Defend_B","Zap+1","Dualcast","Doom and Gloom","Conserve Battery+1","Coolheaded+1","Leap+1","Darkness+1","Coolheaded+1","Steam+1","Aggregate+1","Genetic Algorithm+1","Coolheaded+1","Lockon","Electrodynamics+1","Coolheaded+1","Hello World+1","Self Repair+1","Ball Lightning","Fusion+1","Undo+1","Reinforced Body+1","Go for the Eyes+1","Cold Snap+1","Echo Form+1","Skim+1","White Noise+1","Chill+1","Force Field+1","Steam+1","Force Field+1","Self Repair+1","Seek+1","Capacitor+1","Static Discharge+1"],"relics":["FrozenCore","EVO:Axolotl","Toxic Egg 2","Matryoshka","Boot","Thread and Needle","Sozu","CCEMRelics:TechnogenicHelmet","aspiration:FrozenJewel","Omamori","Bottled Lightning","TungstenRod","aspiration:AnachronicSnailShell","CCEMRelics:DerglesHeadphones","Bag of Marbles","Oddly Smooth Stone","Shovel","CCEMRelics:FryingPan","Orichalcum"],"acts_visited":["Exordium","TheCity","TheBeyond"],"potions_floor_usage":[],"damage_taken":[{"damage":2,"enemies":"Jaw Worm","floor":1,"turns":3},{"damage":3,"enemies":"2 Louse","floor":3,"turns":2},{"damage":0,"enemies":"Small Slimes","floor":4,"turns":2},{"damage":4,"enemies":"Exordium Thugs","floor":5,"turns":3},{"damage":11,"enemies":"Lagavulin","floor":7,"turns":5},{"damage":16,"enemies":"3 Louse","floor":8,"turns":2},{"damage":6,"enemies":"Gremlin Gang","floor":10,"turns":3},{"damage":16,"enemies":"Gremlin Nob","floor":11,"turns":3},{"damage":0,"enemies":"Large Slime","floor":13,"turns":3},{"damage":7,"enemies":"Hexaghost","floor":16,"turns":9},{"damage":14,"enemies":"3 Byrds","floor":18,"turns":3},{"damage":0,"enemies":"2 Thieves","floor":20,"turns":2},{"damage":6,"enemies":"Centurion and Healer","floor":22,"turns":6},{"damage":25,"enemies":"Book of Stabbing","floor":23,"turns":7},{"damage":0,"enemies":"3 Cultists","floor":29,"turns":3},{"damage":2,"enemies":"Shelled Parasite and Fungi","floor":31,"turns":5},{"damage":33,"enemies":"Automaton","floor":33,"turns":9},{"damage":2,"enemies":"3 Darklings","floor":35,"turns":4},{"damage":0,"enemies":"3 Shapes","floor":36,"turns":2},{"damage":0,"enemies":"Mind Bloom Boss Battle","floor":38,"turns":5},{"damage":47,"enemies":"Reptomancer","floor":40,"turns":7},{"damage":4,"enemies":"Jaw Worm Horde","floor":41,"turns":6},{"damage":5,"enemies":"Nemesis","floor":42,"turns":9},{"damage":0,"enemies":"Reptomancer","floor":46,"turns":6},{"damage":19,"enemies":"Transient","floor":48,"turns":5},{"damage":29,"enemies":"Time Eater","floor":50,"turns":11}],"seed_played":"4794540458898101307","potions_obtained":[{"floor":5,"key":"Block Potion"},{"floor":7,"key":"Guardian:BlockOnCardUsePotion"},{"floor":10,"key":"FocusPotion"}],"is_trial":false,"path_per_floor":["M","?","M","M","M","R","E","M","T","M","E","?","M","$","R","B",null,"M","?","M","$","M","E","$","R","T","R","?","M","R","M","R","B",null,"M","M","$","?","?","E","M","E","T","$","R","E","R","M","R","B",null],"character_chosen":"DEFECT","items_purchased":["Coolheaded+1","Lockon","Self Repair","CCEMRelics:TechnogenicHelmet","Ball Lightning","Chill+1","Force Field+1","Oddly Smooth Stone"],"campfire_rested":2,"item_purchase_floors":[14,14,21,21,21,37,37,44],"current_hp_per_floor":[73,73,70,70,66,66,55,39,39,33,17,10,10,10,32,25,75,61,61,61,61,62,44,44,44,44,44,44,44,44,52,52,29,75,73,73,73,75,75,28,34,49,49,49,71,75,75,66,66,57],"gold":87,"neow_bonus":"UPGRADE_CARD","is_daily":false,"chose_seed":false,"campfire_upgraded":5,"win_rate":0.0,"timestamp":1611206199,"path_taken":["M","?","M","M","M","R","E","M","T","M","E","?","M","$","R","BOSS","M","?","M","$","M","E","?","R","T","R","?","?","R","M","R","BOSS","M","M","$","?","?","E","M","E","T","$","R","E","R","M","R","BOSS"],"items_purchased_type":["Card","Card","Card","Relic","Card","Card","Card","Relic"],"build_version":"2020-12-22","purchased_purges":1,"victory":true,"max_hp_per_floor":[75,75,75,75,75,75,75,75,75,75,75,75,75,75,75,75,75,75,75,75,75,75,75,75,75,75,75,75,75,75,75,75,75,75,75,75,75,75,75,75,75,75,75,75,75,75,75,75,75,75],"relic_stats":{"Sozu":0,"Shovel":2,"counters":[26,125],"Orichalcum":[18],"Boot":[82],"obtain_stats":[{"Oddly Smooth Stone":44,"Thread and Needle":11,"Omamori":26,"EVO:Axolotl":0,"CCEMRelics:TechnogenicHelmet":21,"Orichalcum":49,"Boot":9,"aspiration:FrozenJewel":23,"FrozenCore":34,"CCEMRelics:DerglesHeadphones":42,"Sozu":17,"Matryoshka":7,"Shovel":46,"aspiration:AnachronicSnailShell":40,"CCEMRelics:FryingPan":47,"Bag of Marbles":43,"Bottled Lightning":26,"Toxic Egg 2":2,"Cracked Core":0,"TungstenRod":38},{"Oddly Smooth Stone":23,"Thread and Needle":8,"Omamori":14,"EVO:Axolotl":0,"CCEMRelics:TechnogenicHelmet":12,"Orichalcum":25,"Boot":6,"aspiration:FrozenJewel":14,"FrozenCore":17,"CCEMRelics:DerglesHeadphones":23,"Sozu":10,"Matryoshka":5,"Shovel":24,"aspiration:AnachronicSnailShell":21,"CCEMRelics:FryingPan":24,"Bag of Marbles":23,"Bottled Lightning":14,"Toxic Egg 2":1,"Cracked Core":0,"TungstenRod":20},{"Oddly Smooth Stone":103,"Thread and Needle":23,"Omamori":53,"EVO:Axolotl":0,"CCEMRelics:TechnogenicHelmet":40,"Orichalcum":114,"Boot":17,"aspiration:FrozenJewel":53,"FrozenCore":70,"CCEMRelics:DerglesHeadphones":103,"Sozu":35,"Matryoshka":15,"Shovel":109,"aspiration:AnachronicSnailShell":88,"CCEMRelics:FryingPan":109,"Bag of Marbles":103,"Bottled Lightning":53,"Toxic Egg 2":3,"Cracked Core":0,"TungstenRod":81}],"TungstenRod":18,"FrozenCore":[11]},"card_choices":[{"not_picked":["Rebound","Hologram"],"picked":"Doom and Gloom","floor":1},{"not_picked":["Turbo+1","Compile Driver"],"picked":"Conserve Battery+1","floor":3},{"not_picked":["Go for the Eyes","Streamline"],"picked":"Coolheaded+1","floor":4},{"not_picked":["aspiration:Polymerization+1","Steam+1"],"picked":"Leap+1","floor":5},{"not_picked":["Beam Cell","Cold Snap"],"picked":"Darkness+1","floor":7},{"not_picked":["Rebound","Turbo+1"],"picked":"Coolheaded+1","floor":8},{"not_picked":["Conserve Battery+1","Hologram+1"],"picked":"Steam+1","floor":10},{"not_picked":["Steam+1","Barrage"],"picked":"Aggregate+1","floor":11},{"not_picked":["Go for the Eyes","Fission+1"],"picked":"Genetic Algorithm+1","floor":13},{"not_picked":["Creative AI","Multi-Cast+1"],"picked":"Electrodynamics","floor":16},{"not_picked":["Sweeping Beam","Gash"],"picked":"Coolheaded+1","floor":18},{"not_picked":["Streamline","Coolheaded+1"],"picked":"Hello World","floor":20},{"not_picked":["Barrage","Go for the Eyes"],"picked":"Fusion+1","floor":22},{"not_picked":["Darkness+1","Beam Cell"],"picked":"Undo+1","floor":23},{"not_picked":["Meteor Strike","Aggregate+1"],"picked":"Go for the Eyes+1","floor":29},{"not_picked":["Leap+1","Undo+1"],"picked":"Cold Snap+1","floor":31},{"not_picked":["Biased Cognition","All For One"],"picked":"Echo Form","floor":33},{"not_picked":["Sweeping Beam+1","Compile Driver"],"picked":"Skim+1","floor":35},{"not_picked":["Compile Driver+1","Coolheaded+1"],"picked":"White Noise+1","floor":36},{"not_picked":["Turbo+1","Barrage"],"picked":"Steam+1","floor":38},{"not_picked":["Hologram+1","Beam Cell+1"],"picked":"Force Field+1","floor":40},{"not_picked":["Gash","Steam+1"],"picked":"Self Repair+1","floor":41},{"not_picked":["Doom and Gloom+1","Recycle+1"],"picked":"Seek+1","floor":42},{"not_picked":["Cold Snap+1","Turbo+1"],"picked":"Capacitor+1","floor":46},{"not_picked":["Conserve Battery+1","Doom and Gloom+1"],"picked":"Static Discharge+1","floor":48}],"player_experience":229135,"relics_obtained":[{"floor":7,"key":"Matryoshka"},{"floor":9,"key":"Boot"},{"floor":11,"key":"Thread and Needle"},{"floor":23,"key":"aspiration:FrozenJewel"},{"floor":26,"key":"Omamori"},{"floor":26,"key":"Bottled Lightning"},{"floor":38,"key":"TungstenRod"},{"floor":40,"key":"aspiration:AnachronicSnailShell"},{"floor":42,"key":"CCEMRelics:DerglesHeadphones"},{"floor":43,"key":"Bag of Marbles"},{"floor":46,"key":"Shovel"},{"floor":47,"key":"CCEMRelics:FryingPan"},{"floor":49,"key":"Orichalcum"}],"event_choices":[{"cards_removed":["Injury"],"damage_healed":0,"gold_gain":0,"player_choice":"Card Removal","damage_taken":7,"max_hp_gain":0,"max_hp_loss":0,"event_name":"Golden Wing","floor":12,"gold_loss":0},{"damage_healed":0,"gold_gain":0,"player_choice":"Got Potions","damage_taken":0,"max_hp_gain":0,"max_hp_loss":0,"event_name":"Lab","floor":19,"gold_loss":0},{"damage_healed":0,"gold_gain":0,"cards_transformed":["Defend_B"],"player_choice":"Transformed","damage_taken":0,"max_hp_gain":0,"max_hp_loss":0,"event_name":"Transmorgrifier","floor":28,"gold_loss":0,"cards_obtained":["Reinforced Body"]},{"damage_healed":0,"gold_gain":0,"player_choice":"Fight","damage_taken":0,"max_hp_gain":0,"max_hp_loss":0,"event_name":"MindBloom","floor":38,"gold_loss":0},{"damage_healed":0,"gold_gain":0,"player_choice":"Upgraded","damage_taken":0,"max_hp_gain":0,"max_hp_loss":0,"event_name":"Upgrade Shrine","floor":39,"gold_loss":0,"cards_upgraded":["Echo Form"]}],"is_beta":false,"boss_relics":[{"not_picked":["Runic Dome","Ectoplasm"],"picked":"Sozu"},{"not_picked":["energizedSpire:OldTV","energizedSpire:StickyHand"],"picked":"FrozenCore"}],"items_purged_floors":[14],"is_endless":false,"potions_floor_spawned":[5,7,10,13,16,20,29,31,33,35,40,46],"ascension_level":3}}