{"host":"1a3cjta80tad0aqj","time":1611225576,"event":{"mods":["2.2 Compatiblity","AchievementEnabler","BaseMod","Colored Map","DeckTracker","KOR Keyword Fix","Keyboard Shortcuts","Minty Spire (QoL Compilation)","Permanent Neow","Quick Restart","Random Character Button","StSLib","SuperFastMode","everything is the same but u backflip on backflip"],"gold_per_floor":[123,42,51,84,109,109,151,151,151,174,219,228,228,260,260,388,388,416,416,425,425,455,455,216,256,308,356,356,399,399,426,426,564,564,594,17,89,111,21,21,51,74,98,125,149,183,183,212,212,212,212],"floor_reached":50,"language":"KOR","playtime":2434,"items_purged":["Regret","Injury"],"score":700,"play_id":"4a864ff2-8be2-49ae-82f0-c97222252dda","local_time":"20210121193936","is_ascension_mode":true,"campfire_choices":[{"data":"Sword Boomerang","floor":6.0,"key":"SMITH"},{"data":"Inflame","floor":8.0,"key":"SMITH"},{"data":"Whirlwind","floor":13.0,"key":"SMITH"},{"data":"Enlightenment","floor":15.0,"key":"SMITH"},{"data":"RitualDagger","floor":23.0,"key":"SMITH"},{"floor":28.0,"key":"REST"},{"data":"Seeing Red","floor":30.0,"key":"SMITH"},{"floor":32.0,"key":"REST"},{"data":"Armaments","floor":40.0,"key":"SMITH"},{"data":"Heavy Blade","floor":47.0,"key":"SMITH"},{"floor":49.0,"key":"REST"}],"circlet_count":0,"master_deck":["Strike_R+1","Strike_R+1","Strike_R+1","Strike_R+1","Strike_R+1","Defend_R+1","Defend_R+1","Defend_R+1","Bash","Sword Boomerang+1","Enlightenment+1","Inflame+1","Heavy Blade+1","Shockwave","Perfected Strike","Whirlwind+1","Perfected Strike","Offering","Armaments+1","RitualDagger+1","Seeing Red+1","Flex","True Grit","Shrug It Off","Offering","Twin Strike","Wild Strike+1","Wild Strike","Perfected Strike","Shrug It Off","Warcry+1","Flame Barrier","Headbutt","Second Wind+1","Heavy Blade+1"],"relics":["Burning Blood","CeramicFish","Golden Idol","Darkstone Periapt","Bottled Tornado","White Beast Statue","Paper Frog","SacredBark","Nunchaku","HornCleat","Smiling Mask","Sundial","Velvet Choker","Meat on the Bone","Toolbox","Bird Faced Urn","Vajra"],"acts_visited":["Exordium","TheCity","TheBeyond"],"potions_floor_usage":[50,50,50],"damage_taken":[{"damage":9.0,"enemies":"2 Louse","floor":1.0,"turns":3.0},{"damage":7.0,"enemies":"Small Slimes","floor":4.0,"turns":4.0},{"damage":9.0,"enemies":"Jaw Worm","floor":5.0,"turns":3.0},{"damage":20.0,"enemies":"3 Sentries","floor":7.0,"turns":6.0},{"damage":3.0,"enemies":"Looter","floor":10.0,"turns":3.0},{"damage":0.0,"enemies":"Lagavulin","floor":11.0,"turns":3.0},{"damage":15.0,"enemies":"Exordium Wildlife","floor":14.0,"turns":3.0},{"damage":27.0,"enemies":"Hexaghost","floor":16.0,"turns":5.0},{"damage":31.0,"enemies":"Shell Parasite","floor":18.0,"turns":5.0},{"damage":5.0,"enemies":"Chosen","floor":22.0,"turns":4.0},{"damage":35.0,"enemies":"Slavers","floor":25.0,"turns":3.0},{"damage":10.0,"enemies":"Gremlin Leader","floor":29.0,"turns":5.0},{"damage":27.0,"enemies":"Snecko","floor":31.0,"turns":6.0},{"damage":31.0,"enemies":"Champ","floor":33.0,"turns":6.0},{"damage":14.0,"enemies":"Orb Walker","floor":35.0,"turns":2.0},{"damage":18.0,"enemies":"Mind Bloom Boss Battle","floor":37.0,"turns":4.0},{"damage":20.0,"enemies":"3 Darklings","floor":38.0,"turns":2.0},{"damage":31.0,"enemies":"4 Shapes","floor":41.0,"turns":3.0},{"damage":16.0,"enemies":"Maw","floor":42.0,"turns":5.0},{"damage":6.0,"enemies":"3 Darklings","floor":44.0,"turns":3.0},{"damage":21.0,"enemies":"Spire Growth","floor":45.0,"turns":4.0},{"damage":34.0,"enemies":"Sphere and 2 Shapes","floor":46.0,"turns":4.0},{"damage":0.0,"enemies":"3 Darklings","floor":48.0,"turns":3.0},{"damage":149,"enemies":"Donu and Deca","floor":50,"turns":8}],"seed_played":"-956017958237348067","potions_obtained":[{"floor":1.0,"key":"PowerPotion"},{"floor":5.0,"key":"Fire Potion"},{"floor":10.0,"key":"AttackPotion"},{"floor":11.0,"key":"Explosive Potion"},{"floor":14.0,"key":"LiquidBronze"},{"floor":16.0,"key":"LiquidBronze"},{"floor":18.0,"key":"AttackPotion"},{"floor":25.0,"key":"BlessingOfTheForge"},{"floor":29.0,"key":"SpeedPotion"},{"floor":31.0,"key":"SteroidPotion"},{"floor":33.0,"key":"Ancient Potion"},{"floor":35.0,"key":"Swift Potion"},{"floor":41.0,"key":"Regen Potion"},{"floor":42.0,"key":"SpeedPotion"},{"floor":44.0,"key":"Swift Potion"},{"floor":45.0,"key":"AttackPotion"},{"floor":48.0,"key":"Regen Potion"}],"is_trial":false,"path_per_floor":["M","$","?","M","M","R","E","R","T","M","E","?","R","M","R","B",null,"M","?","?","?","M","R","$","E","T","T","R","E","R","M","R","B",null,"M","$","?","M","?","R","M","M","T","M","M","M","R","M","R","B"],"character_chosen":"IRONCLAD","items_purchased":["Enlightenment","Flex","Nunchaku","Wild Strike","Meat on the Bone","SteroidPotion","DistilledChaos","Toolbox"],"campfire_rested":3,"item_purchase_floors":[2,24,24,36,36,36,36,36],"current_hp_per_floor":[77,77,77,76,73,73,59,59,59,62,68,74,74,65,65,44,86,61,61,55,55,56,56,56,27,27,27,52,48,48,27,52,27,86,78,78,66,54,54,54,43,69,69,71,58,44,44,52,77,0,0],"gold":212,"neow_bonus":"RANDOM_COMMON_RELIC","is_daily":false,"chose_seed":false,"campfire_upgraded":8,"win_rate":0.0,"timestamp":1611225576,"path_taken":["M","$","?","M","M","R","E","R","T","M","E","?","R","M","R","BOSS","M","?","?","?","M","R","$","E","T","?","R","E","R","M","R","BOSS","M","$","?","M","?","R","M","M","T","?","M","M","R","M","R","BOSS"],"items_purchased_type":["Card","Card","Relic","Card","Relic","Potion","Potion","Relic"],"build_version":"2020-12-22","purchased_purges":2,"victory":false,"max_hp_per_floor":[80,80,80,80,80,80,80,80,80,80,80,86,86,86,86,86,86,86,86,86,86,86,86,86,86,86,86,86,86,86,86,86,86,86,86,86,86,86,86,86,86,86,86,86,86,86,86,86,86,86,86],"card_choices":[{"not_picked":["Evolve","Anger"],"picked":"Sword Boomerang","floor":1.0},{"not_picked":["Rampage","Metallicize"],"picked":"Inflame","floor":4.0},{"not_picked":["Sword Boomerang","Clash"],"picked":"Heavy Blade","floor":5.0},{"not_picked":["Clash","Havoc"],"picked":"Shockwave","floor":7.0},{"not_picked":["Havoc","Sentinel"],"picked":"Perfected Strike","floor":10.0},{"not_picked":["Headbutt","Corruption"],"picked":"Whirlwind","floor":11.0},{"not_picked":["Anger","Body Slam"],"picked":"Perfected Strike","floor":14.0},{"not_picked":["Impervious","Exhume"],"picked":"Offering","floor":16.0},{"not_picked":["Flex","Searing Blow"],"picked":"Armaments","floor":18.0},{"not_picked":["Pummel+1","Clothesline"],"picked":"Seeing Red","floor":22.0},{"not_picked":["Warcry","Wild Strike"],"picked":"True Grit","floor":25.0},{"not_picked":["Combust","Sword Boomerang+1","Sentinel"],"picked":"SKIP","floor":29.0},{"not_picked":["Headbutt","Clash"],"picked":"Shrug It Off","floor":31.0},{"not_picked":["Berserk","Fiend Fire"],"picked":"Offering","floor":33.0},{"not_picked":["Shockwave+1","Clothesline"],"picked":"Twin Strike","floor":35.0},{"not_picked":["Shrug It Off","Carnage"],"picked":"Wild Strike","floor":37.0},{"not_picked":["Armaments","Flex"],"picked":"Perfected Strike","floor":38.0},{"not_picked":["Reaper","Searing Blow+1"],"picked":"Shrug It Off","floor":41.0},{"not_picked":["Dark Embrace","Disarm+1"],"picked":"Warcry+1","floor":42.0},{"not_picked":["Carnage","Dark Embrace"],"picked":"Flame Barrier","floor":44.0},{"not_picked":["Rampage","Sword Boomerang"],"picked":"Headbutt","floor":45.0},{"not_picked":["Uppercut","Havoc"],"picked":"Second Wind+1","floor":46.0},{"not_picked":["Searing Blow","Sever Soul+1"],"picked":"Heavy Blade+1","floor":48.0}],"player_experience":834753,"relics_obtained":[{"floor":7.0,"key":"Darkstone Periapt"},{"floor":9.0,"key":"Bottled Tornado"},{"floor":11.0,"key":"White Beast Statue"},{"floor":25.0,"key":"HornCleat"},{"floor":27.0,"key":"Smiling Mask"},{"floor":29.0,"key":"Sundial"},{"floor":37.0,"key":"Bird Faced Urn"},{"floor":43.0,"key":"Vajra"}],"event_choices":[{"damage_healed":0.0,"max_hp_gain":0.0,"max_hp_loss":0.0,"gold_gain":0.0,"event_name":"Golden Idol","player_choice":"Take Wound","floor":3.0,"gold_loss":0.0,"damage_taken":0.0,"relics_obtained":["Golden Idol"],"cards_obtained":["Injury"]},{"damage_healed":0.0,"max_hp_gain":0.0,"max_hp_loss":0.0,"gold_gain":0.0,"event_name":"Big Fish","player_choice":"Box","floor":12.0,"gold_loss":0.0,"damage_taken":0.0,"relics_obtained":["Paper Frog"],"cards_obtained":["Regret"]},{"damage_healed":0.0,"max_hp_gain":0.0,"max_hp_loss":0.0,"gold_gain":0.0,"event_name":"Back to Basics","player_choice":"Simplicity","floor":19.0,"gold_loss":0.0,"damage_taken":0.0,"cards_upgraded":["Strike_R","Strike_R","Strike_R","Strike_R","Strike_R","Defend_R","Defend_R","Defend_R","Defend_R"]},{"damage_healed":0.0,"max_hp_gain":0.0,"max_hp_loss":0.0,"gold_gain":0.0,"event_name":"Nest","player_choice":"Joined the Cult","floor":20.0,"gold_loss":0.0,"damage_taken":6.0,"cards_obtained":["RitualDagger"]},{"damage_healed":0.0,"max_hp_gain":0.0,"max_hp_loss":0.0,"gold_gain":0.0,"event_name":"Vampires","player_choice":"Ignored","floor":21.0,"gold_loss":0.0,"damage_taken":0.0},{"damage_healed":0.0,"max_hp_gain":0.0,"max_hp_loss":0.0,"gold_gain":0.0,"event_name":"MindBloom","player_choice":"Fight","floor":37.0,"gold_loss":0.0,"damage_taken":0.0},{"cards_removed":["Defend_R"],"damage_healed":0.0,"max_hp_gain":0.0,"max_hp_loss":0.0,"gold_gain":0.0,"event_name":"Designer","player_choice":"Upgrade and Remove","floor":39.0,"gold_loss":90.0,"damage_taken":0.0,"cards_upgraded":["Wild Strike"]}],"is_beta":false,"boss_relics":[{"not_picked":["Empty Cage","Fusion Hammer"],"picked":"SacredBark"},{"not_picked":["Black Blood","Black Star"],"picked":"Velvet Choker"}],"items_purged_floors":[24,36],"is_endless":false,"potions_floor_spawned":[1,5,10,11,14,16,18,22,25,29,31,33,35,37,38,41,42,44,45,46,48],"killed_by":"Donu and Deca","ascension_level":4}}