{"host":"a5lz0e76zb3fcwkm","time":1611231960,"event":{"mods":["AchievementEnabler","BaseMod","Colored Map","Colored Powertips","Minty Spire (QoL Compilation)","StSLib","SuperFastMode"],"gold_per_floor":[112,112,128,139,139,164,164,164,164,177,177,177],"floor_reached":11,"language":"KOR","playtime":125,"items_purged":[],"score":146,"play_id":"ecb1186f-d9b4-4e1f-939d-c3b27970ef6c","local_time":"20210121212600","is_ascension_mode":true,"campfire_choices":[],"circlet_count":0,"master_deck":["AscendersBane","Strike_G","Strike_G","Strike_G","Defend_G","Defend_G","Defend_G","Defend_G","Defend_G","Survivor","Neutralize","Noxious Fumes","Corpse Explosion","Calculated Gamble","Tactician"],"relics":["Ring of the Snake","NeowsBlessing","Ice Cream","Pantograph"],"acts_visited":["Exordium"],"potions_floor_usage":[11],"damage_taken":[{"damage":0,"enemies":"2 Louse","floor":1,"turns":1},{"damage":0,"enemies":"Cultist","floor":3,"turns":1},{"damage":0,"enemies":"Jaw Worm","floor":4,"turns":1},{"damage":22,"enemies":"3 Sentries","floor":6,"turns":4},{"damage":3,"enemies":"Looter","floor":10,"turns":4},{"damage":48,"enemies":"Gremlin Nob","floor":11,"turns":4}],"seed_played":"8258627217874705982","potions_obtained":[{"floor":3,"key":"BlessingOfTheForge"}],"is_trial":false,"path_per_floor":["M","?","M","M","?","E","?","?","T","M","E"],"character_chosen":"THE_SILENT","items_purchased":[],"campfire_rested":0,"item_purchase_floors":[],"current_hp_per_floor":[59,59,59,59,52,30,19,41,41,38,0,0],"gold":177,"neow_bonus":"THREE_ENEMY_KILL","is_daily":false,"chose_seed":false,"campfire_upgraded":0,"win_rate":0.0,"timestamp":1611231960,"path_taken":["M","?","M","?","?","E","?","?","T","M","E"],"items_purchased_type":[],"build_version":"2020-12-22","purchased_purges":0,"victory":false,"max_hp_per_floor":[66,66,66,66,66,66,66,66,66,66,66,66],"card_choices":[{"not_picked":["Dodge and Roll","Underhanded Strike"],"picked":"Noxious Fumes","floor":1},{"not_picked":["PiercingWail","Flechettes"],"picked":"Corpse Explosion","floor":3},{"not_picked":["Sucker Punch","Deflect","Infinite Blades"],"picked":"SKIP","floor":4},{"not_picked":["Masterful Stab","Distraction"],"picked":"Calculated Gamble","floor":6},{"not_picked":["Blade Dance","Masterful Stab"],"picked":"Tactician","floor":10}],"player_experience":1773797,"relics_obtained":[{"floor":6,"key":"Ice Cream"}],"event_choices":[{"cards_removed":["Strike_G"],"damage_healed":0,"gold_gain":0,"player_choice":"Offered Basic","damage_taken":0,"max_hp_gain":0,"max_hp_loss":0,"event_name":"Bonfire Elementals","floor":2,"gold_loss":0},{"cards_removed":["Strike_G"],"damage_healed":0,"gold_gain":0,"player_choice":"Card Removal","damage_taken":7,"max_hp_gain":0,"max_hp_loss":0,"event_name":"Golden Wing","floor":5,"gold_loss":0},{"damage_healed":0,"gold_gain":0,"player_choice":"Success","damage_taken":11,"relics_obtained":["Pantograph"],"max_hp_gain":0,"max_hp_loss":0,"event_name":"Scrap Ooze","floor":7,"gold_loss":0},{"damage_healed":22,"gold_gain":0,"player_choice":"Banana","damage_taken":0,"max_hp_gain":0,"max_hp_loss":0,"event_name":"Big Fish","floor":8,"gold_loss":0}],"is_beta":false,"boss_relics":[],"items_purged_floors":[],"is_endless":false,"potions_floor_spawned":[3],"killed_by":"Gremlin Nob","ascension_level":20}}