{"host":"ve5hox67eka4rdnb","time":1611228511,"event":{"mods":["ATMod(∞¢Ë™Mod)","Act Like it!","BaseMod","Downfall","Gensokyo","Hermit","Lobotomy","Marisa£®ÏF”Í°°ƒß¿Ì…≥£©","Minty Spire (QoL Compilation)","Remilia£®¿Ÿ√◊¿Ú—«£©","StSLib","The Cursed","The Servant 0.9.4"],"gold_per_floor":[117,42,55,97,112,112,128,128,151,164,14,54,19,59,59,59,59],"floor_reached":16,"language":"ZHS","playtime":930,"items_purged":["hermit:Defend_Hermit","hermit:Defend_Hermit"],"score":112,"play_id":"63a00666-12fe-4aef-9c14-3e407075d62d","local_time":"20210121192831","is_ascension_mode":false,"campfire_choices":[{"data":"AT_FamilyPortrait","floor":6,"key":"SMITH"},{"floor":15,"key":"REST"}],"circlet_count":0,"master_deck":["hermit:Strike_Hermit","hermit:Strike_Hermit","hermit:Strike_Hermit","hermit:Strike_Hermit","hermit:Defend_Hermit","hermit:Defend_Hermit","hermit:Snapshot","hermit:Covet","AT_FamilyPortrait+1","hermit:ShadowCloak","hermit:Misfire","hermit:Misfire","hermit:LowProfile","Injury","hermit:Midnight","hermit:Magnum"],"relics":["hermit:Momento","AT_ATBox","RabbitCall","Golden Idol","Strawberry","Lantern"],"acts_visited":["Exordium"],"potions_floor_usage":[5,12,12,14],"damage_taken":[{"damage":6,"enemies":"Cultist","floor":1,"turns":3},{"damage":6,"enemies":"Jaw Worm","floor":3,"turns":3},{"damage":8,"enemies":"Small Slimes","floor":4,"turns":4},{"damage":2,"enemies":"3 Louse","floor":5,"turns":2},{"damage":18,"enemies":"Lots of Slimes","floor":7,"turns":3},{"damage":0,"enemies":"Large Slime","floor":10,"turns":5},{"damage":1,"enemies":"Gremlin Nob","floor":12,"turns":3},{"damage":24,"enemies":"Lagavulin","floor":14,"turns":5},{"damage":60,"enemies":"The Guardian","floor":16,"turns":7}],"seed_played":"1893099649398346828","potions_obtained":[{"floor":1,"key":"AttackPotion"},{"floor":5,"key":"Guardian:BlockOnCardUsePotion"},{"floor":10,"key":"hermit:Tonic"}],"is_trial":false,"path_per_floor":["M","$","M","M","M","R","M","?","T","M","$","E","?","E","R","B"],"character_chosen":"HERMIT","items_purchased":["AttackPotion"],"campfire_rested":1,"item_purchase_floors":[11],"current_hp_per_floor":[69,69,63,55,53,53,35,35,35,35,35,41,61,37,61,1,1],"gold":59,"neow_bonus":"","is_daily":false,"chose_seed":false,"campfire_upgraded":1,"win_rate":0.0,"timestamp":1611228511,"path_taken":["M","$","M","M","M","R","M","?","T","M","$","E","?","E","R","BOSS"],"items_purchased_type":["Potion"],"build_version":"2020-12-22","purchased_purges":2,"victory":false,"max_hp_per_floor":[75,75,75,75,75,75,75,75,75,75,75,82,82,82,82,82,82],"card_choices":[{"not_picked":["hermit:Roulette","hermit:CalledShot"],"picked":"hermit:ShadowCloak","floor":1},{"not_picked":["hermit:Headshot","hermit:WideOpen","hermit:Dive"],"picked":"SKIP","floor":3},{"not_picked":["hermit:Coalescence","hermit:ItchyTrigger"],"picked":"hermit:Misfire","floor":4},{"not_picked":["hermit:TakeAim","hermit:FullyLoaded"],"picked":"hermit:Misfire","floor":5},{"not_picked":["hermit:Vantage","hermit:Scavenge"],"picked":"hermit:LowProfile","floor":7},{"not_picked":["hermit:ItchyTrigger","hermit:Coalescence"],"picked":"hermit:Midnight","floor":10},{"not_picked":["hermit:Coalescence","hermit:EyeOfTheStorm"],"picked":"hermit:Magnum","floor":12},{"not_picked":["hermit:HoleUp","hermit:Brawl","hermit:NoHoldsBarred"],"picked":"SKIP","floor":14}],"player_experience":168045,"relics_obtained":[{"floor":12,"key":"Strawberry"},{"floor":14,"key":"Lantern"}],"event_choices":[{"damage_healed":0,"gold_gain":0,"player_choice":"Take Wound","damage_taken":0,"relics_obtained":["Golden Idol"],"max_hp_gain":0,"max_hp_loss":0,"event_name":"Golden Idol","floor":8,"gold_loss":0,"cards_obtained":["Injury"]},{"damage_healed":20,"gold_gain":0,"player_choice":"Healed","damage_taken":0,"max_hp_gain":0,"max_hp_loss":0,"event_name":"The Cleric","floor":13,"gold_loss":35}],"is_beta":false,"boss_relics":[],"items_purged_floors":[2,11],"is_endless":false,"potions_floor_spawned":[1,5,10],"killed_by":"The Guardian","ascension_level":0}}