{"host":"l84l8xigz5v5foa2","time":1611241041,"event":{"mods":["2.2 Compatiblity","AchievementEnabler","BaseMod","Better Note","Better Vampires","Card Filter","Colored Map","DeckTracker","Gremlin Skip","Hermit","Highlight Path","Keyboard Shortcuts","Minty Spire (QoL Compilation)","Permanent Neow","Quick Restart","Relic Filter","Relic Stats","Shop Mod","StSLib","SuperFastMode","Transform Curses","Unknown Chances"],"gold_per_floor":[110,110,137,151,171,171,203,203,203,203,223,260,294,324,324,426,426,437,437,448,78,90,90,90,90,138,138,157,82,82,100,100,205,205,215,232,332,350,21,21,51,64,64,64,80,92,92,105,105,105],"floor_reached":51,"language":"KOR","playtime":3669,"items_purged":["hermit:Defend_Hermit","hermit:Defend_Hermit"],"score":748,"play_id":"eabaf0eb-c640-455e-a47e-6011a26eca77","local_time":"20210121235721","is_ascension_mode":true,"campfire_choices":[{"data":"hermit:TakeCover","floor":6.0,"key":"SMITH"},{"data":"Discovery","floor":8.0,"key":"SMITH"},{"data":"hermit:ShadowCloak","floor":15.0,"key":"SMITH"},{"data":"hermit:OverwhelmingPower","floor":23.0,"key":"SMITH"},{"data":"hermit:Vantage","floor":25.0,"key":"SMITH"},{"floor":30.0,"key":"REST"},{"data":"hermit:Covet","floor":32.0,"key":"SMITH"},{"data":"hermit:Adapt","floor":40.0,"key":"SMITH"},{"data":"hermit:FromBeyond","floor":44.0,"key":"SMITH"},{"data":"Bite","floor":47,"key":"SMITH"},{"floor":49,"key":"REST"}],"circlet_count":0,"master_deck":["hermit:Snapshot+1","hermit:Covet+1","Discovery+1","hermit:TakeCover+1","hermit:Vantage+1","hermit:FromBeyond+1","hermit:ShadowCloak+1","hermit:OverwhelmingPower+1","hermit:PistolWhip","hermit:DeadMansHand+1","Bite+1","Bite","Bite","hermit:Midnight+1","hermit:GhostlyPresence+1","hermit:Brawl+1","hermit:Adapt+1","hermit:Dive+1","hermit:Determination","hermit:SprayPray","hermit:Feint+1","hermit:Feint+1","hermit:FlashPowder+1","hermit:Vantage+1"],"relics":["hermit:Momento","hermit:RyeStalk","Centennial Puzzle","Singing Bowl","Odd Mushroom","hermit:BartenderGlass","Toxic Egg 2","Regal Pillow","Philosopher\u0027s Stone","Bag of Preparation","Strawberry","HornCleat"],"acts_visited":["Exordium","TheCity","TheBeyond"],"potions_floor_usage":[48,48,50,50,50,50],"damage_taken":[{"damage":0.0,"enemies":"Small Slimes","floor":1.0,"turns":3.0},{"damage":0.0,"enemies":"Jaw Worm","floor":4.0,"turns":3.0},{"damage":0.0,"enemies":"2 Louse","floor":5.0,"turns":2.0},{"damage":15.0,"enemies":"Lagavulin","floor":7.0,"turns":7.0},{"damage":0.0,"enemies":"2 Fungi Beasts","floor":11.0,"turns":4.0},{"damage":0.0,"enemies":"The Mushroom Lair","floor":12.0,"turns":8.0},{"damage":0.0,"enemies":"Looter","floor":13.0,"turns":4.0},{"damage":2.0,"enemies":"Slime Boss","floor":16.0,"turns":9.0},{"damage":15.0,"enemies":"2 Thieves","floor":18.0,"turns":4.0},{"damage":29.0,"enemies":"3 Byrds","floor":20.0,"turns":7.0},{"damage":24.0,"enemies":"Snake Plant","floor":22.0,"turns":4.0},{"damage":9.0,"enemies":"Snecko","floor":28.0,"turns":8.0},{"damage":16.0,"enemies":"Cultist and Chosen","floor":31.0,"turns":7.0},{"damage":15.0,"enemies":"Collector","floor":33.0,"turns":12.0},{"damage":12.0,"enemies":"3 Shapes","floor":35.0,"turns":7.0},{"damage":22.0,"enemies":"3 Darklings","floor":36.0,"turns":6.0},{"damage":20.0,"enemies":"Transient","floor":38.0,"turns":5.0},{"damage":36.0,"enemies":"Giant Head","floor":41.0,"turns":10.0},{"damage":30.0,"enemies":"4 Shapes","floor":42.0,"turns":7.0},{"damage":8.0,"enemies":"Jaw Worm Horde","floor":45.0,"turns":8.0},{"damage":30,"enemies":"Sphere and 2 Shapes","floor":46,"turns":6},{"damage":6,"enemies":"Maw","floor":48,"turns":7},{"damage":34,"enemies":"Donu and Deca","floor":50,"turns":11}],"seed_played":"-1025198308321074785","potions_obtained":[{"floor":1.0,"key":"FearPotion"},{"floor":7.0,"key":"EssenceOfSteel"},{"floor":13.0,"key":"Energy Potion"},{"floor":22.0,"key":"ColorlessPotion"},{"floor":28.0,"key":"AttackPotion"},{"floor":36.0,"key":"AttackPotion"},{"floor":42.0,"key":"BlessingOfTheForge"},{"floor":46,"key":"CultistPotion"},{"floor":48,"key":"CultistPotion"}],"is_trial":false,"path_per_floor":["M","?","T","M","M","R","E","R","T","?","M","?","M","?","R","B",null,"M","?","M","$","M","R","?","R","T","?","M","?","R","M","R","B",null,"M","M","?","M","$","R","E","M","T","R","M","M","R","M","R","B",null],"character_chosen":"HERMIT","items_purchased":["Toxic Egg 2","Strength Potion","Bag of Preparation","hermit:Determination","hermit:SprayPray"],"campfire_rested":2,"item_purchase_floors":[21,21,39,39,39],"current_hp_per_floor":[75,60,60,60,60,60,45,45,45,38,40,40,40,40,40,38,77,62,62,35,35,11,11,11,11,11,11,17,17,51,50,50,57,64,60,52,52,36,36,36,19,19,19,19,23,5,5,10,48,24],"gold":105,"neow_bonus":"RANDOM_COLORLESS","is_daily":false,"chose_seed":false,"campfire_upgraded":9,"win_rate":0.0,"timestamp":1611241041,"path_taken":["M","?","?","M","M","R","E","R","T","?","M","?","?","?","R","BOSS","M","?","M","$","M","R","?","R","T","?","?","?","R","M","R","BOSS","M","M","?","?","$","R","E","?","T","R","?","M","R","M","R","BOSS"],"items_purchased_type":["Relic","Potion","Relic","Card","Card"],"build_version":"2020-12-22","purchased_purges":2,"victory":true,"max_hp_per_floor":[75,75,75,75,75,75,75,75,75,75,77,77,77,77,77,77,77,77,77,79,79,79,79,64,64,64,64,64,64,64,64,64,64,64,66,68,68,68,68,68,77,77,77,77,77,77,77,77,77,77],"relic_stats":{"Centennial Puzzle":[47],"Regal Pillow":30,"Singing Bowl":10,"counters":[23,149],"Bag of Preparation":[12],"obtain_stats":[{"hermit:RyeStalk":3,"Centennial Puzzle":7,"Regal Pillow":26,"HornCleat":43,"Singing Bowl":9,"Strawberry":41,"hermit:BartenderGlass":17,"Philosopher\u0027s Stone":34,"Bag of Preparation":39,"Odd Mushroom":12,"Toxic Egg 2":21,"hermit:Momento":0},{"hermit:RyeStalk":1,"Centennial Puzzle":4,"Regal Pillow":11,"HornCleat":19,"Singing Bowl":4,"Strawberry":18,"hermit:BartenderGlass":8,"Philosopher\u0027s Stone":14,"Bag of Preparation":17,"Odd Mushroom":6,"Toxic Egg 2":10,"hermit:Momento":0},{"hermit:RyeStalk":3,"Centennial Puzzle":15,"Regal Pillow":55,"HornCleat":117,"Singing Bowl":15,"Strawberry":110,"hermit:BartenderGlass":40,"Philosopher\u0027s Stone":82,"Bag of Preparation":100,"Odd Mushroom":27,"Toxic Egg 2":51,"hermit:Momento":0}]},"card_choices":[{"not_picked":["Dramatic Entrance","Good Instincts"],"picked":"Discovery","floor":0.0},{"not_picked":["hermit:Misfire","hermit:Dive"],"picked":"hermit:TakeCover","floor":1.0},{"not_picked":["hermit:HighCaliber","hermit:Snipe"],"picked":"hermit:Vantage","floor":4.0},{"not_picked":["hermit:BodyArmor","hermit:SprayPray","hermit:Dive"],"picked":"SKIP","floor":5.0},{"not_picked":["hermit:ItchyTrigger","hermit:Headshot","hermit:Horror"],"picked":"SKIP","floor":7.0},{"not_picked":["hermit:BodyArmor","hermit:WideOpen","hermit:Snipe"],"picked":"Singing Bowl","floor":11.0},{"not_picked":["hermit:Manifest","hermit:LowProfile"],"picked":"hermit:FromBeyond","floor":12.0},{"not_picked":["hermit:Misfire","hermit:Quickdraw"],"picked":"hermit:ShadowCloak","floor":13.0},{"not_picked":["hermit:RoundhouseKick","hermit:DeadOrAlive"],"picked":"hermit:OverwhelmingPower","floor":16.0},{"not_picked":["hermit:Vantage","hermit:Enervate"],"picked":"hermit:PistolWhip","floor":18.0},{"not_picked":["hermit:GoldenBullet","hermit:Horror","hermit:FullyLoaded"],"picked":"Singing Bowl","floor":20.0},{"not_picked":["hermit:FlashPowder+1","hermit:LoneWolf+1"],"picked":"hermit:DeadMansHand+1","floor":22.0},{"not_picked":["hermit:Headshot","hermit:Snipe+1"],"picked":"hermit:GhostlyPresence+1","floor":28.0},{"not_picked":["hermit:Dive+1","hermit:NoHoldsBarred"],"picked":"hermit:Brawl+1","floor":31.0},{"not_picked":["hermit:FromBeyond+1","hermit:Gambit+1"],"picked":"hermit:Adapt","floor":33.0},{"not_picked":["hermit:Snipe+1","hermit:BodyArmor+1","hermit:Dive+1"],"picked":"Singing Bowl","floor":35.0},{"not_picked":["hermit:TrackingShot+1","hermit:Headshot","hermit:BigShot+1"],"picked":"Singing Bowl","floor":36.0},{"not_picked":["hermit:SprayPray+1","hermit:Adapt"],"picked":"hermit:Dive+1","floor":38.0},{"not_picked":["hermit:NoHoldsBarred+1","hermit:Quickdraw+1","hermit:SprayPray"],"picked":"Singing Bowl","floor":41.0},{"not_picked":["hermit:EyeOfTheStorm+1","hermit:Quickdraw+1"],"picked":"hermit:Feint+1","floor":42.0},{"not_picked":["hermit:DeadMansHand+1","hermit:WideOpen+1"],"picked":"hermit:Feint+1","floor":45.0},{"not_picked":["hermit:Virtue+1","hermit:HoleUp+1"],"picked":"hermit:FlashPowder+1","floor":46},{"not_picked":["hermit:Headshot","hermit:Spite"],"picked":"hermit:Vantage+1","floor":48}],"player_experience":1435985,"relics_obtained":[{"floor":3.0,"key":"hermit:RyeStalk"},{"floor":7.0,"key":"Centennial Puzzle"},{"floor":9.0,"key":"Singing Bowl"},{"floor":12.0,"key":"Odd Mushroom"},{"floor":26.0,"key":"Regal Pillow"},{"floor":41.0,"key":"Strawberry"},{"floor":43.0,"key":"HornCleat"}],"event_choices":[{"damage_healed":0.0,"max_hp_gain":0.0,"max_hp_loss":0.0,"gold_gain":0.0,"event_name":"Shining Light","player_choice":"Entered Light","floor":2.0,"gold_loss":0.0,"damage_taken":15.0,"cards_upgraded":["hermit:Strike_Hermit","hermit:Snapshot"]},{"cards_removed":["hermit:Strike_Hermit"],"damage_healed":0.0,"max_hp_gain":0.0,"max_hp_loss":0.0,"gold_gain":0.0,"event_name":"Golden Wing","player_choice":"Card Removal","floor":10.0,"gold_loss":0.0,"damage_taken":7.0},{"damage_healed":0.0,"max_hp_gain":0.0,"max_hp_loss":0.0,"gold_gain":0.0,"event_name":"Mushrooms","player_choice":"Fought Mushrooms","floor":12.0,"gold_loss":0.0,"damage_taken":0.0},{"damage_healed":0.0,"max_hp_gain":0.0,"max_hp_loss":0.0,"gold_gain":30.0,"event_name":"Dead Adventurer","player_choice":"Searched \u00271\u0027 times","floor":14.0,"gold_loss":0.0,"damage_taken":0.0},{"cards_removed":["hermit:Defend_Hermit"],"damage_healed":0.0,"max_hp_gain":0.0,"max_hp_loss":0.0,"gold_gain":0.0,"event_name":"Back to Basics","player_choice":"Elegance","floor":19.0,"gold_loss":0.0,"damage_taken":0.0},{"damage_healed":0.0,"max_hp_gain":0.0,"max_hp_loss":15.0,"gold_gain":0.0,"event_name":"Vampires","player_choice":"Became a vampire","floor":24.0,"gold_loss":0.0,"damage_taken":0.0,"cards_obtained":["Bite","Bite","Bite"]},{"damage_healed":0.0,"max_hp_gain":0.0,"max_hp_loss":0.0,"gold_gain":0.0,"event_name":"The Library","player_choice":"Read","floor":27.0,"gold_loss":0.0,"damage_taken":0.0,"cards_obtained":["hermit:Midnight"]},{"cards_removed":["hermit:Defend_Hermit"],"damage_healed":0.0,"max_hp_gain":0.0,"max_hp_loss":0.0,"gold_gain":0.0,"event_name":"Beggar","player_choice":"Gave Gold","floor":29.0,"gold_loss":75.0,"damage_taken":0.0},{"damage_healed":0.0,"max_hp_gain":0.0,"max_hp_loss":0.0,"gold_gain":100.0,"event_name":"Golden Shrine","player_choice":"Pray","floor":37.0,"gold_loss":0.0,"damage_taken":0.0}],"is_beta":false,"boss_relics":[{"not_picked":["hermit:ClaspedLocket","SlaversCollar"],"picked":"hermit:BartenderGlass"},{"not_picked":["SacredBark","Empty Cage"],"picked":"Philosopher\u0027s Stone"}],"items_purged_floors":[21,39],"is_endless":false,"potions_floor_spawned":[1,7,13,22,28,31,36,38,42,46,48],"ascension_level":3}}