{"host":"fubl5olmpa6illow","time":1611261266,"event":{"mods":["BaseMod","Colored Map","Colored Powertips","Highlight Path","Minty Spire (QoL Compilation)","Quick Restart","Random Character Button","Relic Sorter","Relic Stats"],"gold_per_floor":[118,132,132,142,93,119,119,152,152,169,133,144,169,189,189,290,290,310,310,310,294,313,313,273,300,376,388,3,33,33,48,48,48,48],"floor_reached":33,"language":"ENG","playtime":2341,"items_purged":[],"score":407,"play_id":"25940926-b463-4225-bce6-2053f5afc2c3","local_time":"20210121213426","is_ascension_mode":true,"campfire_choices":[{"floor":7,"key":"REST"},{"floor":15,"key":"REST"},{"floor":23,"key":"REST"},{"floor":30,"key":"REST"},{"data":"RitualDagger","floor":32,"key":"SMITH"}],"circlet_count":0,"master_deck":["Strike_R","Strike_R","Strike_R","Strike_R","Defend_R","Defend_R","Defend_R","Defend_R","Bash","Pummel","Battle Trance+1","Whirlwind","True Grit","Clash","Cleave","Intimidate","Wild Strike","Warcry+1","Brutality","Spot Weakness","RitualDagger+1","Clash","Spot Weakness+1","Uppercut","Metallicize","PanicButton","Reaper","Burning Pact+1"],"relics":["Busted Crown","Gremlin Horn","Mummified Hand","Eternal Feather","Ancient Tea Set","Black Star","Singing Bowl","Art of War","HornCleat","Strawberry","Red Skull"],"acts_visited":["Exordium","TheCity"],"potions_floor_usage":[14,16,16,16,21,25,29,33],"damage_taken":[{"damage":0,"enemies":"Small Slimes","floor":1,"turns":3},{"damage":7,"enemies":"Jaw Worm","floor":2,"turns":3},{"damage":0,"enemies":"2 Louse","floor":4,"turns":2},{"damage":57,"enemies":"Gremlin Nob","floor":6,"turns":5},{"damage":19,"enemies":"Lagavulin","floor":8,"turns":5},{"damage":6,"enemies":"Looter","floor":10,"turns":2},{"damage":5,"enemies":"Blue Slaver","floor":12,"turns":3},{"damage":6,"enemies":"Exordium Thugs","floor":14,"turns":2},{"damage":0,"enemies":"Slime Boss","floor":16,"turns":5},{"damage":23,"enemies":"Spheric Guardian","floor":18,"turns":4},{"damage":23,"enemies":"2 Thieves","floor":21,"turns":4},{"damage":16,"enemies":"Centurion and Healer","floor":22,"turns":8},{"damage":37,"enemies":"Book of Stabbing","floor":25,"turns":4},{"damage":3,"enemies":"Chosen and Byrds","floor":27,"turns":3},{"damage":36,"enemies":"Slavers","floor":29,"turns":5},{"damage":21,"enemies":"Sentry and Sphere","floor":31,"turns":4},{"damage":59,"enemies":"Champ","floor":33,"turns":10}],"seed_played":"-1167596720234472733","potions_obtained":[{"floor":1,"key":"ElixirPotion"},{"floor":10,"key":"SteroidPotion"},{"floor":12,"key":"GamblersBrew"},{"floor":14,"key":"AttackPotion"},{"floor":16,"key":"BloodPotion"},{"floor":18,"key":"FearPotion"},{"floor":31,"key":"Strength Potion"}],"is_trial":false,"path_per_floor":["M","M","?","M","$","E","R","E","T","M","?","M","T","M","R","B",null,"M","?","?","M","M","R","?","E","T","M","$","E","R","M","R","B"],"character_chosen":"IRONCLAD","items_purchased":["True Grit","Metallicize","PanicButton","Regen Potion","Reaper"],"campfire_rested":4,"item_purchase_floors":[5,28,28,28,28],"current_hp_per_floor":[80,73,73,73,73,16,40,21,21,15,15,10,10,4,37,37,80,57,51,36,30,14,51,51,16,16,13,13,10,53,38,53,0,0],"gold":48,"neow_bonus":"BOSS_RELIC","is_daily":false,"chose_seed":false,"campfire_upgraded":1,"win_rate":0.0,"timestamp":1611261266,"path_taken":["M","M","?","M","$","E","R","E","T","M","?","M","?","M","R","BOSS","M","?","?","M","M","R","?","E","T","M","$","E","R","?","R","BOSS"],"items_purchased_type":["Card","Card","Card","Potion","Card"],"build_version":"2020-12-22","purchased_purges":0,"victory":false,"max_hp_per_floor":[80,80,80,80,80,80,80,80,80,80,80,80,80,80,80,80,80,80,80,85,85,85,85,85,87,87,87,87,94,94,96,96,96,96],"relic_stats":{"Busted Crown":32,"Gremlin Horn":[5,9],"Singing Bowl":4,"counters":[17,72],"Mummified Hand":[9],"Eternal Feather":51,"Black Star":2,"Art of War":[0],"obtain_stats":[{"Busted Crown":0,"HornCleat":26,"Gremlin Horn":6,"Singing Bowl":25,"Mummified Hand":8,"Strawberry":29,"Eternal Feather":9,"Black Star":17,"Art of War":25,"Ancient Tea Set":13,"Burning Blood":0,"Red Skull":29},{"Busted Crown":0,"HornCleat":13,"Gremlin Horn":4,"Singing Bowl":13,"Mummified Hand":5,"Strawberry":15,"Eternal Feather":5,"Black Star":9,"Art of War":13,"Ancient Tea Set":7,"Burning Blood":0,"Red Skull":15},{"Busted Crown":0,"HornCleat":50,"Gremlin Horn":13,"Singing Bowl":50,"Mummified Hand":18,"Strawberry":58,"Eternal Feather":18,"Black Star":30,"Art of War":50,"Ancient Tea Set":23,"Burning Blood":0,"Red Skull":58}]},"card_choices":[{"not_picked":[],"picked":"Pummel","floor":1},{"not_picked":[],"picked":"Battle Trance","floor":2},{"not_picked":["Body Slam"],"picked":"SKIP","floor":4},{"not_picked":[],"picked":"Clash","floor":6},{"not_picked":[],"picked":"Cleave","floor":8},{"not_picked":[],"picked":"Intimidate","floor":10},{"not_picked":[],"picked":"Wild Strike","floor":12},{"not_picked":[],"picked":"Warcry","floor":14},{"not_picked":[],"picked":"Brutality","floor":16},{"not_picked":[],"picked":"Spot Weakness","floor":18},{"not_picked":[],"picked":"Clash","floor":21},{"not_picked":[],"picked":"Spot Weakness+1","floor":22},{"not_picked":["Blood for Blood+1"],"picked":"Singing Bowl","floor":25},{"not_picked":[],"picked":"Uppercut","floor":27},{"not_picked":[],"picked":"Burning Pact+1","floor":29},{"not_picked":["Thunderclap+1"],"picked":"Singing Bowl","floor":31}],"player_experience":309693,"relics_obtained":[{"floor":6,"key":"Gremlin Horn"},{"floor":8,"key":"Mummified Hand"},{"floor":9,"key":"Eternal Feather"},{"floor":13,"key":"Ancient Tea Set"},{"floor":25,"key":"Singing Bowl"},{"floor":25,"key":"Art of War"},{"floor":26,"key":"HornCleat"},{"floor":29,"key":"Strawberry"},{"floor":29,"key":"Red Skull"}],"event_choices":[{"damage_healed":0,"gold_gain":0,"cards_transformed":["Strike_R"],"player_choice":"Change","damage_taken":0,"max_hp_gain":0,"max_hp_loss":0,"event_name":"Living Wall","floor":3,"gold_loss":0,"cards_obtained":["Whirlwind"]},{"damage_healed":0,"gold_gain":0,"player_choice":"Left Gold","damage_taken":0,"max_hp_gain":0,"max_hp_loss":0,"event_name":"World of Goop","floor":11,"gold_loss":36},{"damage_healed":0,"gold_gain":0,"player_choice":"Joined the Cult","damage_taken":6,"max_hp_gain":0,"max_hp_loss":0,"event_name":"Nest","floor":19,"gold_loss":0,"cards_obtained":["RitualDagger"]},{"damage_healed":0,"gold_gain":0,"player_choice":"Shed Blood","damage_taken":20,"max_hp_gain":5,"max_hp_loss":0,"event_name":"Forgotten Altar","floor":20,"gold_loss":0},{"damage_healed":0,"gold_gain":0,"player_choice":"Upgraded Two","damage_taken":0,"max_hp_gain":0,"max_hp_loss":0,"event_name":"Designer","floor":24,"gold_loss":40,"cards_upgraded":["Battle Trance","Warcry"]}],"is_beta":false,"boss_relics":[{"not_picked":["Cursed Key","Calling Bell"],"picked":"Black Star"}],"items_purged_floors":[],"is_endless":false,"potions_floor_spawned":[1,10,12,14,16,18,31],"killed_by":"Champ","ascension_level":2}}