{"host":"jjzrg36ys1naar41","time":1611238102,"event":{"mods":["Astrologer","Bard","Bartender","BaseMod","Beaked The Cultist","Better Note","Chen","Downfall","Duelist Mod","Friendly Minions","Hermit","Hero for Fun","Highlight Path","Jorbs\u0027s Wanderer Trilogy","KinomotoSakuraMod(????)","Kiyohime????","Koishi","KomeijiMod","Lobotomy","LobotomyExtend","Mad Scientist","Marisa????????","Minty Spire (QoL Compilation)","Prisma Mod","Reimu??????","Relic Stats","Remilia??????","Robot Space Explorer","SOS???????","Somnambulant","StSLib","Td1madao Mod","The Administrix","The Animator","The Blackbeard","The Bug Knight","The Construct","The Cursed","The Disciple","The Elementalist","The Exalted","The Forsaken","The Gatherer","The Hierophant","The Marked","The Mystic","The Necromancer","The Poker Player","The Problem Sleuth","The Runesmith","The Senshi","The Servant 0.9.4","The Wild Card","TheBandit","WarShipGirlsR/????R mod","Yohane!","Youmu??????","Yuri Mod","Yuyuko"],"gold_per_floor":[210,99336,99354,98962,98981,98981,99013,99013,99058,98600,98614,98614,98614,98666,98666,98771,98771,98790,98790,98801,98297,98312,98337,98337,98353,98353,98364,98380,98390,98406,98406,98406,98502,98502,98522,98522,98522,98539,98539,98574,98343,98362,98362,98362,98380,98399,98413,97713,97713,97713,97713,97713,97438,97470,97470],"floor_reached":56,"language":"ENG","playtime":4719,"items_purged":["Defend_R","Defend_R","Defend_R","Defend_R","Searing Blow"],"score":1226,"play_id":"8171bde3-ba32-4615-9482-58b14b04e37c","local_time":"20210121090822","is_ascension_mode":false,"campfire_choices":[{"floor":6,"key":"RECALL"},{"data":"Seeing Red","floor":8,"key":"SMITH"},{"data":"Armaments","floor":15,"key":"SMITH"},{"data":"Seeing Red","floor":24,"key":"SMITH"},{"data":"Dramatic Entrance","floor":32,"key":"SMITH"},{"data":"Pommel Strike","floor":44,"key":"SMITH"},{"data":"Double Tap","floor":49,"key":"SMITH"},{"data":"Berserk","floor":52,"key":"SMITH"}],"circlet_count":0,"master_deck":["Strike_R","Strike_R","Strike_R","Strike_R","Strike_R","Bash","Armaments+1","Metallicize","Perfected Strike","Finesse","Inflame","Flex","Clash","Seeing Red+1","Shrug It Off","Flex","Berserk+1","Seeing Red+1","Metallicize","Bandage Up","Armaments+1","Heavy Blade+1","Twin Strike","Dark Embrace+1","Rage+1","Dramatic Entrance+1","Twin Strike","Pommel Strike+1","Clash","Pommel Strike+1","Dropkick+1","Double Tap+1","Dramatic Entrance","Metallicize+1"],"relics":["Burning Blood","yuri:PortableGlitches","Bromod:ArcaneConsequence","Membership Card","HollowMod:PaleOreRelic","theForsaken:Lifeblossom","TheAbacus","Bromod:ArcaneMomentum","Shuriken","theForsaken:Kindling","OrangePellets","Potion Belt","Coffee Dripper","Frozen Egg 2","Art of War","Frozen Eye","Runesmith:AutoHammer","Bottled Flame","construct:WeddingRing","elementalistmod:RedRibbon","RuthlessExorcism:ReiMu","Omamori","construct:FoamFinger","Bag of Marbles","PureWhite:ReiMu","Incense Burner","Chemical X","Runesmith:Nanobots","Blood Vial","Cauldron","theSenshi:FeatherClipsRelic"],"acts_visited":["Exordium","TheCity","TheBeyond","TheEnding"],"potions_floor_usage":[7,16,16,16,22,23,23,29,35,35,35,50,50,50,50,55,55,55,55,55],"damage_taken":[{"damage":1,"enemies":"Cultist","floor":1,"turns":3},{"damage":0,"enemies":"Jaw Worm","floor":3,"turns":4},{"damage":0,"enemies":"Small Slimes","floor":5,"turns":2},{"damage":11,"enemies":"Lagavulin","floor":7,"turns":5},{"damage":1,"enemies":"Blue Slaver","floor":11,"turns":2},{"damage":8,"enemies":"Hexaghost","floor":16,"turns":6},{"damage":5,"enemies":"Chosen","floor":18,"turns":3},{"damage":0,"enemies":"2 Thieves","floor":20,"turns":3},{"damage":1,"enemies":"Centurion and Healer","floor":22,"turns":4},{"damage":48,"enemies":"theDuelist:KaibaA2","floor":23,"turns":4},{"damage":0,"enemies":"Cultist and Chosen","floor":25,"turns":3},{"damage":9,"enemies":"Snake Plant","floor":27,"turns":2},{"damage":5,"enemies":"Chosen and Byrds","floor":28,"turns":3},{"damage":0,"enemies":"Centurion and Healer","floor":29,"turns":4},{"damage":5,"enemies":"3 Cultists","floor":30,"turns":4},{"damage":21,"enemies":"Automaton","floor":33,"turns":6},{"damage":14,"enemies":"3 Darklings","floor":35,"turns":3},{"damage":11,"enemies":"Orb Walker","floor":38,"turns":2},{"damage":38,"enemies":"beaked:SuperParasite","floor":40,"turns":6},{"damage":0,"enemies":"Transient","floor":42,"turns":5},{"damage":0,"enemies":"Jaw Worm Horde","floor":45,"turns":1},{"damage":15,"enemies":"4 Shapes","floor":46,"turns":1},{"damage":0,"enemies":"Transient","floor":47,"turns":5},{"damage":75,"enemies":"Time Eater","floor":50,"turns":6},{"damage":0,"enemies":"Shield and Spear","floor":54,"turns":2},{"damage":62,"enemies":"The Heart","floor":55,"turns":7}],"seed_played":"6799193883847790359","potions_obtained":[{"floor":3,"key":"Block Potion"},{"floor":16,"key":"ColorlessPotion"},{"floor":18,"key":"champ:CounterPotion"},{"floor":23,"key":"SmokeBomb"},{"floor":27,"key":"Block Potion"},{"floor":29,"key":"SneckoOil"},{"floor":45,"key":"SneckoOil"},{"floor":53,"key":"HeartOfIron"},{"floor":53,"key":"Ancient Potion"},{"floor":53,"key":"MagicPotion:ReiMu"},{"floor":53,"key":"BlessingOfTheForge"},{"floor":53,"key":"SpeedPotion"},{"floor":54,"key":"BloodPotion"}],"is_trial":false,"path_per_floor":["M","$","M","$","M","R","E","R","T","$","M","?","?","T","R","B",null,"M","?","M","$","M","E","R","M","T","M","M","M","M","?","R","B",null,"M","?","?","M","?","E","$","M","T","R","M","M","M","$","R","B",null,"R","$","E","B",null],"character_chosen":"IRONCLAD","items_purchased":["Metallicize","yuri:PortableGlitches","Bromod:ArcaneConsequence","Membership Card","Energy Potion","SteroidPotion","Weak Potion","Finesse","Inflame","Flex","Clash","HollowMod:PaleOreRelic","theForsaken:Lifeblossom","TheAbacus","Shuriken","theForsaken:Kindling","OrangePellets","Block Potion","Shrug It Off","Metallicize","Bandage Up","Frozen Egg 2","Art of War","Frozen Eye","Block Potion","Block Potion","BlessingOfTheForge","Clash","Omamori","construct:FoamFinger","Double Tap","Dramatic Entrance","Metallicize+1","PureWhite:ReiMu","Incense Burner","Chemical X","GrandPatriotsElixir:ReiMu","MagicPotion:ReiMu","Weak Potion","Runesmith:Nanobots","Blood Vial","Cauldron"],"campfire_rested":0,"item_purchase_floors":[2,2,2,2,2,2,2,4,4,4,4,4,4,4,10,10,10,10,10,21,21,21,21,21,21,21,21,41,41,41,48,48,48,48,48,48,48,48,48,53,53,53],"current_hp_per_floor":[80,80,80,80,80,80,75,75,75,75,80,80,80,80,80,78,80,80,90,90,90,90,57,57,74,74,74,86,90,90,90,90,76,90,90,90,90,85,85,65,65,83,83,83,90,81,90,90,90,22,90,90,90,90,65],"gold":97470,"neow_bonus":"HUNDRED_GOLD","is_daily":false,"chose_seed":false,"campfire_upgraded":7,"win_rate":0.0,"timestamp":1611238102,"path_taken":["M","$","?","$","M","R","E","R","T","$","M","?","?","?","R","BOSS","M","?","M","$","M","E","R","M","T","M","?","M","M","?","R","BOSS","M","?","?","?","?","E","$","M","T","R","M","M","M","$","R","BOSS","R","$","E","BOSS"],"items_purchased_type":["Card","Relic","Relic","Relic","Potion","Potion","Potion","Card","Card","Card","Card","Relic","Relic","Relic","Relic","Relic","Relic","Potion","Card","Card","Card","Relic","Relic","Relic","Potion","Potion","Potion","Card","Relic","Relic","Card","Card","Card","Relic","Relic","Relic","Potion","Potion","Potion","Relic","Relic","Relic"],"build_version":"2020-12-22","purchased_purges":5,"victory":true,"max_hp_per_floor":[80,80,80,80,80,80,80,80,80,80,80,80,80,80,80,80,80,80,90,90,90,90,90,90,90,90,90,90,90,90,90,90,90,90,90,90,90,90,90,90,90,90,90,90,90,90,90,90,90,90,90,90,90,90,90],"relic_stats":{"Blood Vial":0,"OrangePellets":[35],"TheAbacus":[72],"counters":[26,96],"Shuriken":[36],"Art of War":[0],"Chemical X":[1],"obtain_stats":[{"construct:FoamFinger":41,"theForsaken:Lifeblossom":4,"Incense Burner":48,"theSenshi:FeatherClipsRelic":54,"Burning Blood":0,"elementalistmod:RedRibbon":36,"Blood Vial":53,"Frozen Eye":21,"TheAbacus":4,"theForsaken:Kindling":10,"HollowMod:PaleOreRelic":4,"Chemical X":48,"Potion Belt":14,"Runesmith:Nanobots":53,"construct:WeddingRing":34,"Omamori":41,"Frozen Egg 2":21,"Bromod:ArcaneConsequence":2,"Bromod:ArcaneMomentum":7,"OrangePellets":10,"Cauldron":53,"Bottled Flame":26,"PureWhite:ReiMu":48,"Shuriken":10,"Coffee Dripper":17,"Art of War":21,"Bag of Marbles":43,"Membership Card":2,"Runesmith:AutoHammer":23,"yuri:PortableGlitches":2,"RuthlessExorcism:ReiMu":40},{"construct:FoamFinger":19,"theForsaken:Lifeblossom":2,"Incense Burner":23,"theSenshi:FeatherClipsRelic":25,"Burning Blood":0,"elementalistmod:RedRibbon":17,"Blood Vial":24,"Frozen Eye":8,"TheAbacus":2,"theForsaken:Kindling":4,"HollowMod:PaleOreRelic":2,"Chemical X":23,"Potion Belt":5,"Runesmith:Nanobots":24,"construct:WeddingRing":16,"Omamori":19,"Frozen Egg 2":8,"Bromod:ArcaneConsequence":1,"Bromod:ArcaneMomentum":4,"OrangePellets":4,"Cauldron":24,"Bottled Flame":11,"PureWhite:ReiMu":23,"Shuriken":4,"Coffee Dripper":6,"Art of War":8,"Bag of Marbles":20,"Membership Card":1,"Runesmith:AutoHammer":10,"yuri:PortableGlitches":1,"RuthlessExorcism:ReiMu":19},{"construct:FoamFinger":69,"theForsaken:Lifeblossom":7,"Incense Burner":81,"theSenshi:FeatherClipsRelic":89,"Burning Blood":0,"elementalistmod:RedRibbon":61,"Blood Vial":87,"Frozen Eye":28,"TheAbacus":7,"theForsaken:Kindling":14,"HollowMod:PaleOreRelic":7,"Chemical X":81,"Potion Belt":16,"Runesmith:Nanobots":87,"construct:WeddingRing":58,"Omamori":69,"Frozen Egg 2":28,"Bromod:ArcaneConsequence":3,"Bromod:ArcaneMomentum":14,"OrangePellets":14,"Cauldron":87,"Bottled Flame":39,"PureWhite:ReiMu":81,"Shuriken":14,"Coffee Dripper":22,"Art of War":28,"Bag of Marbles":74,"Membership Card":3,"Runesmith:AutoHammer":36,"yuri:PortableGlitches":3,"RuthlessExorcism:ReiMu":69}],"Burning Blood":96},"card_choices":[{"not_picked":["True Grit","Warcry"],"picked":"Armaments","floor":1},{"not_picked":["Thunderclap","Havoc"],"picked":"Perfected Strike","floor":3},{"not_picked":["Anger","Blood for Blood"],"picked":"Demon Form","floor":5},{"not_picked":["Dual Wield","Sword Boomerang"],"picked":"Seeing Red","floor":7},{"not_picked":["Body Slam","Wild Strike"],"picked":"Flex","floor":11},{"not_picked":["Reaper","Offering"],"picked":"Berserk","floor":16},{"not_picked":["Iron Wave","Combust"],"picked":"Seeing Red","floor":18},{"not_picked":["Anger","Headbutt","Sever Soul"],"picked":"SKIP","floor":20},{"not_picked":["Spot Weakness","Sword Boomerang"],"picked":"Armaments+1","floor":22},{"not_picked":["Whirlwind","Thunderclap"],"picked":"Heavy Blade+1","floor":23},{"not_picked":["Battle Trance","Flex"],"picked":"Twin Strike","floor":25},{"not_picked":["Burning Pact","Reckless Charge"],"picked":"Dark Embrace+1","floor":27},{"not_picked":["Fire Breathing+1","Headbutt","Hemokinesis"],"picked":"SKIP","floor":28},{"not_picked":["Fire Breathing+1","Headbutt+1"],"picked":"Rage+1","floor":29},{"not_picked":["Blood for Blood","Battle Trance+1","Warcry"],"picked":"SKIP","floor":30},{"not_picked":["Berserk+1","Corruption+1"],"picked":"Juggernaut+1","floor":33},{"not_picked":["Cleave","Havoc+1"],"picked":"Twin Strike","floor":35},{"not_picked":["Rampage+1","Sentinel+1"],"picked":"Pommel Strike+1","floor":38},{"not_picked":["Battle Trance+1","True Grit+1","Combust+1"],"picked":"SKIP","floor":40},{"not_picked":["Uppercut","Heavy Blade"],"picked":"Pommel Strike","floor":42},{"not_picked":["Wild Strike","True Grit+1","Body Slam"],"picked":"SKIP","floor":45},{"not_picked":["Entrench+1","Warcry+1"],"picked":"Searing Blow","floor":46},{"not_picked":["Reckless Charge","Havoc"],"picked":"Dropkick+1","floor":47},{"not_picked":["Pommel Strike","Flex","Entrench"],"picked":"SKIP","floor":54}],"player_experience":158042,"relics_obtained":[{"floor":7,"key":"Bromod:ArcaneMomentum"},{"floor":14,"key":"Potion Belt"},{"floor":23,"key":"Runesmith:AutoHammer"},{"floor":26,"key":"Bottled Flame"},{"floor":40,"key":"RuthlessExorcism:ReiMu"},{"floor":43,"key":"Bag of Marbles"},{"floor":54,"key":"theSenshi:FeatherClipsRelic"}],"event_choices":[{"cards_removed":["Demon Form"],"damage_healed":0,"gold_gain":0,"player_choice":"Offered Rare","damage_taken":0,"max_hp_gain":10,"max_hp_loss":0,"event_name":"Bonfire Elementals","floor":19,"gold_loss":0},{"cards_removed":["Armaments"],"damage_healed":0,"gold_gain":0,"player_choice":"Take \u0026 Give","damage_taken":0,"max_hp_gain":0,"max_hp_loss":0,"event_name":"betterNote:BetterNote","floor":31,"gold_loss":0,"cards_obtained":["Dramatic Entrance"]},{"cards_removed":["Juggernaut"],"damage_healed":0,"gold_gain":0,"player_choice":"Purged","damage_taken":0,"max_hp_gain":0,"max_hp_loss":0,"event_name":"Purifier","floor":37,"gold_loss":0},{"damage_healed":0,"gold_gain":0,"player_choice":"Ignored","damage_taken":0,"max_hp_gain":0,"max_hp_loss":0,"event_name":"Golden Shrine","floor":39,"gold_loss":0}],"is_beta":false,"boss_relics":[{"not_picked":["Fusion Hammer","Mark of Pain"],"picked":"Coffee Dripper"},{"not_picked":["Bromod:ArcaneEnergize","SlaversCollar"],"picked":"construct:WeddingRing"}],"items_purged_floors":[2,4,10,21,48],"is_endless":false,"potions_floor_spawned":[3,5,11,16,18,23,27,29,45,54],"ascension_level":0}}