{"host":"dztixnx9b0gu6w9i","time":1611255606,"event":{"mods":["BaseMod","Bestiary","Minty Spire (QoL Compilation)","Relic Stats","Slay the Relics Exporter","SpireBot","ojb\u0027s Better Paths Mod","ojb\u0027s Info Mod"],"gold_per_floor":[118,137,156,156,81,81,110,110,110,134,146,158,182,219,231,314,326,352,364,394,331,358,403,415,7,80,113,113,28,46,79,79,156,156,172,172,172,172,16,50,50,77,77,77,88,108,108,153,153,153,153,153,153,48,76,76],"floor_reached":57,"language":"ENG","playtime":9734,"items_purged":["Strike_R","Anger+1","Bash"],"score":3348,"play_id":"da7c8e0d-f7d7-414f-9955-375e86bc5e5b","local_time":"20210121140006","is_ascension_mode":true,"campfire_choices":[{"data":"Anger","floor":6,"key":"SMITH"},{"data":"Sword Boomerang","floor":8,"key":"SMITH"},{"data":"Offering","floor":12,"key":"SMITH"},{"data":"Battle Trance","floor":15,"key":"SMITH"},{"data":"Uppercut","floor":28,"key":"SMITH"},{"data":"Feel No Pain","floor":32,"key":"SMITH"},{"data":"Shrug It Off","floor":41,"key":"SMITH"},{"data":"Spot Weakness","floor":47,"key":"SMITH"},{"floor":49,"key":"RECALL"},{"data":"Offering","floor":53,"key":"SMITH"}],"circlet_count":0,"master_deck":["AscendersBane","Defend_R","Defend_R","Defend_R","Defend_R","Sword Boomerang+1","Pommel Strike","Spot Weakness+1","Offering+1","Battle Trance+1","Fiend Fire","Shrug It Off+1","Pommel Strike+1","Feel No Pain+1","Uppercut+1","Ghostly Armor","Sever Soul+1","Offering+1","Dark Shackles"],"relics":["Burning Blood","Paper Frog","MawBank","TungstenRod","Sundial","Coffee Dripper","Akabeko","Frozen Egg 2","Lantern","Potion Belt","Self Forming Clay","Matryoshka","Shuriken","Lizard Tail","SacredBark","Letter Opener","Bottled Lightning","Bottled Flame","Blue Candle","Smiling Mask","Ginger","Toy Ornithopter"],"acts_visited":["Exordium","TheCity","TheBeyond","TheEnding"],"potions_floor_usage":[7,14,16,23,23,31,35,55,56,56],"damage_taken":[{"damage":4,"enemies":"Small Slimes","floor":1,"turns":4},{"damage":7,"enemies":"Cultist","floor":2,"turns":4},{"damage":6,"enemies":"2 Louse","floor":3,"turns":2},{"damage":15,"enemies":"Lagavulin","floor":7,"turns":6},{"damage":5,"enemies":"2 Fungi Beasts","floor":10,"turns":3},{"damage":6,"enemies":"3 Louse","floor":13,"turns":2},{"damage":5,"enemies":"Gremlin Nob","floor":14,"turns":2},{"damage":10,"enemies":"The Guardian","floor":16,"turns":9},{"damage":15,"enemies":"Shell Parasite","floor":18,"turns":2},{"damage":5,"enemies":"3 Byrds","floor":20,"turns":5},{"damage":5,"enemies":"Sentry and Sphere","floor":22,"turns":2},{"damage":13,"enemies":"Gremlin Leader","floor":23,"turns":5},{"damage":17,"enemies":"Book of Stabbing","floor":27,"turns":3},{"damage":5,"enemies":"Snecko","floor":30,"turns":3},{"damage":5,"enemies":"Slavers","floor":31,"turns":2},{"damage":5,"enemies":"Champ","floor":33,"turns":4},{"damage":2,"enemies":"3 Shapes","floor":35,"turns":2},{"damage":10,"enemies":"Nemesis","floor":40,"turns":2},{"damage":5,"enemies":"Giant Head","floor":42,"turns":3},{"damage":5,"enemies":"Orb Walker","floor":45,"turns":1},{"damage":5,"enemies":"Transient","floor":46,"turns":4},{"damage":5,"enemies":"2 Orb Walkers","floor":48,"turns":3},{"damage":10,"enemies":"Time Eater","floor":50,"turns":3},{"damage":10,"enemies":"Awakened One","floor":51,"turns":3},{"damage":10,"enemies":"Shield and Spear","floor":55,"turns":2},{"damage":59,"enemies":"The Heart","floor":56,"turns":8}],"seed_played":"2369992761817366265","potions_obtained":[{"floor":1,"key":"Swift Potion"},{"floor":3,"key":"SkillPotion"},{"floor":13,"key":"Explosive Potion"},{"floor":18,"key":"SteroidPotion"},{"floor":22,"key":"HeartOfIron"},{"floor":27,"key":"Fire Potion"},{"floor":33,"key":"EssenceOfSteel"},{"floor":42,"key":"GamblersBrew"},{"floor":46,"key":"LiquidBronze"},{"floor":48,"key":"LiquidBronze"}],"is_trial":false,"path_per_floor":["M","M","M","?","$","R","E","R","T","M","?","R","M","E","R","B",null,"M","?","M","?","M","E","T","$","T","E","R","?","M","E","R","B",null,"M","?","?","T","$","E","R","E","T","?","M","M","R","?","R","B","B",null,"R","$","E","B",null],"character_chosen":"IRONCLAD","items_purchased":["Uppercut","Lantern","AttackPotion","Potion Belt","BloodPotion","Strength Potion"],"campfire_rested":0,"item_purchase_floors":[25,25,25,25,39,54],"current_hp_per_floor":[68,67,67,67,67,67,58,58,58,59,24,24,24,25,25,21,56,47,47,48,48,49,42,42,42,42,31,31,31,32,33,33,34,60,64,55,55,55,55,51,51,52,52,52,53,54,54,55,55,51,47,61,61,61,57,14],"gold":76,"neow_bonus":"REMOVE_TWO","is_daily":false,"chose_seed":false,"campfire_upgraded":9,"win_rate":0.0,"timestamp":1611255606,"path_taken":["M","M","M","?","$","R","E","R","T","?","?","R","M","E","R","BOSS","M","?","M","?","M","E","?","$","T","E","R","?","M","E","R","BOSS","M","?","?","?","$","E","R","E","T","?","?","M","R","?","R","BOSS","BOSS","R","$","E","BOSS"],"items_purchased_type":["Card","Relic","Potion","Relic","Potion","Potion"],"build_version":"2020-12-22","purchased_purges":3,"victory":true,"max_hp_per_floor":[68,68,68,68,68,68,68,68,68,68,68,68,68,68,68,68,68,68,68,68,68,68,68,68,68,68,68,68,68,68,68,68,68,68,68,68,68,68,68,68,68,68,68,65,65,65,65,65,65,65,65,65,65,65,65,65],"relic_stats":{"counters":[26,89],"Self Forming Clay":[81],"Blue Candle":[2],"Letter Opener":[80],"Ginger":[3],"MawBank":192,"Smiling Mask":75,"Burning Blood":154,"Lizard Tail":0,"Sundial":[326],"Shuriken":[104],"obtain_stats":[{"Potion Belt":25,"Lantern":25,"Self Forming Clay":26,"SacredBark":34,"Blue Candle":42,"Letter Opener":38,"Ginger":48,"Frozen Egg 2":24,"MawBank":9,"Smiling Mask":43,"Burning Blood":0,"Akabeko":23,"Lizard Tail":31,"Bottled Flame":40,"Matryoshka":27,"Sundial":14,"Shuriken":29,"Coffee Dripper":17,"Bottled Lightning":38,"TungstenRod":11,"Toy Ornithopter":55,"Paper Frog":7},{"Potion Belt":12,"Lantern":12,"Self Forming Clay":12,"SacredBark":16,"Blue Candle":19,"Letter Opener":17,"Ginger":22,"Frozen Egg 2":12,"MawBank":4,"Smiling Mask":19,"Burning Blood":0,"Akabeko":12,"Lizard Tail":15,"Bottled Flame":18,"Matryoshka":13,"Sundial":7,"Shuriken":13,"Coffee Dripper":8,"Bottled Lightning":17,"TungstenRod":5,"Toy Ornithopter":25,"Paper Frog":4},{"Potion Belt":46,"Lantern":46,"Self Forming Clay":46,"SacredBark":58,"Blue Candle":65,"Letter Opener":60,"Ginger":73,"Frozen Egg 2":46,"MawBank":16,"Smiling Mask":65,"Burning Blood":0,"Akabeko":46,"Lizard Tail":54,"Bottled Flame":62,"Matryoshka":49,"Sundial":23,"Shuriken":49,"Coffee Dripper":32,"Bottled Lightning":60,"TungstenRod":19,"Toy Ornithopter":81,"Paper Frog":16}],"TungstenRod":58,"Toy Ornithopter":10},"card_choices":[{"not_picked":["Feel No Pain","Ghostly Armor"],"picked":"Sword Boomerang","floor":1},{"not_picked":["Pommel Strike","Flex"],"picked":"Anger","floor":2},{"not_picked":["Ghostly Armor","Headbutt"],"picked":"Pommel Strike","floor":3},{"not_picked":["Metallicize","Twin Strike"],"picked":"Spot Weakness","floor":7},{"not_picked":["Warcry","Thunderclap"],"picked":"Offering","floor":10},{"not_picked":["Dual Wield","Anger","Cleave"],"picked":"SKIP","floor":13},{"not_picked":["Barricade","Dual Wield"],"picked":"Battle Trance","floor":14},{"not_picked":["Barricade","Demon Form"],"picked":"Fiend Fire","floor":16},{"not_picked":["Armaments","Pummel","Anger"],"picked":"SKIP","floor":18},{"not_picked":["Sever Soul","Thunderclap","Combust+1"],"picked":"SKIP","floor":20},{"not_picked":["Sever Soul","Thunderclap","Combust+1"],"picked":"SKIP","floor":20},{"not_picked":["Wild Strike","Heavy Blade"],"picked":"Pommel Strike+1","floor":22},{"not_picked":["Dual Wield+1","Iron Wave"],"picked":"Feel No Pain","floor":23},{"not_picked":["Thunderclap","Anger","Body Slam+1"],"picked":"SKIP","floor":27},{"not_picked":["Iron Wave","Reckless Charge"],"picked":"Ghostly Armor","floor":30},{"not_picked":["Entrench","Headbutt+1"],"picked":"Sever Soul+1","floor":31},{"not_picked":["Juggernaut+1","Berserk+1"],"picked":"Offering","floor":33},{"not_picked":["Metallicize+1","Anger","Flame Barrier"],"picked":"SKIP","floor":35},{"not_picked":["Metallicize+1","Anger","Flame Barrier"],"picked":"SKIP","floor":35},{"not_picked":["Good Instincts","Chrysalis"],"picked":"Dark Shackles","floor":36},{"not_picked":["Pommel Strike","Twin Strike","Carnage+1"],"picked":"SKIP","floor":40},{"not_picked":["Body Slam","Headbutt","Cleave"],"picked":"SKIP","floor":42},{"not_picked":["Armaments","Clash","Thunderclap+1"],"picked":"SKIP","floor":45},{"not_picked":["Armaments","Clash","Thunderclap+1"],"picked":"SKIP","floor":45},{"not_picked":["Immolate","Heavy Blade+1","Uppercut"],"picked":"SKIP","floor":46},{"not_picked":["Immolate","Heavy Blade+1","Uppercut"],"picked":"SKIP","floor":46},{"not_picked":["Immolate","Heavy Blade+1","Uppercut"],"picked":"SKIP","floor":46},{"not_picked":["Immolate","Heavy Blade+1","Uppercut"],"picked":"SKIP","floor":46},{"not_picked":["Immolate","Heavy Blade+1","Uppercut"],"picked":"SKIP","floor":46},{"not_picked":["Immolate","Heavy Blade+1","Uppercut"],"picked":"SKIP","floor":46},{"not_picked":["Clash","True Grit","Perfected Strike"],"picked":"SKIP","floor":55},{"not_picked":["Clash","True Grit","Perfected Strike"],"picked":"SKIP","floor":55}],"player_experience":8195561,"relics_obtained":[{"floor":7,"key":"Paper Frog"},{"floor":9,"key":"MawBank"},{"floor":14,"key":"Sundial"},{"floor":23,"key":"Akabeko"},{"floor":24,"key":"Frozen Egg 2"},{"floor":26,"key":"Self Forming Clay"},{"floor":27,"key":"Matryoshka"},{"floor":31,"key":"Lizard Tail"},{"floor":38,"key":"Letter Opener"},{"floor":38,"key":"Bottled Lightning"},{"floor":40,"key":"Bottled Flame"},{"floor":42,"key":"Blue Candle"},{"floor":43,"key":"Smiling Mask"},{"floor":48,"key":"Ginger"},{"floor":55,"key":"Toy Ornithopter"}],"event_choices":[{"damage_healed":0,"gold_gain":0,"player_choice":"0 cards matched","damage_taken":0,"max_hp_gain":0,"max_hp_loss":0,"event_name":"Match and Keep!","floor":4,"gold_loss":0,"cards_obtained":[]},{"damage_healed":0,"gold_gain":0,"player_choice":"0 cards matched","damage_taken":0,"max_hp_gain":0,"max_hp_loss":0,"event_name":"Match and Keep!","floor":4,"gold_loss":0,"cards_obtained":[]},{"damage_healed":0,"gold_gain":0,"player_choice":"0 cards matched","damage_taken":0,"max_hp_gain":0,"max_hp_loss":0,"event_name":"Match and Keep!","floor":4,"gold_loss":0,"cards_obtained":[]},{"damage_healed":0,"gold_gain":0,"player_choice":"0 cards matched","damage_taken":0,"max_hp_gain":0,"max_hp_loss":0,"event_name":"Match and Keep!","floor":4,"gold_loss":0,"cards_obtained":[]},{"damage_healed":0,"gold_gain":0,"player_choice":"Success","damage_taken":35,"relics_obtained":["TungstenRod"],"max_hp_gain":0,"max_hp_loss":0,"event_name":"Scrap Ooze","floor":11,"gold_loss":0},{"damage_healed":0,"gold_gain":0,"player_choice":"Read","damage_taken":0,"max_hp_gain":0,"max_hp_loss":0,"event_name":"The Library","floor":19,"gold_loss":0,"cards_obtained":["Shrug It Off"]},{"cards_removed":["Strike_R"],"damage_healed":0,"gold_gain":0,"player_choice":"Gave Gold","damage_taken":0,"max_hp_gain":0,"max_hp_loss":0,"event_name":"Beggar","floor":21,"gold_loss":75},{"damage_healed":0,"gold_gain":0,"player_choice":"Obtained Relic","damage_taken":0,"relics_obtained":["Shuriken"],"max_hp_gain":0,"max_hp_loss":0,"event_name":"Addict","floor":29,"gold_loss":85},{"damage_healed":0,"gold_gain":0,"player_choice":"Memory 3","damage_taken":10,"max_hp_gain":0,"max_hp_loss":0,"event_name":"SensoryStone","floor":36,"gold_loss":0},{"cards_removed":["Strike_R"],"damage_healed":0,"gold_gain":0,"player_choice":"Removed Attack","damage_taken":0,"max_hp_gain":0,"max_hp_loss":0,"event_name":"Falling","floor":37,"gold_loss":0},{"damage_healed":0,"gold_gain":0,"player_choice":"Max HP","damage_taken":0,"max_hp_gain":0,"max_hp_loss":3,"event_name":"Winding Halls","floor":44,"gold_loss":0},{"damage_healed":0,"gold_gain":0,"player_choice":"Fight","damage_taken":0,"max_hp_gain":0,"max_hp_loss":0,"event_name":"Mysterious Sphere","floor":48,"gold_loss":0}],"is_beta":false,"boss_relics":[{"not_picked":["Velvet Choker","Ectoplasm"],"picked":"Coffee Dripper"},{"not_picked":["Runic Dome","Black Star"],"picked":"SacredBark"}],"items_purged_floors":[5,39,54],"is_endless":false,"potions_floor_spawned":[1,3,13,18,22,27,33,42,46,48],"ascension_level":20}}