{"host":"gk5m6v7zec9neb0j","time":1611226556,"event":{"mods":["AchievementEnabler","AlwaysNeverKeys","BaseMod","BetterRewards","Block Reminder","Minty Spire (QoL Compilation)","Rare Cards Sparkle","Relic Stats","StSLib"],"gold_per_floor":[113,131,147,147,157,157,176,191,240,258,270,270,280,280,280,404,404,429,354,51,51,70,70,86,107,133,156,172,172,271,8,8,132,132,148,167,167,167,167,167,210,210,233,280,34,52,92,112,112,112,112,112,112,165,165],"floor_reached":56,"language":"ENG","playtime":2505,"items_purged":["Strike_B","Strike_B"],"score":1483,"play_id":"089eeb08-3722-412d-8a6d-25b73b111ec9","local_time":"20210121055556","is_ascension_mode":false,"campfire_choices":[{"floor":12.0,"key":"REST"},{"data":"Creative AI","floor":15.0,"key":"SMITH"},{"data":"Amplify","floor":23.0,"key":"SMITH"},{"floor":32.0,"key":"REST"},{"data":"Seek","floor":40,"key":"SMITH"},{"floor":49,"key":"REST"},{"data":"Seek","floor":52,"key":"SMITH"}],"circlet_count":0,"master_deck":["Strike_B+1","Defend_B","Defend_B","Defend_B","Defend_B","Zap","Dualcast","Leap","Go for the Eyes","BootSequence","Loop","Cold Snap","Cold Snap+1","Reinforced Body","Creative AI+1","Amplify+1","Conserve Battery","White Noise","Defragment+1","Seek+1","Seek+1","Biased Cognition","Biased Cognition","Self Repair","Echo Form"],"relics":["Cracked Core","Lizard Tail","OrangePellets","Cables","Ice Cream","Whetstone","Golden Idol","Nuclear Battery","Chemical X","Tiny Chest","Toy Ornithopter","Black Star","Vajra","Mango","Darkstone Periapt","Potion Belt","Boot","CeramicFish","DollysMirror","Bag of Marbles","Regal Pillow","White Beast Statue","Bronze Scales"],"acts_visited":["Exordium","TheCity","TheBeyond","TheEnding"],"potions_floor_usage":[41,48,55,55,55],"damage_taken":[{"damage":0.0,"enemies":"Cultist","floor":1.0,"turns":3.0},{"damage":0.0,"enemies":"Jaw Worm","floor":2.0,"turns":3.0},{"damage":0.0,"enemies":"2 Louse","floor":3.0,"turns":3.0},{"damage":6.0,"enemies":"Exordium Wildlife","floor":5.0,"turns":4.0},{"damage":0.0,"enemies":"Red Slaver","floor":7.0,"turns":3.0},{"damage":1.0,"enemies":"Blue Slaver","floor":8.0,"turns":3.0},{"damage":3.0,"enemies":"Exordium Wildlife","floor":10.0,"turns":6.0},{"damage":0.0,"enemies":"Large Slime","floor":11.0,"turns":2.0},{"damage":0.0,"enemies":"Looter","floor":13.0,"turns":3.0},{"damage":31.0,"enemies":"The Guardian","floor":16.0,"turns":11.0},{"damage":8.0,"enemies":"Shell Parasite","floor":18.0,"turns":6.0},{"damage":5.0,"enemies":"2 Thieves","floor":19.0,"turns":5.0},{"damage":6.0,"enemies":"Centurion and Healer","floor":22.0,"turns":10.0},{"damage":13.0,"enemies":"Shelled Parasite and Fungi","floor":24.0,"turns":5.0},{"damage":1.0,"enemies":"Sentry and Sphere","floor":25.0,"turns":9.0},{"damage":34.0,"enemies":"Cultist and Chosen","floor":27.0,"turns":8.0},{"damage":17.0,"enemies":"Snake Plant","floor":28.0,"turns":4.0},{"damage":29.0,"enemies":"Collector","floor":33.0,"turns":10.0},{"damage":20,"enemies":"3 Darklings","floor":35,"turns":5},{"damage":1,"enemies":"3 Shapes","floor":36,"turns":5},{"damage":26,"enemies":"Nemesis","floor":41,"turns":9},{"damage":47,"enemies":"Reptomancer","floor":44,"turns":10},{"damage":7,"enemies":"Spire Growth","floor":46,"turns":4},{"damage":0,"enemies":"Nemesis","floor":47,"turns":9},{"damage":0,"enemies":"Transient","floor":48,"turns":5},{"damage":2,"enemies":"Time Eater","floor":50,"turns":9},{"damage":27,"enemies":"Shield and Spear","floor":54,"turns":9},{"damage":76,"enemies":"The Heart","floor":55,"turns":9}],"seed_played":"1590729151383593867","potions_obtained":[{"floor":2.0,"key":"AttackPotion"},{"floor":3.0,"key":"SpeedPotion"},{"floor":11.0,"key":"SteroidPotion"},{"floor":27.0,"key":"PotionOfCapacity"},{"floor":35,"key":"Regen Potion"},{"floor":44,"key":"FocusPotion"},{"floor":47,"key":"DistilledChaos"},{"floor":54,"key":"PowerPotion"}],"is_trial":false,"path_per_floor":["M","M","M","$","M","?","M","M","T","M","M","R","M","?","R","B",null,"M","M","$","?","M","R","M","M","T","M","M","$","?","$","R","B",null,"M","M","?","$","T","R","E","?","T","E","$","M","E","M","R","B",null,"R","$","E","B",null],"character_chosen":"DEFECT","items_purchased":["Leap","OrangePellets","FairyPotion","Cables","Go for the Eyes","Chemical X","Tiny Chest","FairyPotion","Seek","DollysMirror"],"campfire_rested":3,"item_purchase_floors":[0,0,0,0,0,20,20,31,31,45],"current_hp_per_floor":[29,29,29,29,23,23,23,22,22,19,19,41,41,41,41,10,69,61,56,56,56,50,50,37,36,36,7,15,15,15,15,35,6,69,49,48,48,48,48,48,55,55,55,8,8,1,1,20,59,64,83,83,83,63,2],"gold":165,"neow_bonus":"","is_daily":false,"chose_seed":false,"campfire_upgraded":4,"win_rate":0.0,"timestamp":1611226556,"path_taken":["M","M","?","$","M","?","M","M","T","M","M","R","M","?","R","BOSS","M","M","$","?","M","R","M","M","T","M","M","$","?","$","R","BOSS","M","M","?","$","?","R","E","?","T","E","$","?","E","M","R","BOSS","R","$","E","BOSS"],"items_purchased_type":["Card","Relic","Potion","Relic","Card","Relic","Relic","Potion","Card","Relic"],"build_version":"2020-12-22","purchased_purges":2,"victory":true,"max_hp_per_floor":[75,75,75,75,75,75,75,75,75,75,75,75,75,69,69,69,69,69,69,69,69,69,69,69,69,69,69,69,69,69,69,69,69,69,69,69,69,69,69,69,83,83,83,83,83,83,83,83,83,83,83,83,83,83,83],"relic_stats":{"Darkstone Periapt":0,"Regal Pillow":15,"counters":[94,536],"Golden Idol":173,"CeramicFish":117,"Whetstone":["Finisher","Flying Knee","Strike_B","Cold Snap"],"Boot":[27],"Cables":[150,78,40,0,32],"OrangePellets":[44],"Lizard Tail":0,"Bronze Scales":[583],"Tiny Chest":1,"Black Star":8,"Chemical X":[18],"obtain_stats":[{"Ice Cream":0,"Darkstone Periapt":41,"Regal Pillow":47,"Tiny House":17,"Calipers":23,"CeramicFish":26,"Vajra":39,"Mango":0,"Runic Capacitor":0,"Whetstone":9,"Boot":44,"Old Coin":38,"Lizard Tail":0,"HornCleat":42,"Mummified Hand":25,"DollysMirror":45,"Gambling Chip":0,"Strawberry":8,"Tiny Chest":20,"Kunai":0,"Chemical X":0,"Cracked Core":0,"Potion Belt":43,"Inserter":34,"Happy Flower":45,"Golden Idol":3,"Blue Candle":43,"PreservedInsect":40,"Omamori":43,"War Paint":54,"Frozen Egg 2":39,"Question Card":9,"White Beast Statue":54,"Mercury Hourglass":9,"Nuclear Battery":17,"Cables":0,"Peace Pipe":9,"OrangePellets":0,"CaptainsWheel":11,"Bronze Scales":0,"Black Star":34,"Bag of Marbles":47,"Symbiotic Virus":26,"StrikeDummy":47,"TungstenRod":54,"Toy Ornithopter":26},{"Ice Cream":66,"Darkstone Periapt":87,"Regal Pillow":90,"Tiny House":38,"Calipers":41,"CeramicFish":53,"Vajra":86,"Mango":30,"Runic Capacitor":0,"Whetstone":72,"Boot":88,"Old Coin":59,"Lizard Tail":66,"HornCleat":22,"Mummified Hand":13,"DollysMirror":88,"Gambling Chip":30,"Strawberry":45,"Tiny Chest":78,"Kunai":30,"Chemical X":30,"Cracked Core":0,"Potion Belt":87,"Inserter":15,"Happy Flower":24,"Golden Idol":31,"Blue Candle":22,"PreservedInsect":20,"Omamori":59,"War Paint":29,"Frozen Egg 2":59,"Question Card":34,"White Beast Statue":93,"Mercury Hourglass":5,"Nuclear Battery":49,"Cables":66,"Peace Pipe":45,"OrangePellets":66,"CaptainsWheel":6,"Bronze Scales":30,"Black Star":84,"Bag of Marbles":90,"Symbiotic Virus":13,"StrikeDummy":26,"TungstenRod":65,"Toy Ornithopter":81},{"Ice Cream":367,"Darkstone Periapt":482,"Regal Pillow":504,"Tiny House":167,"Calipers":179,"CeramicFish":245,"Vajra":473,"Mango":131,"Runic Capacitor":0,"Whetstone":385,"Boot":491,"Old Coin":298,"Lizard Tail":367,"HornCleat":90,"Mummified Hand":49,"DollysMirror":491,"Gambling Chip":131,"Strawberry":191,"Tiny Chest":418,"Kunai":131,"Chemical X":131,"Cracked Core":0,"Potion Belt":482,"Inserter":60,"Happy Flower":96,"Golden Idol":133,"Blue Candle":90,"PreservedInsect":82,"Omamori":298,"War Paint":121,"Frozen Egg 2":298,"Question Card":145,"White Beast Statue":527,"Mercury Hourglass":15,"Nuclear Battery":225,"Cables":367,"Peace Pipe":191,"OrangePellets":367,"CaptainsWheel":19,"Bronze Scales":131,"Black Star":464,"Bag of Marbles":504,"Symbiotic Virus":49,"StrikeDummy":105,"TungstenRod":359,"Toy Ornithopter":442}],"Toy Ornithopter":30},"card_choices":[{"not_picked":["Beam Cell","Lockon","Streamline"],"picked":"SKIP","floor":1.0},{"not_picked":["Beam Cell","Consume"],"picked":"BootSequence","floor":2.0},{"not_picked":["Sweeping Beam","Capacitor"],"picked":"Loop","floor":3.0},{"not_picked":["Hello World","Streamline"],"picked":"Cold Snap","floor":5.0},{"not_picked":["Storm","Gash"],"picked":"Cold Snap","floor":7.0},{"not_picked":["Recycle","Undo"],"picked":"Reinforced Body","floor":8.0},{"not_picked":["Fusion","Cold Snap","Beam Cell"],"picked":"SKIP","floor":10.0},{"not_picked":["Streamline","Sweeping Beam"],"picked":"Creative AI","floor":11.0},{"not_picked":["Barrage","Turbo","Beam Cell"],"picked":"SKIP","floor":13.0},{"not_picked":["Meteor Strike","Buffer"],"picked":"Amplify","floor":16.0},{"not_picked":["Ball Lightning","Streamline","Melter"],"picked":"SKIP","floor":18.0},{"not_picked":["Glacier","Rip and Tear","Streamline"],"picked":"SKIP","floor":19.0},{"not_picked":["Sweeping Beam","Glacier+1","Hologram"],"picked":"SKIP","floor":22.0},{"not_picked":["Turbo","Leap"],"picked":"Conserve Battery","floor":24.0},{"not_picked":["Capacitor+1","Beam Cell","Conserve Battery"],"picked":"SKIP","floor":25.0},{"not_picked":["Loop","Conserve Battery"],"picked":"White Noise","floor":27.0},{"not_picked":["Reinforced Body+1","Leap"],"picked":"Defragment+1","floor":28.0},{"not_picked":["Buffer","Amplify"],"picked":"Seek","floor":33.0},{"not_picked":["Turbo","Auto Shields+1","Consume+1"],"picked":"SKIP","floor":35},{"not_picked":["Ball Lightning","Consume+1","Barrage"],"picked":"SKIP","floor":36},{"not_picked":["Steam+1","Hologram+1","Rebound"],"picked":"SKIP","floor":41},{"not_picked":["Gash","Turbo"],"picked":"Biased Cognition","floor":44},{"not_picked":["Static Discharge","Sunder+1","Consume"],"picked":"SKIP","floor":46},{"not_picked":["Capacitor+1","Streamline+1"],"picked":"Self Repair","floor":47},{"not_picked":["Stack+1","Recycle+1","Streamline"],"picked":"SKIP","floor":48},{"not_picked":["Genetic Algorithm","Core Surge"],"picked":"Echo Form","floor":54}],"player_experience":753124,"relics_obtained":[{"floor":9.0,"key":"Whetstone"},{"floor":26.0,"key":"Toy Ornithopter"},{"floor":39,"key":"Vajra"},{"floor":41,"key":"Mango"},{"floor":41,"key":"Darkstone Periapt"},{"floor":43,"key":"Potion Belt"},{"floor":44,"key":"Boot"},{"floor":44,"key":"CeramicFish"},{"floor":47,"key":"Bag of Marbles"},{"floor":47,"key":"Regal Pillow"},{"floor":54,"key":"White Beast Statue"},{"floor":54,"key":"Bronze Scales"}],"event_choices":[{"damage_healed":0.0,"max_hp_gain":0.0,"max_hp_loss":0.0,"gold_gain":0.0,"event_name":"Shining Light","player_choice":"Ignored","floor":6.0,"gold_loss":0.0,"damage_taken":0.0},{"damage_healed":0.0,"max_hp_gain":0.0,"max_hp_loss":6.0,"gold_gain":0.0,"event_name":"Golden Idol","player_choice":"Lose Max HP","floor":14.0,"gold_loss":0.0,"damage_taken":0.0,"relics_obtained":["Golden Idol"]},{"damage_healed":0.0,"max_hp_gain":0.0,"max_hp_loss":0.0,"gold_gain":0.0,"event_name":"Ghosts","player_choice":"Ignored","floor":21.0,"gold_loss":0.0,"damage_taken":0.0},{"damage_healed":0.0,"max_hp_gain":0.0,"max_hp_loss":0.0,"gold_gain":99.0,"event_name":"Nest","player_choice":"Stole From Cult","floor":30.0,"gold_loss":0.0,"damage_taken":0.0},{"cards_removed":["Strike_B"],"damage_healed":0,"gold_gain":0,"player_choice":"Offered Basic","damage_taken":0,"max_hp_gain":0,"max_hp_loss":0,"event_name":"Bonfire Elementals","floor":37,"gold_loss":0},{"damage_healed":0,"gold_gain":0,"player_choice":"Ignored","damage_taken":0,"max_hp_gain":0,"max_hp_loss":0,"event_name":"Tomb of Lord Red Mask","floor":42,"gold_loss":0}],"is_beta":false,"boss_relics":[{"not_picked":["Cursed Key","Empty Cage"],"picked":"Nuclear Battery"},{"not_picked":["Pandora\u0027s Box","Runic Dome"],"picked":"Black Star"}],"items_purged_floors":[0,45],"is_endless":false,"potions_floor_spawned":[2,3,7,8,11,22,27,35,36,44,47,54],"ascension_level":0}}