{"host":"ux8r2oyej5019q8x","time":1611247281,"event":{"mods":["AchievementEnabler","BaseMod","Colored Map","Colored Powertips","GifTheSpireLib","HexUI Lib","Highlight Path","Minty Spire (QoL Compilation)","Rare Cards Sparkle","Relic Stats","StSLib","everything is the same but u backflip on backflip"],"gold_per_floor":[112,125,300,250,250,30,65,84,84,84,104,104,133,146,146,146,146],"floor_reached":16,"language":"ENG","playtime":1178,"items_purged":["Doubt"],"score":138,"play_id":"895183f6-e7dd-4c1f-846d-de62da158123","local_time":"20210121174121","is_ascension_mode":true,"campfire_choices":[{"floor":10,"key":"REST"},{"floor":15,"key":"REST"}],"circlet_count":0,"master_deck":["Strike_B","Strike_B","Strike_B","Defend_B","Defend_B","Zap","Dualcast","Consume","Redo","Undo","Leap","Aggregate","Sweeping Beam","Chaos+1","Coolheaded+1"],"relics":["Cracked Core","Juzu Bracelet","HandDrill","Turnip","Ice Cream","Toxic Egg 2"],"acts_visited":[],"potions_floor_usage":[7,13],"damage_taken":[{"damage":7,"enemies":"2 Louse","floor":1,"turns":2},{"damage":1,"enemies":"Small Slimes","floor":2,"turns":4},{"damage":32,"enemies":"Gremlin Nob","floor":7,"turns":4},{"damage":6,"enemies":"Cultist","floor":8,"turns":3},{"damage":0,"enemies":"Large Slime","floor":11,"turns":3},{"damage":47,"enemies":"3 Sentries","floor":13,"turns":10},{"damage":1,"enemies":"2 Fungi Beasts","floor":14,"turns":3},{"damage":25,"enemies":"Hexaghost","floor":16,"turns":9}],"seed_played":"-5478709413214818603","potions_obtained":[{"floor":1,"key":"ColorlessPotion"},{"floor":11,"key":"Dexterity Potion"}],"is_trial":false,"path_per_floor":["M","M","?","?","?","$","E","M","T","R","M","?","E","M","R","B"],"character_chosen":"DEFECT","items_purchased":["HandDrill"],"campfire_rested":2,"item_purchase_floors":[6],"current_hp_per_floor":[68,67,67,67,67,67,35,29,29,51,51,51,4,3,25,0,0],"gold":146,"neow_bonus":"RANDOM_COMMON_RELIC","is_daily":false,"chose_seed":false,"campfire_upgraded":0,"win_rate":0.0,"timestamp":1611247281,"path_taken":["M","M","?","?","?","$","E","M","T","R","M","?","E","M","R","BOSS"],"items_purchased_type":["Relic"],"build_version":"2020-12-22","purchased_purges":1,"victory":false,"max_hp_per_floor":[75,75,75,75,75,75,75,75,75,75,75,75,75,75,75,75,75],"relic_stats":{"counters":[8,38],"Turnip":[4],"Juzu Bracelet":1,"HandDrill":[2],"obtain_stats":[{"Ice Cream":9,"Turnip":7,"Juzu Bracelet":0,"HandDrill":6,"Toxic Egg 2":13,"Cracked Core":0},{"Ice Cream":4,"Turnip":3,"Juzu Bracelet":0,"HandDrill":2,"Toxic Egg 2":6,"Cracked Core":0},{"Ice Cream":13,"Turnip":10,"Juzu Bracelet":0,"HandDrill":6,"Toxic Egg 2":26,"Cracked Core":0}]},"card_choices":[{"not_picked":["Rebound","Beam Cell"],"picked":"Consume","floor":1},{"not_picked":["Compile Driver","Turbo"],"picked":"Redo","floor":2},{"not_picked":["Redo","Steam"],"picked":"Undo","floor":7},{"not_picked":["BootSequence","Hello World"],"picked":"Leap","floor":8},{"not_picked":["Beam Cell","Conserve Battery"],"picked":"Aggregate","floor":11},{"not_picked":["Sunder","Reprogram+1"],"picked":"Chaos+1","floor":13},{"not_picked":["Go for the Eyes","Melter"],"picked":"Coolheaded+1","floor":14}],"player_experience":187648,"relics_obtained":[{"floor":7,"key":"Turnip"},{"floor":9,"key":"Ice Cream"},{"floor":13,"key":"Toxic Egg 2"}],"event_choices":[{"damage_healed":0,"gold_gain":175,"player_choice":"AGREE","damage_taken":0,"max_hp_gain":0,"max_hp_loss":0,"event_name":"Liars Game","floor":3,"gold_loss":0,"cards_obtained":["Doubt"]},{"cards_removed":["Defend_B"],"damage_healed":0,"gold_gain":0,"player_choice":"Card Removal","damage_taken":0,"max_hp_gain":0,"max_hp_loss":0,"event_name":"The Cleric","floor":4,"gold_loss":50},{"cards_removed":["Strike_B"],"damage_healed":0,"gold_gain":0,"player_choice":"Offered Basic","damage_taken":0,"max_hp_gain":0,"max_hp_loss":0,"event_name":"Bonfire Elementals","floor":5,"gold_loss":0},{"damage_healed":0,"gold_gain":0,"cards_transformed":["Defend_B"],"player_choice":"Change","damage_taken":0,"max_hp_gain":0,"max_hp_loss":0,"event_name":"Living Wall","floor":12,"gold_loss":0,"cards_obtained":["Sweeping Beam"]}],"is_beta":false,"boss_relics":[],"items_purged_floors":[6],"is_endless":false,"potions_floor_spawned":[1,11],"killed_by":"Hexaghost","ascension_level":5}}