{"host":"8i58hvcssdezoe94","time":1611221050,"event":{"mods":["Act Like it!","BaseMod","Colored Map","Conspire","Gensokyo","KinomotoSakuraMod(木之本樱)","Marisa（F雨　魔理沙）","Minty Spire (QoL Compilation)","Quick Restart","Remilia（蕾米莉亚）","Replay The Spire","StSLib","The Animator","The Bug Knight","The Construct","The Cursed","The Hierophant","The Jungle","The Servant 0.9.4"],"gold_per_floor":[110,128,140,140,140,175,175,228,255,255,290,35,46,57,57,57,57],"floor_reached":16,"language":"ZHS","playtime":556,"items_purged":[],"score":110,"play_id":"c741a6fd-9391-479b-b41c-578551841fd3","local_time":"20210121172410","is_ascension_mode":false,"campfire_choices":[{"floor":10,"key":"RECALL"},{"floor":15,"key":"REST"}],"circlet_count":0,"master_deck":["Strike_B","Strike_B","Strike_B","Strike_B","Defend_B","Defend_B","Defend_B","Defend_B","Zap+1","Dualcast","Leap","Sunder","Coolheaded","Rebound","Gensokyo:TekeTeke","Gensokyo:Shovel","Beam Cell","Conserve Battery"],"relics":["Cracked Core","Gensokyo:OccultBall","Replay:PocketPolymizer","HollowMod:PaleOreRelic","Oddly Smooth Stone"],"acts_visited":["Gensokyo:Gensokyo"],"potions_floor_usage":[],"damage_taken":[{"damage":1,"enemies":"Gensokyo:Python","floor":1,"turns":3},{"damage":0,"enemies":"Gensokyo:3_Fairies","floor":2,"turns":3},{"damage":4,"enemies":"Gensokyo:2_Kodama","floor":3,"turns":3},{"damage":46,"enemies":"Gensokyo:Cirno","floor":6,"turns":11},{"damage":6,"enemies":"Gensokyo:Mamizou","floor":11,"turns":7},{"damage":0,"enemies":"Gensokyo:LivingMonolith","floor":13,"turns":2},{"damage":2,"enemies":"Gensokyo:VengefulSpirit","floor":14,"turns":3},{"damage":32,"enemies":"Gensokyo:Reimu","floor":16,"turns":2}],"seed_played":"7650129471255286021","potions_obtained":[{"floor":6,"key":"FocusPotion"},{"floor":11,"key":"SpeedPotion"},{"floor":13,"key":"EntropicBrew"}],"is_trial":false,"path_per_floor":["M","M","M","?","?","E","?","T","T","R","E","COS","M","M","R","B"],"character_chosen":"DEFECT","items_purchased":[],"campfire_rested":1,"item_purchase_floors":[],"current_hp_per_floor":[74,74,70,70,70,24,24,24,24,24,18,18,18,16,38,6,6],"gold":57,"neow_bonus":"UPGRADE_CARD","is_daily":false,"chose_seed":false,"campfire_upgraded":0,"win_rate":0.0,"timestamp":1611221050,"path_taken":["M","M","M","?","?","E","?","?","T","R","E","COS","M","M","R","BOSS"],"items_purchased_type":[],"build_version":"2020-12-22","purchased_purges":0,"victory":false,"max_hp_per_floor":[75,75,75,75,75,75,75,75,75,75,75,75,75,75,75,75,75],"card_choices":[{"not_picked":["Streamline","Panic Button"],"picked":"Leap","floor":1},{"not_picked":["Panic Button","Go for the Eyes"],"picked":"Stack","floor":2},{"not_picked":["Go for the Eyes","Redo"],"picked":"Buffer","floor":3},{"not_picked":["ReplayGash","Amplify"],"picked":"Sunder","floor":6},{"not_picked":["Reprogram","Double Energy"],"picked":"Rebound","floor":11},{"not_picked":["BasicCrystalCard","Redo"],"picked":"Beam Cell","floor":13},{"not_picked":["Coolheaded","Reprogram"],"picked":"Conserve Battery","floor":14}],"player_experience":71708,"relics_obtained":[{"floor":6,"key":"Gensokyo:OccultBall"},{"floor":6,"key":"Replay:PocketPolymizer"},{"floor":9,"key":"HollowMod:PaleOreRelic"},{"floor":11,"key":"Oddly Smooth Stone"}],"event_choices":[],"is_beta":false,"boss_relics":[],"items_purged_floors":[],"is_endless":false,"potions_floor_spawned":[6,11,13,14],"killed_by":"Gensokyo:Reimu","ascension_level":0}}