{"host":"ipnf7ktf1pyxq9u3","time":1611224198,"event":{"mods":["Act Like it!","Aspiration","BaseMod","BetterRewards","Conspire","Downfall","Gremlin Mod","Hallownest","Hermit","Hubris","Infinite Spire","Lobotomy","Minty Spire (QoL Compilation)","Reworked Bosses","Shade Mod","Shop Mod","StSLib","The Bug Knight","The Construct","The Cursed","The Factory","The Forsaken","The Hierophant","The Jungle","The Necromancer"],"gold_per_floor":[99,112,167,167,167,196,219,246,265,283,83,102,129,141,156,253,253,253,269,269,287,307,307,307,342,342,342,361,395,495,526,541,638,638,638,638],"floor_reached":34,"language":"ENG","playtime":2167,"items_purged":["Guardian:Strike_Guardian"],"score":532,"play_id":"40dac0e9-d6e1-4635-b2b1-a06157a06152","local_time":"20210121211638","is_ascension_mode":true,"campfire_choices":[{"floor":1,"key":"RECALL"},{"floor":11,"key":"REST"},{"data":"Guardian:Orbwalk","floor":18,"key":"SMITH"},{"data":"Guardian:RevengeProtocol","floor":23,"key":"SMITH"},{"data":"Guardian:StasisField","floor":26,"key":"SMITH"}],"circlet_count":0,"master_deck":["Guardian:Strike_Guardian","Guardian:Strike_Guardian","Guardian:Strike_Guardian","Guardian:Defend_Guardian","Guardian:Defend_Guardian","Guardian:Defend_Guardian","Guardian:Defend_Guardian","Guardian:CurlUp","Guardian:TwinSlam+1","Guardian:SentryBeam+1","Guardian:Orbwalk+1","Guardian:Clone","Guardian:VentSteam","Guardian:PolyBeam","Guardian:StasisField+1","Guardian:RevengeProtocol+1","Guardian:Incinerate","Guardian:PrismaticBeam","Guardian:Gem_Yellow","Guardian:TemporalStrike+1","Guardian:Gem_Purple","Guardian:FierceBash"],"relics":["Guardian:ModeShifterPlus","aspiration:Lifesprig","downfall:ShatteredFragment","aspiration:TomeofQuesting","PreservedInsect","Bottled Lightning","downfall:HeartBlessingRed","downfall:HeartBlessingGreen","InkBottle","downfall:KnowingSkull","conspire:Dentures","theForsaken:Gavel","conspire:DecoderRing","Toy Ornithopter","Turnip","SacredBark"],"acts_visited":["Exordium","TheCity"],"potions_floor_usage":[16],"damage_taken":[{"damage":0,"enemies":"Small Slimes","floor":2,"turns":4},{"damage":21,"enemies":"Gremlin Nob","floor":3,"turns":5},{"damage":8,"enemies":"Lagavulin","floor":6,"turns":6},{"damage":0,"enemies":"Gremlin Nob","floor":8,"turns":3},{"damage":11,"enemies":"Jaw Worm","floor":9,"turns":2},{"damage":0,"enemies":"Cultist","floor":10,"turns":3},{"damage":6,"enemies":"3 Louse","floor":12,"turns":3},{"damage":9,"enemies":"3 Sentries","floor":13,"turns":4},{"damage":2,"enemies":"Lots of Slimes","floor":14,"turns":4},{"damage":4,"enemies":"Exordium Thugs","floor":15,"turns":2},{"damage":13,"enemies":"SI_SHIV_ARCHETYPE","floor":16,"turns":5},{"damage":0,"enemies":"Spheric Guardian","floor":19,"turns":3},{"damage":0,"enemies":"Centurion and Healer","floor":21,"turns":4},{"damage":0,"enemies":"Snecko","floor":22,"turns":3},{"damage":6,"enemies":"Book of Stabbing","floor":25,"turns":3},{"damage":0,"enemies":"Sentry and Sphere","floor":28,"turns":3},{"damage":0,"enemies":"Gremlin Leader","floor":29,"turns":5},{"damage":0,"enemies":"downfall:LadyInBlue","floor":30,"turns":3},{"damage":0,"enemies":"Nightmare","floor":31,"turns":4},{"damage":6,"enemies":"Centurion and Healer","floor":32,"turns":3},{"damage":9,"enemies":"WA_ARCHETYPE_CALM","floor":33,"turns":7}],"seed_played":"8090028235465790020","potions_obtained":[{"floor":3,"key":"sneckomod:MuddlingPotion"},{"floor":6,"key":"Energy Potion"},{"floor":13,"key":"LiquidMemories"},{"floor":16,"key":"Swift Potion"},{"floor":21,"key":"BlessingOfTheForge"},{"floor":30,"key":"AttackPotion"}],"is_trial":false,"path_per_floor":["R","M","?","?","?","E","T","E","M","M","R","M","E","M","M","B",null,"R","M","?","M","M","R","T","E","R","AVR","M","E","?","NM","M","B",null],"character_chosen":"GUARDIAN","items_purchased":[],"campfire_rested":1,"item_purchase_floors":[],"current_hp_per_floor":[80,80,59,35,35,27,27,27,16,16,40,34,25,23,19,6,80,80,80,72,72,72,72,72,66,66,66,66,66,66,66,60,51,51,51,51],"gold":638,"neow_bonus":"UPGRADE_CARD","is_daily":false,"chose_seed":false,"campfire_upgraded":3,"win_rate":0.0,"timestamp":1611224198,"path_taken":["R","M","?","?","?","E","T","E","M","M","R","M","E","M","M","BOSS","R","M","?","?","M","R","T","E","R","AVR","M","E","?","NM","M","BOSS"],"items_purchased_type":[],"build_version":"2020-12-22","purchased_purges":1,"victory":false,"max_hp_per_floor":[80,80,80,80,80,80,80,80,80,80,80,80,80,80,80,80,80,80,80,80,80,80,80,80,80,80,80,80,80,80,80,80,80,80,80,80],"card_choices":[{"not_picked":["Guardian:Gem_Crimson","Guardian:PrismaticBeam"],"picked":"Guardian:Gem_Fragmented","floor":2},{"not_picked":["Guardian:ChargeUp","Guardian:PiercingHide"],"picked":"Guardian:SentryBeam","floor":3},{"not_picked":["Guardian:PrismaticBarrier","Guardian:Emergency"],"picked":"Guardian:Orbwalk","floor":6},{"not_picked":["Guardian:Preprogram","Guardian:GuardianWhirl"],"picked":"Guardian:Clone","floor":8},{"not_picked":["Guardian:Recover","Guardian:ChargeCore"],"picked":"Guardian:VentSteam","floor":9},{"not_picked":["Guardian:PrismaticBeam","Guardian:EvasiveProtocol"],"picked":"Guardian:PolyBeam","floor":10},{"not_picked":["Guardian:Gem_Red","Guardian:SentryBeam","Guardian:PiercingHide"],"picked":"SKIP","floor":12},{"not_picked":["Guardian:ArmoredProtocol","Guardian:BronzeArmor"],"picked":"Guardian:StasisField","floor":13},{"not_picked":["Guardian:VentSteam","Guardian:CrystalBeam"],"picked":"Guardian:Gem_Fragmented","floor":14},{"not_picked":["Guardian:Suspension","Guardian:DecasProtection","Guardian:Recover"],"picked":"SKIP","floor":15},{"not_picked":["Guardian:GatlingBeam","Guardian:ConstructionForm"],"picked":"Guardian:RevengeProtocol","floor":16},{"not_picked":["Guardian:Planning","Guardian:TemporalStrike"],"picked":"Guardian:Incinerate","floor":19},{"not_picked":["Guardian:Recover","Guardian:Reroute"],"picked":"Guardian:Gem_Cyan","floor":21},{"not_picked":["Guardian:Reroute+1","Guardian:Suspension"],"picked":"Guardian:PrismaticBeam","floor":22},{"not_picked":["Guardian:Planning+1","Guardian:PrismaticBarrier","Guardian:Incinerate"],"picked":"SKIP","floor":25},{"not_picked":["Guardian:Gem_Red","Guardian:Recover+1"],"picked":"Guardian:Gem_Yellow","floor":28},{"not_picked":["Guardian:Orbwalk","Guardian:Gem_Yellow"],"picked":"Guardian:TemporalStrike+1","floor":29},{"not_picked":["Guardian:PrimingBeam+1","Guardian:Suspension"],"picked":"Guardian:Gem_Purple","floor":31},{"not_picked":["Guardian:ChargeCore+1","Guardian:PrismaticBeam","Guardian:Gem_Lightblue"],"picked":"SKIP","floor":32},{"not_picked":["Guardian:GatlingBeam","Guardian:StasisStrike"],"picked":"Guardian:FierceBash","floor":33}],"player_experience":607916,"relics_obtained":[{"floor":3,"key":"aspiration:Lifesprig"},{"floor":6,"key":"aspiration:TomeofQuesting"},{"floor":7,"key":"PreservedInsect"},{"floor":8,"key":"Bottled Lightning"},{"floor":13,"key":"InkBottle"},{"floor":24,"key":"conspire:Dentures"},{"floor":25,"key":"theForsaken:Gavel"},{"floor":29,"key":"conspire:DecoderRing"},{"floor":30,"key":"Toy Ornithopter"},{"floor":31,"key":"Turnip"}],"event_choices":[],"is_beta":false,"boss_relics":[{"not_picked":["hubris:ScarierMask","aspiration:PoetsPen"],"picked":"Guardian:ModeShifterPlus"},{"not_picked":["Velvet Choker","aspiration:DefectSkillbook"],"picked":"SacredBark"}],"items_purged_floors":[27],"is_endless":false,"potions_floor_spawned":[3,6,13,15,16,21,22,28,29,32],"ascension_level":1}}