{"host":"0tiuc76yumknr6qf","time":1611260438,"event":{"mods":["BaseMod","Bestiary","Colored Map","DeckTracker","Downfall","Highlight Path","Minty Spire (QoL Compilation)","StSLib"],"gold_per_floor":[99,115,215,129,129,129,129,142,82,82,67,67,1,27,46,149,149,149,168,253,268,268,278,278,295,313,313,331,331,331,343,354,449,449,449,271,289,305,320,320,320,347,247,261,276,276,291,291,301,301,301,301],"floor_reached":50,"language":"ENG","playtime":4333,"items_purged":["champ:Strike"],"score":526,"play_id":"228ec035-f34e-4c8f-883f-1de758725c6a","local_time":"20210121142038","is_ascension_mode":false,"campfire_choices":[{"data":"champ:HeavySlash","floor":1,"key":"SMITH"},{"data":"champ:EnragedBash","floor":6,"key":"SMITH"},{"data":"champ:Taunt","floor":10,"key":"SMITH"},{"data":"champ:HoldFirm","floor":12,"key":"SMITH"},{"data":"champ:Lariat","floor":18,"key":"SMITH"},{"data":"champ:GutPunch","floor":27,"key":"SMITH"},{"data":"champ:GladiatorStyle","floor":30,"key":"SMITH"},{"data":"champ:ArenaPreparation","floor":35,"key":"SMITH"},{"data":"expansioncontent:Chronoboost","floor":40,"key":"SMITH"},{"data":"champ:ShieldWall","floor":43,"key":"SMITH"},{"data":"champ:ShieldSlam","floor":46,"key":"SMITH"}],"circlet_count":0,"master_deck":["champ:Strike","champ:Strike","champ:Defend","champ:Defend","champ:Defend","champ:Defend","champ:Execute","champ:Taunt+1","champ:HeavySlash+1","champ:EnragedBash+1","champ:GutPunch+1","champ:GladiatorStyle+1","champ:Lariat+1","champ:EnGarde","champ:HoldFirm+1","champ:FocusedBerserking","champ:LastStand","champ:TornadoPunch","champ:ShieldWall+1","champ:ArenaPreparation+1","champ:Backstep+1","champ:AdrenalArmor","champ:ShieldSlam+1","champ:LastStand","expansioncontent:Chronoboost+1","champ:IronFortress+1","champ:Circumvent+1","champ:CrookedStrike+1","champ:DancingMaster","champ:Circumvent"],"relics":["champ:ChampionCrown","Vajra","champ:FightingForDummies","Philosopher\u0027s Stone","InkBottle","Black Star","Letter Opener","StrikeDummy","Singing Bowl","downfall:HeartBlessingGreen"],"acts_visited":["Exordium","TheCity","TheBeyond"],"potions_floor_usage":[16,44,50,50],"damage_taken":[{"damage":1,"enemies":"Jaw Worm","floor":2,"turns":5},{"damage":15,"enemies":"downfall:FleeingMerchant","floor":4,"turns":4},{"damage":2,"enemies":"Small Slimes","floor":8,"turns":2},{"damage":30,"enemies":"downfall:FleeingMerchant","floor":9,"turns":4},{"damage":35,"enemies":"downfall:FleeingMerchant","floor":11,"turns":4},{"damage":20,"enemies":"downfall:FleeingMerchant","floor":13,"turns":4},{"damage":24,"enemies":"Lagavulin","floor":14,"turns":6},{"damage":0,"enemies":"Cultist","floor":15,"turns":3},{"damage":70,"enemies":"SI_SHIV_ARCHETYPE","floor":16,"turns":11},{"damage":15,"enemies":"Chosen","floor":19,"turns":4},{"damage":46,"enemies":"Shelled Parasite and Fungi","floor":21,"turns":5},{"damage":38,"enemies":"3 Cultists","floor":23,"turns":4},{"damage":10,"enemies":"Snecko","floor":25,"turns":4},{"damage":28,"enemies":"Chosen and Byrds","floor":26,"turns":5},{"damage":26,"enemies":"3 Cultists","floor":28,"turns":5},{"damage":18,"enemies":"Shelled Parasite and Fungi","floor":31,"turns":5},{"damage":15,"enemies":"Cultist and Chosen","floor":32,"turns":4},{"damage":38,"enemies":"WA_ARCHETYPE_CALM","floor":33,"turns":9},{"damage":25,"enemies":"downfall:FleeingMerchant","floor":36,"turns":4},{"damage":66,"enemies":"3 Darklings","floor":37,"turns":8},{"damage":20,"enemies":"3 Shapes","floor":38,"turns":5},{"damage":76,"enemies":"Transient","floor":39,"turns":5},{"damage":38,"enemies":"Giant Head","floor":42,"turns":9},{"damage":56,"enemies":"Writhing Mass","floor":44,"turns":6},{"damage":26,"enemies":"Spire Growth","floor":45,"turns":3},{"damage":30,"enemies":"3 Darklings","floor":47,"turns":4},{"damage":24,"enemies":"Sphere and 2 Shapes","floor":49,"turns":5},{"damage":46,"enemies":"DF_ARCHETYPE_ORBS","floor":50,"turns":8}],"seed_played":"8846084345854573920","potions_obtained":[{"floor":2,"key":"ColorlessPotion"},{"floor":14,"key":"LiquidMemories"},{"floor":19,"key":"SkillPotion"},{"floor":44,"key":"SpeedPotion"}],"is_trial":false,"path_per_floor":["R","M","?","$","?","R","T","M","$","R","$","R","$","E","M","B",null,"R","M","?","M","?","M","T","M","M","R","M","?","R","M","M","B",null,"R","$","M","M","M","R","T","E","R","M","M","R","M","?","M","B"],"character_chosen":"THE_CHAMP","items_purchased":["champ:GladiatorStyle","champ:EnGarde","Block Potion","expansioncontent:Chronoboost"],"campfire_rested":0,"item_purchase_floors":[4,9,13,36],"current_hp_per_floor":[90,89,89,89,94,94,94,92,87,87,77,77,72,63,63,63,95,95,95,77,46,46,43,43,43,35,35,34,34,34,31,31,28,95,95,95,69,69,38,38,38,37,37,31,32,32,32,32,28,0,0,0],"gold":301,"neow_bonus":"ONE_RANDOM_RARE_CARD","is_daily":false,"chose_seed":false,"campfire_upgraded":11,"win_rate":0.0,"timestamp":1611260438,"path_taken":["R","M","?","$","?","R","T","M","$","R","?","R","?","E","M","BOSS","R","M","?","M","?","?","T","M","M","R","M","?","R","M","M","BOSS","R","$","M","M","M","R","T","E","R","M","M","R","?","?","M","BOSS"],"items_purchased_type":["Card","Card","Potion","Card"],"build_version":"2020-12-22","purchased_purges":1,"victory":false,"max_hp_per_floor":[90,90,90,90,95,95,95,95,95,95,95,95,95,95,95,95,95,95,95,95,95,95,95,95,95,95,95,95,95,95,95,95,95,95,95,95,95,95,95,95,95,97,97,97,99,99,99,99,99,99,99,99],"card_choices":[{"not_picked":["champ:IronFortress","champ:PerfectedStrike"],"picked":"champ:EnragedBash","floor":2},{"not_picked":["champ:RisingSlash","champ:IronFortress"],"picked":"champ:GutPunch","floor":4},{"not_picked":["champ:AdrenalArmor","champ:TornadoPunch"],"picked":"champ:Lariat","floor":8},{"not_picked":["champ:FocusedDefense","champ:EnragedBash","champ:Haymaker"],"picked":"SKIP","floor":9},{"not_picked":["champ:CrownThrow","champ:EndlessRage"],"picked":"champ:HoldFirm","floor":11},{"not_picked":["champ:SkillfulDodge","champ:Haymaker","champ:Backstep"],"picked":"SKIP","floor":13},{"not_picked":["champ:BerserkersShout","champ:FlashCut"],"picked":"champ:FocusedBerserking","floor":14},{"not_picked":["champ:Haymaker","champ:Circumvent","champ:RapidStrikes"],"picked":"SKIP","floor":15},{"not_picked":["champ:StrikeOfGenius","champ:UltimateStance"],"picked":"champ:LastStand","floor":16},{"not_picked":["champ:EnragedBash","champ:Haymaker"],"picked":"champ:TornadoPunch","floor":19},{"not_picked":["champ:FlashCut","champ:AdrenalArmor+1"],"picked":"champ:ShieldWall","floor":21},{"not_picked":["champ:CrownThrow","champ:FlashCut+1"],"picked":"champ:Backstep+1","floor":23},{"not_picked":["champ:PreemptiveStrike","champ:RapidStrikes+1","champ:SkillfulDodge"],"picked":"SKIP","floor":25},{"not_picked":["champ:TornadoPunch","champ:GutPunch+1"],"picked":"champ:AdrenalArmor","floor":26},{"not_picked":["champ:IronFortress+1","champ:HeartStrike"],"picked":"champ:ShieldSlam","floor":28},{"not_picked":["champ:EnGarde+1","champ:CheapShot","champ:CalledShot"],"picked":"SKIP","floor":31},{"not_picked":["champ:PerfectedStrike","champ:Backstep","champ:FanOfKnives"],"picked":"SKIP","floor":32},{"not_picked":["champ:ShieldThrow","champ:StrikeOfGenius"],"picked":"champ:LastStand","floor":33},{"not_picked":["champ:FocusedDefense+1","champ:Haymaker+1","champ:TornadoPunch+1"],"picked":"SKIP","floor":36},{"not_picked":["champ:TornadoPunch+1","champ:FanOfKnives","champ:PreemptiveStrike+1"],"picked":"SKIP","floor":37},{"not_picked":["champ:FaceSlap+1","champ:RecklessLeap+1"],"picked":"champ:IronFortress+1","floor":38},{"not_picked":["champ:GutPunch","champ:PreciseThrust+1"],"picked":"champ:Circumvent+1","floor":39},{"not_picked":["champ:Backstep","champ:DeathBlow","champ:PreemptiveStrike+1"],"picked":"Singing Bowl","floor":42},{"not_picked":["champ:Circumvent+1","champ:EnGarde"],"picked":"champ:CrookedStrike+1","floor":44},{"not_picked":["champ:EnGarde+1","champ:TornadoPunch+1","champ:DefensiveShout"],"picked":"Singing Bowl","floor":45},{"not_picked":["champ:GutPunch","champ:DefensiveShout"],"picked":"champ:DancingMaster","floor":47},{"not_picked":["champ:GutPunch+1","champ:EnGarde"],"picked":"champ:Circumvent","floor":49}],"player_experience":2040297,"relics_obtained":[{"floor":7,"key":"Vajra"},{"floor":14,"key":"champ:FightingForDummies"},{"floor":24,"key":"InkBottle"},{"floor":41,"key":"Letter Opener"},{"floor":42,"key":"StrikeDummy"},{"floor":42,"key":"Singing Bowl"}],"event_choices":[{"damage_healed":0,"gold_gain":0,"player_choice":"Donut","damage_taken":0,"max_hp_gain":5,"max_hp_loss":0,"event_name":"Big Fish","floor":5,"gold_loss":0},{"damage_healed":0,"gold_gain":0,"player_choice":"Read","damage_taken":0,"max_hp_gain":0,"max_hp_loss":0,"event_name":"The Library","floor":22,"gold_loss":0,"cards_obtained":["champ:ArenaPreparation"]}],"is_beta":false,"boss_relics":[{"not_picked":["Runic Pyramid","Coffee Dripper"],"picked":"Philosopher\u0027s Stone"},{"not_picked":["SlaversCollar","champ:ChampionCrownUpgraded"],"picked":"Black Star"}],"items_purged_floors":[36],"is_endless":false,"potions_floor_spawned":[2,14,15,19,21,26,38,44,45],"killed_by":"DF_ARCHETYPE_ORBS","ascension_level":0}}