{"host":"auwi4wvi6b5le8l1","time":1611211139,"event":{"mods":["BaseMod","Duelist Mod","GifTheSpireLib","Minty Spire (QoL Compilation)","StSLib"],"gold_per_floor":[135,148,148,168,168,168,197,233,253,269,302,334,26,39,39,160,160,170,190,190,155,175,175,194,207,207,207,1,1,1,14,14,111,111,121,0,10,20,58,58,76,76,76,87,87,99,99,116,116,116],"floor_reached":51,"language":"ENG","playtime":3168,"items_purged":["theDuelist:BeaverWarrior"],"score":642,"play_id":"701db432-d5c1-444e-b5d5-a922229affbb","local_time":"20210121033859","is_ascension_mode":false,"campfire_choices":[{"data":"theDuelist:FinalFlame","floor":6.0,"key":"SMITH"},{"floor":15,"key":"REST"},{"data":"theDuelist:MagnumShield","floor":23,"key":"SMITH"},{"floor":27,"key":"REST"},{"data":"theDuelist:DoubleTool","floor":29,"key":"SMITH"},{"floor":32,"key":"REST"},{"floor":40,"key":"REST"},{"floor":49,"key":"REST"}],"circlet_count":0,"master_deck":["theDuelist:RainbowKuriboh+1","Parasite","theDuelist:MeteorDestruction+1","theDuelist:CastleWalls","theDuelist:FinalFlame+1","theDuelist:PsychicShockwave+1","theDuelist:FusionFire","theDuelist:CoreBlaster","theDuelist:GauntletWarrior","theDuelist:FusionFire","theDuelist:DoubleTool+1","theDuelist:GravityAxe","theDuelist:GravekeeperCurse","Apotheosis+1","theDuelist:FluteKuriboh","theDuelist:MeteorDestruction","theDuelist:RainbowOverdragon","theDuelist:GauntletWarrior","theDuelist:Sparks","theDuelist:BeaverWarrior","theDuelist:GiantSoldier","theDuelist:CastleWalls","theDuelist:InfernoFireBlast","theDuelist:CombinationAttack","theDuelist:MiraculousDescent+1","theDuelist:HappyLover","theDuelist:GiantSoldier","theDuelist:BigKoala","theDuelist:MagnumShield+1","CurseOfTheBell","theDuelist:SevenCompleted","theDuelist:ScrapFactory","theDuelist:WhiteHowling","theDuelist:BerserkerCrush"],"relics":["theDuelist:MillenniumPuzzle","theDuelist:CardPoolRelic","theDuelist:CardPoolBasicRelic","theDuelist:BoosterPackPoolRelic","theDuelist:CardPoolAddRelic","theDuelist:CardPoolMinusRelic","theDuelist:CardPoolSaveRelic","theDuelist:CardPoolOptionsRelic","theDuelist:KaibaToken","theDuelist:BoosterPackTrapEgg","theDuelist:YugiMirror","Shuriken","Mercury Hourglass","Calling Bell","Boot","theDuelist:MillenniumRing","Ice Cream","Gambling Chip","Busted Crown","Red Mask","Self Forming Clay","Orichalcum","theDuelist:MillenniumArmor"],"acts_visited":["Exordium","TheCity","TheBeyond"],"potions_floor_usage":[12,12,16,33,33,39,44],"damage_taken":[{"damage":0.0,"enemies":"2 Louse","floor":1.0,"turns":2.0},{"damage":0.0,"enemies":"Jaw Worm","floor":2.0,"turns":3.0},{"damage":0.0,"enemies":"Cultist","floor":4.0,"turns":3.0},{"damage":30.0,"enemies":"3 Sentries","floor":7.0,"turns":12.0},{"damage":7.0,"enemies":"Exordium Thugs","floor":8.0,"turns":5.0},{"damage":0.0,"enemies":"Large Slime","floor":10.0,"turns":5.0},{"damage":0.0,"enemies":"Gremlin Gang","floor":11.0,"turns":5.0},{"damage":8,"enemies":"Lagavulin","floor":12,"turns":7},{"damage":0,"enemies":"Red Slaver","floor":14,"turns":3},{"damage":22,"enemies":"The Guardian","floor":16,"turns":19},{"damage":15,"enemies":"Shell Parasite","floor":18,"turns":8},{"damage":21,"enemies":"2 Thieves","floor":21,"turns":5},{"damage":0,"enemies":"Shelled Parasite and Fungi","floor":22,"turns":7},{"damage":15,"enemies":"Snake Plant","floor":24,"turns":3},{"damage":8,"enemies":"Snecko","floor":25,"turns":5},{"damage":5,"enemies":"Chosen and Byrds","floor":31,"turns":6},{"damage":21,"enemies":"Champ","floor":33,"turns":11},{"damage":22,"enemies":"3 Darklings","floor":35,"turns":6},{"damage":0,"enemies":"Orb Walker","floor":37,"turns":5},{"damage":36,"enemies":"Writhing Mass","floor":38,"turns":7},{"damage":16,"enemies":"Jaw Worm Horde","floor":39,"turns":5},{"damage":28,"enemies":"3 Darklings","floor":41,"turns":4},{"damage":27,"enemies":"Writhing Mass","floor":44,"turns":6},{"damage":18,"enemies":"Jaw Worm Horde","floor":46,"turns":5},{"damage":0,"enemies":"Sphere and 2 Shapes","floor":48,"turns":4},{"damage":18,"enemies":"Awakened One","floor":50,"turns":16}],"seed_played":"7275924768874731708","potions_obtained":[{"floor":2.0,"key":"theDuelist:BottledKuriboh"},{"floor":11.0,"key":"theDuelist:TokenPotion"},{"floor":14,"key":"DuplicationPotion"},{"floor":16,"key":"Fire Potion"},{"floor":18,"key":"theDuelist:FlamingBottle"},{"floor":33,"key":"theDuelist:DestructPotionPotB"},{"floor":37,"key":"Weak Potion"},{"floor":39,"key":"theDuelist:MillenniumElixir"},{"floor":44,"key":"GamblersBrew"},{"floor":48,"key":"PowerPotion"}],"is_trial":false,"path_per_floor":["M","M","?","M","?","R","E","M","T","M","M","E","$","M","R","B",null,"M","?","?","M","M","R","M","M","T","R","$","R","?","M","R","B",null,"M","?","M","M","M","R","M","?","T","M","$","M","?","M","R","B",null],"character_chosen":"THE_DUELIST","items_purchased":["Mercury Hourglass","theDuelist:CoolBottle","theDuelist:InfernoFireBlast","theDuelist:DoubleTool"],"campfire_rested":5,"item_purchase_floors":[13,13,28,28],"current_hp_per_floor":[80,80,74,74,74,74,44,37,37,37,37,29,29,29,53,31,80,65,65,65,44,44,44,29,21,21,45,45,45,45,40,64,43,80,58,58,58,22,6,30,2,90,90,63,63,45,45,45,72,54],"gold":116,"neow_bonus":"","is_daily":false,"chose_seed":false,"campfire_upgraded":3,"win_rate":0.0,"timestamp":1611211139,"path_taken":["M","M","?","M","?","R","E","M","T","M","?","E","$","M","R","BOSS","M","?","?","M","M","R","?","M","T","R","?","R","?","M","R","BOSS","M","?","M","M","M","R","M","?","T","?","$","M","?","M","R","BOSS"],"items_purchased_type":["Relic","Potion","Card","Card"],"build_version":"2020-12-22","purchased_purges":1,"victory":true,"max_hp_per_floor":[80,80,80,80,80,80,80,80,80,80,80,80,80,80,80,80,80,80,80,80,80,80,80,80,80,80,80,80,80,80,80,80,80,80,80,80,80,80,80,80,80,90,90,90,90,90,90,90,90,90],"card_choices":[{"not_picked":["theDuelist:ScrapFactory","theDuelist:Eva","theDuelist:RainbowNeos","theDuelist:WhiteNinja"],"picked":"theDuelist:CoreBlaster","floor":1.0},{"not_picked":["theDuelist:Hinotama","theDuelist:WhiteMagicalHat","theDuelist:SwordDeepSeated","theDuelist:EgoBoost"],"picked":"theDuelist:WormApocalypse","floor":2.0},{"not_picked":["theDuelist:VendreadCharge","theDuelist:BlackPendant","theDuelist:RainbowNeos","theDuelist:VenomShot","theDuelist:DarkBurningMagic"],"picked":"SKIP","floor":4.0},{"not_picked":["theDuelist:SpellShatteringArrow","theDuelist:RainbowNeos","theDuelist:Tuningware","theDuelist:PowerWall"],"picked":"theDuelist:BerserkerCrush","floor":7.0},{"not_picked":["theDuelist:FluteKuriboh","theDuelist:BattleguardKing","theDuelist:GiantTrapHole","theDuelist:LightningRodLord"],"picked":"theDuelist:GauntletWarrior","floor":8.0},{"not_picked":["theDuelist:BigFire","theDuelist:Invigoration","theDuelist:RainbowNeos","theDuelist:AfterTheStorm"],"picked":"theDuelist:SwordDeepSeated","floor":10.0},{"not_picked":["theDuelist:RainbowNeos","theDuelist:Eva","theDuelist:RainbowKuriboh","theDuelist:RainbowOverdragon"],"picked":"theDuelist:HappyLover","floor":11.0},{"not_picked":["theDuelist:Hinotama","theDuelist:DoubleTool","theDuelist:ScrapFactory","theDuelist:PotDuality"],"picked":"theDuelist:MagnumShield","floor":12},{"not_picked":["theDuelist:ImperialOrder+1","theDuelist:Electrowhip","theDuelist:ElectromagneticShield"],"picked":"theDuelist:MiraculousDescent+1","floor":14},{"not_picked":["theDuelist:KamionTimelord","theDuelist:HappyLover","theDuelist:Eva","theDuelist:RainbowKuriboh"],"picked":"theDuelist:RainbowOverdragon","floor":16},{"not_picked":["theDuelist:AfterTheStorm","theDuelist:WormApocalypse","theDuelist:CombinationAttack","theDuelist:ScrapFactory"],"picked":"theDuelist:MeteorDestruction","floor":18},{"not_picked":["theDuelist:AttackTheMoon","theDuelist:BattleguardKing+1","theDuelist:DestroyerGolem","theDuelist:HammerShot","theDuelist:BigFire"],"picked":"SKIP","floor":21},{"not_picked":["theDuelist:WhiteHowling+1","theDuelist:Electrowhip","theDuelist:MiraculousDescent+1"],"picked":"theDuelist:GravityAxe","floor":22},{"not_picked":["theDuelist:SpellShatteringArrow","theDuelist:SpiritHarp","theDuelist:Tuningware","theDuelist:ElectromagneticShield+1"],"picked":"theDuelist:CombinationAttack","floor":24},{"not_picked":["theDuelist:HammerShot","theDuelist:Polymerization","theDuelist:GauntletWarrior+1","theDuelist:RockSunrise","theDuelist:WormBarses"],"picked":"SKIP","floor":25},{"not_picked":["theDuelist:BigFire","theDuelist:SpiritHarp","theDuelist:Tuningware","theDuelist:WhiteMagicalHat"],"picked":"theDuelist:FluteKuriboh","floor":31},{"not_picked":["theDuelist:DoubleTool","theDuelist:DarkBurningAttack","theDuelist:SpellShatteringArrow"],"picked":"SKIP","floor":35},{"not_picked":["theDuelist:Hinotama+1","theDuelist:DoubleTool+1"],"picked":"theDuelist:MeteorDestruction+1","floor":37},{"not_picked":["theDuelist:Wildfire","theDuelist:GravityLash+1"],"picked":"theDuelist:SevenCompleted","floor":38},{"not_picked":["theDuelist:RainbowNeos","theDuelist:HappyLover+1"],"picked":"theDuelist:RainbowKuriboh+1","floor":39},{"not_picked":["theDuelist:RainbowNeos+1","theDuelist:HappyLover","theDuelist:RainbowKuriboh+1"],"picked":"SKIP","floor":41},{"not_picked":["theDuelist:UnderworldCannon","theDuelist:Raigeki+1"],"picked":"theDuelist:PsychicShockwave+1","floor":44},{"not_picked":["theDuelist:UnderworldCannon+1","theDuelist:GravityBlaster+1","theDuelist:BreakDraw+1"],"picked":"SKIP","floor":46},{"not_picked":["Blind+1"],"picked":"Apotheosis+1","floor":48}],"player_experience":0,"relics_obtained":[{"floor":7.0,"key":"theDuelist:BoosterPackTrapEgg"},{"floor":9.0,"key":"theDuelist:YugiMirror"},{"floor":12,"key":"Shuriken"},{"floor":17,"key":"Boot"},{"floor":17,"key":"theDuelist:MillenniumRing"},{"floor":17,"key":"Ice Cream"},{"floor":26,"key":"Gambling Chip"},{"floor":43,"key":"Orichalcum"}],"event_choices":[{"damage_healed":0.0,"max_hp_gain":0.0,"max_hp_loss":0.0,"gold_gain":0.0,"event_name":"Aknamkanon\u0027s Tomb","player_choice":"Dig - random Duelist relic","duelist":true,"floor":3.0,"gold_loss":0.0,"damage_taken":0.0},{"cards_removed":["theDuelist:WormApocalypse"],"damage_healed":0.0,"max_hp_gain":0.0,"max_hp_loss":0.0,"gold_gain":0.0,"event_name":"Purifier","player_choice":"Purged","floor":5.0,"gold_loss":0.0,"damage_taken":0.0},{"damage_healed":0,"gold_gain":0,"cards_transformed":["theDuelist:SwordDeepSeated","theDuelist:Sparks"],"player_choice":"Became Test Subject","damage_taken":0,"max_hp_gain":0,"max_hp_loss":0,"event_name":"Drug Dealer","floor":19,"gold_loss":0,"cards_obtained":["theDuelist:BigKoala","theDuelist:WhiteHowling"]},{"damage_healed":0,"gold_gain":0,"player_choice":"2 cards matched","damage_taken":0,"max_hp_gain":0,"max_hp_loss":0,"event_name":"Match and Keep!","floor":20,"gold_loss":0,"cards_obtained":["theDuelist:SevenCompleted","theDuelist:FusionFire"]},{"damage_healed":0,"gold_gain":0,"player_choice":"Copied","damage_taken":0,"max_hp_gain":0,"max_hp_loss":0,"event_name":"Duplicator","floor":30,"gold_loss":0,"cards_obtained":["theDuelist:FusionFire"]},{"damage_healed":0,"gold_gain":0,"player_choice":"Paid","damage_taken":0,"relics_obtained":["Red Mask"],"max_hp_gain":0,"max_hp_loss":0,"event_name":"Tomb of Lord Red Mask","floor":36,"gold_loss":121},{"cards_removed":["theDuelist:SevenCompleted"],"damage_healed":78,"gold_gain":0,"player_choice":"Offered Rare","damage_taken":0,"max_hp_gain":10,"max_hp_loss":0,"event_name":"Bonfire Elementals","floor":42,"gold_loss":0},{"damage_healed":0,"gold_gain":0,"player_choice":"Took item - Received: Millennium Armor","duelist":true,"damage_taken":0,"max_hp_gain":0,"max_hp_loss":0,"event_name":"Millennium Items","floor":47,"gold_loss":0}],"is_beta":false,"boss_relics":[{"not_picked":["HoveringKite","Velvet Choker"],"picked":"Calling Bell"},{"not_picked":["Runic Dome","Philosopher\u0027s Stone"],"picked":"Busted Crown"}],"items_purged_floors":[28],"is_endless":false,"potions_floor_spawned":[2,11,14,16,18,21,24,25,33,37,39,44,48],"ascension_level":0}}