{"host":"k1zte7p040j04785","time":1611256145,"event":{"mods":["AchievementEnabler","BaseMod","Googly Eyes","Hermit","Minty Spire (QoL Compilation)","StSLib","The Cursed"],"gold_per_floor":[114,134,134,153,164,184,184,202,227,227,259,314,314,5,5,5,5],"floor_reached":16,"language":"RUS","playtime":1001,"items_purged":[],"score":102,"play_id":"15497c38-0fda-4234-941b-f8b44f18b156","local_time":"20210121220905","is_ascension_mode":false,"campfire_choices":[{"floor":10,"key":"REST"},{"floor":13,"key":"REST"},{"floor":15,"key":"REST"}],"circlet_count":0,"master_deck":["Strike_R","Strike_R","Strike_R","Strike_R","Strike_R","Defend_R","Defend_R","Defend_R","Defend_R","Bash","Offering","Carnage","Anger","Whirlwind","Power Through","Thunderclap","Cleave","Pommel Strike","Twin Strike","Heavy Blade","Carnage"],"relics":["Burning Blood","Oddly Smooth Stone","Pantograph","Dream Catcher","Lee\u0027s Waffle","Lantern"],"acts_visited":["Exordium"],"potions_floor_usage":[],"damage_taken":[{"damage":16,"enemies":"2 Louse","floor":1,"turns":3},{"damage":0,"enemies":"Cultist","floor":2,"turns":2},{"damage":11,"enemies":"Small Slimes","floor":4,"turns":3},{"damage":14,"enemies":"Blue Slaver","floor":5,"turns":3},{"damage":13,"enemies":"Red Slaver","floor":6,"turns":5},{"damage":10,"enemies":"Exordium Wildlife","floor":8,"turns":2},{"damage":54,"enemies":"Lagavulin","floor":11,"turns":7},{"damage":27,"enemies":"Gremlin Nob","floor":12,"turns":4},{"damage":94,"enemies":"The Guardian","floor":16,"turns":12}],"seed_played":"-6602840342233086528","potions_obtained":[{"floor":4,"key":"FairyPotion"},{"floor":5,"key":"Dexterity Potion"},{"floor":6,"key":"Swift Potion"},{"floor":11,"key":"Weak Potion"}],"is_trial":false,"path_per_floor":["M","M","?","M","M","M","?","M","T","R","E","?","R","$","R","B"],"character_chosen":"IRONCLAD","items_purchased":["Lee\u0027s Waffle","Lantern"],"campfire_rested":3,"item_purchase_floors":[14,14],"current_hp_per_floor":[46,52,52,47,39,32,32,28,28,52,30,9,33,87,87,0,0],"gold":5,"neow_bonus":"THREE_RARE_CARDS","is_daily":false,"chose_seed":false,"campfire_upgraded":0,"win_rate":0.0,"timestamp":1611256145,"path_taken":["M","M","?","?","M","M","?","M","T","R","E","?","R","?","R","BOSS"],"items_purchased_type":["Relic","Relic"],"build_version":"2020-12-22","purchased_purges":0,"victory":false,"max_hp_per_floor":[80,80,80,80,80,80,80,80,80,80,80,80,80,87,87,87,87],"card_choices":[{"not_picked":["Brutality","Fiend Fire"],"picked":"Offering","floor":0},{"not_picked":["Pommel Strike","Heavy Blade"],"picked":"Carnage","floor":1},{"not_picked":["Sword Boomerang","Shrug It Off"],"picked":"Anger","floor":2},{"not_picked":["Dark Embrace","Armaments"],"picked":"Whirlwind","floor":4},{"not_picked":["Warcry","Second Wind"],"picked":"Power Through","floor":5},{"not_picked":["Warcry","Feel No Pain"],"picked":"Thunderclap","floor":6},{"not_picked":["Burning Pact","Clothesline"],"picked":"Cleave","floor":8},{"not_picked":["Warcry","Clash"],"picked":"Pommel Strike","floor":11},{"not_picked":["Intimidate","Offering"],"picked":"Twin Strike","floor":12},{"not_picked":["Sword Boomerang","True Grit"],"picked":"Heavy Blade","floor":13},{"not_picked":["Twin Strike","Warcry"],"picked":"Carnage","floor":15}],"player_experience":80558,"relics_obtained":[{"floor":9,"key":"Oddly Smooth Stone"},{"floor":11,"key":"Pantograph"},{"floor":12,"key":"Dream Catcher"}],"event_choices":[{"damage_healed":0,"gold_gain":0,"player_choice":"Ignored","damage_taken":0,"max_hp_gain":0,"max_hp_loss":0,"event_name":"NoteForYourself","floor":3,"gold_loss":0},{"damage_healed":0,"gold_gain":0,"player_choice":"Ignored","damage_taken":0,"max_hp_gain":0,"max_hp_loss":0,"event_name":"Shining Light","floor":7,"gold_loss":0},{"damage_healed":0,"gold_gain":0,"player_choice":"Searched \u00272\u0027 times","damage_taken":0,"max_hp_gain":0,"max_hp_loss":0,"event_name":"Dead Adventurer","floor":12,"gold_loss":0}],"is_beta":false,"boss_relics":[],"items_purged_floors":[],"is_endless":false,"potions_floor_spawned":[4,5,6,11],"killed_by":"The Guardian","ascension_level":0}}