{"host":"yuoancq4cku3x8wq","time":1611238737,"event":{"mods":["AchievementEnabler","BaseMod","Downfall","Minty Spire (QoL Compilation)","Quick Restart","StSLib","SuperFastMode"],"gold_per_floor":[99,99,99,99,99,99,99,118,142,172,191,217,229,88,102,200,200,200,219,233,247,65,100,127,127,160,171,171,171,171,186,202,301,301,301,317,329,339,163,190,190,239,259,293,60,60,76,93,107,107,107,107],"floor_reached":50,"language":"ZHS","playtime":4203,"items_purged":["champ:Strike","champ:Strike","champ:Strike","champ:Strike"],"score":679,"play_id":"dac18f7b-fcdd-4287-a8f8-cb7667de3769","local_time":"20210121221857","is_ascension_mode":false,"campfire_choices":[{"data":"champ:Execute","floor":1.0,"key":"SMITH"},{"data":"champ:Parry","floor":6.0,"key":"SMITH"},{"data":"champ:TornadoPunch","floor":18.0,"key":"SMITH"},{"data":"champ:IronFortress","floor":30.0,"key":"SMITH"},{"data":"champ:SkillfulDodge","floor":35.0,"key":"SMITH"},{"data":"champ:SkillfulDodge","floor":46,"key":"SMITH"}],"circlet_count":0,"master_deck":["champ:Defend","champ:Defend","champ:Defend","champ:Defend","champ:Execute+1","champ:Taunt","champ:Parry+1","champ:SkillfulDodge+1","champ:ShieldSlam","champ:TornadoPunch+1","champ:SkillfulDodge+1","champ:BringItOn","champ:Circumvent+1","champ:DefensiveShout+1","champ:ShieldThrow","champ:ShieldWall","champ:FocusedDefense","champ:SkillfulDodge+1","champ:IronFortress+1","champ:FocusedDefense","Ghostly","Ghostly","Ghostly","Ghostly","Ghostly","champ:IronFortress+1","champ:Improvising","champ:DefensiveShout+1","champ:ShieldWall","champ:VampiricStrike"],"relics":["champ:ChampionCrown","downfall:HeartsMalice","Eternal Feather","champ:DefensiveTrainingManual","StoneCalendar","Letter Opener","Runic Dome","Lantern","War Paint","Pear","SlaversCollar","Ornamental Fan","Kunai","Mango","Darkstone Periapt","Membership Card"],"acts_visited":["Exordium","TheCity","TheBeyond"],"potions_floor_usage":[40,50,50,50],"damage_taken":[{"damage":0.0,"enemies":"Jaw Worm","floor":2.0,"turns":1.0},{"damage":0.0,"enemies":"Cultist","floor":3.0,"turns":1.0},{"damage":0.0,"enemies":"Small Slimes","floor":5.0,"turns":1.0},{"damage":10.0,"enemies":"Exordium Wildlife","floor":8.0,"turns":3.0},{"damage":35.0,"enemies":"3 Sentries","floor":10.0,"turns":9.0},{"damage":27.0,"enemies":"Large Slime","floor":11.0,"turns":5.0},{"damage":4.0,"enemies":"Lagavulin","floor":12.0,"turns":7.0},{"damage":10.0,"enemies":"Exordium Thugs","floor":13.0,"turns":3.0},{"damage":20.0,"enemies":"downfall:FleeingMerchant","floor":14.0,"turns":4.0},{"damage":4.0,"enemies":"Lots of Slimes","floor":15.0,"turns":2.0},{"damage":28.0,"enemies":"DF_ARCHETYPE_STREAMLINE","floor":16.0,"turns":12.0},{"damage":3.0,"enemies":"Chosen","floor":19.0,"turns":3.0},{"damage":0.0,"enemies":"Spheric Guardian","floor":20.0,"turns":4.0},{"damage":12.0,"enemies":"3 Cultists","floor":21.0,"turns":5.0},{"damage":10.0,"enemies":"downfall:FleeingMerchant","floor":22.0,"turns":4.0},{"damage":69.0,"enemies":"Slavers","floor":23.0,"turns":6.0},{"damage":10.0,"enemies":"Gremlin Leader","floor":26.0,"turns":7.0},{"damage":0.0,"enemies":"Shelled Parasite and Fungi","floor":27.0,"turns":5.0},{"damage":1.0,"enemies":"Chosen and Byrds","floor":31.0,"turns":5.0},{"damage":2.0,"enemies":"Centurion and Healer","floor":32.0,"turns":7.0},{"damage":0.0,"enemies":"WA_ARCHETYPE_CALM","floor":33.0,"turns":8.0},{"damage":18.0,"enemies":"3 Darklings","floor":36.0,"turns":7.0},{"damage":0,"enemies":"Orb Walker","floor":37,"turns":3},{"damage":21,"enemies":"3 Darklings","floor":38,"turns":7},{"damage":0,"enemies":"downfall:FleeingMerchant","floor":39,"turns":4},{"damage":13,"enemies":"Reptomancer","floor":40,"turns":7},{"damage":17,"enemies":"2 Orb Walkers","floor":42,"turns":6},{"damage":5,"enemies":"4 Shapes","floor":43,"turns":7},{"damage":1,"enemies":"Nemesis","floor":44,"turns":7},{"damage":0,"enemies":"downfall:FleeingMerchant","floor":45,"turns":4},{"damage":2,"enemies":"Jaw Worm Horde","floor":47,"turns":5},{"damage":0,"enemies":"3 Darklings","floor":48,"turns":7},{"damage":31,"enemies":"Transient","floor":49,"turns":5},{"damage":65,"enemies":"SI_POISON_ARCHETYPE","floor":50,"turns":6}],"seed_played":"-7194033391791771376","potions_obtained":[{"floor":8.0,"key":"Block Potion"},{"floor":10.0,"key":"Energy Potion"},{"floor":13.0,"key":"Explosive Potion"},{"floor":19.0,"key":"SteroidPotion"},{"floor":23.0,"key":"SteroidPotion"},{"floor":26.0,"key":"GamblersBrew"},{"floor":27.0,"key":"SkillPotion"},{"floor":42,"key":"Strength Potion"}],"is_trial":false,"path_per_floor":["R","M","M","?","M","R","T","M","T","E","M","E","M","$","M","B",null,"R","M","M","M","$","E","T","?","E","M","?","?","R","M","M","B",null,"R","M","M","M","$","E","T","?","M","E","$","R","M","M","M","B"],"character_chosen":"THE_CHAMP","items_purchased":["champ:Circumvent","champ:IronFortress","champ:ShieldWall","Membership Card"],"campfire_rested":0,"item_purchase_floors":[14,22,39,45],"current_hp_per_floor":[90,90,90,90,90,90,90,80,80,55,48,44,34,34,30,2,90,90,87,87,85,85,31,31,31,41,41,41,41,50,49,50,50,50,50,47,47,50,50,47,47,49,44,53,53,64,62,62,36,0,0,0],"gold":107,"neow_bonus":"THREE_ENEMY_KILL","is_daily":false,"chose_seed":false,"campfire_upgraded":6,"win_rate":0.0,"timestamp":1611238737,"path_taken":["R","M","M","?","M","R","T","M","?","E","M","E","M","$","M","BOSS","R","M","M","M","$","E","T","?","E","M","?","?","R","M","M","BOSS","R","M","M","M","$","E","T","?","M","E","$","R","M","M","M","BOSS"],"items_purchased_type":["Card","Card","Card","Relic"],"build_version":"2020-12-22","purchased_purges":4,"victory":false,"max_hp_per_floor":[90,90,90,90,90,90,90,90,90,90,90,90,90,90,90,90,90,90,90,90,90,90,90,90,90,100,100,50,50,50,50,50,50,50,50,50,50,50,50,50,50,64,64,64,64,64,64,64,64,64,64,64],"card_choices":[{"not_picked":["champ:Circumvent","champ:BringItOn","champ:ArenaPreparation"],"picked":"SKIP","floor":2.0},{"not_picked":["champ:PreciseThrust","champ:BerserkersShout"],"picked":"champ:Parry","floor":3.0},{"not_picked":["champ:RapidStrikes","champ:FaceSlap","champ:Endure"],"picked":"SKIP","floor":5.0},{"not_picked":["champ:Endure","champ:TornadoPunch"],"picked":"champ:SkillfulDodge","floor":8.0},{"not_picked":["champ:CrownThrow","champ:EnGarde"],"picked":"champ:ShieldSlam","floor":10.0},{"not_picked":["champ:StanceDance","champ:Haymaker"],"picked":"champ:TornadoPunch","floor":11.0},{"not_picked":["champ:FalseCounter","champ:FanOfKnives"],"picked":"champ:SkillfulDodge","floor":12.0},{"not_picked":["champ:Haymaker","champ:ShieldSlam","champ:CrookedStrike"],"picked":"SKIP","floor":13.0},{"not_picked":["champ:AdrenalArmor","champ:PreciseThrust"],"picked":"champ:BringItOn","floor":14.0},{"not_picked":["champ:BringItOn","champ:Shatter"],"picked":"champ:DefensiveShout","floor":15.0},{"not_picked":["champ:TripleStrike","champ:HeavySlash"],"picked":"champ:ShieldThrow","floor":16.0},{"not_picked":["champ:GutPunch+1","champ:CrookedStrike+1"],"picked":"champ:ShieldWall","floor":19.0},{"not_picked":["champ:PerfectedStrike","champ:TornadoPunch+1"],"picked":"champ:FocusedDefense","floor":20.0},{"not_picked":["champ:EnragedBash+1","champ:Circumvent","champ:DeathBlow+1"],"picked":"SKIP","floor":21.0},{"not_picked":["champ:SwordThrow","champ:StanceDance"],"picked":"champ:SkillfulDodge+1","floor":22.0},{"not_picked":["champ:CrookedStrike","champ:Parry","champ:Haymaker+1"],"picked":"SKIP","floor":23.0},{"not_picked":["champ:BringItOn","champ:SetATrap","champ:PreciseThrust"],"picked":"SKIP","floor":26.0},{"not_picked":["champ:Duel","champ:Lariat"],"picked":"champ:FocusedDefense","floor":27.0},{"not_picked":["champ:FocusedBerserking","champ:AdrenalArmor+1","champ:StanceDance+1"],"picked":"SKIP","floor":31.0},{"not_picked":["champ:Shatter","champ:GladiatorForm"],"picked":"champ:IronFortress+1","floor":32.0},{"not_picked":["champ:GladiatorForm","champ:MurderStrike"],"picked":"champ:Improvising","floor":33.0},{"not_picked":["champ:BringItOn","champ:Haymaker"],"picked":"champ:DefensiveShout+1","floor":36.0},{"not_picked":["champ:SkillfulDodge","champ:BringItOn+1","champ:EndlessRage+1"],"picked":"SKIP","floor":37},{"not_picked":["champ:AdrenalArmor","champ:FocusedDefense","champ:HeartStrike"],"picked":"SKIP","floor":38},{"not_picked":["champ:Haymaker+1","champ:Lariat","champ:EnragedBash"],"picked":"SKIP","floor":39},{"not_picked":["champ:Backstep+1","champ:StanceDance","champ:GladiatorForm"],"picked":"SKIP","floor":40},{"not_picked":["champ:Haymaker","champ:EnGarde","champ:FanOfKnives+1"],"picked":"SKIP","floor":43},{"not_picked":["champ:PerfectedStrike","champ:DefensiveShout"],"picked":"champ:VampiricStrike","floor":44},{"not_picked":["champ:PreciseThrust+1","champ:TornadoPunch+1","champ:Shatter+1"],"picked":"SKIP","floor":45},{"not_picked":["champ:RisingSlash+1","champ:Parry+1","champ:BringItOn+1"],"picked":"SKIP","floor":47},{"not_picked":["champ:PreciseThrust","champ:AdrenalArmor","champ:Haymaker+1"],"picked":"SKIP","floor":48},{"not_picked":["champ:DefensiveShout+1","champ:TornadoPunch","champ:EnGarde+1"],"picked":"SKIP","floor":49}],"player_experience":310892,"relics_obtained":[{"floor":7.0,"key":"Eternal Feather"},{"floor":9.0,"key":"champ:DefensiveTrainingManual"},{"floor":10.0,"key":"StoneCalendar"},{"floor":12.0,"key":"Letter Opener"},{"floor":23.0,"key":"Lantern"},{"floor":24.0,"key":"War Paint"},{"floor":26.0,"key":"Pear"},{"floor":40,"key":"Ornamental Fan"},{"floor":41,"key":"Kunai"},{"floor":42,"key":"Mango"},{"floor":44,"key":"Darkstone Periapt"}],"event_choices":[{"damage_healed":0.0,"max_hp_gain":0.0,"max_hp_loss":50.0,"gold_gain":0.0,"event_name":"Ghosts","player_choice":"Became a Ghost","floor":28.0,"gold_loss":0.0,"damage_taken":0.0,"cards_obtained":["Ghostly","Ghostly","Ghostly","Ghostly","Ghostly"]},{"damage_healed":0,"gold_gain":0,"player_choice":"Fight","damage_taken":0,"max_hp_gain":0,"max_hp_loss":0,"event_name":"Mysterious Sphere","floor":42,"gold_loss":0}],"is_beta":false,"boss_relics":[{"not_picked":["Tiny House","Astrolabe"],"picked":"Runic Dome"},{"not_picked":["Velvet Choker","Busted Crown"],"picked":"SlaversCollar"}],"items_purged_floors":[14,22,39,45],"is_endless":false,"potions_floor_spawned":[8,10,13,19,23,26,27,37,38,42,47,49],"killed_by":"SI_POISON_ARCHETYPE","ascension_level":0}}