{"host":"sav7uxregyirlf69","time":1611209667,"event":{"mods":["AchievementEnabler","BaseMod","Colored Map","DeckTracker","Keyboard Shortcuts","Minty Spire (QoL Compilation)","READ ME - Guardian Mod","StSLib","SuperFastMode"],"gold_per_floor":[161,179,196,210,98,98,98],"floor_reached":6,"language":"KOR","playtime":141,"items_purged":[],"score":76,"play_id":"48c87a6d-30c4-45b1-85d9-34daa1d8b977","local_time":"20210121151427","is_ascension_mode":true,"campfire_choices":[],"circlet_count":0,"master_deck":["AscendersBane","Strike_B","Strike_B+1","Strike_B","Strike_B","Defend_B","Defend_B","Defend_B","Defend_B","Zap","Dualcast","Hello World","Glacier","Ball Lightning","Compile Driver","Hologram"],"relics":["Tiny House","The Courier"],"acts_visited":["Exordium"],"potions_floor_usage":[],"damage_taken":[{"damage":13,"enemies":"Cultist","floor":1,"turns":6},{"damage":11,"enemies":"Small Slimes","floor":2,"turns":5},{"damage":1,"enemies":"Jaw Worm","floor":3,"turns":3},{"damage":7,"enemies":"Red Slaver","floor":4,"turns":5},{"damage":60,"enemies":"Gremlin Nob","floor":6,"turns":4}],"seed_played":"-2574185469431402217","potions_obtained":[{"floor":0,"key":"Fire Potion"},{"floor":1,"key":"DuplicationPotion"}],"is_trial":false,"path_per_floor":["M","M","M","M","?","E"],"character_chosen":"DEFECT","items_purchased":[],"campfire_rested":0,"item_purchase_floors":[],"current_hp_per_floor":[56,45,44,37,37,0,0],"gold":98,"neow_bonus":"BOSS_RELIC","is_daily":false,"chose_seed":false,"campfire_upgraded":0,"win_rate":0.0,"timestamp":1611209667,"path_taken":["M","?","M","M","?","E"],"items_purchased_type":[],"build_version":"2020-12-22","purchased_purges":0,"victory":false,"max_hp_per_floor":[76,76,76,76,76,76,76],"card_choices":[{"not_picked":["Compile Driver","Steam Power"],"picked":"Hello World","floor":0},{"not_picked":["Steam","Rebound"],"picked":"Glacier","floor":1},{"not_picked":["Coolheaded","Leap"],"picked":"Ball Lightning","floor":2},{"not_picked":["Darkness","Sweeping Beam"],"picked":"Compile Driver","floor":3},{"not_picked":["Ball Lightning","Coolheaded"],"picked":"Hologram","floor":4}],"player_experience":1340819,"relics_obtained":[],"event_choices":[{"damage_healed":0,"gold_gain":0,"player_choice":"Paid Gold","damage_taken":0,"relics_obtained":["The Courier"],"max_hp_gain":0,"max_hp_loss":0,"event_name":"WeMeetAgain","floor":5,"gold_loss":112}],"is_beta":false,"boss_relics":[],"items_purged_floors":[],"is_endless":false,"potions_floor_spawned":[1,2],"killed_by":"Gremlin Nob","ascension_level":20}}