{"host":"xttq6c038pg3qyaq","time":1611206519,"event":{"mods":["BaseMod","Bestiary","Downfall","Hermit","Marisa（霧雨　魔理沙）","Minty Spire (QoL Compilation)","StSLib"],"gold_per_floor":[99,99,99,99,99,126,172,72,82,82,94,129,143,160,177,276,276,276,290,310,310,295,323,323,5,19,19,48,60,75,105,120,223,223,223,233,233,283,297,41,91,108,136,136,136,154,54,126,140,140],"floor_reached":51,"language":"ENG","playtime":4004,"items_purged":["Pain"],"score":847,"play_id":"ba02f186-2730-4cd8-9ef6-6d669ab7698a","local_time":"20210121155159","is_ascension_mode":false,"campfire_choices":[{"data":"Slimebound:Split","floor":1.0,"key":"SMITH"},{"data":"Slimebound:PrepareCrush","floor":8.0,"key":"SMITH"},{"data":"Slimebound:Prepare","floor":10.0,"key":"SMITH"},{"data":"Slimebound:MassFeed","floor":18.0,"key":"SMITH"},{"data":"Slimebound:Schlurp","floor":27,"key":"SMITH"},{"floor":35,"key":"RECALL"},{"data":"Slimebound:Prepare","floor":47,"key":"SMITH"}],"circlet_count":0,"master_deck":["Slimebound:Strike_Slimebound","Slimebound:Strike_Slimebound","Slimebound:Defend_Slimebound","Slimebound:Defend_Slimebound","Slimebound:Defend_Slimebound","Slimebound:Defend_Slimebound","Slimebound:Split+1","Slimebound:CorrosiveSpit","Slimebound:LeechEnergy","Slimebound:PrepareCrush+1","Slimebound:GoopSpray","Slimebound:LeechingTouch","Slimebound:MegaLick","Slimebound:Prepare+1","Slimebound:ItLooksTasty","Slimebound:MassFeed+1","Slimebound:LeechingTouch","Slimebound:GrowthPunch","Slimebound:SlimeSlap","Slimebound:Prepare+1","Slimebound:Equalize","Slimebound:LeechEnergy+1","Slimebound:DisruptingSlam","Slimebound:Schlurp+1","Slimebound:Schlurp","Slimebound:Nibble","Slimebound:SlimeSpikes","Slimebound:MegaLick+1","Slimebound:SlimeSpikes","Slimebound:GoopSpray","Slimebound:SamplingLick+1","Slimebound:GoopSpray","Slimebound:ComboTackle","Parasite","Slimebound:SamplingLick","Slimebound:Prepare+1","expansioncontent:AwakenDeath","Slimebound:SplitMire+1","Slimebound:SpikyOuterGoop+1","Slimebound:MegaLick","Slimebound:ComboTackle","Slimebound:GoopSpray+1"],"relics":["Slimebound:AbsorbEndCombatUpgraded","downfall:HeartsMalice","Juzu Bracelet","Potion Belt","downfall:HeartBlessingGreen","InkBottle","WarpedTongs","Mummified Hand","HornCleat","Pen Nib","Ancient Tea Set","Meat on the Bone","Cursed Key","StoneCalendar","Nunchaku","Akabeko","downfall:HeartBlessingRed","Vajra"],"acts_visited":["Exordium","TheCity","TheBeyond"],"potions_floor_usage":[23,29,32,32,33,33,38],"damage_taken":[{"damage":0.0,"enemies":"Jaw Worm","floor":2.0,"turns":1.0},{"damage":0.0,"enemies":"Cultist","floor":4.0,"turns":1.0},{"damage":0.0,"enemies":"Small Slimes","floor":5.0,"turns":1.0},{"damage":14.0,"enemies":"Lagavulin","floor":6.0,"turns":6.0},{"damage":1.0,"enemies":"3 Louse","floor":9.0,"turns":3.0},{"damage":6.0,"enemies":"2 Fungi Beasts","floor":11.0,"turns":3.0},{"damage":9.0,"enemies":"3 Sentries","floor":12.0,"turns":6.0},{"damage":4.0,"enemies":"Exordium Wildlife","floor":13.0,"turns":3.0},{"damage":0.0,"enemies":"Blue Slaver","floor":14.0,"turns":5.0},{"damage":2.0,"enemies":"3 Louse","floor":15.0,"turns":5.0},{"damage":2.0,"enemies":"IC_STATUS_ARCHETYPE","floor":16.0,"turns":5.0},{"damage":15.0,"enemies":"3 Byrds","floor":19.0,"turns":8.0},{"damage":0.0,"enemies":"Spheric Guardian","floor":20.0,"turns":7.0},{"damage":3.0,"enemies":"downfall:FleeingMerchant","floor":22.0,"turns":4.0},{"damage":19,"enemies":"Gremlin Leader","floor":23,"turns":5},{"damage":3,"enemies":"downfall:FleeingMerchant","floor":25,"turns":4},{"damage":7,"enemies":"Shelled Parasite and Fungi","floor":26,"turns":6},{"damage":20,"enemies":"Slavers","floor":28,"turns":5},{"damage":11,"enemies":"Snake Plant","floor":29,"turns":2},{"damage":7,"enemies":"Snecko","floor":30,"turns":5},{"damage":2,"enemies":"Book of Stabbing","floor":31,"turns":4},{"damage":0,"enemies":"3 Cultists","floor":32,"turns":4},{"damage":22,"enemies":"SI_MIRROR_ARCHETYPE","floor":33,"turns":9},{"damage":0,"enemies":"3 Shapes","floor":36,"turns":3},{"damage":11,"enemies":"2 Orb Walkers","floor":38,"turns":4},{"damage":0,"enemies":"Orb Walker","floor":39,"turns":3},{"damage":0,"enemies":"downfall:FleeingMerchant","floor":40,"turns":4},{"damage":15,"enemies":"Maw","floor":42,"turns":8},{"damage":25,"enemies":"Giant Head","floor":43,"turns":9},{"damage":16,"enemies":"4 Shapes","floor":46,"turns":4},{"damage":0,"enemies":"downfall:FleeingMerchant","floor":48,"turns":3},{"damage":0,"enemies":"Spire Growth","floor":49,"turns":4},{"damage":23,"enemies":"DF_ARCHETYPE_ORBS","floor":50,"turns":12}],"seed_played":"-3615728143092284901","potions_obtained":[{"floor":11.0,"key":"DuplicationPotion"},{"floor":12.0,"key":"Swift Potion"},{"floor":13.0,"key":"Block Potion"},{"floor":14.0,"key":"champ:CounterPotion"},{"floor":15.0,"key":"EssenceOfSteel"},{"floor":16.0,"key":"Slimebound:SpawnSlimePotion"},{"floor":23,"key":"SneckoOil"},{"floor":26,"key":"SneckoOil"},{"floor":28,"key":"Fire Potion"},{"floor":29,"key":"Slimebound:SlimyTonguePotion"},{"floor":31,"key":"Swift Potion"},{"floor":32,"key":"SteroidPotion"},{"floor":36,"key":"SkillPotion"},{"floor":42,"key":"SpeedPotion"},{"floor":43,"key":"EssenceOfSteel"},{"floor":46,"key":"Swift Potion"}],"is_trial":false,"path_per_floor":["R","M","?","M","M","E","T","R","M","R","M","E","M","M","M","B",null,"R","M","M","?","$","E","T","$","M","R","E","M","M","E","M","B",null,"R","M","?","?","M","$","T","M","E","?","?","M","R","$","M","B",null],"character_chosen":"SLIMEBOUND","items_purchased":["Slimebound:Schlurp","Slimebound:Nibble","Pen Nib","FairyPotion","Nunchaku","Slimebound:MegaLick","Vajra","Slimebound:ComboTackle"],"campfire_rested":0,"item_purchase_floors":[25,25,25,40,40,48,48,48],"current_hp_per_floor":[65,65,65,65,65,55,55,55,62,62,62,61,65,68,77,78,80,80,72,88,88,88,82,82,86,92,92,85,77,86,92,104,86,104,104,104,104,104,108,108,108,93,87,87,87,90,90,102,112,93],"gold":140,"neow_bonus":"THREE_ENEMY_KILL","is_daily":false,"chose_seed":false,"campfire_upgraded":6,"win_rate":0.0,"timestamp":1611206519,"path_taken":["R","M","?","M","?","E","T","R","M","R","M","E","M","M","M","BOSS","R","M","M","?","$","E","T","?","M","R","E","M","M","E","M","BOSS","R","M","?","?","M","$","T","M","E","?","?","M","R","$","M","BOSS"],"items_purchased_type":["Card","Card","Relic","Potion","Relic","Card","Relic","Card"],"build_version":"2020-12-22","purchased_purges":1,"victory":true,"max_hp_per_floor":[65,65,65,65,65,65,65,65,65,65,65,65,65,68,77,80,80,80,84,88,88,88,88,88,88,92,92,92,92,92,92,104,104,104,104,104,104,104,108,108,108,108,108,108,108,108,108,108,112,112],"card_choices":[{"not_picked":["Slimebound:Dissolve","Slimebound:ProtectTheBoss"],"picked":"Slimebound:LeechEnergy","floor":2.0},{"not_picked":["Slimebound:LivingWall","Slimebound:SlimeBrawl"],"picked":"Slimebound:GoopSpray","floor":4.0},{"not_picked":["Slimebound:SplitAcid","Slimebound:RollThrough"],"picked":"Slimebound:LeechingTouch","floor":5.0},{"not_picked":["Slimebound:SlimeBrawl","Slimebound:Prepare"],"picked":"Slimebound:MegaLick","floor":6.0},{"not_picked":["Slimebound:Repurpose","Slimebound:SplitMire"],"picked":"Slimebound:Prepare","floor":9.0},{"not_picked":["Slimebound:GrowthPunch","Slimebound:SlimeBarrage"],"picked":"Slimebound:ItLooksTasty","floor":11.0},{"not_picked":["Slimebound:ForwardTackle","Slimebound:LeechEnergy","Slimebound:SlimeSpikes"],"picked":"SKIP","floor":12.0},{"not_picked":["Slimebound:Repurpose","Slimebound:FinishingTackle"],"picked":"Slimebound:MassFeed","floor":13.0},{"not_picked":["Slimebound:RollThrough","Slimebound:SplitBruiser"],"picked":"Slimebound:LeechingTouch","floor":14.0},{"not_picked":["Slimebound:LeechEnergy","Slimebound:ComboTackle"],"picked":"Slimebound:GrowthPunch","floor":15.0},{"not_picked":["Slimebound:LeechLife","Slimebound:SelfFormingGoo"],"picked":"Slimebound:SlimeSlap","floor":16.0},{"not_picked":["Slimebound:SplitBruiser+1","Slimebound:ComboTackle"],"picked":"Slimebound:Prepare","floor":19.0},{"not_picked":["Slimebound:LevelUp","Slimebound:PressTheAttack"],"picked":"Slimebound:Equalize","floor":20.0},{"not_picked":["Slimebound:SlimeBrawl","Slimebound:DisruptingSlam"],"picked":"Slimebound:LeechEnergy+1","floor":22},{"not_picked":["Slimebound:SplitBruiser+1","Slimebound:SlimeTap+1"],"picked":"Slimebound:DisruptingSlam","floor":23},{"not_picked":["Slimebound:GrowthPunch+1","Slimebound:PressTheAttack+1"],"picked":"Slimebound:Schlurp","floor":25},{"not_picked":["Slimebound:GoopTackle+1","Slimebound:SplitAcid+1"],"picked":"Slimebound:SlimeSpikes","floor":26},{"not_picked":["Slimebound:DisruptingSlam","Slimebound:Repurpose","Slimebound:SlimeTap"],"picked":"SKIP","floor":28},{"not_picked":["Slimebound:SplitBruiser","Slimebound:OneTwoCombo","Slimebound:DisruptingSlam"],"picked":"SKIP","floor":29},{"not_picked":["Slimebound:ItLooksTasty","Slimebound:Schlurp"],"picked":"Slimebound:MegaLick+1","floor":30},{"not_picked":["Slimebound:LeechingTouch","Slimebound:DisruptingSlam"],"picked":"Slimebound:SlimeSpikes","floor":31},{"not_picked":["Slimebound:RainOfGoop","Slimebound:LeechingTouch+1"],"picked":"Slimebound:GoopSpray","floor":32},{"not_picked":["Slimebound:DisruptingSlam","Slimebound:LevelUp+1"],"picked":"Slimebound:SamplingLick+1","floor":36},{"not_picked":["Slimebound:LeechingTouch","Slimebound:FlameTackle+1"],"picked":"Slimebound:GoopSpray","floor":39},{"not_picked":["Slimebound:LeechLife","Slimebound:SlimeTap"],"picked":"Slimebound:ComboTackle","floor":40},{"not_picked":["Slimebound:SlimeSpikes","Slimebound:Replication+1"],"picked":"Slimebound:SamplingLick","floor":42},{"not_picked":["Slimebound:MegaLick+1","Slimebound:DisruptingSlam"],"picked":"Slimebound:Prepare+1","floor":43},{"not_picked":["expansioncontent:Hexaburn","expansioncontent:HyperBeam"],"picked":"expansioncontent:AwakenDeath","floor":44},{"not_picked":["Slimebound:GoopTackle","Slimebound:RollThrough+1"],"picked":"Slimebound:SplitMire+1","floor":46},{"not_picked":["Slimebound:DisruptingSlam+1","Slimebound:LevelUp+1"],"picked":"Slimebound:SpikyOuterGoop+1","floor":48},{"not_picked":["Slimebound:ServeAndProtect+1","Slimebound:Chomp"],"picked":"Slimebound:GoopSpray+1","floor":49}],"player_experience":594887,"relics_obtained":[{"floor":6.0,"key":"Juzu Bracelet"},{"floor":7.0,"key":"Potion Belt"},{"floor":12.0,"key":"InkBottle"},{"floor":23,"key":"Mummified Hand"},{"floor":24,"key":"HornCleat"},{"floor":28,"key":"Ancient Tea Set"},{"floor":31,"key":"Meat on the Bone"},{"floor":38,"key":"StoneCalendar"},{"floor":43,"key":"Akabeko"}],"event_choices":[{"damage_healed":0.0,"max_hp_gain":0.0,"max_hp_loss":0.0,"gold_gain":0.0,"event_name":"Accursed Blacksmith","player_choice":"Rummage","floor":21.0,"gold_loss":0.0,"damage_taken":0.0,"relics_obtained":["WarpedTongs"],"cards_obtained":["Pain"]},{"damage_healed":0,"gold_gain":0,"player_choice":"Fight","damage_taken":0,"max_hp_gain":0,"max_hp_loss":0,"event_name":"Mysterious Sphere","floor":38,"gold_loss":0},{"cards_removed":["Slimebound:Strike_Slimebound"],"damage_healed":0,"gold_gain":0,"player_choice":"Removed Attack","damage_taken":0,"max_hp_gain":0,"max_hp_loss":0,"event_name":"Falling","floor":45,"gold_loss":0}],"is_beta":false,"boss_relics":[{"not_picked":["Runic Pyramid","Tiny House"],"picked":"Slimebound:AbsorbEndCombatUpgraded"},{"not_picked":["Empty Cage","SlaversCollar"],"picked":"Cursed Key"}],"items_purged_floors":[25],"is_endless":false,"potions_floor_spawned":[11,12,13,14,15,16,23,26,28,29,31,32,36,42,43,46],"ascension_level":0}}