{"host":"ockkdcgl3b18tfz9","time":1611244113,"event":{"mods":["2.2 Compatiblity","BaseMod","Better Skull","Better Third Choice","BetterRewards","Hermit","Minty Spire (QoL Compilation)","Quick Restart","Replay The Spire","Spicy Shops","StSLib","SuperFastMode","The Jungle"],"gold_per_floor":[115,135,30,30,46,46,73,85,152,177,205,242,267,310,322,334,421,483,514,545,557,569,581,593,622,660,672,165,181,213,213,232,232,232,311,311,323,323,35,35,35,35,52,66,66,90,120,131,131,159,174,174,174,174,174,174,139,173,173,173],"floor_reached":59,"language":"ENG","playtime":1662,"items_purged":["Amnesia"],"score":1727,"play_id":"84962b6a-2554-4622-9da4-01b392ec25e3","local_time":"20210121224833","is_ascension_mode":true,"campfire_choices":[{"data":"Quick Slash","floor":6.0,"key":"SMITH"},{"floor":8.0,"key":"REST"},{"floor":15.0,"key":"REST"},{"data":"Venomology","floor":16.0,"key":"SMITH"},{"data":"Blur","floor":24.0,"key":"SMITH"},{"data":"Finisher","floor":31.0,"key":"SMITH"},{"data":"Blade Dance","floor":33.0,"key":"SMITH"},{"data":"PiercingWail","floor":34.0,"key":"SMITH"},{"floor":42,"key":"RECALL"},{"data":"Accuracy","floor":49,"key":"SMITH"},{"floor":52,"key":"REST"},{"data":"Sickly","floor":53,"key":"PURGE"},{"data":"Catalyst","floor":56,"key":"SMITH"}],"circlet_count":0,"master_deck":["AscendersBane","Strike_G","Strike_G","Strike_G","Strike_G","Strike_G","Defend_G","Defend_G+1","Defend_G","Defend_G","Survivor","Neutralize","Blade Dance+1","Quick Slash+1","Cloak And Dagger+1","Poisoned Stab","Deflect","Flechettes","Venomology+1","Terror","Sucker Punch","Dagger Spray","PiercingWail+1","Crippling Poison+1","Blur+1","Underhanded Strike","Hidden Blade","Finisher+1","Blade Dance+1","Cloak And Dagger","Prepared","Tools of the Trade","Accuracy+1","Dagger Throw+1","Dash","Accuracy","Spreading Infection","Burst","Finisher","Catalyst+1","Blade Dance","Catalyst"],"relics":["Ring of the Snake","NeowsBlessing","ReplayTheSpireMod:CursedCoin","OrangePellets","MawBank","Replay:Baseball","Toy Ornithopter","MealTicket","Tiny House","Kunai","Mango","TwistedFunnel","Eternal Feather","Snake Skull","Cursed Key","Bottled Tornado","Pantograph","Bag of Preparation","Counterbalance","Akabeko"],"acts_visited":["Exordium","TheCity","TheBeyond","TheEnding"],"potions_floor_usage":[44,44,47,50,54,58,59,59],"damage_taken":[{"damage":0.0,"enemies":"Jaw Worm","floor":1.0,"turns":1.0},{"damage":0.0,"enemies":"Cultist","floor":2.0,"turns":1.0},{"damage":0.0,"enemies":"Small Slimes","floor":5.0,"turns":1.0},{"damage":26.0,"enemies":"Replay:BlueRogue","floor":7.0,"turns":6.0},{"damage":5.0,"enemies":"Gremlin Gang","floor":10.0,"turns":4.0},{"damage":4.0,"enemies":"Red Slaver","floor":11.0,"turns":4.0},{"damage":11.0,"enemies":"3 Sentries","floor":12.0,"turns":10.0},{"damage":10.0,"enemies":"2 Fungi Beasts","floor":13.0,"turns":3.0},{"damage":7.0,"enemies":"Replay:BlueRogue","floor":14.0,"turns":3.0},{"damage":38.0,"enemies":"The Guardian","floor":17.0,"turns":14.0},{"damage":5.0,"enemies":"3 Byrds","floor":19.0,"turns":6.0},{"damage":19.0,"enemies":"Shell Parasite","floor":20.0,"turns":5.0},{"damage":18.0,"enemies":"Cultist and Chosen","floor":25.0,"turns":8.0},{"damage":22.0,"enemies":"Book of Stabbing","floor":26.0,"turns":4.0},{"damage":31.0,"enemies":"Centurion and Healer","floor":29.0,"turns":7.0},{"damage":27.0,"enemies":"Slavers","floor":30.0,"turns":5.0},{"damage":14.0,"enemies":"Snake Plant","floor":32.0,"turns":5.0},{"damage":105.0,"enemies":"Pondfish","floor":35.0,"turns":12.0},{"damage":31,"enemies":"3 Darklings","floor":37,"turns":4},{"damage":0,"enemies":"Orb Walker","floor":43,"turns":1},{"damage":0,"enemies":"Transient","floor":44,"turns":5},{"damage":20,"enemies":"R_Hoarder","floor":47,"turns":6},{"damage":22,"enemies":"Sphere and 2 Shapes","floor":48,"turns":4},{"damage":19,"enemies":"Reptomancer","floor":50,"turns":4},{"damage":38,"enemies":"4 Shapes","floor":51,"turns":6},{"damage":71,"enemies":"Donu and Deca","floor":54,"turns":8},{"damage":13,"enemies":"Shield and Spear","floor":58,"turns":8},{"damage":119,"enemies":"The Heart","floor":59,"turns":5}],"seed_played":"-9126883098955418278","potions_obtained":[{"floor":5.0,"key":"Weak Potion"},{"floor":10.0,"key":"CunningPotion"},{"floor":11.0,"key":"CunningPotion"},{"floor":14.0,"key":"LifebloodPotion"},{"floor":18.0,"key":"SteroidPotion"},{"floor":25.0,"key":"Adrenaline Potion"},{"floor":26.0,"key":"Fruit Juice"},{"floor":29.0,"key":"Ancient Potion"},{"floor":37,"key":"Languid Potion"},{"floor":47,"key":"SneckoOil"},{"floor":58,"key":"Strength Potion"}],"is_trial":false,"path_per_floor":["M","M","$","?","M","R","E","R","T","M","M","E","M","E","R","R","B",null,"M","M","?","?","$","R","M","E","T","$","M","E","R","M","R","R","B",null,"M","?","$","?","?","R","M","M","T","T","E","M","R","E","M","R","R","B",null,"R","$","E","B"],"character_chosen":"THE_SILENT","items_purchased":["ReplayTheSpireMod:CursedCoin","Cloak And Dagger+1","OrangePellets","Finisher","Blade Dance","TwistedFunnel","Eternal Feather","Bottled Tornado","Dagger Throw+1","Catalyst"],"campfire_rested":3,"item_purchase_floors":[3,3,3,28,28,28,28,39,39,57],"current_hp_per_floor":[59,59,59,59,59,59,33,52,52,47,43,32,22,30,49,49,21,60,55,36,36,81,81,81,68,61,75,90,69,52,70,56,74,92,2,76,45,45,60,60,60,81,81,91,91,91,76,54,78,64,26,80,100,29,82,100,100,87,0,0],"gold":173,"neow_bonus":"THREE_ENEMY_KILL","is_daily":false,"chose_seed":false,"campfire_upgraded":8,"win_rate":0.0,"timestamp":1611244113,"path_taken":["M","M","$","?","M","R","E","R","T","M","M","E","?","E","R","R","BOSS","M","M","?","?","$","R","?","E","T","?","M","E","R","M","R","R","BOSS","M","?","$","?","?","R","M","?","T","T","E","M","R","E","M","R","R","BOSS","R","$","E","BOSS"],"items_purchased_type":["Relic","Card","Relic","Card","Card","Relic","Relic","Relic","Card","Card"],"build_version":"2020-12-22","purchased_purges":1,"victory":false,"max_hp_per_floor":[66,66,66,66,66,66,66,66,66,66,66,66,66,66,66,66,66,71,71,71,71,81,81,81,81,81,95,95,100,100,100,100,100,100,100,100,100,100,100,100,100,100,100,100,100,100,100,100,100,100,100,100,100,100,100,100,100,100,100,100],"card_choices":[{"not_picked":["Poisoned Stab","Dagger Spray"],"picked":"Blade Dance","floor":1.0},{"not_picked":["Noxious Fumes","Deadly Poison"],"picked":"Quick Slash","floor":2.0},{"not_picked":["Deadly Poison","Acrobatics"],"picked":"Poisoned Stab","floor":5.0},{"not_picked":["ReplayTheSpireMod:Tripwire","Bane"],"picked":"Deflect","floor":7.0},{"not_picked":["Heel Hook","Prepared"],"picked":"Flechettes","floor":10.0},{"not_picked":["Acrobatics","Prepared"],"picked":"Venomology","floor":11.0},{"not_picked":["Quick Slash","Outmaneuver"],"picked":"Terror","floor":12.0},{"not_picked":["Flying Knee","Infinite Blades"],"picked":"Sucker Punch","floor":13.0},{"not_picked":["Calculated Gamble","Backflip"],"picked":"Dagger Spray","floor":14.0},{"not_picked":["Malaise","ReplayTheSpireMod:From All Sides"],"picked":"Envenom","floor":17.0},{"not_picked":["Eviscerate","Flying Knee"],"picked":"PiercingWail","floor":18.0},{"not_picked":["Noxious Fumes","Caltrops"],"picked":"Crippling Poison+1","floor":19.0},{"not_picked":["Sucker Punch","Dagger Spray","Choke"],"picked":"SKIP","floor":20.0},{"not_picked":["Deflect","Backflip"],"picked":"Underhanded Strike","floor":25.0},{"not_picked":["Doppelganger","Endless Agony"],"picked":"Hidden Blade","floor":26.0},{"not_picked":["Prepared","Dagger Spray"],"picked":"Cloak And Dagger","floor":29.0},{"not_picked":["Sucker Punch","PiercingWail"],"picked":"Prepared","floor":30.0},{"not_picked":["Slice","Noxious Fumes","Deadly Poison"],"picked":"SKIP","floor":32.0},{"not_picked":["Poison Darts","ReplayTheSpireMod:From All Sides"],"picked":"Tools of the Trade","floor":35.0},{"not_picked":["Slice","Flying Knee"],"picked":"Accuracy","floor":37},{"not_picked":["Concentrate","Dagger Spray","Dagger Throw+1"],"picked":"SKIP","floor":43},{"not_picked":["Cloak And Dagger","ReplayTheSpireMod:The Works+1"],"picked":"Accuracy","floor":44},{"not_picked":["Reflex","ReplayTheSpireMod:The Works"],"picked":"Burst","floor":47},{"not_picked":["Slice+1","Deadly Poison"],"picked":"Finisher","floor":48},{"not_picked":["Slice+1","Distraction"],"picked":"Catalyst","floor":50},{"not_picked":["Bane","Outmaneuver+1"],"picked":"Blade Dance","floor":51},{"not_picked":["Tactician","Choke","Bane"],"picked":"SKIP","floor":58}],"player_experience":300551,"relics_obtained":[{"floor":7.0,"key":"MawBank"},{"floor":9.0,"key":"Replay:Baseball"},{"floor":12.0,"key":"Toy Ornithopter"},{"floor":14.0,"key":"MealTicket"},{"floor":26.0,"key":"Kunai"},{"floor":27.0,"key":"Mango"},{"floor":30.0,"key":"Snake Skull"},{"floor":45,"key":"Pantograph"},{"floor":47,"key":"Bag of Preparation"},{"floor":50,"key":"Counterbalance"},{"floor":58,"key":"Akabeko"}],"event_choices":[{"damage_healed":0.0,"max_hp_gain":0.0,"max_hp_loss":0.0,"gold_gain":0.0,"event_name":"Upgrade Shrine","player_choice":"Upgraded","floor":4.0,"gold_loss":0.0,"damage_taken":0.0,"cards_upgraded":["Blade Dance"]},{"damage_healed":0.0,"max_hp_gain":0.0,"max_hp_loss":0.0,"gold_gain":0.0,"event_name":"The Library","player_choice":"Read","floor":21.0,"gold_loss":0.0,"damage_taken":0.0,"cards_obtained":["Blur"]},{"cards_removed":["Envenom"],"damage_healed":35.0,"max_hp_gain":10.0,"max_hp_loss":0.0,"gold_gain":0.0,"event_name":"Bonfire Elementals","player_choice":"Offered Rare","floor":22.0,"gold_loss":0.0,"damage_taken":0.0},{"cards_removed":["Defend_G"],"damage_healed":0,"gold_gain":0,"player_choice":"Removed Skill","damage_taken":0,"max_hp_gain":0,"max_hp_loss":0,"event_name":"Falling","floor":38,"gold_loss":0},{"damage_healed":0,"gold_gain":0,"player_choice":"Memory 1","damage_taken":0,"max_hp_gain":0,"max_hp_loss":0,"event_name":"SensoryStone","floor":40,"gold_loss":0},{"damage_healed":0,"gold_gain":0,"player_choice":"1 cards matched","damage_taken":0,"max_hp_gain":0,"max_hp_loss":0,"event_name":"Match and Keep!","floor":41,"gold_loss":0,"cards_obtained":["Dash"]}],"is_beta":false,"boss_relics":[{"not_picked":["Replay:Bronze Core","ReplayTheSpireMod:DimensionalGlitch"],"picked":"Tiny House"},{"not_picked":["ReplayTheSpireMod:Onyx Gauntlets","Ring of Chaos"],"picked":"Cursed Key"}],"items_purged_floors":[3],"is_endless":false,"potions_floor_spawned":[5,10,11,14,20,25,26,29,37,43,47,58],"killed_by":"The Heart","ascension_level":14}}