{"host":"bbcqjedmotowk2e9","time":1611256066,"event":{"mods":["AchievementEnabler","Aspiration","BaseMod","Colored Powertips","Energized Spire","GifTheSpireLib","Halation","Hubris","Hyrulean Relics","Infinite Spire","Marisa????????","Minty Spire (QoL Compilation)","Permanent Neow","Quick Restart","Relic Stats","Replay The Spire","Spires And Sneckos","StSLib","Stuff the Spire","Synergy Search","The Disciple"],"gold_per_floor":[119,92,2,2,17,31,31],"floor_reached":6,"language":"ENG","playtime":248,"items_purged":[],"score":49,"play_id":"b1ad0e38-b035-43b5-b509-3d81bc403f33","local_time":"20210121220746","is_ascension_mode":true,"campfire_choices":[],"circlet_count":0,"master_deck":["Strike_G","Strike_G","Strike_G","Strike_G","Strike_G","Defend_G","Defend_G","Defend_G","Defend_G","Defend_G","Survivor","Neutralize","ReplayTheSpireMod:The Works","Backflip+1","StuffTheSpire:FreeRealEstate","Prepared"],"relics":["Ring of the Snake","Girya"],"acts_visited":["Exordium"],"potions_floor_usage":[6],"damage_taken":[{"damage":6,"enemies":"Cultist","floor":1,"turns":5},{"damage":4,"enemies":"2 Louse","floor":5,"turns":3},{"damage":38,"enemies":"3 Sentries","floor":6,"turns":12}],"seed_played":"-3894439869914546180","potions_obtained":[{"floor":5,"key":"GamblersBrew"}],"is_trial":false,"path_per_floor":["M","$","$","?","M","E"],"character_chosen":"THE_SILENT","items_purchased":["Backflip","StuffTheSpire:FreeRealEstate"],"campfire_rested":0,"item_purchase_floors":[2,3],"current_hp_per_floor":[39,39,39,39,35,0,0],"gold":31,"neow_bonus":"ONE_RARE_RELIC","is_daily":false,"chose_seed":false,"campfire_upgraded":0,"win_rate":0.0,"timestamp":1611256066,"path_taken":["M","?","$","?","M","E"],"items_purchased_type":["Card","Card"],"build_version":"2020-12-22","purchased_purges":0,"victory":false,"max_hp_per_floor":[70,70,70,70,70,70,70],"relic_stats":{"counters":[3,20],"obtain_stats":[{"Girya":0,"Ring of the Snake":0},{"Girya":0,"Ring of the Snake":0},{"Girya":0,"Ring of the Snake":0}],"Ring of the Snake":[6]},"card_choices":[{"not_picked":["Deadly Poison","Acrobatics"],"picked":"ReplayTheSpireMod:The Works","floor":1},{"not_picked":["Leg Sweep","Deadly Poison"],"picked":"Prepared","floor":5}],"player_experience":588406,"relics_obtained":[],"event_choices":[{"damage_healed":0,"gold_gain":0,"player_choice":"Upgraded","damage_taken":0,"max_hp_gain":0,"max_hp_loss":0,"event_name":"Upgrade Shrine","floor":4,"gold_loss":0,"cards_upgraded":["Backflip"]}],"is_beta":false,"boss_relics":[],"items_purged_floors":[],"is_endless":false,"potions_floor_spawned":[5],"killed_by":"3 Sentries","ascension_level":9}}