{"host":"4pckc3u5mqcilakq","time":1611264067,"event":{"mods":["AchievementEnabler","BaseMod","Colored Map","Colored Powertips","Highlight Path","Minty Spire (QoL Compilation)"],"gold_per_floor":[109,109,109,71,86,86,114,131,131,157,170,170,23,48,48,145,145,163,163,163,183,183,183],"floor_reached":22,"language":"ENG","playtime":1811,"items_purged":[],"score":232,"play_id":"ed3357d0-ef51-4385-a0f3-9d63788d05cb","local_time":"20210122002107","is_ascension_mode":true,"campfire_choices":[{"data":"Sunder","floor":6,"key":"SMITH"},{"data":"Coolheaded","floor":12,"key":"SMITH"},{"data":"Cold Snap","floor":15,"key":"SMITH"}],"circlet_count":0,"master_deck":["Strike_B+1","Strike_B+1","Strike_B+1","Strike_B+1","Defend_B+1","Defend_B+1","Defend_B+1","Zap","Dualcast","Sweeping Beam","Glacier","Sunder+1","Barrage","Conserve Battery","Cold Snap+1","Coolheaded+1","Conserve Battery","Barrage+1","Fission","Go for the Eyes+1","Heatsinks","Defragment"],"relics":["Cracked Core","Peace Pipe","Prayer Wheel","Omamori","Bottled Flame","Lee\u0027s Waffle","Molten Egg 2","SlaversCollar"],"acts_visited":["Exordium","TheCity"],"potions_floor_usage":[10,14],"damage_taken":[{"damage":3,"enemies":"Jaw Worm","floor":1,"turns":4},{"damage":2,"enemies":"2 Louse","floor":5,"turns":2},{"damage":17,"enemies":"Lagavulin","floor":7,"turns":7},{"damage":0,"enemies":"Cultist","floor":8,"turns":2},{"damage":5,"enemies":"Gremlin Nob","floor":10,"turns":4},{"damage":0,"enemies":"2 Fungi Beasts","floor":11,"turns":2},{"damage":5,"enemies":"3 Sentries","floor":14,"turns":9},{"damage":23,"enemies":"Slime Boss","floor":16,"turns":14},{"damage":25,"enemies":"3 Byrds","floor":18,"turns":7},{"damage":12,"enemies":"Chosen","floor":21,"turns":3},{"damage":40,"enemies":"Centurion and Healer","floor":22,"turns":10}],"seed_played":"1143113263670778822","potions_obtained":[{"floor":5,"key":"Dexterity Potion"},{"floor":7,"key":"EssenceOfSteel"},{"floor":10,"key":"Ancient Potion"},{"floor":21,"key":"Strength Potion"}],"is_trial":false,"path_per_floor":["M","?","?","$","M","R","E","M","T","E","M","R","$","E","R","B",null,"M","?","?","M","M"],"character_chosen":"DEFECT","items_purchased":["Sunder","Lee\u0027s Waffle"],"campfire_rested":0,"item_purchase_floors":[4,13],"current_hp_per_floor":[65,47,47,47,45,45,28,28,28,23,23,23,75,70,70,47,75,50,50,50,38,0,0],"gold":183,"neow_bonus":"ONE_RARE_RELIC","is_daily":false,"chose_seed":false,"campfire_upgraded":3,"win_rate":0.0,"timestamp":1611264067,"path_taken":["M","?","?","$","?","R","E","M","T","E","M","R","$","E","R","BOSS","M","?","?","M","M"],"items_purchased_type":["Card","Relic"],"build_version":"2020-12-22","purchased_purges":0,"victory":false,"max_hp_per_floor":[68,68,68,68,68,68,68,68,68,68,68,68,75,75,75,75,75,75,75,75,75,75,75],"card_choices":[{"not_picked":["Auto Shields","Conserve Battery"],"picked":"Sweeping Beam","floor":1},{"not_picked":["Leap","Steam Power"],"picked":"Barrage","floor":5},{"not_picked":["Steam","Cold Snap"],"picked":"Conserve Battery","floor":5},{"not_picked":["Coolheaded","Doom and Gloom"],"picked":"Cold Snap","floor":7},{"not_picked":["Doom and Gloom","Auto Shields"],"picked":"Coolheaded","floor":8},{"not_picked":["Stack","Sunder","Compile Driver"],"picked":"SKIP","floor":8},{"not_picked":["All For One","Beam Cell","Streamline"],"picked":"SKIP","floor":10},{"not_picked":["Sweeping Beam","Rebound"],"picked":"Conserve Battery","floor":11},{"not_picked":["Chill","Hello World","Go for the Eyes"],"picked":"SKIP","floor":11},{"not_picked":["Glacier","Loop"],"picked":"Barrage+1","floor":14},{"not_picked":["Hyperbeam+1","Multi-Cast"],"picked":"Fission","floor":16},{"not_picked":["Auto Shields","Barrage+1"],"picked":"Go for the Eyes+1","floor":18},{"not_picked":["Rip and Tear+1","Steam+1","Go for the Eyes+1"],"picked":"SKIP","floor":18},{"not_picked":["Go for the Eyes+1","Fusion+1"],"picked":"Heatsinks","floor":21},{"not_picked":["Ball Lightning+1","Sweeping Beam+1"],"picked":"Defragment","floor":21}],"player_experience":173421,"relics_obtained":[{"floor":7,"key":"Omamori"},{"floor":10,"key":"Bottled Flame"},{"floor":14,"key":"Molten Egg 2"}],"event_choices":[{"damage_healed":0,"gold_gain":0,"player_choice":"Success","damage_taken":18,"relics_obtained":["Prayer Wheel"],"max_hp_gain":0,"max_hp_loss":0,"event_name":"Scrap Ooze","floor":2,"gold_loss":0},{"damage_healed":0,"gold_gain":0,"cards_transformed":["Defend_B"],"player_choice":"Transformed","damage_taken":0,"max_hp_gain":0,"max_hp_loss":0,"event_name":"Transmorgrifier","floor":3,"gold_loss":0,"cards_obtained":["Glacier"]},{"damage_healed":0,"gold_gain":0,"player_choice":"Ignored","damage_taken":0,"max_hp_gain":0,"max_hp_loss":0,"event_name":"Ghosts","floor":19,"gold_loss":0},{"damage_healed":0,"gold_gain":0,"player_choice":"Simplicity","damage_taken":0,"max_hp_gain":0,"max_hp_loss":0,"event_name":"Back to Basics","floor":20,"gold_loss":0,"cards_upgraded":["Strike_B","Strike_B","Strike_B","Strike_B","Defend_B","Defend_B","Defend_B"]}],"is_beta":false,"boss_relics":[{"not_picked":["Inserter","Snecko Eye"],"picked":"SlaversCollar"}],"items_purged_floors":[],"is_endless":false,"potions_floor_spawned":[5,7,10,21],"killed_by":"Centurion and Healer","ascension_level":3}}