{"host":"uy3vg6glkp8m6iit","time":1611213491,"event":{"mods":["AchievementEnabler","BaseMod","Colored Map","DeckTracker","Highlight Path","Keyboard Shortcuts","Minty Spire (QoL Compilation)","Quick Restart","Random Character Button","Rare Cards Sparkle","Relic Stats","StSLib","everything is the same but u backflip on backflip"],"gold_per_floor":[112,32,52,52,62,62,93,93,120,44,44,64,18,61,61,159,159,180,204,225,68,68,106,106,106,159,190,190,204,251,251,251,351,378,402,735,755,308,308,308,337,101,101,113,113,113,129,155,155,155,155,155,31,69,69],"floor_reached":56,"language":"KOR","playtime":2266,"items_purged":["Strike_G","Grand Finale+1","Strike_G+1"],"score":1919,"play_id":"47e8015d-223e-48d4-9ea1-55fc21a903ec","local_time":"20210121161811","is_ascension_mode":true,"campfire_choices":[{"data":"All Out Attack","floor":6.0,"key":"SMITH"},{"data":"Neutralize","floor":11.0,"key":"SMITH"},{"data":"Tactician","floor":15.0,"key":"SMITH"},{"floor":25.0,"key":"REST"},{"floor":28.0,"key":"REST"},{"floor":32.0,"key":"REST"},{"data":"Calculated Gamble","floor":40.0,"key":"SMITH"},{"floor":46.0,"key":"RECALL"},{"data":"Footwork","floor":49.0,"key":"SMITH"},{"data":"Footwork","floor":52.0,"key":"SMITH"}],"circlet_count":0,"master_deck":["AscendersBane","Strike_G+1","Defend_G+1","Defend_G+1","Defend_G+1","Defend_G+1","Survivor+1","Neutralize+1","Underhanded Strike","Dagger Throw","Blade Dance","Footwork+1","All Out Attack+1","Infinite Blades","Tactician+1","Backflip","Acrobatics","After Image","PiercingWail","Calculated Gamble+1","Footwork+1","Crippling Poison+1","Phantasmal Killer","Dodge and Roll+1","Envenom+1","Accuracy","Bandage Up","Accuracy","Terror","Well Laid Plans","Dark Shackles","Calculated Gamble+1"],"relics":["Ring of the Snake","War Paint","PreservedInsect","Bag of Marbles","Juzu Bracelet","Omamori","Philosopher\u0027s Stone","Shuriken","Du-Vu Doll","CeramicFish","Potion Belt","Turnip","Astrolabe","Membership Card","Sundial","Ninja Scroll","HornCleat","Incense Burner","Snake Skull"],"acts_visited":["TheCity","TheBeyond","TheEnding"],"potions_floor_usage":[55,55,55],"damage_taken":[{"damage":0.0,"enemies":"Small Slimes","floor":1.0,"turns":4.0},{"damage":0.0,"enemies":"2 Louse","floor":3.0,"turns":2.0},{"damage":0.0,"enemies":"Cultist","floor":5.0,"turns":4.0},{"damage":0.0,"enemies":"3 Sentries","floor":7.0,"turns":5.0},{"damage":0.0,"enemies":"Looter","floor":12.0,"turns":2.0},{"damage":6.0,"enemies":"Lagavulin","floor":14.0,"turns":6.0},{"damage":28.0,"enemies":"Slime Boss","floor":16.0,"turns":13.0},{"damage":17.0,"enemies":"2 Thieves","floor":18.0,"turns":4.0},{"damage":0.0,"enemies":"Chosen","floor":19.0,"turns":3.0},{"damage":11.0,"enemies":"3 Cultists","floor":20.0,"turns":6.0},{"damage":8.0,"enemies":"Gremlin Leader","floor":23.0,"turns":5.0},{"damage":30.0,"enemies":"Book of Stabbing","floor":27.0,"turns":7.0},{"damage":6.0,"enemies":"Shelled Parasite and Fungi","floor":29.0,"turns":5.0},{"damage":0.0,"enemies":"Slavers","floor":30.0,"turns":1.0},{"damage":29.0,"enemies":"Automaton","floor":33.0,"turns":9.0},{"damage":19.0,"enemies":"3 Shapes","floor":35.0,"turns":4.0},{"damage":1.0,"enemies":"3 Darklings","floor":37.0,"turns":6.0},{"damage":1.0,"enemies":"Giant Head","floor":41.0,"turns":5.0},{"damage":7.0,"enemies":"Maw","floor":44.0,"turns":7.0},{"damage":4.0,"enemies":"Sphere and 2 Shapes","floor":47.0,"turns":4.0},{"damage":0.0,"enemies":"Spire Growth","floor":48.0,"turns":4.0},{"damage":65.0,"enemies":"Time Eater","floor":50.0,"turns":15.0},{"damage":13.0,"enemies":"Shield and Spear","floor":54.0,"turns":9.0},{"damage":23,"enemies":"The Heart","floor":55,"turns":9}],"seed_played":"-4276553208150081189","potions_obtained":[{"floor":1.0,"key":"SpeedPotion"},{"floor":14.0,"key":"Energy Potion"},{"floor":16.0,"key":"Strength Potion"},{"floor":27.0,"key":"ColorlessPotion"},{"floor":29.0,"key":"SteroidPotion"},{"floor":30.0,"key":"SteroidPotion"},{"floor":35.0,"key":"PowerPotion"},{"floor":41.0,"key":"Weak Potion"},{"floor":54.0,"key":"SpeedPotion"}],"is_trial":false,"path_per_floor":["M","$","M","?","M","R","E","?","T","$","R","M","$","E","R","B",null,"M","M","M","$","?","E","?","R","T","E","R","M","E","?","R","B",null,"M","?","M","$","?","R","E","$","T","M","?","R","M","M","R","B",null,"R","$","E","B",null],"character_chosen":"THE_SILENT","items_purchased":["Dagger Throw","Blade Dance","Tactician","Acrobatics","Calculated Gamble","Membership Card","Accuracy","Sundial","Fruit Juice","Bandage Up","Incense Burner","Accuracy","Well Laid Plans","SkillPotion","CunningPotion","Dark Shackles"],"campfire_rested":3,"item_purchase_floors":[2,2,10,13,21,38,38,38,38,38,42,42,53,53,53,53],"current_hp_per_floor":[63,63,63,60,60,60,60,43,43,43,43,43,43,37,37,9,55,38,38,27,27,27,19,19,40,40,10,31,25,25,25,46,17,57,38,38,37,37,37,37,40,40,40,37,70,70,66,70,70,9,55,55,55,46,27],"gold":69,"neow_bonus":"RANDOM_COMMON_RELIC","is_daily":false,"chose_seed":false,"campfire_upgraded":6,"win_rate":0.0,"timestamp":1611213491,"path_taken":["M","$","M","?","M","R","E","?","T","$","R","M","$","E","R","BOSS","M","M","M","$","?","E","?","R","T","E","R","M","E","?","R","BOSS","M","?","M","$","?","R","E","$","T","M","?","R","M","M","R","BOSS","R","$","E","BOSS"],"items_purchased_type":["Card","Card","Card","Card","Card","Relic","Card","Relic","Potion","Card","Relic","Card","Card","Potion","Potion","Card"],"build_version":"2020-12-22","purchased_purges":3,"victory":true,"max_hp_per_floor":[70,70,70,70,70,70,70,70,70,70,70,70,70,70,70,70,70,70,70,70,70,70,70,70,70,70,70,70,70,70,70,70,70,70,70,70,70,70,70,70,70,70,70,70,70,70,70,70,70,70,70,70,70,70,70],"relic_stats":{"counters":[18,116],"Shuriken":[51],"Sundial":[6],"CeramicFish":108,"Astrolabe":["Grand Finale","Dodge and Roll","Envenom"],"PreservedInsect":336,"Turnip":[10],"Snake Skull":[20],"Juzu Bracelet":1,"War Paint":[],"obtain_stats":[{"Potion Belt":27,"Golden Idol":0,"CeramicFish":26,"Astrolabe":34,"PreservedInsect":0,"Snake Skull":54,"Juzu Bracelet":0,"Omamori":0,"Incense Burner":42,"War Paint":0,"Du-Vu Doll":23,"HornCleat":41,"Shuriken":22,"Sundial":38,"Ninja Scroll":39,"Philosopher\u0027s Stone":17,"Turnip":30,"Bag of Marbles":0,"Membership Card":38,"Ring of the Snake":0},{"Potion Belt":6,"Golden Idol":0,"CeramicFish":5,"Astrolabe":9,"PreservedInsect":0,"Snake Skull":17,"Juzu Bracelet":0,"Omamori":0,"Incense Burner":12,"War Paint":0,"Du-Vu Doll":5,"HornCleat":12,"Shuriken":4,"Sundial":11,"Ninja Scroll":11,"Philosopher\u0027s Stone":1,"Turnip":8,"Bag of Marbles":0,"Membership Card":11,"Ring of the Snake":0},{"Potion Belt":38,"Golden Idol":0,"CeramicFish":31,"Astrolabe":53,"PreservedInsect":0,"Snake Skull":107,"Juzu Bracelet":0,"Omamori":0,"Incense Burner":68,"War Paint":0,"Du-Vu Doll":31,"HornCleat":68,"Shuriken":26,"Sundial":63,"Ninja Scroll":63,"Philosopher\u0027s Stone":13,"Turnip":44,"Bag of Marbles":0,"Membership Card":63,"Ring of the Snake":0}],"Ring of the Snake":[36]},"card_choices":[{"not_picked":["Riddle With Holes","Bane"],"picked":"Underhanded Strike","floor":1.0},{"not_picked":["Deadly Poison","Bouncing Flask"],"picked":"Footwork","floor":3.0},{"not_picked":["Slice","Poisoned Stab"],"picked":"All Out Attack","floor":5.0},{"not_picked":["Choke","Riddle With Holes"],"picked":"Infinite Blades","floor":7.0},{"not_picked":["Underhanded Strike","Dagger Throw"],"picked":"Backflip","floor":12.0},{"not_picked":["Catalyst","Flying Knee","Caltrops"],"picked":"SKIP","floor":14.0},{"not_picked":["Corpse Explosion","Venomology"],"picked":"After Image","floor":16.0},{"not_picked":["Backflip","Prepared+1","Eviscerate"],"picked":"SKIP","floor":18.0},{"not_picked":["Dagger Throw","Prepared+1"],"picked":"PiercingWail","floor":19.0},{"not_picked":["All Out Attack","Dagger Throw","Infinite Blades"],"picked":"SKIP","floor":20.0},{"not_picked":["Blade Dance+1","Sucker Punch"],"picked":"Footwork","floor":23.0},{"not_picked":["Doppelganger","Bane","Dagger Throw"],"picked":"SKIP","floor":27.0},{"not_picked":["PiercingWail","Sucker Punch","Flying Knee"],"picked":"SKIP","floor":29.0},{"not_picked":["Adrenaline","Quick Slash"],"picked":"Crippling Poison+1","floor":30.0},{"not_picked":["Tools of the Trade","Doppelganger"],"picked":"Phantasmal Killer","floor":33.0},{"not_picked":["Dagger Spray","Backstab","Poisoned Stab"],"picked":"SKIP","floor":35.0},{"not_picked":["Bane","Skewer+1","Noxious Fumes"],"picked":"SKIP","floor":37.0},{"not_picked":["Backflip","Leg Sweep","Choke"],"picked":"SKIP","floor":41.0},{"not_picked":["Riddle With Holes","Masterful Stab","Deflect"],"picked":"SKIP","floor":44.0},{"not_picked":["Acrobatics","Dagger Spray+1","Bane"],"picked":"SKIP","floor":47.0},{"not_picked":["Quick Slash","Expertise+1"],"picked":"Terror","floor":48.0},{"not_picked":["Riddle With Holes","Expertise+1"],"picked":"Calculated Gamble+1","floor":54.0}],"player_experience":1485553,"relics_obtained":[{"floor":7.0,"key":"Bag of Marbles"},{"floor":9.0,"key":"Juzu Bracelet"},{"floor":14.0,"key":"Omamori"},{"floor":23.0,"key":"Du-Vu Doll"},{"floor":26.0,"key":"CeramicFish"},{"floor":27.0,"key":"Potion Belt"},{"floor":30.0,"key":"Turnip"},{"floor":41.0,"key":"HornCleat"},{"floor":54.0,"key":"Snake Skull"}],"event_choices":[{"damage_healed":0.0,"max_hp_gain":0.0,"max_hp_loss":0.0,"gold_gain":0.0,"event_name":"Scrap Ooze","player_choice":"Success","floor":4.0,"gold_loss":0.0,"damage_taken":3.0,"relics_obtained":["PreservedInsect"]},{"damage_healed":0.0,"max_hp_gain":0.0,"max_hp_loss":0.0,"gold_gain":0.0,"event_name":"Golden Idol","player_choice":"Take Damage","floor":8.0,"gold_loss":0.0,"damage_taken":17.0,"relics_obtained":["Golden Idol"]},{"damage_healed":0.0,"max_hp_gain":0.0,"max_hp_loss":0.0,"gold_gain":0.0,"event_name":"Addict","player_choice":"Stole Relic","floor":22.0,"gold_loss":0.0,"damage_taken":0.0,"relics_obtained":["Shuriken"],"cards_obtained":["Shame"]},{"damage_healed":0.0,"max_hp_gain":0.0,"max_hp_loss":0.0,"gold_gain":0.0,"event_name":"Cursed Tome","player_choice":"Ignored","floor":24.0,"gold_loss":0.0,"damage_taken":0.0},{"damage_healed":0.0,"max_hp_gain":0.0,"max_hp_loss":0.0,"gold_gain":0.0,"event_name":"Back to Basics","player_choice":"Simplicity","floor":31.0,"gold_loss":0.0,"damage_taken":0.0,"cards_upgraded":["Strike_G","Strike_G","Strike_G","Strike_G","Defend_G","Defend_G","Defend_G","Defend_G"]},{"damage_healed":0.0,"max_hp_gain":0.0,"max_hp_loss":0.0,"gold_gain":333.0,"event_name":"The Moai Head","player_choice":"Gave Idol","floor":36.0,"relics_lost":["Golden Idol"],"gold_loss":0.0,"damage_taken":0.0},{"damage_healed":0.0,"max_hp_gain":0.0,"max_hp_loss":0.0,"gold_gain":0.0,"event_name":"WeMeetAgain","player_choice":"Gave Potion","floor":39.0,"gold_loss":0.0,"damage_taken":0.0,"relics_obtained":["Ninja Scroll"]},{"damage_healed":33.0,"max_hp_gain":0.0,"max_hp_loss":0.0,"gold_gain":0.0,"event_name":"MindBloom","player_choice":"Heal","floor":45.0,"gold_loss":0.0,"damage_taken":0.0,"cards_obtained":["Doubt"]}],"is_beta":false,"boss_relics":[{"not_picked":["Empty Cage","Coffee Dripper"],"picked":"Philosopher\u0027s Stone"},{"not_picked":["Runic Dome","Runic Pyramid"],"picked":"Astrolabe"}],"items_purged_floors":[21,38,42],"is_endless":false,"potions_floor_spawned":[1,14,16,27,29,30,35,41,54],"ascension_level":13}}