{"host":"a5lz0e76zb3fcwkm","time":1611233055,"event":{"mods":["AchievementEnabler","BaseMod","Colored Map","Colored Powertips","Minty Spire (QoL Compilation)","StSLib","SuperFastMode"],"gold_per_floor":[115,130,149,173,191,191,191,191,216,235,235,252,252,125,125,201,201,217,217,230,51,61,61,61,94,94,114,39,54,54,54,54,132,132,148,148,160,172,183,183,183],"floor_reached":40,"language":"KOR","playtime":924,"items_purged":["Strike_G","Defend_G"],"score":800,"play_id":"135abeda-29f2-4a57-9a2f-95822271f082","local_time":"20210121214415","is_ascension_mode":true,"campfire_choices":[{"data":"Accuracy","floor":6.0,"key":"SMITH"},{"floor":8.0,"key":"REST"},{"data":"Blade Dance","floor":13.0,"key":"SMITH"},{"data":"Cloak And Dagger","floor":15.0,"key":"SMITH"},{"data":"Tactician","floor":23.0,"key":"SMITH"},{"data":"Blade Dance","floor":32.0,"key":"SMITH"}],"circlet_count":0,"master_deck":["AscendersBane","Strike_G","Strike_G","Defend_G","Defend_G+1","Defend_G","Survivor","Neutralize+1","Accuracy+1","After Image","Blur","Blade Dance+1","Cloak And Dagger+1","Malaise+1","Prepared+1","Reflex","Tactician+1","Acrobatics","Terror+1","Blade Dance+1","After Image","Acrobatics+1","Cloak And Dagger+1"],"relics":["Ring of the Snake","NeowsBlessing","Bronze Scales","Empty Cage","The Courier","Molten Egg 2","Sozu"],"acts_visited":["Exordium","TheCity","TheBeyond"],"potions_floor_usage":[],"damage_taken":[{"damage":0.0,"enemies":"Cultist","floor":1.0,"turns":1.0},{"damage":0.0,"enemies":"Jaw Worm","floor":2.0,"turns":1.0},{"damage":0.0,"enemies":"2 Louse","floor":3.0,"turns":1.0},{"damage":12.0,"enemies":"Red Slaver","floor":5.0,"turns":6.0},{"damage":0.0,"enemies":"Blue Slaver","floor":10.0,"turns":5.0},{"damage":13.0,"enemies":"Exordium Wildlife","floor":12.0,"turns":6.0},{"damage":22.0,"enemies":"Hexaghost","floor":16.0,"turns":10.0},{"damage":9.0,"enemies":"Shell Parasite","floor":18.0,"turns":5.0},{"damage":0.0,"enemies":"Chosen","floor":20.0,"turns":6.0},{"damage":4.0,"enemies":"3 Cultists","floor":22.0,"turns":5.0},{"damage":6.0,"enemies":"Book of Stabbing","floor":25.0,"turns":6.0},{"damage":0.0,"enemies":"Chosen and Byrds","floor":27.0,"turns":4.0},{"damage":5.0,"enemies":"Snecko","floor":29.0,"turns":4.0},{"damage":19.0,"enemies":"Champ","floor":33.0,"turns":9.0},{"damage":19,"enemies":"3 Darklings","floor":35,"turns":5},{"damage":0,"enemies":"3 Shapes","floor":37,"turns":4},{"damage":0,"enemies":"3 Darklings","floor":38,"turns":4},{"damage":0,"enemies":"Maw","floor":39,"turns":5},{"damage":49,"enemies":"Reptomancer","floor":40,"turns":2}],"seed_played":"1582041646375910424","potions_obtained":[{"floor":2.0,"key":"DistilledChaos"},{"floor":3.0,"key":"SneckoOil"},{"floor":16.0,"key":"AttackPotion"},{"floor":18.0,"key":"SteroidPotion"},{"floor":20.0,"key":"Block Potion"},{"floor":22.0,"key":"Swift Potion"}],"is_trial":false,"path_per_floor":["M","M","M","T","M","R","?","R","T","M","?","M","R","$","R","B",null,"M","?","M","$","M","R","?","E","T","M","?","M","?","$","R","B",null,"M","?","M","M","M","E"],"character_chosen":"THE_SILENT","items_purchased":["Cloak And Dagger","Tactician"],"campfire_rested":1,"item_purchase_floors":[14,21],"current_hp_per_floor":[59,59,59,59,47,47,27,46,46,46,46,33,33,33,33,11,52,43,43,43,43,39,39,33,27,27,27,27,22,22,22,22,3,50,31,31,31,31,31,0,0],"gold":183,"neow_bonus":"THREE_ENEMY_KILL","is_daily":false,"chose_seed":false,"campfire_upgraded":5,"win_rate":0.0,"timestamp":1611233055,"path_taken":["M","M","?","?","M","R","?","R","T","M","?","M","R","$","R","BOSS","M","?","M","?","M","R","?","E","T","?","?","M","?","?","R","BOSS","M","?","M","M","M","E"],"items_purchased_type":["Card","Card"],"build_version":"2020-12-22","purchased_purges":2,"victory":false,"max_hp_per_floor":[66,66,66,66,66,66,66,66,66,66,66,66,66,66,66,66,66,66,66,66,66,66,66,66,66,66,66,66,66,66,66,66,66,66,66,66,66,66,66,66,66],"card_choices":[{"not_picked":["Poisoned Stab","PiercingWail"],"picked":"Accuracy","floor":1.0},{"not_picked":["Acrobatics","Slice"],"picked":"After Image","floor":2.0},{"not_picked":["Underhanded Strike","Quick Slash","Poisoned Stab"],"picked":"SKIP","floor":3.0},{"not_picked":["Crippling Poison","Quick Slash"],"picked":"Blur","floor":5.0},{"not_picked":["Dagger Throw","Dodge and Roll","Bane"],"picked":"SKIP","floor":10.0},{"not_picked":["Flechettes","Quick Slash"],"picked":"Blade Dance","floor":12.0},{"not_picked":["Bullet Time","Tools of the Trade"],"picked":"Malaise","floor":16.0},{"not_picked":["Crippling Poison","Choke"],"picked":"Prepared+1","floor":18.0},{"not_picked":["Deflect","Dagger Throw"],"picked":"Reflex","floor":20.0},{"not_picked":["Catalyst","Calculated Gamble"],"picked":"Acrobatics","floor":22.0},{"not_picked":["Dagger Spray+1","All Out Attack"],"picked":"Terror+1","floor":25.0},{"not_picked":["Dagger Spray+1","Deadly Poison","Outmaneuver+1"],"picked":"SKIP","floor":27.0},{"not_picked":["Poisoned Stab+1","Prepared"],"picked":"Blade Dance","floor":29.0},{"not_picked":["Envenom","Night Terror"],"picked":"After Image","floor":33.0},{"not_picked":["Leg Sweep","Flying Knee+1"],"picked":"Acrobatics+1","floor":35},{"not_picked":["Slice+1","Acrobatics"],"picked":"Cloak And Dagger+1","floor":37},{"not_picked":["Catalyst","Acrobatics","Skewer+1"],"picked":"SKIP","floor":38},{"not_picked":["Expertise","Underhanded Strike+1","Reflex"],"picked":"SKIP","floor":39}],"player_experience":1773971,"relics_obtained":[{"floor":4.0,"key":"Bronze Scales"},{"floor":25.0,"key":"The Courier"},{"floor":26.0,"key":"Molten Egg 2"}],"event_choices":[{"damage_healed":0.0,"max_hp_gain":0.0,"max_hp_loss":0.0,"gold_gain":0.0,"event_name":"Shining Light","player_choice":"Entered Light","floor":7.0,"gold_loss":0.0,"damage_taken":20.0,"cards_upgraded":["Defend_G","Neutralize"]},{"damage_healed":0.0,"max_hp_gain":0.0,"max_hp_loss":0.0,"gold_gain":0.0,"event_name":"Dead Adventurer","player_choice":"Searched \u00270\u0027 times","floor":11.0,"gold_loss":0.0,"damage_taken":0.0},{"damage_healed":0.0,"max_hp_gain":0.0,"max_hp_loss":0.0,"gold_gain":0.0,"event_name":"Upgrade Shrine","player_choice":"Upgraded","floor":19.0,"gold_loss":0.0,"damage_taken":0.0,"cards_upgraded":["Malaise"]},{"damage_healed":0.0,"max_hp_gain":0.0,"max_hp_loss":0.0,"gold_gain":0.0,"event_name":"Knowing Skull","player_choice":"","floor":24.0,"potions_obtained":[],"gold_loss":0.0,"damage_taken":6.0,"cards_obtained":[]},{"cards_removed":["Strike_G"],"damage_healed":0.0,"max_hp_gain":0.0,"max_hp_loss":0.0,"gold_gain":0.0,"event_name":"Beggar","player_choice":"Gave Gold","floor":28.0,"gold_loss":75.0,"damage_taken":0.0},{"damage_healed":0,"gold_gain":0,"player_choice":"Ignored","damage_taken":0,"max_hp_gain":0,"max_hp_loss":0,"event_name":"The Moai Head","floor":36,"gold_loss":0}],"is_beta":false,"boss_relics":[{"not_picked":["Philosopher\u0027s Stone","Calling Bell"],"picked":"Empty Cage"},{"not_picked":["Ring of the Serpent","HoveringKite"],"picked":"Sozu"}],"items_purged_floors":[14,21],"is_endless":false,"potions_floor_spawned":[2,3,16,18,20,22,37,38],"killed_by":"Reptomancer","ascension_level":20}}