{"host":"ypphcgdomtfqpc2w","time":1611208090,"event":{"mods":["BaseMod","Minty Spire (QoL Compilation)","StSLib"],"gold_per_floor":[16,16,16,29,48,48,20,60,87,87,102,120,138,181,181,270,270,290,290,313,313,43,86,86,119,146,195,195,142,207,4,4,4,4],"floor_reached":33,"language":"ENG","playtime":2909,"items_purged":["Wild Strike"],"score":590,"play_id":"2b283a7f-5a8a-4e09-9a75-63ef3f992006","local_time":"20210121144810","is_ascension_mode":true,"campfire_choices":[{"data":"Armaments","floor":6,"key":"SMITH"},{"floor":10,"key":"REST"},{"data":"Battle Trance","floor":15,"key":"SMITH"},{"floor":24,"key":"RECALL"},{"floor":32,"key":"REST"}],"circlet_count":0,"master_deck":["AscendersBane","Strike_R","Strike_R","Defend_R","Defend_R","Defend_R","Bash","Battle Trance+1","Armaments+1","Anger","Shrug It Off","Pommel Strike","Whirlwind","Offering","Second Wind","Feed","Power Through","Dual Wield","Disarm","HandOfGreed","Shockwave","Feel No Pain","Spot Weakness","Dark Embrace","Battle Trance+1"],"relics":["Burning Blood","Golden Idol","Pen Nib","Oddly Smooth Stone","StrikeDummy","Fusion Hammer","Centennial Puzzle","Anchor","Smiling Mask","DollysMirror"],"acts_visited":["Exordium","TheCity"],"potions_floor_usage":[8,27,27,30,33],"damage_taken":[{"damage":1,"enemies":"2 Louse","floor":1,"turns":4},{"damage":11,"enemies":"Jaw Worm","floor":4,"turns":6},{"damage":2,"enemies":"Cultist","floor":5,"turns":4},{"damage":13,"enemies":"3 Sentries","floor":8,"turns":10},{"damage":0,"enemies":"Red Slaver","floor":11,"turns":6},{"damage":0,"enemies":"Blue Slaver","floor":12,"turns":3},{"damage":0,"enemies":"2 Fungi Beasts","floor":13,"turns":3},{"damage":8,"enemies":"Lagavulin","floor":14,"turns":6},{"damage":18,"enemies":"Slime Boss","floor":16,"turns":7},{"damage":14,"enemies":"Shell Parasite","floor":18,"turns":5},{"damage":0,"enemies":"3 Byrds","floor":20,"turns":5},{"damage":11,"enemies":"Book of Stabbing","floor":23,"turns":5},{"damage":0,"enemies":"Centurion and Healer","floor":25,"turns":5},{"damage":6,"enemies":"Snake Plant","floor":27,"turns":7},{"damage":9,"enemies":"Slavers","floor":30,"turns":6},{"damage":99,"enemies":"Automaton","floor":33,"turns":8}],"seed_played":"6662011142809676741","potions_obtained":[{"floor":5,"key":"HeartOfIron"},{"floor":13,"key":"Energy Potion"},{"floor":16,"key":"BlessingOfTheForge"},{"floor":18,"key":"Explosive Potion"},{"floor":23,"key":"PowerPotion"},{"floor":30,"key":"Fruit Juice"}],"is_trial":false,"path_per_floor":["M","?","?","M","M","R","$","E","T","R","M","M","M","E","R","B",null,"M","?","M","?","$","E","R","M","T","M","?","$","E","$","R","B"],"character_chosen":"IRONCLAD","items_purchased":["Anger","HandOfGreed","Fire Potion","Dark Embrace","DollysMirror"],"campfire_rested":2,"item_purchase_floors":[7,22,29,31,31],"current_hp_per_floor":[73,47,47,42,46,46,46,39,39,61,67,73,75,73,73,61,72,67,67,76,76,76,71,71,80,80,80,80,80,81,81,88,0,0],"gold":4,"neow_bonus":"REMOVE_TWO","is_daily":false,"chose_seed":false,"campfire_upgraded":2,"win_rate":0.0,"timestamp":1611208090,"path_taken":["M","?","?","M","?","R","$","E","T","R","M","M","M","E","R","BOSS","M","?","?","?","$","E","R","M","T","M","?","$","E","$","R","BOSS"],"items_purchased_type":["Card","Card","Potion","Card","Relic"],"build_version":"2020-12-22","purchased_purges":1,"victory":false,"max_hp_per_floor":[75,75,75,75,75,75,75,75,75,75,75,75,75,75,75,75,75,78,78,81,81,81,81,81,84,84,84,84,84,88,88,88,93,93],"card_choices":[{"not_picked":["True Grit","Dropkick"],"picked":"Battle Trance","floor":1},{"not_picked":["Perfected Strike","Flex"],"picked":"Armaments","floor":4},{"not_picked":["Havoc","Entrench"],"picked":"Shrug It Off","floor":8},{"not_picked":["Clothesline","Clash"],"picked":"Pommel Strike","floor":11},{"not_picked":["Shrug It Off","Clash"],"picked":"Whirlwind","floor":12},{"not_picked":["Pommel Strike","Clothesline"],"picked":"Offering","floor":13},{"not_picked":["Shrug It Off","Clothesline"],"picked":"Second Wind","floor":14},{"not_picked":["Berserk","Brutality"],"picked":"Feed","floor":16},{"not_picked":["Anger","Warcry"],"picked":"Power Through","floor":18},{"not_picked":["Reckless Charge","Warcry"],"picked":"Dual Wield","floor":20},{"not_picked":["Wild Strike","Uppercut"],"picked":"Shockwave","floor":23},{"not_picked":["Cleave","Warcry"],"picked":"Feel No Pain","floor":25},{"not_picked":["Disarm","Armaments"],"picked":"Reaper","floor":27},{"not_picked":["Flame Barrier","Whirlwind+1"],"picked":"Spot Weakness","floor":30}],"player_experience":2075110,"relics_obtained":[{"floor":8,"key":"Pen Nib"},{"floor":9,"key":"Oddly Smooth Stone"},{"floor":14,"key":"StrikeDummy"},{"floor":23,"key":"Centennial Puzzle"},{"floor":30,"key":"Smiling Mask"}],"event_choices":[{"damage_healed":0,"gold_gain":0,"player_choice":"Take Damage","damage_taken":26,"relics_obtained":["Golden Idol"],"max_hp_gain":0,"max_hp_loss":0,"event_name":"Golden Idol","floor":2,"gold_loss":0},{"cards_removed":["Strike_R"],"damage_healed":0,"gold_gain":0,"player_choice":"Offered Basic","damage_taken":0,"max_hp_gain":0,"max_hp_loss":0,"event_name":"Bonfire Elementals","floor":3,"gold_loss":0},{"damage_healed":0,"gold_gain":0,"cards_transformed":["Strike_R"],"player_choice":"Transformed","damage_taken":0,"max_hp_gain":0,"max_hp_loss":0,"event_name":"Transmorgrifier","floor":19,"gold_loss":0,"cards_obtained":["Wild Strike"]},{"damage_healed":0,"gold_gain":0,"player_choice":"Read","damage_taken":0,"max_hp_gain":0,"max_hp_loss":0,"event_name":"The Library","floor":21,"gold_loss":0,"cards_obtained":["Disarm"]},{"cards_removed":["Reaper"],"damage_healed":0,"gold_gain":0,"player_choice":"Gave Card","damage_taken":0,"relics_obtained":["Anchor"],"max_hp_gain":0,"max_hp_loss":0,"event_name":"WeMeetAgain","floor":28,"gold_loss":0}],"is_beta":false,"boss_relics":[{"not_picked":["SlaversCollar","Mark of Pain"],"picked":"Fusion Hammer"}],"items_purged_floors":[22],"is_endless":false,"potions_floor_spawned":[5,13,16,18,23,30],"killed_by":"Automaton","ascension_level":20}}