{"host":"rn4c402gwd40h2z6","time":1611235054,"event":{"mods":["Act Like it!","BaseMod","CapriCore","Data Control","Downfall","Gensokyo","Minty Spire (QoL Compilation)","Remilia£®¿Ÿ√◊¿Ú—«£©","StSLib","UnlockEverythingMod"],"gold_per_floor":[1013,1010,1015,1009,999,1031,999,999,1070,1017,1029,999,1036,999,999,999,999,1032,999,1027,999,999,999,1036,1028,999,999,999,1020,999,999,999,999,999,1025,999,1023,1008,1019,999,999,999,1024,1079,1020,1019,999,1024,999,999,999,999,999,1025,999],"floor_reached":56,"language":"ZHS","playtime":5951,"items_purged":["Defend_RM","Strike_RM","BlasphemousPunishment","ScarletSymphony"],"score":1486,"play_id":"b8b3dae1-cd67-4845-b0f3-32236834bab4","local_time":"20210121211734","is_ascension_mode":false,"campfire_choices":[{"floor":7,"key":"RECALL"},{"floor":15,"key":"REST"},{"data":"Gensokyo:CrescentMoonSlash","floor":23,"key":"SMITH"},{"data":"Gensokyo:CrescentMoonSlash","floor":28,"key":"SMITH"},{"data":"Strike_RM","floor":30,"key":"SMITH"},{"data":"Strike_RM","floor":32,"key":"SMITH"},{"floor":40,"key":"REST"},{"data":"Stigmanizer","floor":47,"key":"SMITH"},{"data":"Gensokyo:LochNessMonster","floor":49,"key":"SMITH"},{"data":"ForecastOfChange","floor":52,"key":"SMITH"}],"circlet_count":0,"master_deck":["RedMoon","ScarletShoot","StarOfDavid","ScarletDevil","Stigmanizer+1","DiffusionOfMisfortune","StarOfDavid","UnstableMagic","TwelveNightmare","ForecastOfChange+1","Mind Blast+1","HandOfGreed","ScarletImprint","Gensokyo:CrescentMoonSlash+1","StarOfDavid+1","FitfulNightmare","Gensokyo:RPG","Gensokyo:LochNessMonster+1","Gensokyo:LockedMedkit","Gensokyo:CrescentMoonSlash+1","ScarletImprint","NightDance","BloodRain","NightDance+1","EternalNight","Gensokyo:FourOfAKind","Gensokyo:FourOfAKind","Gensokyo:FourOfAKind","Gensokyo:FourOfAKind","ScarletImprint+1","Gensokyo:ManorOfTheDishes","StarOfDavid","ScarletDevil","BloodRain","LeisurelyOfLord+1","ScarletDevil+1","champ:Haymaker","Quick Slash","Uppercut","Envenom","ScarletDevilSign","StarOfDavid","GlobalNightmare","CurseOfVladTepes","UnstableMagic","Pommel Strike","Gensokyo:GreaterSplit","Doubt","Streamline+1","Immolate","Mind Blast","ScarletImprint","Guardian:Gem_White","Shrug It Off+1","hexamod:Rewind+1","Mind Blast"],"relics":["ScarletHat","NeowsBlessing","CaptainsWheel","StoneCalendar","OrangePellets","Prayer Wheel","CeramicFish","ClockworkSouvenir","Chemical X","DollysMirror","Toolbox","Frozen Eye","ScarletEmblem","Bag of Preparation","Mummified Hand","Cauldron","Boot","Strange Spoon","Sling","TheAbacus","PrismaticShard","Orrery","Gensokyo:SongOfSouls","Pandora\u0027s Box","Medical Kit","HandDrill","Pear","HornCleat","Pantograph","Juzu Bracelet","Eternal Feather","Darkstone Periapt","Dream Catcher","Shuriken","Lizard Tail","Pen Nib","Bottled Tornado","Whetstone"],"acts_visited":["Gensokyo:Gensokyo","Gensokyo:Gensokyoer","Gensokyo:Gensokyoest","TheEnding"],"potions_floor_usage":[],"damage_taken":[{"damage":0,"enemies":"Gensokyo:Gryphon","floor":1,"turns":1},{"damage":0,"enemies":"Gensokyo:2_Kodama","floor":2,"turns":1},{"damage":0,"enemies":"Gensokyo:3_Fairies","floor":3,"turns":1},{"damage":0,"enemies":"Gensokyo:Kitsune","floor":4,"turns":1},{"damage":0,"enemies":"Gensokyo:Mamizou","floor":6,"turns":7},{"damage":0,"enemies":"Gensokyo:Python_and_Kodama","floor":10,"turns":2},{"damage":0,"enemies":"Gensokyo:Cirno","floor":11,"turns":4},{"damage":0,"enemies":"Gensokyo:5_Fairies","floor":13,"turns":3},{"damage":0,"enemies":"Gensokyo:Yukari","floor":16,"turns":3},{"damage":0,"enemies":"Gensokyo:Chomper","floor":18,"turns":2},{"damage":0,"enemies":"Gensokyo:AngelMirror","floor":20,"turns":2},{"damage":0,"enemies":"Gensokyo:Swordslinger","floor":24,"turns":1},{"damage":0,"enemies":"Gensokyo:Chomper_and_Gloop","floor":25,"turns":3},{"damage":0,"enemies":"Gensokyo:Slime_Group","floor":29,"turns":1},{"damage":50,"enemies":"Gensokyo:Eternal_Rivals","floor":33,"turns":7},{"damage":0,"enemies":"Gensokyo:3_Bats","floor":35,"turns":3},{"damage":24,"enemies":"Gensokyo:AncientGuardian","floor":37,"turns":1},{"damage":0,"enemies":"Gensokyo:Sharpion","floor":38,"turns":1},{"damage":0,"enemies":"Gensokyo:3_Boulders","floor":39,"turns":2},{"damage":0,"enemies":"Gensokyo:4_Bats","floor":45,"turns":2},{"damage":0,"enemies":"Gensokyo:Rafflesia","floor":46,"turns":1},{"damage":0,"enemies":"Gensokyo:AtlasGolem","floor":48,"turns":5},{"damage":0,"enemies":"Gensokyo:Scarlet_Devils","floor":50,"turns":4},{"damage":0,"enemies":"Shield and Spear","floor":54,"turns":1},{"damage":58,"enemies":"The Heart","floor":55,"turns":6}],"seed_played":"5267448524107423436","potions_obtained":[{"floor":2,"key":"Strength Potion"},{"floor":4,"key":"Explosive Potion"}],"is_trial":false,"path_per_floor":["M","M","M","M","$","E","R","?","T","M","E","COS","M","?","R","B",null,"M","?","M","?","$","R","M","M","T","COS","R","M","R","?","R","B",null,"M","?","M","M","M","R","COS","$","T","T","M","M","R","M","R","B",null,"R","$","E","B",null],"character_chosen":"REMILIA","items_purchased":["StarOfDavid","UnstableMagic","TwelveNightmare","ForecastOfChange","Mind Blast","HandOfGreed","CaptainsWheel","StoneCalendar","OrangePellets","Fire Potion","StarOfDavid","Bag of Preparation","Mummified Hand","Cauldron","Mind Blast","ScarletImprint","Juzu Bracelet","Eternal Feather","Darkstone Periapt","Mind Blast","Lizard Tail","Pen Nib","Bottled Tornado"],"campfire_rested":2,"item_purchase_floors":[5,5,5,5,5,5,5,5,5,5,22,22,22,22,42,42,42,42,42,53,53,53,53],"current_hp_per_floor":[75,75,75,75,75,75,75,64,64,64,66,66,66,66,75,75,75,75,53,53,48,48,48,48,48,48,48,48,48,48,48,48,35,48,48,48,25,25,25,39,49,49,49,49,49,49,58,58,58,58,58,58,58,58,8],"gold":999,"neow_bonus":"THREE_ENEMY_KILL","is_daily":false,"chose_seed":false,"campfire_upgraded":7,"win_rate":0.0,"timestamp":1611235054,"path_taken":["M","M","M","M","$","E","R","?","T","M","E","COS","?","?","R","BOSS","M","?","M","?","?","R","M","M","T","COS","R","M","R","?","R","BOSS","M","?","M","M","M","R","COS","?","T","?","M","M","R","M","R","BOSS","R","$","E","BOSS"],"items_purchased_type":["Card","Card","Card","Card","Card","Card","Relic","Relic","Relic","Potion","Card","Relic","Relic","Relic","Card","Card","Relic","Relic","Relic","Card","Relic","Relic","Relic"],"build_version":"2020-12-22","purchased_purges":4,"victory":true,"max_hp_per_floor":[75,75,75,75,75,75,75,75,75,75,75,75,75,75,75,75,75,75,53,53,48,48,48,48,48,48,48,48,48,48,48,48,48,48,48,48,48,48,48,48,58,58,58,58,58,58,58,58,58,58,58,58,58,58,58],"card_choices":[{"not_picked":["UnstableMagic","BloodyMagicSquare"],"picked":"StarOfDavid","floor":1},{"not_picked":["BombardNight","TwelveNightmare"],"picked":"ScarletDevil","floor":2},{"not_picked":["BadLadyScramble","VampireFantasy"],"picked":"Stigmanizer","floor":3},{"not_picked":["RedRainbow","BloodHunter"],"picked":"DiffusionOfMisfortune","floor":4},{"not_picked":["BombardNight","NightLord"],"picked":"ScarletImprint","floor":6},{"not_picked":["TransientEternity","EndlessAdversity"],"picked":"ScarletSymphony","floor":10},{"not_picked":["CharismaGuard","VampireSweep"],"picked":"StarOfDavid","floor":10},{"not_picked":["VampireClaw","BloodAndWine"],"picked":"FitfulNightmare","floor":11},{"not_picked":["BloodHunter","EndlessAdversity"],"picked":"ScarletImprint","floor":13},{"not_picked":["VampireSweep","VampireKiss"],"picked":"NightDance","floor":13},{"not_picked":["TricksterDevil","CurseOfVladTepes"],"picked":"BloodRain","floor":16},{"not_picked":["StarOfDavid","EternalNight"],"picked":"NightDance+1","floor":18},{"not_picked":["MastersStateliness+1","MillenniumVampire"],"picked":"EternalNight","floor":18},{"not_picked":["ScarletDevil","LeisurelyOfLord"],"picked":"ScarletImprint+1","floor":20},{"not_picked":["DiffusionOfMisfortune","FavorOfDestiny","EndlessAdversity+1"],"picked":"SKIP","floor":20},{"not_picked":["Gensokyo:TurboGranny","Gensokyo:LochNessMonster"],"picked":"Gensokyo:ManorOfTheDishes","floor":21},{"not_picked":["FavorOfDestiny+1","ScarletNetherworld"],"picked":"ScarletDevil","floor":24},{"not_picked":["RedRainbow+1","VampireKiss"],"picked":"BloodRain","floor":24},{"not_picked":["DemonKingCradle","UnstableMagic"],"picked":"LeisurelyOfLord+1","floor":25},{"not_picked":["BombardNight","StarOfDavid"],"picked":"ScarletDevil+1","floor":25},{"not_picked":["sneckomod:UnknownCommonAttack","Hologram"],"picked":"champ:Haymaker","floor":27},{"not_picked":["Anger","Guardian:WalkerClaw"],"picked":"Quick Slash","floor":27},{"not_picked":["Go for the Eyes","Slimebound:Prepare"],"picked":"Uppercut","floor":29},{"not_picked":["hexamod:TimeOfNeed","sneckomod:Unknown1Cost","Slimebound:Prepare"],"picked":"SKIP","floor":29},{"not_picked":["Impervious","bronze:Break"],"picked":"Envenom","floor":33},{"not_picked":["sneckomod:UnknownClassHEXA_GHOST_PURPLE+1","Guardian:TemporalStrike"],"picked":"Pommel Strike","floor":35},{"not_picked":["Battle Trance","sneckomod:SoulCleanse","Guardian:Planning"],"picked":"SKIP","floor":35},{"not_picked":["Spot Weakness+1","Slimebound:RejuvenatingLick"],"picked":"Streamline","floor":37},{"not_picked":["Slimebound:LeechEnergy+1","Beam Cell+1","sneckomod:UnknownClassREMILIA_COLOR"],"picked":"SKIP","floor":37},{"not_picked":["bronze:Boost+1","sneckomod:QuickBite+1"],"picked":"Immolate","floor":38},{"not_picked":["Fusion","bronze:Invalidate","CharismaGuard"],"picked":"SKIP","floor":38},{"not_picked":["Slimebound:ItLooksTasty","Perfected Strike+1","Deadly Poison+1"],"picked":"SKIP","floor":39},{"not_picked":["Slimebound:SlimeSpikes","WaveOfTheHand","PanicButton"],"picked":"SKIP","floor":39},{"not_picked":["Prepared","Storm+1"],"picked":"Guardian:Gem_White","floor":45},{"not_picked":["sneckomod:UnknownClassTHE_CHAMP_GRAY","Distraction+1","Slimebound:SamplingLick"],"picked":"SKIP","floor":45},{"not_picked":["Anger","ReincarnationDial"],"picked":"Shrug It Off+1","floor":46},{"not_picked":["hexamod:NightmareGuise+1","hexamod:ExtraCrispy+1","sneckomod:DiceBlock+1"],"picked":"SKIP","floor":46},{"not_picked":["Guardian:Repulse","Flex"],"picked":"hexamod:Rewind+1","floor":48},{"not_picked":["Endless Agony+1","Guardian:TemporalStrike","bronze:ItsAFeature"],"picked":"SKIP","floor":48},{"not_picked":["champ:ArenaPreparation+1","Dark Shackles","sneckomod:SoulExchange"],"picked":"SKIP","floor":54}],"player_experience":11404,"relics_obtained":[{"floor":6,"key":"Prayer Wheel"},{"floor":11,"key":"CeramicFish"},{"floor":26,"key":"Boot"},{"floor":43,"key":"Dream Catcher"},{"floor":44,"key":"Shuriken"},{"floor":54,"key":"Whetstone"}],"event_choices":[],"is_beta":false,"boss_relics":[{"not_picked":["APieceOfRedMist","Astrolabe"],"picked":"ScarletEmblem"},{"not_picked":["Cursed Key","Empty Cage"],"picked":"Pandora\u0027s Box"}],"items_purged_floors":[5,22,42,53],"is_endless":false,"potions_floor_spawned":[2,4,6,10,20,25,37,45],"ascension_level":0}}