{"host":"nbmmy2ys5j9alw05","time":1611221437,"event":{"mods":["AchievementEnabler","BaseMod","Bestiary","Better Vampires","Colored Map","Colored Powertips","Googly Eyes","Minty Spire (QoL Compilation)","Quick Restart","StSLib","The Hierophant","The IronCluck","everything is the same but u backflip on backflip"],"gold_per_floor":[115,190,207,232,307,307,332,347,347,347,371,406,406,418,418,517,567,587,587,587,512,611,611,611,611],"floor_reached":24,"language":"ENG","playtime":492,"items_purged":["Strike_G"],"score":338,"play_id":"4f4f47ee-393b-4a34-a126-92982608eece","local_time":"20210121013037","is_ascension_mode":true,"campfire_choices":[{"data":"Dash","floor":6,"key":"SMITH"},{"data":"All Out Attack","floor":10,"key":"SMITH"},{"floor":13,"key":"REST"},{"data":"Slice","floor":15,"key":"SMITH"},{"floor":23,"key":"REST"}],"circlet_count":0,"master_deck":["AscendersBane","Strike_G","Strike_G","Strike_G+1","Strike_G","Defend_G","Defend_G","Defend_G","Defend_G","Defend_G","Survivor","Neutralize","Dash+1","Cloak And Dagger","All Out Attack+1","Footwork+1","Slice+1","Tools of the Trade+1"],"relics":["Ring of the Snake","NeowsBlessing","Regal Pillow","Akabeko","Shuriken","Juzu Bracelet","Frozen Egg 2","Tiny House"],"acts_visited":["Exordium","TheCity"],"potions_floor_usage":[16,16,16,18,24],"damage_taken":[{"damage":0,"enemies":"Small Slimes","floor":1,"turns":1},{"damage":0,"enemies":"Cultist","floor":3,"turns":1},{"damage":0,"enemies":"Lagavulin","floor":7,"turns":1},{"damage":0,"enemies":"2 Louse","floor":8,"turns":2},{"damage":5,"enemies":"3 Sentries","floor":12,"turns":5},{"damage":3,"enemies":"Blue Slaver","floor":14,"turns":3},{"damage":25,"enemies":"Hexaghost","floor":16,"turns":11},{"damage":17,"enemies":"3 Byrds","floor":18,"turns":6},{"damage":10,"enemies":"Gremlin Leader","floor":24,"turns":5}],"seed_played":"-8998399533204597620","potions_obtained":[{"floor":1,"key":"Energy Potion"},{"floor":8,"key":"Weak Potion"},{"floor":14,"key":"SteroidPotion"},{"floor":17,"key":"Weak Potion"},{"floor":18,"key":"SkillPotion"}],"is_trial":false,"path_per_floor":["M","?","M","T","?","R","E","M","T","R","T","E","R","M","R","B",null,"M","?","?","$","?","R","E"],"character_chosen":"THE_SILENT","items_purchased":[],"campfire_rested":2,"item_purchase_floors":[],"current_hp_per_floor":[63,56,56,56,45,45,45,45,45,45,45,40,70,67,67,42,68,51,37,37,37,37,76,66,66],"gold":611,"neow_bonus":"THREE_ENEMY_KILL","is_daily":false,"chose_seed":false,"campfire_upgraded":3,"win_rate":0.0,"timestamp":1611221437,"path_taken":["M","?","?","?","?","R","E","M","T","R","?","E","R","M","R","BOSS","M","?","?","$","?","R","E"],"items_purchased_type":[],"build_version":"2020-12-22","purchased_purges":1,"victory":false,"max_hp_per_floor":[70,70,70,70,70,70,70,70,70,70,70,70,70,70,70,70,75,75,80,80,80,80,80,80,80],"card_choices":[{"not_picked":["Bouncing Flask","Calculated Gamble"],"picked":"Dash","floor":1},{"not_picked":["Quick Slash","Masterful Stab"],"picked":"Cloak And Dagger","floor":3},{"not_picked":["Eviscerate","Leg Sweep"],"picked":"All Out Attack","floor":7},{"not_picked":["Outmaneuver","Masterful Stab","Bane"],"picked":"SKIP","floor":8},{"not_picked":["PiercingWail","Grand Finale"],"picked":"Footwork+1","floor":12},{"not_picked":["Deflect","Escape Plan"],"picked":"Slice","floor":14},{"not_picked":["Burst","Wraith Form v2+1"],"picked":"Tools of the Trade+1","floor":16},{"not_picked":["Deadly Poison","Well Laid Plans+1","Poisoned Stab"],"picked":"SKIP","floor":18}],"player_experience":519227,"relics_obtained":[{"floor":4,"key":"Regal Pillow"},{"floor":7,"key":"Akabeko"},{"floor":9,"key":"Shuriken"},{"floor":11,"key":"Juzu Bracelet"},{"floor":12,"key":"Frozen Egg 2"}],"event_choices":[{"damage_healed":0,"gold_gain":75,"player_choice":"Touch","damage_taken":7,"max_hp_gain":0,"max_hp_loss":0,"event_name":"FaceTrader","floor":2,"gold_loss":0},{"damage_healed":0,"gold_gain":75,"player_choice":"Gather Gold","damage_taken":11,"max_hp_gain":0,"max_hp_loss":0,"event_name":"World of Goop","floor":5,"gold_loss":0},{"damage_healed":0,"gold_gain":0,"player_choice":"Shed Blood","damage_taken":19,"max_hp_gain":5,"max_hp_loss":0,"event_name":"Forgotten Altar","floor":19,"gold_loss":0},{"damage_healed":0,"gold_gain":0,"player_choice":"Ignored","damage_taken":0,"max_hp_gain":0,"max_hp_loss":0,"event_name":"Vampires","floor":20,"gold_loss":0},{"damage_healed":0,"gold_gain":99,"player_choice":"Stole From Cult","damage_taken":0,"max_hp_gain":0,"max_hp_loss":0,"event_name":"Nest","floor":22,"gold_loss":0}],"is_beta":false,"boss_relics":[{"not_picked":["Coffee Dripper","Busted Crown"],"picked":"Tiny House"}],"items_purged_floors":[21],"is_endless":false,"potions_floor_spawned":[1,8,14,18],"killed_by":"Gremlin Leader","ascension_level":10}}