{"host":"0j49nvi4cbm626s8","time":1611224123,"event":{"mods":["AchievementEnabler","BaseMod","Highlight Path","Marisa????????","Minty Spire (QoL Compilation)"],"gold_per_floor":[110,126,136,147,147,179,229,229,297,297,317,351,365,365,365,461,461,431,471,402,420,178,178,78,78,101,132,132,132,132],"floor_reached":29,"language":"ENG","playtime":1001,"items_purged":["Strike_MRS","Strike_MRS"],"score":497,"play_id":"2438713a-1aa0-49ac-9ca4-8417dbe597c9","local_time":"20210121111523","is_ascension_mode":true,"campfire_choices":[{"data":"EnergyFlow","floor":8,"key":"SMITH"},{"floor":10,"key":"REST"},{"data":"GalacticHalo","floor":15,"key":"SMITH"},{"data":"GalacticHalo","floor":23,"key":"SMITH"},{"data":"EarthLightRay","floor":25,"key":"SMITH"},{"data":"AsteroidBelt","floor":28,"key":"SMITH"}],"circlet_count":0,"master_deck":["AscendersBane","Strike_MRS","Strike_MRS","Defend_MRS","Defend_MRS","Defend_MRS","Defend_MRS","MasterSpark","UpSweep","AsteroidBelt+1","EnergyFlow+1","OneTimeOff","GalacticHalo+1","EarthLightRay+1","GalacticHalo+1"],"relics":["MiniHakkero","NeowsBlessing","Incense Burner","Centennial Puzzle","Matryoshka","WingedGreaves","Golden Idol","RampagingMagicTools","Red Mask","HornCleat","PrismaticShard","Tiny Chest","Nunchaku","Darkstone Periapt"],"acts_visited":["Exordium","TheCity"],"potions_floor_usage":[6,16,19,19],"damage_taken":[{"damage":0,"enemies":"Cultist","floor":1,"turns":1},{"damage":0,"enemies":"2 Louse","floor":2,"turns":1},{"damage":0,"enemies":"Jaw Worm","floor":3,"turns":1},{"damage":4,"enemies":"Large Slime","floor":4,"turns":7},{"damage":20,"enemies":"3 Sentries","floor":6,"turns":13},{"damage":7,"enemies":"3 Louse","floor":11,"turns":4},{"damage":2,"enemies":"Lagavulin","floor":12,"turns":6},{"damage":4,"enemies":"Looter","floor":13,"turns":4},{"damage":1,"enemies":"Slime Boss","floor":16,"turns":6},{"damage":9,"enemies":"2 Thieves","floor":18,"turns":5},{"damage":19,"enemies":"Masked Bandits","floor":19,"turns":5},{"damage":3,"enemies":"Shell Parasite","floor":21,"turns":4},{"damage":6,"enemies":"Book of Stabbing","floor":27,"turns":5},{"damage":52,"enemies":"Slavers","floor":29,"turns":6}],"seed_played":"1799931982910483678","potions_obtained":[{"floor":1,"key":"Dexterity Potion"},{"floor":4,"key":"StarNLove"},{"floor":6,"key":"ShroomBrew"},{"floor":11,"key":"PowerPotion"},{"floor":18,"key":"DuplicationPotion"},{"floor":21,"key":"Explosive Potion"}],"is_trial":false,"path_per_floor":["M","M","M","M","?","E","?","R","T","R","M","E","M","?","R","B",null,"M","?","?","M","$","R","$","R","T","E","R","E"],"character_chosen":"MARISA","items_purchased":["PrismaticShard"],"campfire_rested":1,"item_purchase_floors":[22],"current_hp_per_floor":[63,63,63,59,41,21,21,21,21,42,35,33,29,29,29,32,55,50,35,35,36,36,36,36,36,36,36,36,0,0],"gold":132,"neow_bonus":"THREE_ENEMY_KILL","is_daily":false,"chose_seed":false,"campfire_upgraded":5,"win_rate":0.0,"timestamp":1611224123,"path_taken":["M","M","M","M","?","E","?","R","T","R","M","E","?","?","R","BOSS","M","?","?","?","$","R","$","R","T","E","R","E"],"items_purchased_type":["Relic"],"build_version":"2020-12-22","purchased_purges":2,"victory":false,"max_hp_per_floor":[70,70,70,70,70,70,70,70,70,70,70,70,70,63,63,63,63,63,63,63,63,63,63,63,63,63,63,63,63,63],"card_choices":[{"not_picked":["DarkSpark","DC"],"picked":"AsteroidBelt","floor":1},{"not_picked":["ChargingUp","GravityBeat"],"picked":"EnergyFlow","floor":2},{"not_picked":["SporeBomb","Acceleration","DarkSpark"],"picked":"SKIP","floor":3},{"not_picked":["MilkyWay","ShootingEcho"],"picked":"OneTimeOff","floor":4},{"not_picked":["MagicChant","DeepEcoloBomb"],"picked":"GalacticHalo","floor":6},{"not_picked":["MysteriousBeam","PropBag","GravityBeat"],"picked":"SKIP","floor":11},{"not_picked":["MysteriousBeam","PowerUp","DragonMeteor"],"picked":"SKIP","floor":12},{"not_picked":["WitchLeyline","PropBag"],"picked":"EarthLightRay","floor":13},{"not_picked":["PowerUp","MysteriousBeam","DoubleSpark+1"],"picked":"SKIP","floor":18},{"not_picked":["SporeBomb","ChargingUp"],"picked":"GalacticHalo","floor":21},{"not_picked":["WitchOfGreed","EmptyFist","SuperPerseids"],"picked":"SKIP","floor":27}],"player_experience":258706,"relics_obtained":[{"floor":6,"key":"Centennial Puzzle"},{"floor":9,"key":"Matryoshka"},{"floor":12,"key":"WingedGreaves"},{"floor":19,"key":"Red Mask"},{"floor":26,"key":"Tiny Chest"},{"floor":26,"key":"Nunchaku"},{"floor":27,"key":"Darkstone Periapt"}],"event_choices":[{"damage_healed":0,"gold_gain":0,"player_choice":"Success","damage_taken":18,"relics_obtained":["Incense Burner"],"max_hp_gain":0,"max_hp_loss":0,"event_name":"Scrap Ooze","floor":5,"gold_loss":0},{"damage_healed":0,"gold_gain":50,"player_choice":"Pray","damage_taken":0,"max_hp_gain":0,"max_hp_loss":0,"event_name":"Golden Shrine","floor":7,"gold_loss":0},{"damage_healed":0,"gold_gain":0,"player_choice":"Lose Max HP","damage_taken":0,"relics_obtained":["Golden Idol"],"max_hp_gain":0,"max_hp_loss":7,"event_name":"Golden Idol","floor":14,"gold_loss":0},{"damage_healed":0,"gold_gain":0,"player_choice":"Fought Bandits","damage_taken":0,"max_hp_gain":0,"max_hp_loss":0,"event_name":"Masked Bandits","floor":19,"gold_loss":0},{"damage_healed":0,"gold_gain":0,"player_choice":"Paid Gold","damage_taken":0,"relics_obtained":["HornCleat"],"max_hp_gain":0,"max_hp_loss":0,"event_name":"WeMeetAgain","floor":20,"gold_loss":69}],"is_beta":false,"boss_relics":[{"not_picked":["Runic Pyramid","Velvet Choker"],"picked":"RampagingMagicTools"}],"items_purged_floors":[22,24],"is_endless":false,"potions_floor_spawned":[1,4,6,11,12,18,21],"killed_by":"Slavers","ascension_level":16}}