{"host":"1ecbliur7lfoj0sl","time":1611203817,"event":{"mods":["BaseMod","Crowbot","Downfall","Minty Spire (QoL Compilation)","StSLib","Waifu the Spire"],"gold_per_floor":[111,111,111,121,138,63,80,80,104,104,104,117,17,0,0,0,0],"floor_reached":16,"language":"ZHS","playtime":464,"items_purged":["crowbot:Defend","crowbot:Boom"],"score":90,"play_id":"348017bd-10d2-4337-a279-0dfa9a0b8913","local_time":"20210121123657","is_ascension_mode":false,"campfire_choices":[{"data":"crowbot:Tranquilizer","floor":8.0,"key":"SMITH"},{"floor":11.0,"key":"RECALL"},{"data":"crowbot:ShockSlug","floor":15.0,"key":"SMITH"}],"circlet_count":0,"master_deck":["crowbot:Slug","crowbot:Slug","crowbot:Slug","crowbot:HeavySlug","crowbot:Defend","crowbot:Defend","crowbot:Defend","crowbot:Defend","crowbot:CoverFire+1","crowbot:Tranquilizer+1","crowbot:FullMetalJacket","crowbot:ShockSlug+1"],"relics":["Strawberry","MealTicket","Vajra"],"acts_visited":["Exordium"],"potions_floor_usage":[16,16],"damage_taken":[{"damage":6.0,"enemies":"2 Louse","floor":1.0,"turns":3.0},{"damage":5.0,"enemies":"Jaw Worm","floor":4.0,"turns":5.0},{"damage":3.0,"enemies":"Cultist","floor":5.0,"turns":6.0},{"damage":3.0,"enemies":"2 Fungi Beasts","floor":7.0,"turns":6.0},{"damage":2.0,"enemies":"Red Slaver","floor":12.0,"turns":6.0},{"damage":2.0,"enemies":"Looter","floor":14.0,"turns":4.0},{"damage":76,"enemies":"Slime Boss","floor":16,"turns":9}],"seed_played":"3022609598506457977","potions_obtained":[{"floor":4.0,"key":"champ:CounterPotion"},{"floor":5.0,"key":"Strength Potion"},{"floor":12.0,"key":"PowerPotion"}],"is_trial":false,"path_per_floor":["M","?","T","M","M","$","M","R","T","?","R","M","$","M","R","B"],"character_chosen":"CROWBOT","items_purchased":[],"campfire_rested":0,"item_purchase_floors":[],"current_hp_per_floor":[75,57,57,52,49,64,61,61,61,61,61,59,74,72,72,0,0],"gold":0,"neow_bonus":"TEN_PERCENT_HP_BONUS","is_daily":false,"chose_seed":false,"campfire_upgraded":2,"win_rate":0.0,"timestamp":1611203817,"path_taken":["M","?","?","M","?","$","M","R","T","?","R","?","$","M","R","BOSS"],"items_purchased_type":[],"build_version":"2020-12-22","purchased_purges":2,"victory":false,"max_hp_per_floor":[81,88,88,88,88,88,88,88,88,88,88,88,88,88,88,88,88],"card_choices":[{"not_picked":["crowbot:Reload","crowbot:LuckyBullet","crowbot:Pellet"],"picked":"SKIP","floor":1.0},{"not_picked":["crowbot:MetalSlug","crowbot:Tranquilizer"],"picked":"crowbot:CoverFire","floor":4.0},{"not_picked":["crowbot:IronCross","crowbot:Ricochet","crowbot:Pellet"],"picked":"SKIP","floor":5.0},{"not_picked":["crowbot:ScrapLauncher","crowbot:HiddenChamber"],"picked":"crowbot:Tranquilizer","floor":7.0},{"not_picked":["crowbot:ScrapLauncher","crowbot:Transmute"],"picked":"crowbot:FullMetalJacket","floor":12.0},{"not_picked":["crowbot:FullMetalJacket","crowbot:LuckyBullet"],"picked":"crowbot:ShockSlug","floor":14.0}],"player_experience":83109,"relics_obtained":[{"floor":3.0,"key":"MealTicket"},{"floor":9.0,"key":"Vajra"}],"event_choices":[{"damage_healed":0.0,"max_hp_gain":0.0,"max_hp_loss":0.0,"gold_gain":0.0,"event_name":"Scrap Ooze","player_choice":"Success","floor":2.0,"gold_loss":0.0,"damage_taken":25.0,"relics_obtained":["Strawberry"]},{"damage_healed":0.0,"max_hp_gain":0.0,"max_hp_loss":0.0,"gold_gain":0.0,"event_name":"Upgrade Shrine","player_choice":"Upgraded","floor":10.0,"gold_loss":0.0,"damage_taken":0.0,"cards_upgraded":["crowbot:CoverFire"]}],"is_beta":false,"boss_relics":[],"items_purged_floors":[6,13],"is_endless":false,"potions_floor_spawned":[4,5,12],"killed_by":"Slime Boss","ascension_level":0}}