{"host":"545ma68kbj6ggddn","time":1611252263,"event":{"mods":["BaseMod","Colored Powertips","Downfall","Minty Spire (QoL Compilation)","Permanent Neow","Quick Restart","SIMod","StSLib"],"gold_per_floor":[0,18,36,46,146,146,146,176,176,186,200,200,215,125,135,235,235,235,235,249,265,27,27,50,81,98,112,29,29,29,55,65,168,168,68,85,85,85,101,120,165,182,182,254,266,299,66,83,96,96,96,96],"floor_reached":50,"language":"ENG","playtime":3272,"items_purged":["bronze:Strike"],"score":718,"play_id":"ff3f6e68-58fe-416c-871d-c514d82bda3e","local_time":"20210121120423","is_ascension_mode":false,"campfire_choices":[{"data":"bronze:Assembly","floor":1.0,"key":"SMITH"},{"data":"bronze:Format","floor":9.0,"key":"SMITH"},{"data":"bronze:Verify","floor":18.0,"key":"SMITH"},{"data":"bronze:Optimize","floor":23.0,"key":"SMITH"},{"floor":30.0,"key":"RECALL"},{"data":"bronze:Philosophize","floor":35.0,"key":"SMITH"}],"circlet_count":0,"master_deck":["bronze:Strike+1","bronze:Strike","bronze:Defend","bronze:Defend","bronze:Replicate+1","bronze:Goto","bronze:Format+1","bronze:Assembly+1","bronze:OilSpill+1","bronze:OilSpill+1","bronze:OilSpill+1","bronze:OilSpill+1","bronze:OilSpill+1","bronze:Shield","bronze:Philosophize+1","bronze:Verify+1","bronze:HardenedForm","bronze:Mutator","bronze:Repair","bronze:Optimize+1","bronze:Turbo+1","bronze:Boost","expansioncontent:GuardianWhirl","bronze:BronzeOrb","Guardian:Reroute+1"],"relics":["bronze:PlatinumCore","TungstenRod","Meat on the Bone","Peace Pipe","Chemical X","InkBottle","Whetstone","Letter Opener","Sundial","Busted Crown","downfall:HeartBlessingRed","Bronze Scales","The Courier","Dead Branch","PrismaticShard","Blood Vial"],"acts_visited":["Exordium","TheCity","TheBeyond"],"potions_floor_usage":[50,50],"damage_taken":[{"damage":0.0,"enemies":"Small Slimes","floor":2.0,"turns":2.0},{"damage":0.0,"enemies":"Jaw Worm","floor":3.0,"turns":1.0},{"damage":0.0,"enemies":"Cultist","floor":4.0,"turns":2.0},{"damage":7.0,"enemies":"Lagavulin","floor":8.0,"turns":3.0},{"damage":11.0,"enemies":"3 Louse","floor":10.0,"turns":2.0},{"damage":0.0,"enemies":"Lots of Slimes","floor":11.0,"turns":3.0},{"damage":0.0,"enemies":"2 Fungi Beasts","floor":13.0,"turns":2.0},{"damage":0.0,"enemies":"downfall:FleeingMerchant","floor":14.0,"turns":4.0},{"damage":3.0,"enemies":"Lots of Slimes","floor":15.0,"turns":4.0},{"damage":17.0,"enemies":"WA_ARCHETYPE_RETAIN","floor":16.0,"turns":6.0},{"damage":0.0,"enemies":"Spheric Guardian","floor":20.0,"turns":3.0},{"damage":1.0,"enemies":"Shell Parasite","floor":21.0,"turns":3.0},{"damage":12.0,"enemies":"downfall:FleeingMerchant","floor":22.0,"turns":4.0},{"damage":48.0,"enemies":"Gremlin Leader","floor":25.0,"turns":4.0},{"damage":0.0,"enemies":"Cultist and Chosen","floor":26.0,"turns":4.0},{"damage":0.0,"enemies":"Snake Plant","floor":27.0,"turns":2.0},{"damage":0.0,"enemies":"downfall:FleeingMerchant","floor":28.0,"turns":1.0},{"damage":24.0,"enemies":"Slavers","floor":31.0,"turns":5.0},{"damage":0.0,"enemies":"Centurion and Healer","floor":32.0,"turns":4.0},{"damage":11.0,"enemies":"SI_MIRROR_ARCHETYPE","floor":33.0,"turns":6.0},{"damage":4.0,"enemies":"Orb Walker","floor":36.0,"turns":3.0},{"damage":12.0,"enemies":"3 Shapes","floor":39.0,"turns":5.0},{"damage":12.0,"enemies":"Spire Growth","floor":40.0,"turns":3.0},{"damage":26.0,"enemies":"Writhing Mass","floor":42.0,"turns":4.0},{"damage":0.0,"enemies":"Transient","floor":45.0,"turns":5.0},{"damage":19.0,"enemies":"Giant Head","floor":46.0,"turns":6.0},{"damage":4.0,"enemies":"Sphere and 2 Shapes","floor":48.0,"turns":5.0},{"damage":11.0,"enemies":"Spire Growth","floor":49.0,"turns":3.0},{"damage":60,"enemies":"IC_BLOCK_ARCHETYPE","floor":50,"turns":2}],"seed_played":"-5280421290495196441","potions_obtained":[{"floor":2.0,"key":"bronze:BuildAFunctionPotion"},{"floor":13.0,"key":"bronze:BurnAndBuffPotion"},{"floor":15.0,"key":"bronze:BuildAFunctionPotion"},{"floor":21.0,"key":"PowerPotion"},{"floor":26.0,"key":"Guardian:BlockOnCardUsePotion"},{"floor":31.0,"key":"sneckomod:MuddlingPotion"},{"floor":42.0,"key":"Fruit Juice"},{"floor":45.0,"key":"Explosive Potion"}],"is_trial":false,"path_per_floor":["R","M","M","M","?","T","T","E","R","M","M","?","M","$","M","B",null,"R","?","M","M","$","R","T","E","M","M","$","?","R","E","M","B",null,"R","M","?","?","M","M","T","M","?","T","M","E","$","M","M","B"],"character_chosen":"THE_AUTOMATON","items_purchased":["Chemical X","bronze:Optimize","Whetstone","Letter Opener","PrismaticShard","Blood Vial"],"campfire_rested":0,"item_purchase_floors":[22,22,28,28,47,47],"current_hp_per_floor":[70,70,70,70,70,70,70,63,63,52,52,52,52,52,49,44,70,70,70,70,69,57,57,57,21,33,45,45,30,30,25,37,45,70,70,66,66,66,64,62,62,43,43,43,53,46,46,54,52,0,0,0],"gold":96,"neow_bonus":"TRANSFORM_TWO_CARDS","is_daily":false,"chose_seed":false,"campfire_upgraded":5,"win_rate":0.0,"timestamp":1611252263,"path_taken":["R","M","M","M","?","?","T","E","R","M","?","?","?","$","M","BOSS","R","?","M","M","$","R","T","E","M","M","$","?","R","E","M","BOSS","R","M","?","?","M","M","T","M","?","?","?","E","$","M","M","BOSS"],"items_purchased_type":["Relic","Card","Relic","Relic","Relic","Relic"],"build_version":"2020-12-22","purchased_purges":1,"victory":false,"max_hp_per_floor":[70,70,70,70,70,70,70,70,70,70,70,70,70,70,70,70,70,70,70,70,70,70,70,70,70,70,70,70,70,70,70,70,70,70,70,70,70,70,70,70,70,70,70,70,70,70,70,70,70,75,75,75],"card_choices":[{"not_picked":["bronze:Safeguard","bronze:WhirlingStrike"],"picked":"bronze:Shield","floor":2.0},{"not_picked":["bronze:NullPointer","bronze:GetLatest"],"picked":"bronze:Philosophize","floor":3.0},{"not_picked":["bronze:Overheat","bronze:Safeguard","bronze:Philosophize"],"picked":"SKIP","floor":4.0},{"not_picked":["bronze:DelayedGuard","bronze:BugBarrage"],"picked":"bronze:Verify","floor":8.0},{"not_picked":["bronze:Iterate","bronze:Turbo","bronze:CutThrough"],"picked":"SKIP","floor":10.0},{"not_picked":["bronze:NullPointer","bronze:BuggyMess","bronze:Turbo"],"picked":"SKIP","floor":11.0},{"not_picked":["bronze:Frontload","bronze:WhirlingStrike","bronze:Allocate"],"picked":"SKIP","floor":13.0},{"not_picked":["bronze:Turbo","bronze:Separator"],"picked":"bronze:HardenedForm","floor":14.0},{"not_picked":["bronze:BitShift","bronze:WildBeam","bronze:Flail"],"picked":"SKIP","floor":15.0},{"not_picked":["bronze:SpaghettiCode","bronze:FindAndReplace"],"picked":"bronze:Mutator","floor":16.0},{"not_picked":["bronze:Constructor","bronze:Shell","bronze:MaxOutput+1"],"picked":"SKIP","floor":20.0},{"not_picked":["bronze:BugBarrage","bronze:BitShift"],"picked":"bronze:Repair","floor":21.0},{"not_picked":["bronze:Invalidate","bronze:OilSpill","bronze:Separator"],"picked":"SKIP","floor":22.0},{"not_picked":["bronze:Shield","bronze:Branch","bronze:FineTuning"],"picked":"SKIP","floor":25.0},{"not_picked":["bronze:ForLoop","bronze:Shield+1","bronze:MaxOutput"],"picked":"SKIP","floor":26.0},{"not_picked":["bronze:BugBarrage","bronze:WhirlingStrike"],"picked":"bronze:Turbo+1","floor":27.0},{"not_picked":["bronze:Verify","bronze:WildBeam+1","bronze:ThunderWave"],"picked":"SKIP","floor":28.0},{"not_picked":["bronze:Deprecate","bronze:BugBarrage"],"picked":"bronze:Boost","floor":31.0},{"not_picked":["bronze:GetLatest","bronze:ChosenStrike","bronze:Overload+1"],"picked":"SKIP","floor":32.0},{"not_picked":["bronze:DelayedGuard+1"],"picked":"SKIP","floor":36.0},{"not_picked":[],"picked":"expansioncontent:GuardianWhirl","floor":38.0},{"not_picked":["bronze:BitShift+1"],"picked":"SKIP","floor":39.0},{"not_picked":["bronze:Overload"],"picked":"SKIP","floor":40.0},{"not_picked":[],"picked":"bronze:BronzeOrb","floor":42.0},{"not_picked":["bronze:Iterate"],"picked":"SKIP","floor":45.0},{"not_picked":["bronze:OilSpill"],"picked":"SKIP","floor":46.0},{"not_picked":[],"picked":"Guardian:Reroute+1","floor":48.0},{"not_picked":["Rip and Tear+1"],"picked":"SKIP","floor":49.0}],"player_experience":222157,"relics_obtained":[{"floor":6.0,"key":"TungstenRod"},{"floor":7.0,"key":"Meat on the Bone"},{"floor":8.0,"key":"Peace Pipe"},{"floor":25.0,"key":"InkBottle"},{"floor":31.0,"key":"Sundial"},{"floor":41.0,"key":"Bronze Scales"},{"floor":44.0,"key":"The Courier"},{"floor":46.0,"key":"Dead Branch"}],"event_choices":[{"cards_removed":["bronze:Defend"],"damage_healed":0.0,"max_hp_gain":0.0,"max_hp_loss":0.0,"gold_gain":0.0,"event_name":"Falling","player_choice":"Removed Skill","floor":37.0,"gold_loss":0.0,"damage_taken":0.0}],"is_beta":false,"boss_relics":[{"not_picked":["Calling Bell","Astrolabe"],"picked":"bronze:PlatinumCore"},{"not_picked":["Snecko Eye","Tiny House"],"picked":"Busted Crown"}],"items_purged_floors":[14],"is_endless":false,"potions_floor_spawned":[2,13,15,21,26,31,42,45,46],"killed_by":"IC_BLOCK_ARCHETYPE","ascension_level":0}}