{"host":"l4kdldlios54gl54","time":1611190529,"event":{"mods":["AchievementEnabler","BaseMod","Colored Map","Colored Powertips","Minty Spire (QoL Compilation)","Random Character Button"],"gold_per_floor":[13,33,46,64,10,10,28,41,41,41,41,84,99,125,125,125,125],"floor_reached":16,"language":"ENG","playtime":540,"items_purged":[],"score":262,"play_id":"da34e202-27ec-4683-9524-07424d8ce4a6","local_time":"20210121015529","is_ascension_mode":true,"campfire_choices":[{"data":"Cleave","floor":6,"key":"SMITH"},{"data":"Sword Boomerang","floor":11,"key":"SMITH"},{"data":"Fire Breathing","floor":15,"key":"SMITH"}],"circlet_count":0,"master_deck":["AscendersBane","Strike_R","Strike_R","Strike_R","Defend_R","Defend_R","Defend_R","Bash","Cleave+1","Battle Trance","Headbutt","Sword Boomerang+1","Fire Breathing+1","Rage+1","Rage+1"],"relics":["Burning Blood","Toxic Egg 2","CeramicFish"],"acts_visited":["Exordium"],"potions_floor_usage":[2,12,12,16],"damage_taken":[{"damage":3,"enemies":"2 Louse","floor":1,"turns":4},{"damage":1,"enemies":"Cultist","floor":2,"turns":4},{"damage":9,"enemies":"Small Slimes","floor":3,"turns":4},{"damage":19,"enemies":"Gremlin Gang","floor":4,"turns":3},{"damage":9,"enemies":"Red Slaver","floor":7,"turns":5},{"damage":14,"enemies":"Blue Slaver","floor":8,"turns":4},{"damage":0,"enemies":"Gremlin Nob","floor":12,"turns":2},{"damage":0,"enemies":"2 Fungi Beasts","floor":13,"turns":3},{"damage":27,"enemies":"Exordium Thugs","floor":14,"turns":5},{"damage":41,"enemies":"Hexaghost","floor":16,"turns":9}],"seed_played":"-7727389542117320846","potions_obtained":[{"floor":1,"key":"Block Potion"},{"floor":4,"key":"DistilledChaos"},{"floor":12,"key":"Dexterity Potion"}],"is_trial":false,"path_per_floor":["M","M","M","M","$","R","M","M","T","?","R","E","M","M","R","B"],"character_chosen":"IRONCLAD","items_purchased":["AttackPotion"],"campfire_rested":0,"item_purchase_floors":[5],"current_hp_per_floor":[71,75,72,59,59,59,56,48,48,48,48,54,60,39,39,0,0],"gold":125,"neow_bonus":"REMOVE_TWO","is_daily":false,"chose_seed":false,"campfire_upgraded":3,"win_rate":0.0,"timestamp":1611190529,"path_taken":["M","M","M","M","$","R","M","M","T","?","R","E","M","M","R","BOSS"],"items_purchased_type":["Potion"],"build_version":"2020-12-22","purchased_purges":0,"victory":false,"max_hp_per_floor":[75,75,75,75,75,75,75,75,75,75,75,75,75,75,75,75,75],"card_choices":[{"not_picked":["Blood for Blood","Inflame","Warcry"],"picked":"SKIP","floor":1},{"not_picked":["Infernal Blade","Flex"],"picked":"Cleave","floor":2},{"not_picked":["Thunderclap","Body Slam"],"picked":"Battle Trance","floor":3},{"not_picked":["Inflame","Shrug It Off"],"picked":"Headbutt","floor":4},{"not_picked":["Intimidate","Armaments"],"picked":"Sword Boomerang","floor":7},{"not_picked":["Warcry","Pommel Strike"],"picked":"Fire Breathing","floor":8},{"not_picked":["Blood for Blood","Clash"],"picked":"Rage+1","floor":12},{"not_picked":["Flex+1","Sword Boomerang","Fiend Fire"],"picked":"SKIP","floor":13},{"not_picked":["Cleave","Thunderclap"],"picked":"Rage+1","floor":14}],"player_experience":883827,"relics_obtained":[{"floor":9,"key":"Toxic Egg 2"},{"floor":12,"key":"CeramicFish"}],"event_choices":[{"cards_removed":["Strike_R"],"damage_healed":0,"gold_gain":0,"player_choice":"Purged","damage_taken":0,"max_hp_gain":0,"max_hp_loss":0,"event_name":"Purifier","floor":10,"gold_loss":0}],"is_beta":false,"boss_relics":[],"items_purged_floors":[],"is_endless":false,"potions_floor_spawned":[1,4,12],"killed_by":"Hexaghost","ascension_level":20}}