{"host":"3ui03y3mxa3ndqsx","time":1611239540,"event":{"mods":["Act Like it!","BaseMod","Downfall","Minty Spire (QoL Compilation)","Quick Restart","StSLib"],"gold_per_floor":[99,112,130,55,40,72,72,22,47,62,12,89,39,55,69,174,174,24,24,24,36,52,67,67,82,95,45,45,45,45],"floor_reached":28,"language":"ZHS","playtime":1648,"items_purged":[],"score":242,"play_id":"013d680c-2303-42d0-88ba-bf7a41403c99","local_time":"20210121223220","is_ascension_mode":true,"campfire_choices":[{"data":"Slimebound:Split","floor":1.0,"key":"SMITH"},{"data":"Slimebound:Gluttony","floor":8,"key":"SMITH"},{"floor":11,"key":"REST"},{"floor":13,"key":"REST"},{"data":"Slimebound:TongueLash","floor":18,"key":"SMITH"},{"floor":27,"key":"REST"}],"circlet_count":0,"master_deck":["Slimebound:Tackle","Slimebound:Split+1","Slimebound:CorrosiveSpit+1","Slimebound:HauntingLick","Slimebound:SplitLeeching","Slimebound:PressTheAttack","Slimebound:LeechingTouch","Slimebound:Gluttony+1","Slimebound:OozeBath","Slimebound:SamplingLick","Slimebound:AcidTongue","Slimebound:Schlurp+1","Slimebound:Overexert","Slimebound:PressTheAttack","Slimebound:MassRepurpose+1","Slimebound:WasteNot+1","Slimebound:TongueLash+1","Slimebound:GrowthPunch","Slimebound:Replication+1","Slimebound:ProtectTheBoss","Slimebound:RollThrough","Slimebound:DouseInSlime+1","Slimebound:TongueLash","Slimebound:SplitMire+1","Slimebound:HauntingLick+1","Slimebound:Schlurp+1","Slimebound:LeadByExample","Slimebound:SamplingLick+1","Slimebound:SpikyOuterGoop+1"],"relics":["Slimebound:AbsorbEndCombat","Slimebound:GreedOozeRelic","Prayer Wheel","Toxic Egg 2","Pandora\u0027s Box","downfall:HeartBlessingBlue","downfall:RedIOU","Bottled Flame"],"acts_visited":["Exordium","TheCity"],"potions_floor_usage":[6,16],"damage_taken":[{"damage":0.0,"enemies":"2 Louse","floor":2.0,"turns":2.0},{"damage":0.0,"enemies":"Jaw Worm","floor":3.0,"turns":3.0},{"damage":0.0,"enemies":"downfall:FleeingMerchant","floor":5.0,"turns":4.0},{"damage":26,"enemies":"Gremlin Nob","floor":6,"turns":4},{"damage":37,"enemies":"3 Sentries","floor":9,"turns":8},{"damage":0,"enemies":"Cultist","floor":10,"turns":3},{"damage":12,"enemies":"2 Fungi Beasts","floor":14,"turns":3},{"damage":4,"enemies":"Exordium Thugs","floor":15,"turns":4},{"damage":11,"enemies":"IC_STATUS_ARCHETYPE","floor":16,"turns":5},{"damage":15,"enemies":"Spheric Guardian","floor":21,"turns":4},{"damage":15,"enemies":"3 Byrds","floor":22,"turns":4},{"damage":12,"enemies":"Centurion and Healer","floor":23,"turns":6},{"damage":20,"enemies":"Sentry and Sphere","floor":25,"turns":5},{"damage":15,"enemies":"Chosen and Byrds","floor":26,"turns":4},{"damage":58,"enemies":"Gremlin Leader","floor":28,"turns":4}],"seed_played":"-6478855222010606782","potions_obtained":[{"floor":3.0,"key":"Slimebound:SpawnSlimePotion"},{"floor":9,"key":"Explosive Potion"},{"floor":15,"key":"EssenceOfSteel"},{"floor":21,"key":"Ancient Potion"},{"floor":23,"key":"Regen Potion"}],"is_trial":false,"path_per_floor":["R","M","M","?","$","E","T","R","E","M","R","T","R","M","M","B",null,"R","?","?","M","M","M","T","M","M","R","E"],"character_chosen":"SLIMEBOUND","items_purchased":[],"campfire_rested":3,"item_purchase_floors":[],"current_hp_per_floor":[65,65,65,65,65,41,41,41,12,18,37,37,56,50,54,51,65,75,75,75,62,55,51,51,39,32,54,0,0,0],"gold":45,"neow_bonus":"THREE_CARDS","is_daily":false,"chose_seed":false,"campfire_upgraded":3,"win_rate":0.0,"timestamp":1611239540,"path_taken":["R","M","M","?","$","E","T","R","E","M","R","?","R","M","M","BOSS","R","?","?","M","?","M","T","M","M","R","E"],"items_purchased_type":[],"build_version":"2020-12-22","purchased_purges":0,"victory":false,"max_hp_per_floor":[65,65,65,65,65,65,65,65,65,65,65,65,65,65,65,65,65,75,75,75,75,75,75,75,75,75,75,75,75,75],"card_choices":[{"not_picked":["Slimebound:ComboTackle","Slimebound:LivingWall"],"picked":"Slimebound:HauntingLick","floor":0.0},{"not_picked":["Slimebound:SplitBruiser","Slimebound:RollThrough"],"picked":"Slimebound:SplitLeeching","floor":2.0},{"not_picked":["Slimebound:LivingWall","Slimebound:SplitLeeching"],"picked":"Slimebound:PressTheAttack","floor":3.0},{"not_picked":["Slimebound:LeechEnergy","Slimebound:SplitAcid"],"picked":"Slimebound:LeechingTouch","floor":5.0},{"not_picked":["Slimebound:RollThrough","Slimebound:SplitLeeching"],"picked":"Slimebound:Gluttony","floor":6},{"not_picked":["Slimebound:RollThrough","Slimebound:ServeAndProtect"],"picked":"Slimebound:OozeBath","floor":9},{"not_picked":["Slimebound:SplitLeeching","Slimebound:AcidTongue"],"picked":"Slimebound:SamplingLick","floor":10},{"not_picked":["Slimebound:DivideAndConquer","Slimebound:SplitBruiser"],"picked":"Slimebound:AcidTongue","floor":10},{"not_picked":["Slimebound:SplitMire+1","Slimebound:Gluttony"],"picked":"Slimebound:Schlurp+1","floor":14},{"not_picked":["Slimebound:Prepare+1","Slimebound:SamplingLick+1"],"picked":"Slimebound:Overexert","floor":14},{"not_picked":["Slimebound:SplitAcid+1","Slimebound:SlimeSpikes+1"],"picked":"Slimebound:PressTheAttack","floor":15},{"not_picked":["Slimebound:SplitBruiser+1","Slimebound:ItLooksTasty","Slimebound:SplitMire+1"],"picked":"SKIP","floor":15},{"not_picked":["Slimebound:FirmFortitude+1","Slimebound:Teamwork+1"],"picked":"Slimebound:MassRepurpose+1","floor":16},{"not_picked":["Slimebound:SplitMire+1","Slimebound:FinishingTackle"],"picked":"Slimebound:TongueLash","floor":21},{"not_picked":["Slimebound:ComboTackle","Slimebound:LeechingTouch"],"picked":"Slimebound:SplitMire+1","floor":21},{"not_picked":["Slimebound:LeechEnergy","Slimebound:GrowthPunch+1"],"picked":"Slimebound:HauntingLick+1","floor":22},{"not_picked":["Slimebound:ItLooksTasty","Slimebound:FinishingTackle","Slimebound:GrowthPunch"],"picked":"SKIP","floor":22},{"not_picked":["Slimebound:FinishingTackle","Slimebound:Gluttony"],"picked":"Slimebound:Schlurp+1","floor":23},{"not_picked":["Slimebound:Replication+1","Slimebound:SplitBruiser+1"],"picked":"Slimebound:LeadByExample","floor":23},{"not_picked":["Slimebound:RallyTheTroops","Slimebound:SplitAcid+1"],"picked":"Slimebound:SamplingLick+1","floor":25},{"not_picked":["Slimebound:RejuvenatingLick+1","Slimebound:FinishingTackle"],"picked":"Slimebound:SpikyOuterGoop+1","floor":25},{"not_picked":["Slimebound:SamplingLick+1","Slimebound:DisruptingSlam+1","Slimebound:SplitLeeching+1"],"picked":"SKIP","floor":26},{"not_picked":["Slimebound:ComboTackle","Slimebound:Schlurp+1","Slimebound:Prepare+1"],"picked":"SKIP","floor":26}],"player_experience":222383,"relics_obtained":[{"floor":6,"key":"Prayer Wheel"},{"floor":9,"key":"HornCleat"},{"floor":12,"key":"Toxic Egg 2"},{"floor":24,"key":"Bottled Flame"}],"event_choices":[{"damage_healed":0,"gold_gain":0,"player_choice":"Forge","damage_taken":0,"max_hp_gain":0,"max_hp_loss":0,"event_name":"Accursed Blacksmith","floor":20,"gold_loss":0,"cards_upgraded":["Slimebound:CorrosiveSpit"]}],"is_beta":false,"boss_relics":[{"not_picked":["Runic Pyramid","Slimebound:TarBlob"],"picked":"Pandora\u0027s Box"}],"items_purged_floors":[],"is_endless":false,"potions_floor_spawned":[3,9,15,21,23,26],"killed_by":"Gremlin Leader","ascension_level":1}}