{"host":"9vecvdjkx64cw9bo","time":1611243580,"event":{"mods":["Ascension Unlocker","BaseMod","Custom Start","Keyboard Shortcuts","Minty Spire (QoL Compilation)","Quick Restart","StSLib","SuperFastMode"],"gold_per_floor":[119,194,119,44,44,44,71,86,86,86,86,120,120,137,137,208,208,219,119,119,44,57,84,64,64,64,76,91,124,39,39,39,110,110,129,195,245,256,306,306,356,356,356,368,368,418,428,454,454,454,454],"floor_reached":52,"language":"KOR","playtime":1123,"items_purged":["Defend_B","Stack+1"],"score":2073,"play_id":"000c1697-dca8-484d-a66a-ae631ff726dd","local_time":"20210122003940","is_ascension_mode":true,"campfire_choices":[{"data":"Dualcast","floor":6.0,"key":"SMITH"},{"data":"Genetic Algorithm","floor":10.0,"key":"SMITH"},{"data":"Hologram","floor":13.0,"key":"SMITH"},{"data":"Undo","floor":15.0,"key":"SMITH"},{"data":"Defragment","floor":25.0,"key":"SMITH"},{"data":"Go for the Eyes","floor":32.0,"key":"SMITH"},{"floor":40.0,"key":"REST"},{"data":"Reboot","floor":42.0,"key":"SMITH"},{"data":"Reinforced Body","floor":45.0,"key":"SMITH"},{"data":"Aggregate","floor":49.0,"key":"SMITH"}],"circlet_count":0,"master_deck":["AscendersBane","Dualcast+1","Darkness+1","Undo+1","Genetic Algorithm+1","Hologram+1","Capacitor+1","Turbo","Defragment+1","Loop+1","Go for the Eyes+1","Reinforced Body+1","Reboot+1","Aggregate+1"],"relics":["NeowsBlessing","Symbiotic Virus","FossilizedHelix","StrikeDummy","Torii","Girya","Astrolabe","Pantograph","Shuriken","Eternal Feather","Matryoshka","SsserpentHead","SlaversCollar","Nunchaku","Pear","Vajra"],"acts_visited":["Exordium","TheCity","TheBeyond"],"potions_floor_usage":[51],"damage_taken":[{"damage":0.0,"enemies":"Jaw Worm","floor":1.0,"turns":1.0},{"damage":0.0,"enemies":"3 Sentries","floor":7.0,"turns":2.0},{"damage":0.0,"enemies":"2 Louse","floor":8.0,"turns":2.0},{"damage":1.0,"enemies":"Lagavulin","floor":12.0,"turns":6.0},{"damage":0.0,"enemies":"Cultist","floor":14.0,"turns":4.0},{"damage":1.0,"enemies":"The Guardian","floor":16.0,"turns":7.0},{"damage":9.0,"enemies":"Chosen","floor":18.0,"turns":4.0},{"damage":0.0,"enemies":"Spheric Guardian","floor":22.0,"turns":1.0},{"damage":8.0,"enemies":"Book of Stabbing","floor":23.0,"turns":4.0},{"damage":23.0,"enemies":"Shelled Parasite and Fungi","floor":27.0,"turns":4.0},{"damage":0.0,"enemies":"Chosen and Byrds","floor":28.0,"turns":5.0},{"damage":1.0,"enemies":"Gremlin Leader","floor":29.0,"turns":6.0},{"damage":19.0,"enemies":"Automaton","floor":33.0,"turns":11.0},{"damage":9.0,"enemies":"Orb Walker","floor":35.0,"turns":4.0},{"damage":11.0,"enemies":"3 Shapes","floor":36.0,"turns":4.0},{"damage":37.0,"enemies":"Sphere and 2 Shapes","floor":38.0,"turns":9.0},{"damage":1.0,"enemies":"Spire Growth","floor":44.0,"turns":5.0},{"damage":20.0,"enemies":"Transient","floor":47.0,"turns":6.0},{"damage":0.0,"enemies":"Nemesis","floor":48.0,"turns":5.0},{"damage":56.0,"enemies":"Donu and Deca","floor":50.0,"turns":9.0},{"damage":41,"enemies":"Time Eater","floor":51,"turns":10}],"seed_played":"-8167191896462464688","potions_obtained":[{"floor":1.0,"key":"LiquidMemories"},{"floor":5.0,"key":"EssenceOfDarkness"},{"floor":18.0,"key":"ColorlessPotion"},{"floor":24.0,"key":"PotionOfCapacity"},{"floor":35.0,"key":"Block Potion"},{"floor":48.0,"key":"Regen Potion"}],"is_trial":false,"path_per_floor":["M","?","?","$","?","R","E","M","T","R","T","E","R","M","R","B",null,"M","$","?","?","M","E","?","R","T","M","M","E","?","?","R","B",null,"M","M","?","M","?","R","?","R","T","M","R","?","M","E","R","B","B",null],"character_chosen":"DEFECT","items_purchased":[],"campfire_rested":1,"item_purchase_floors":[],"current_hp_per_floor":[64,53,53,53,53,53,53,53,53,53,53,52,52,52,52,51,66,57,57,57,57,57,49,49,49,49,26,26,25,25,25,31,37,63,54,43,43,6,6,33,58,58,68,67,68,68,48,48,54,12,11],"gold":454,"neow_bonus":"THREE_ENEMY_KILL","is_daily":false,"chose_seed":false,"campfire_upgraded":9,"win_rate":0.0,"timestamp":1611243580,"path_taken":["M","?","?","?","?","R","E","?","T","R","?","E","R","M","R","BOSS","M","$","?","?","M","E","?","R","T","?","M","E","?","?","R","BOSS","M","?","?","M","?","R","?","R","T","M","R","?","M","E","R","BOSS","BOSS"],"items_purchased_type":[],"build_version":"2020-12-22","purchased_purges":2,"victory":true,"max_hp_per_floor":[71,71,71,71,71,71,71,71,71,71,71,71,71,71,71,71,71,71,71,71,71,71,71,71,71,71,71,71,71,71,71,71,71,71,71,71,71,71,71,71,58,58,68,68,68,68,68,68,68,68,68],"card_choices":[{"not_picked":["Reinforced Body","Steam"],"picked":"Undo","floor":1.0},{"not_picked":["Streamline","Heatsinks","Sunder"],"picked":"SKIP","floor":7.0},{"not_picked":["Stack","Compile Driver"],"picked":"Genetic Algorithm","floor":8.0},{"not_picked":["Turbo","Barrage"],"picked":"Hologram","floor":12.0},{"not_picked":["Stack","Beam Cell","Conserve Battery"],"picked":"SKIP","floor":14.0},{"not_picked":["White Noise+1","Gash","Undo"],"picked":"SKIP","floor":18.0},{"not_picked":["Undo","Cold Snap"],"picked":"Turbo","floor":22.0},{"not_picked":["Gash","Streamline+1"],"picked":"Defragment","floor":23.0},{"not_picked":["Melter+1","Turbo"],"picked":"Loop+1","floor":27.0},{"not_picked":["Leap","Rebound"],"picked":"Go for the Eyes","floor":28.0},{"not_picked":["Heatsinks","Coolheaded"],"picked":"Reinforced Body","floor":29.0},{"not_picked":["Thunder Strike","Core Surge"],"picked":"Reboot","floor":33.0},{"not_picked":["Reinforced Body+1","Conserve Battery","Ball Lightning+1"],"picked":"SKIP","floor":35.0},{"not_picked":["Coolheaded","Go for the Eyes+1","Chill"],"picked":"SKIP","floor":36.0},{"not_picked":["Darkness","Coolheaded","Double Energy"],"picked":"SKIP","floor":38.0},{"not_picked":["Hello World","Turbo","Coolheaded+1"],"picked":"SKIP","floor":44.0},{"not_picked":["Darkness","Leap"],"picked":"Aggregate","floor":47.0},{"not_picked":["All For One","Compile Driver","Sweeping Beam"],"picked":"SKIP","floor":48.0}],"player_experience":786742,"relics_obtained":[{"floor":7.0,"key":"FossilizedHelix"},{"floor":9.0,"key":"StrikeDummy"},{"floor":11.0,"key":"Torii"},{"floor":12.0,"key":"Girya"},{"floor":23.0,"key":"Pantograph"},{"floor":26.0,"key":"Shuriken"},{"floor":29.0,"key":"Eternal Feather"},{"floor":43.0,"key":"Nunchaku"},{"floor":43.0,"key":"Pear"},{"floor":48.0,"key":"Vajra"}],"event_choices":[{"damage_healed":0.0,"max_hp_gain":0.0,"max_hp_loss":0.0,"gold_gain":75.0,"event_name":"World of Goop","player_choice":"Gather Gold","floor":2.0,"gold_loss":0.0,"damage_taken":11.0},{"cards_removed":["Strike_B"],"damage_healed":0.0,"max_hp_gain":0.0,"max_hp_loss":0.0,"gold_gain":0.0,"event_name":"The Cleric","player_choice":"Card Removal","floor":3.0,"gold_loss":75.0,"damage_taken":0.0},{"damage_healed":0.0,"max_hp_gain":0.0,"max_hp_loss":0.0,"gold_gain":0.0,"event_name":"Lab","player_choice":"Got Potions","floor":5.0,"gold_loss":0.0,"damage_taken":0.0},{"cards_removed":["Strike_B"],"damage_healed":0.0,"max_hp_gain":0.0,"max_hp_loss":0.0,"gold_gain":0.0,"event_name":"Back to Basics","player_choice":"Elegance","floor":20.0,"gold_loss":0.0,"damage_taken":0.0},{"cards_removed":["Defend_B"],"damage_healed":0.0,"max_hp_gain":0.0,"max_hp_loss":0.0,"gold_gain":0.0,"event_name":"Beggar","player_choice":"Gave Gold","floor":21.0,"gold_loss":75.0,"damage_taken":0.0},{"damage_healed":0.0,"max_hp_gain":0.0,"max_hp_loss":0.0,"gold_gain":0.0,"event_name":"The Woman in Blue","player_choice":"Bought 1 Potion","floor":24.0,"gold_loss":0.0,"damage_taken":0.0},{"damage_healed":0.0,"max_hp_gain":0.0,"max_hp_loss":0.0,"gold_gain":0.0,"event_name":"Addict","player_choice":"Obtained Relic","floor":30.0,"gold_loss":85.0,"damage_taken":0.0,"relics_obtained":["Matryoshka"]},{"damage_healed":0.0,"max_hp_gain":0.0,"max_hp_loss":0.0,"gold_gain":0.0,"event_name":"FaceTrader","player_choice":"Trade","floor":31.0,"gold_loss":0.0,"damage_taken":0.0,"relics_obtained":["SsserpentHead"]},{"cards_removed":["Melter"],"damage_healed":0.0,"max_hp_gain":0.0,"max_hp_loss":0.0,"gold_gain":0.0,"event_name":"Falling","player_choice":"Removed Attack","floor":37.0,"gold_loss":0.0,"damage_taken":0.0},{"damage_healed":0.0,"max_hp_gain":0.0,"max_hp_loss":0.0,"gold_gain":0.0,"event_name":"Tomb of Lord Red Mask","player_choice":"Ignored","floor":39.0,"gold_loss":0.0,"damage_taken":0.0},{"damage_healed":58.0,"max_hp_gain":0.0,"max_hp_loss":13.0,"gold_gain":0.0,"event_name":"The Moai Head","player_choice":"Heal","floor":41.0,"gold_loss":0.0,"damage_taken":0.0},{"cards_removed":["Defend_B"],"damage_healed":0.0,"max_hp_gain":0.0,"max_hp_loss":0.0,"gold_gain":0.0,"event_name":"Bonfire Elementals","player_choice":"Offered Basic","floor":46.0,"gold_loss":0.0,"damage_taken":0.0}],"is_beta":false,"boss_relics":[{"not_picked":["Runic Dome","Velvet Choker"],"picked":"Astrolabe"},{"not_picked":["Fusion Hammer","Calling Bell"],"picked":"SlaversCollar"}],"items_purged_floors":[4,19],"is_endless":false,"potions_floor_spawned":[1,8,12,18,29,35,38,48],"ascension_level":20}}