{"host":"ve5hox67eka4rdnb","time":1611210061,"event":{"mods":["ATMod(∞¢Ë™Mod)","Act Like it!","BaseMod","Downfall","Gensokyo","Hermit","Lobotomy","Marisa£®ÏF”Í°°ƒß¿Ì…≥£©","Minty Spire (QoL Compilation)","Remilia£®¿Ÿ√◊¿Ú—«£©","StSLib","The Cursed","The Servant 0.9.4"],"gold_per_floor":[110,110,124,199,1,1,32,43,68,68,54,72,172,207,207,310,310,325,19,33,46,46,46,46],"floor_reached":23,"language":"ZHS","playtime":1592,"items_purged":["Strike_G"],"score":226,"play_id":"63ad9ab3-84b8-46bf-9f96-52dc3b9e9258","local_time":"20210121142101","is_ascension_mode":false,"campfire_choices":[{"data":"AT_FamilyPortrait","floor":6,"key":"SMITH"},{"data":"Neutralize","floor":10,"key":"SMITH"},{"data":"AT_WindFlip","floor":15,"key":"SMITH"}],"circlet_count":0,"master_deck":["Strike_G","Strike_G+1","Strike_G+1","Strike_G","Defend_G","Defend_G","Defend_G","Defend_G","Survivor","Neutralize+1","AT_FamilyPortrait+1","MeltingLove","Poisoned Stab","OldLady","Poisoned Stab","Deflect","Deadly Poison","UniverseFragment","Deflect","MeatLantern","AT_FocusSwordFire","AT_WindFlip+1","Envenom","LaLuna","Escape Plan+1","Alriune","Flying Knee","downfall:Bewildered"],"relics":["Ring of the Snake","AT_ATBox","CogitoBucket","Orichalcum","ScarletDevilRocket","Whetstone","Strawberry","Philosopher\u0027s Stone","Membership Card","AntiCross","sneckomod:BabySnecko"],"acts_visited":["Exordium","TheCity"],"potions_floor_usage":[12,14,21],"damage_taken":[{"damage":2,"enemies":"2 Louse","floor":1,"turns":4},{"damage":2,"enemies":"Small Slimes","floor":3,"turns":2},{"damage":11,"enemies":"Gremlin Nob","floor":7,"turns":4},{"damage":0,"enemies":"Cultist","floor":8,"turns":2},{"damage":17,"enemies":"Exordium Thugs","floor":11,"turns":7},{"damage":5,"enemies":"Looter","floor":12,"turns":4},{"damage":0,"enemies":"Lagavulin","floor":14,"turns":5},{"damage":6,"enemies":"Hexaghost","floor":16,"turns":9},{"damage":1,"enemies":"Shell Parasite","floor":18,"turns":4},{"damage":50,"enemies":"Chosen","floor":20,"turns":3},{"damage":0,"enemies":"Snake Plant","floor":21,"turns":2},{"damage":32,"enemies":"Gremlin Leader","floor":23,"turns":3}],"seed_played":"1573182584080197217","potions_obtained":[{"floor":7,"key":"bronze:BurnAndBuffPotion"},{"floor":8,"key":"LiquidBronze"},{"floor":14,"key":"Fire Potion"},{"floor":16,"key":"Dexterity Potion"},{"floor":20,"key":"EssenceOfSteel"}],"is_trial":false,"path_per_floor":["M","?","M","?","$","R","E","M","T","R","M","M","?","E","R","B",null,"M","$","M","M","?","E"],"character_chosen":"THE_SILENT","items_purchased":["Orichalcum","Poisoned Stab","Membership Card","AntiCross"],"campfire_rested":0,"item_purchase_floors":[5,5,19,19],"current_hp_per_floor":[68,61,59,48,48,48,37,37,37,37,46,41,41,48,48,42,77,76,76,26,26,26,0,0],"gold":46,"neow_bonus":"","is_daily":false,"chose_seed":false,"campfire_upgraded":3,"win_rate":0.0,"timestamp":1611210061,"path_taken":["M","?","M","?","$","R","E","M","T","R","M","M","?","E","R","BOSS","M","$","M","?","?","E"],"items_purchased_type":["Relic","Card","Relic","Relic"],"build_version":"2020-12-22","purchased_purges":1,"victory":false,"max_hp_per_floor":[70,70,70,70,70,70,70,70,70,70,70,70,70,77,77,77,77,77,77,77,77,77,77,77],"card_choices":[{"not_picked":["PunishingBird","Scorched"],"picked":"MeltingLove","floor":1},{"not_picked":["PiercingWail","Expertise"],"picked":"Poisoned Stab","floor":1},{"not_picked":["SpiderBud","DreamingCurrent"],"picked":"OldLady","floor":3},{"not_picked":["Dodge and Roll","PiercingWail","Distraction"],"picked":"SKIP","floor":3},{"not_picked":["BigBird","CrumblingArmor"],"picked":"Yin","floor":7},{"not_picked":["Quick Slash","Burst"],"picked":"Deflect","floor":7},{"not_picked":["Flying Knee","Caltrops"],"picked":"Deadly Poison","floor":8},{"not_picked":["DespairKnight","ShyLook"],"picked":"UniverseFragment","floor":11},{"not_picked":["Reflex","PiercingWail"],"picked":"Deflect","floor":11},{"not_picked":["VoidDream","SpiderBud"],"picked":"MeatLantern","floor":12},{"not_picked":["Dash","Dodge and Roll"],"picked":"AT_FocusSwordFire","floor":12},{"not_picked":["Heel Hook","Cloak And Dagger"],"picked":"AT_WindFlip","floor":14},{"not_picked":["AT_MyraUnstableElement","AT_KingSlayer"],"picked":"Envenom","floor":16},{"not_picked":["Variant","GalaxyChild"],"picked":"LaLuna","floor":18},{"not_picked":["AT_WomanClash+1","Dagger Throw"],"picked":"Escape Plan+1","floor":18},{"not_picked":["OSAHOGD","Wellcheers"],"picked":"Alriune","floor":20},{"not_picked":["Outmaneuver+1","All Out Attack"],"picked":"Flying Knee","floor":20},{"not_picked":["Predator","Underhanded Strike","AT_WomanClash"],"picked":"SKIP","floor":21}],"player_experience":165394,"relics_obtained":[{"floor":7,"key":"ScarletDevilRocket"},{"floor":9,"key":"Whetstone"},{"floor":14,"key":"Strawberry"}],"event_choices":[{"cards_removed":["Defend_G"],"damage_healed":0,"gold_gain":0,"player_choice":"Card Removal","damage_taken":7,"max_hp_gain":0,"max_hp_loss":0,"event_name":"Golden Wing","floor":2,"gold_loss":0},{"damage_healed":0,"gold_gain":75,"player_choice":"Gather Gold","damage_taken":11,"max_hp_gain":0,"max_hp_loss":0,"event_name":"World of Goop","floor":4,"gold_loss":0},{"damage_healed":0,"gold_gain":100,"player_choice":"Pray","damage_taken":0,"max_hp_gain":0,"max_hp_loss":0,"event_name":"Golden Shrine","floor":13,"gold_loss":0}],"is_beta":false,"boss_relics":[{"not_picked":["WristBlade","Empty Cage"],"picked":"Philosopher\u0027s Stone"}],"items_purged_floors":[19],"is_endless":false,"potions_floor_spawned":[7,8,14,16,20],"killed_by":"Gremlin Leader","ascension_level":0}}