{"host":"4nqeo0vu1vuav7gg","time":1611249704,"event":{"mods":["AchievementEnabler","BaseMod","Block Reminder","Colored Map","Colored Powertips","Highlight Path","Minty Spire (QoL Compilation)","Quick Restart","Rare Cards Sparkle","Relic Relevance Reorder","StSLib"],"gold_per_floor":[14,31,31,51,51,91,91,91,91,124,142,142,142,162,162,258,258,271,271,271],"floor_reached":19,"language":"ENG","playtime":820,"items_purged":[],"score":345,"play_id":"e0a9bd11-979f-4199-b61f-f03021451e00","local_time":"20210121182144","is_ascension_mode":true,"campfire_choices":[{"floor":8.0,"key":"REST"},{"floor":13.0,"key":"REST"},{"floor":15.0,"key":"REST"}],"circlet_count":0,"master_deck":["AscendersBane","Strike_B","Strike_B","Strike_B","Defend_B","Defend_B","Defend_B","Defend_B","Zap","Dualcast","Coolheaded","Hyperbeam","Injury","Hologram+1","Echo Form","Conserve Battery+1","Ball Lightning","Meteor Strike","Doom and Gloom+1"],"relics":["Cracked Core","StoneCalendar","Runic Pyramid","Thread and Needle","Anchor","Toxic Egg 2","Golden Idol"],"acts_visited":["Exordium","TheCity"],"potions_floor_usage":[],"damage_taken":[{"damage":2.0,"enemies":"Cultist","floor":1.0,"turns":4.0},{"damage":15.0,"enemies":"Jaw Worm","floor":2.0,"turns":4.0},{"damage":6.0,"enemies":"Small Slimes","floor":4.0,"turns":4.0},{"damage":35.0,"enemies":"Lagavulin","floor":6.0,"turns":9.0},{"damage":34.0,"enemies":"3 Sentries","floor":10.0,"turns":8.0},{"damage":0.0,"enemies":"2 Fungi Beasts","floor":11.0,"turns":3.0},{"damage":13.0,"enemies":"Lots of Slimes","floor":14.0,"turns":3.0},{"damage":36.0,"enemies":"The Guardian","floor":16.0,"turns":11.0},{"damage":45,"enemies":"3 Byrds","floor":18,"turns":6},{"damage":12,"enemies":"Spheric Guardian","floor":19,"turns":5}],"seed_played":"-2702716331213134089","potions_obtained":[{"floor":2.0,"key":"ColorlessPotion"},{"floor":4.0,"key":"Regen Potion"},{"floor":6.0,"key":"DistilledChaos"},{"floor":14.0,"key":"DuplicationPotion"},{"floor":16.0,"key":"ColorlessPotion"}],"is_trial":false,"path_per_floor":["M","M","$","M","?","E","?","R","T","E","M","?","R","M","R","B",null,"M","M"],"character_chosen":"DEFECT","items_purchased":[],"campfire_rested":3,"item_purchase_floors":[],"current_hp_per_floor":[62,47,47,41,41,21,21,42,42,8,8,8,29,16,37,1,54,9,0,0],"gold":271,"neow_bonus":"ONE_RARE_RELIC","is_daily":false,"chose_seed":false,"campfire_upgraded":0,"win_rate":0.0,"timestamp":1611249704,"path_taken":["M","M","$","?","?","E","?","R","T","E","M","?","R","M","R","BOSS","M","M"],"items_purchased_type":[],"build_version":"2020-12-22","purchased_purges":0,"victory":false,"max_hp_per_floor":[71,71,71,71,71,71,71,71,71,71,71,71,71,71,71,71,71,71,71,71],"card_choices":[{"not_picked":["Rebound","Streamline"],"picked":"Coolheaded","floor":1.0},{"not_picked":["Steam","Compile Driver","Barrage"],"picked":"SKIP","floor":2.0},{"not_picked":["Rebound","BootSequence"],"picked":"Hyperbeam","floor":4.0},{"not_picked":["Hologram+1","Stack+1","Compile Driver"],"picked":"SKIP","floor":6.0},{"not_picked":["Stack+1","Compile Driver"],"picked":"Hologram+1","floor":6.0},{"not_picked":["Blizzard","Streamline"],"picked":"Echo Form","floor":10.0},{"not_picked":["Cold Snap","Consume+1"],"picked":"Conserve Battery+1","floor":11.0},{"not_picked":["Scrape","Storm"],"picked":"Ball Lightning","floor":14.0},{"not_picked":["Hyperbeam","Core Surge"],"picked":"Meteor Strike","floor":16.0},{"not_picked":["Turbo+1","Leap+1"],"picked":"Doom and Gloom+1","floor":18}],"player_experience":1065798,"relics_obtained":[{"floor":6.0,"key":"Toxic Egg 2"},{"floor":9.0,"key":"Anchor"},{"floor":10.0,"key":"StoneCalendar"}],"event_choices":[{"damage_healed":0.0,"max_hp_gain":0.0,"max_hp_loss":0.0,"gold_gain":0.0,"event_name":"Golden Idol","player_choice":"Take Wound","floor":5.0,"gold_loss":0.0,"damage_taken":0.0,"relics_obtained":["Golden Idol"],"cards_obtained":["Injury"]},{"damage_healed":0.0,"max_hp_gain":0.0,"max_hp_loss":0.0,"gold_gain":0.0,"event_name":"Shining Light","player_choice":"Ignored","floor":7.0,"gold_loss":0.0,"damage_taken":0.0},{"cards_removed":["Strike_B"],"damage_healed":0.0,"max_hp_gain":0.0,"max_hp_loss":0.0,"gold_gain":0.0,"event_name":"Purifier","player_choice":"Purged","floor":12.0,"gold_loss":0.0,"damage_taken":0.0}],"is_beta":false,"boss_relics":[{"not_picked":["Cursed Key","Busted Crown"],"picked":"Runic Pyramid"}],"items_purged_floors":[],"is_endless":false,"potions_floor_spawned":[2,4,6,14,16],"killed_by":"Spheric Guardian","ascension_level":19}}