{"host":"jvd5k9mqzerszifx","time":1611244742,"event":{"mods":["AchievementEnabler","Act Like it!","BaseMod","Better Note","Better Third Choice","Colored Map","Colored Powertips","Conspire","DeckTracker","Gensokyo","GungeonMod","Hallownest","Hermit","Hubris","Infinite Spire","Jorbs\u0027s Wanderer Trilogy","Koishi","Marisa（F雨　魔理沙）","Minty Spire (QoL Compilation)","MostiFishMod","Relic Stats","Replay The Spire","Reworked Bosses","Spicy Shops","StSLib","The Administrix","The Bug Knight","The Cursed","The Factory","The Hierophant","The Jungle","The Servant 0.9.4","【功能Mod】聪明的最终Boss"],"gold_per_floor":[142,316,30,81,81,81,159,204,204,204,204,300,300,300,300,600,600],"floor_reached":16,"language":"ZHS","playtime":972,"items_purged":[],"score":110,"play_id":"7d706eeb-d489-42f1-bd28-249db52195d5","local_time":"20210121235902","is_ascension_mode":true,"campfire_choices":[{"data":"Strike_S","floor":6,"key":"PURGE"},{"data":"Strike_S","floor":6,"key":"PURGE"},{"data":"Defend_S","floor":6,"key":"PURGE"},{"data":"Defend_S","floor":6,"key":"PURGE"},{"data":"Defend_S","floor":6,"key":"PURGE"},{"data":"Strike_S","floor":6,"key":"SMITH"},{"data":"Defend_S","floor":6,"key":"SMITH"},{"data":"KidneyShot","floor":6,"key":"SMITH"},{"data":"Exchange","floor":6,"key":"SMITH"},{"data":"FastForward","floor":6,"key":"SMITH"},{"data":"Rearm","floor":6,"key":"SMITH"},{"data":"Starlight","floor":6,"key":"SMITH"},{"floor":6,"key":"RECALL"},{"data":"Strike_S+1","floor":10,"key":"PURGE"},{"data":"Defend_S+1","floor":10,"key":"PURGE"},{"data":"Deny","floor":10,"key":"SMITH"},{"data":"Potential","floor":10,"key":"SMITH"},{"floor":10,"key":"REST"},{"floor":15,"key":"REST"}],"circlet_count":0,"master_deck":["KidneyShot+1","Exchange+1","FastForward+1","Rearm+1","Starlight+1","Deny+1","Potential+1"],"relics":["Uniform","Peace Pipe","Ginger","Turnip","Unceasing Top","Omamori","Ice Cream","The Courier","Medical Kit","WingedGreaves","HandDrill","Frozen Eye","Blue Candle","RhineFirstAidKit","DaveBox","ThornShield","Snack Pack","Strange Spoon","Potion Belt","Pen Nib","Ornamental Fan","hubris:Icosahedron","Pantograph","HollowMod:StagPassRelic"],"acts_visited":["Gensokyo:Gensokyo"],"potions_floor_usage":[16,16],"damage_taken":[{"damage":5,"enemies":"Gensokyo:Gryphon","floor":1,"turns":3},{"damage":3,"enemies":"Gensokyo:2_Kodama","floor":4,"turns":4},{"damage":17,"enemies":"Gensokyo:Aya","floor":7,"turns":5},{"damage":0,"enemies":"Gensokyo:3_Fairies","floor":8,"turns":2},{"damage":6,"enemies":"Gensokyo:Cirno","floor":12,"turns":4},{"damage":93,"enemies":"Gensokyo:Reimu","floor":16,"turns":7}],"seed_played":"2867806088975627035","potions_obtained":[{"floor":2,"key":"Doom Potion"},{"floor":4,"key":"Dexterity Potion"},{"floor":7,"key":"SpeedPotion"},{"floor":8,"key":"PowerPotion"}],"is_trial":false,"path_per_floor":["M","?","$","M","?","R","E","M","T","R","?","E","?","T","R","B"],"character_chosen":"THE_SERVANT","items_purchased":["Strange Spoon","Potion Belt","Pen Nib"],"campfire_rested":2,"item_purchase_floors":[3,3,3],"current_hp_per_floor":[54,54,54,51,51,51,40,42,42,65,65,61,61,61,77,0,0],"gold":600,"neow_bonus":"TWENTY_PERCENT_HP_BONUS","is_daily":false,"chose_seed":false,"campfire_upgraded":9,"win_rate":0.0,"timestamp":1611244742,"path_taken":["M","?","$","?","?","R","E","?","T","R","?","E","?","?","R","BOSS"],"items_purchased_type":["Relic","Relic","Relic"],"build_version":"2020-12-22","purchased_purges":0,"victory":false,"max_hp_per_floor":[77,77,77,77,77,77,77,77,77,77,77,77,77,77,77,77,77],"relic_stats":{"counters":[6,25],"Blue Candle":[0],"Pen Nib":[4],"Ginger":[14],"Medical Kit":[3],"Peace Pipe":8,"Strange Spoon":[4],"Ornamental Fan":[16],"Pantograph":0,"Turnip":[3],"HandDrill":[4],"obtain_stats":[{"Ice Cream":0,"DaveBox":0,"DemoMod:GlassGuonStoneRelic":8,"Uniform":0,"Ginger":0,"HollowMod:StagPassRelic":14,"Frozen Eye":0,"RhineFirstAidKit":0,"hubris:Icosahedron":11,"Pantograph":12,"WingedGreaves":0,"HandDrill":0,"Potion Belt":3,"Blue Candle":0,"The Courier":0,"Pen Nib":3,"Omamori":0,"Medical Kit":0,"ThornShield":0,"Peace Pipe":0,"Strange Spoon":3,"Ornamental Fan":7,"Turnip":0,"Snack Pack":2,"Unceasing Top":0},{"Ice Cream":0,"DaveBox":0,"DemoMod:GlassGuonStoneRelic":4,"Uniform":0,"Ginger":0,"HollowMod:StagPassRelic":5,"Frozen Eye":0,"RhineFirstAidKit":0,"hubris:Icosahedron":4,"Pantograph":5,"WingedGreaves":0,"HandDrill":0,"Potion Belt":1,"Blue Candle":0,"The Courier":0,"Pen Nib":1,"Omamori":0,"Medical Kit":0,"ThornShield":0,"Peace Pipe":0,"Strange Spoon":1,"Ornamental Fan":3,"Turnip":0,"Snack Pack":1,"Unceasing Top":0},{"Ice Cream":0,"DaveBox":0,"DemoMod:GlassGuonStoneRelic":14,"Uniform":0,"Ginger":0,"HollowMod:StagPassRelic":18,"Frozen Eye":0,"RhineFirstAidKit":0,"hubris:Icosahedron":14,"Pantograph":18,"WingedGreaves":0,"HandDrill":0,"Potion Belt":3,"Blue Candle":0,"The Courier":0,"Pen Nib":3,"Omamori":0,"Medical Kit":0,"ThornShield":0,"Peace Pipe":0,"Strange Spoon":3,"Ornamental Fan":12,"Turnip":0,"Snack Pack":3,"Unceasing Top":0}],"Unceasing Top":[11]},"card_choices":[{"not_picked":["Defy","Replace"],"picked":"FastForward","floor":1},{"not_picked":["Defy","Revamp"],"picked":"Rearm","floor":2},{"not_picked":["FastForward","Alleviate"],"picked":"Starlight","floor":4},{"not_picked":["Alleviate","FastForward"],"picked":"Deny","floor":7},{"not_picked":["Spin","Revamp"],"picked":"Potential","floor":8},{"not_picked":["Hightail","Sunlight","DancingSilver"],"picked":"SKIP","floor":12}],"player_experience":303932,"relics_obtained":[{"floor":2,"key":"Snack Pack"},{"floor":7,"key":"Ornamental Fan"},{"floor":12,"key":"Pantograph"},{"floor":14,"key":"HollowMod:StagPassRelic"}],"event_choices":[],"is_beta":false,"boss_relics":[],"items_purged_floors":[],"is_endless":false,"potions_floor_spawned":[4,7,8],"killed_by":"Gensokyo:Reimu","ascension_level":1}}