{"host":"j4g6ia6asvpyu2b0","time":1611251224,"event":{"mods":["BaseMod","Colored Map","Minty Spire (QoL Compilation)","Permanent Neow","Quick Restart","Relic Stats","StSLib","Unceasing Turn Reminder"],"gold_per_floor":[118,118,1,1,15,58,77,77,77,77,117,132,132,155,155,250,250,271,28,51,67,81,81,81],"floor_reached":23,"language":"ENG","playtime":512,"items_purged":["Strike_R"],"score":388,"play_id":"9c29b36f-f5ff-437e-b81c-a01f862673b8","local_time":"20210121104704","is_ascension_mode":true,"campfire_choices":[{"data":"Bash","floor":10,"key":"SMITH"},{"data":"Offering","floor":13,"key":"SMITH"},{"data":"Metallicize","floor":15,"key":"SMITH"}],"circlet_count":0,"master_deck":["AscendersBane","Strike_R","Strike_R","Strike_R","Strike_R","Defend_R","Defend_R","Defend_R","Defend_R","Bash+1","Rampage","Anger","Metallicize+1","True Grit","Demon Form+1","Inflame","Offering+1","Pummel","Uppercut","Immolate","Clothesline","Metallicize","Sword Boomerang","Dropkick+1","Shrug It Off"],"relics":["Burning Blood","NeowsBlessing","Golden Idol","Sundial","Smiling Mask","Akabeko","Cursed Key","Happy Flower"],"acts_visited":["Exordium","TheCity"],"potions_floor_usage":[14,20,22],"damage_taken":[{"damage":0,"enemies":"Cultist","floor":1,"turns":1},{"damage":0,"enemies":"Jaw Worm","floor":5,"turns":1},{"damage":0,"enemies":"3 Sentries","floor":6,"turns":1},{"damage":0,"enemies":"2 Louse","floor":7,"turns":3},{"damage":15,"enemies":"Lagavulin","floor":11,"turns":6},{"damage":19,"enemies":"Gremlin Gang","floor":12,"turns":4},{"damage":10,"enemies":"Exordium Thugs","floor":14,"turns":3},{"damage":23,"enemies":"The Guardian","floor":16,"turns":10},{"damage":17,"enemies":"2 Thieves","floor":18,"turns":2},{"damage":22,"enemies":"3 Byrds","floor":20,"turns":4},{"damage":33,"enemies":"Shelled Parasite and Fungi","floor":21,"turns":4},{"damage":15,"enemies":"Snecko","floor":22,"turns":3},{"damage":15,"enemies":"Slavers","floor":23,"turns":1}],"seed_played":"2003695411343183337","potions_obtained":[{"floor":7,"key":"Swift Potion"},{"floor":12,"key":"SkillPotion"},{"floor":14,"key":"AttackPotion"},{"floor":16,"key":"BloodPotion"},{"floor":22,"key":"Dexterity Potion"}],"is_trial":false,"path_per_floor":["M","?","$","?","M","E","M","?","T","R","E","M","R","M","R","B",null,"M","$","M","M","M","E"],"character_chosen":"IRONCLAD","items_purchased":["Anger","Metallicize","Happy Flower","Metallicize"],"campfire_rested":0,"item_purchase_floors":[3,3,19,19],"current_hp_per_floor":[74,56,56,44,50,56,62,62,62,62,53,40,40,36,36,19,61,50,50,34,7,13,0,0],"gold":81,"neow_bonus":"THREE_ENEMY_KILL","is_daily":false,"chose_seed":false,"campfire_upgraded":3,"win_rate":0.0,"timestamp":1611251224,"path_taken":["M","?","$","?","M","E","M","?","T","R","E","M","R","M","R","BOSS","M","$","M","M","M","E"],"items_purchased_type":["Card","Card","Relic","Card"],"build_version":"2020-12-22","purchased_purges":1,"victory":false,"max_hp_per_floor":[75,75,75,75,75,75,75,75,75,75,75,75,75,75,75,75,75,75,75,75,75,75,75,75],"relic_stats":{"Happy Flower":[4],"counters":[13,43],"Golden Idol":66,"Sundial":[4],"Smiling Mask":25,"Cursed Key":0,"obtain_stats":[{"NeowsBlessing":0,"Happy Flower":19,"Golden Idol":2,"Sundial":4,"Smiling Mask":6,"Cursed Key":17,"Burning Blood":0,"Akabeko":11},{"NeowsBlessing":0,"Happy Flower":9,"Golden Idol":1,"Sundial":1,"Smiling Mask":3,"Cursed Key":8,"Burning Blood":0,"Akabeko":5},{"NeowsBlessing":0,"Happy Flower":31,"Golden Idol":1,"Sundial":1,"Smiling Mask":3,"Cursed Key":29,"Burning Blood":0,"Akabeko":12}],"Burning Blood":72},"card_choices":[{"not_picked":["Clash","Armaments"],"picked":"Rampage","floor":1},{"not_picked":["Dual Wield","Anger"],"picked":"True Grit","floor":5},{"not_picked":["Warcry","Heavy Blade"],"picked":"Demon Form","floor":6},{"not_picked":["Cleave","Warcry"],"picked":"Inflame","floor":7},{"not_picked":["Intimidate","Cleave"],"picked":"Offering","floor":11},{"not_picked":["Twin Strike","Heavy Blade"],"picked":"Pummel","floor":12},{"not_picked":["Warcry","Havoc"],"picked":"Uppercut","floor":14},{"not_picked":["Juggernaut","Limit Break"],"picked":"Immolate","floor":16},{"not_picked":["Hemokinesis","Bloodletting"],"picked":"Clothesline","floor":18},{"not_picked":["Armaments","Evolve"],"picked":"Sword Boomerang","floor":20},{"not_picked":["Wild Strike","Body Slam"],"picked":"Dropkick+1","floor":21},{"not_picked":["Wild Strike","Warcry"],"picked":"Shrug It Off","floor":22}],"player_experience":908175,"relics_obtained":[{"floor":6,"key":"Smiling Mask"},{"floor":11,"key":"Akabeko"}],"event_choices":[{"damage_healed":0,"gold_gain":0,"player_choice":"Take Damage","damage_taken":18,"relics_obtained":["Golden Idol"],"max_hp_gain":0,"max_hp_loss":0,"event_name":"Golden Idol","floor":2,"gold_loss":0},{"damage_healed":0,"gold_gain":0,"player_choice":"Success","damage_taken":12,"relics_obtained":["Sundial"],"max_hp_gain":0,"max_hp_loss":0,"event_name":"Scrap Ooze","floor":4,"gold_loss":0},{"damage_healed":0,"gold_gain":0,"player_choice":"Upgraded","damage_taken":0,"max_hp_gain":0,"max_hp_loss":0,"event_name":"Upgrade Shrine","floor":8,"gold_loss":0,"cards_upgraded":["Demon Form"]}],"is_beta":false,"boss_relics":[{"not_picked":["Philosopher\u0027s Stone","Tiny House"],"picked":"Cursed Key"}],"items_purged_floors":[19],"is_endless":false,"potions_floor_spawned":[7,12,14,16,22],"killed_by":"Slavers","ascension_level":14}}