{"host":"1a3cjta80tad0aqj","time":1611227413,"event":{"mods":["2.2 Compatiblity","AchievementEnabler","BaseMod","Colored Map","DeckTracker","KOR Keyword Fix","Keyboard Shortcuts","Minty Spire (QoL Compilation)","Permanent Neow","Quick Restart","Random Character Button","StSLib","SuperFastMode","everything is the same but u backflip on backflip"],"gold_per_floor":[111,111,123,136,151,151,177,177,177,177,191,191,202,215,215,314,314,326,338,349,369,380,380,380,397,397,14,14,14,14,49,49,49,49],"floor_reached":33,"language":"KOR","playtime":1547,"items_purged":["Strike_R"],"score":325,"play_id":"b8bfed91-45dd-4098-bc83-c80dd01c8ea4","local_time":"20210121201013","is_ascension_mode":true,"campfire_choices":[{"data":"Body Slam","floor":6.0,"key":"SMITH"},{"data":"Bludgeon","floor":8.0,"key":"SMITH"},{"data":"Cleave","floor":10.0,"key":"SMITH"},{"floor":12.0,"key":"REST"},{"data":"Armaments","floor":15.0,"key":"SMITH"},{"floor":23,"key":"REST"},{"floor":29,"key":"REST"},{"data":"Inflame","floor":30,"key":"SMITH"},{"floor":32,"key":"REST"}],"circlet_count":0,"master_deck":["Strike_R+1","Strike_R+1","Strike_R+1","Defend_R+1","Defend_R+1","Defend_R+1","Defend_R+1","Bash+1","Cleave+1","Body Slam+1","Juggernaut","Headbutt","Bludgeon+1","Second Wind","Shrug It Off","Armaments+1","Limit Break","CurseOfTheBell","Dual Wield","Shockwave","Pommel Strike","Bloodletting","Inflame+1","Carnage","Infernal Blade+1"],"relics":["Burning Blood","Whetstone","Boot","Self Forming Clay","Calling Bell","Bag of Marbles","Singing Bowl","Magic Flower","WingedGreaves","Brimstone","Oddly Smooth Stone","StoneCalendar"],"acts_visited":["Exordium","TheCity"],"potions_floor_usage":[22,25,31,33],"damage_taken":[{"damage":7.0,"enemies":"Small Slimes","floor":1.0,"turns":3.0},{"damage":3.0,"enemies":"Jaw Worm","floor":3.0,"turns":4.0},{"damage":0.0,"enemies":"2 Louse","floor":4.0,"turns":2.0},{"damage":15.0,"enemies":"2 Fungi Beasts","floor":5.0,"turns":4.0},{"damage":30.0,"enemies":"Lagavulin","floor":7.0,"turns":6.0},{"damage":13.0,"enemies":"Blue Slaver","floor":11.0,"turns":2.0},{"damage":12.0,"enemies":"3 Louse","floor":13.0,"turns":2.0},{"damage":0.0,"enemies":"2 Fungi Beasts","floor":14.0,"turns":2.0},{"damage":15.0,"enemies":"Slime Boss","floor":16.0,"turns":7.0},{"damage":19.0,"enemies":"Spheric Guardian","floor":18.0,"turns":4.0},{"damage":28.0,"enemies":"Shell Parasite","floor":19.0,"turns":8.0},{"damage":15,"enemies":"Snake Plant","floor":20,"turns":3},{"damage":34,"enemies":"Centurion and Healer","floor":21,"turns":9},{"damage":12,"enemies":"Cultist and Chosen","floor":22,"turns":4},{"damage":18,"enemies":"Shelled Parasite and Fungi","floor":25,"turns":7},{"damage":12,"enemies":"Gremlin Leader","floor":31,"turns":5},{"damage":127,"enemies":"Automaton","floor":33,"turns":6}],"seed_played":"-316802027419996392","potions_obtained":[{"floor":3.0,"key":"ElixirPotion"},{"floor":11.0,"key":"SkillPotion"},{"floor":13.0,"key":"BlessingOfTheForge"},{"floor":18.0,"key":"AttackPotion"},{"floor":21,"key":"AttackPotion"},{"floor":22,"key":"EssenceOfSteel"},{"floor":25,"key":"HeartOfIron"}],"is_trial":false,"path_per_floor":["M","?","M","M","M","R","E","R","T","R","M","R","M","M","R","B",null,"M","M","M","M","M","R","?","M","T","$","?","R","R","E","R","B"],"character_chosen":"IRONCLAD","items_purchased":["Brimstone","Oddly Smooth Stone"],"campfire_rested":4,"item_purchase_floors":[27,27],"current_hp_per_floor":[79,72,75,80,71,71,47,47,47,47,40,64,58,64,64,55,80,70,51,45,20,17,41,41,32,32,32,32,56,56,53,77,0,0],"gold":49,"neow_bonus":"RANDOM_COMMON_RELIC","is_daily":false,"chose_seed":false,"campfire_upgraded":5,"win_rate":0.0,"timestamp":1611227413,"path_taken":["M","?","M","M","M","R","E","R","T","R","M","R","M","M","R","BOSS","M","M","M","M","M","R","?","M","T","$","?","R","R","E","R","BOSS"],"items_purchased_type":["Relic","Relic"],"build_version":"2020-12-22","purchased_purges":1,"victory":false,"max_hp_per_floor":[80,80,80,80,80,80,80,80,80,80,80,80,80,80,80,80,80,80,80,80,80,80,80,80,80,80,80,80,80,80,80,80,80,80],"card_choices":[{"not_picked":["Sword Boomerang","True Grit"],"picked":"Cleave","floor":1.0},{"not_picked":["Rupture","Heavy Blade"],"picked":"Body Slam","floor":3.0},{"not_picked":["Fire Breathing","Flex"],"picked":"Juggernaut","floor":4.0},{"not_picked":["Clothesline","Perfected Strike"],"picked":"Headbutt","floor":5.0},{"not_picked":["Havoc","Clothesline"],"picked":"Bludgeon","floor":7.0},{"not_picked":["Cleave","Uppercut"],"picked":"Second Wind","floor":11.0},{"not_picked":["Metallicize","Headbutt"],"picked":"Shrug It Off","floor":13.0},{"not_picked":["Thunderclap","Heavy Blade"],"picked":"Armaments","floor":14.0},{"not_picked":["Fiend Fire","Feed"],"picked":"Limit Break","floor":16.0},{"not_picked":["Heavy Blade+1","Thunderclap+1"],"picked":"Dual Wield","floor":18.0},{"not_picked":["Flex","True Grit"],"picked":"Shockwave","floor":19.0},{"not_picked":["Sword Boomerang","Armaments"],"picked":"Pommel Strike","floor":20},{"not_picked":["Inflame","Uppercut"],"picked":"Bloodletting","floor":21},{"not_picked":["Clash","Clothesline"],"picked":"Inflame","floor":22},{"not_picked":["Headbutt+1","Twin Strike"],"picked":"Carnage","floor":25},{"not_picked":["Dual Wield","Twin Strike"],"picked":"Infernal Blade+1","floor":31}],"player_experience":837187,"relics_obtained":[{"floor":7.0,"key":"Boot"},{"floor":9.0,"key":"Self Forming Clay"},{"floor":17.0,"key":"Bag of Marbles"},{"floor":17.0,"key":"Singing Bowl"},{"floor":17.0,"key":"Magic Flower"},{"floor":26,"key":"WingedGreaves"},{"floor":31,"key":"StoneCalendar"}],"event_choices":[{"cards_removed":["Strike_R"],"damage_healed":0.0,"max_hp_gain":0.0,"max_hp_loss":0.0,"gold_gain":0.0,"event_name":"Golden Wing","player_choice":"Card Removal","floor":2.0,"gold_loss":0.0,"damage_taken":7.0},{"damage_healed":0,"gold_gain":0,"player_choice":"Ignored","damage_taken":0,"max_hp_gain":0,"max_hp_loss":0,"event_name":"Vampires","floor":24,"gold_loss":0},{"damage_healed":0,"gold_gain":0,"player_choice":"Simplicity","damage_taken":0,"max_hp_gain":0,"max_hp_loss":0,"event_name":"Back to Basics","floor":28,"gold_loss":0,"cards_upgraded":["Strike_R","Strike_R","Defend_R","Defend_R","Defend_R","Defend_R"]}],"is_beta":false,"boss_relics":[{"not_picked":["Tiny House","Astrolabe"],"picked":"Calling Bell"}],"items_purged_floors":[27],"is_endless":false,"potions_floor_spawned":[3,11,13,18,21,22,25],"killed_by":"Automaton","ascension_level":4}}