{"host":"4amcrcg6ktw8dbzk","time":1611201382,"event":{"mods":["ATMod(°¢èªMod)","BaseMod","Dota2Spire","Minty Spire (QoL Compilation)","MostiFishMod","Spicy Shops","StSLib","Waifu the Spire"],"gold_per_floor":[20,32,46,65,82,82,110,110,110,122,36,56,56,82,82,156,156,176,91,103,121,121,149,74,102,102,152,183,193,210,47,47,118,118,128,146,63,80,80,113,113,143,213,231,266,166,201,215,215,215,215,215,114,139,139],"floor_reached":56,"language":"ZHS","playtime":2395,"items_purged":["Strike_P","Decay"],"score":2716,"play_id":"77fd47bf-435c-4fa0-a49e-4eebd75bd8e0","local_time":"20210121115622","is_ascension_mode":true,"campfire_choices":[{"data":"MostiFishMod:SephirahHod","floor":6.0,"key":"SMITH"},{"floor":8.0,"key":"RECALL"},{"data":"Fasting2","floor":15.0,"key":"SMITH"},{"data":"Omniscience","floor":32.0,"key":"SMITH"},{"floor":49.0,"key":"REST"},{"data":"AT_FamilyPortrait","floor":52.0,"key":"SMITH"}],"circlet_count":0,"master_deck":["AscendersBane","Strike_P","Strike_P","Strike_P","Defend_P","Defend_P","Defend_P","Defend_P","Eruption","Vigilance","AT_FamilyPortrait+1","MostiFishMod:SephirahHod+1","Violence","Wallop","TalkToTheHand","WheelKick","TalkToTheHand","MentalFortress","Ragnarok+1","Fasting2+1","Fasting2+1","Omniscience+1","FlurryOfBlows","Sanctity","MostiFishMod:LegendTransform+1","Wallop","Adaptation+1","MostiFishMod:StarOceanP","InnerPeace","DeusExMachina","InnerPeace","MostiFishMod:ButterFly","Perseverance"],"relics":["PureWater","DaveBox","AT_ATBox","MostiFishMod:Hod","SynthV:TestCard","Shuriken","Frozen Egg 2","Oddly Smooth Stone","SlaversCollar","AT_ImmortalShieldbow","MutagenicStrength","Dota2Spire:CrimsonGuard","Dota2Spire:DrumOfEndurance","AT_SilvercatRing","Thread and Needle","AT_BellDemon","Cursed Key","FossilizedHelix","Dota2Spire:BladeMail","InkBottle","Sundial","Letter Opener","Dota2Spire:MantaStyle"],"acts_visited":["Exordium","TheCity","TheBeyond","TheEnding"],"potions_floor_usage":[55],"damage_taken":[{"damage":0.0,"enemies":"Cultist","floor":1.0,"turns":1.0},{"damage":0.0,"enemies":"Jaw Worm","floor":2.0,"turns":1.0},{"damage":0.0,"enemies":"Small Slimes","floor":3.0,"turns":1.0},{"damage":0.0,"enemies":"Exordium Wildlife","floor":4.0,"turns":2.0},{"damage":0.0,"enemies":"Looter","floor":5.0,"turns":2.0},{"damage":0.0,"enemies":"Lagavulin","floor":7.0,"turns":2.0},{"damage":0.0,"enemies":"Exordium Thugs","floor":10.0,"turns":1.0},{"damage":0.0,"enemies":"2 Fungi Beasts","floor":12.0,"turns":1.0},{"damage":0.0,"enemies":"Gremlin Nob","floor":14.0,"turns":2.0},{"damage":0.0,"enemies":"Hexaghost","floor":16.0,"turns":4.0},{"damage":0.0,"enemies":"3 Byrds","floor":18.0,"turns":3.0},{"damage":6.0,"enemies":"Shell Parasite","floor":20.0,"turns":4.0},{"damage":0.0,"enemies":"Sentry and Sphere","floor":21.0,"turns":2.0},{"damage":0.0,"enemies":"Gremlin Leader","floor":23.0,"turns":4.0},{"damage":2.0,"enemies":"Slavers","floor":25.0,"turns":3.0},{"damage":14.0,"enemies":"Book of Stabbing","floor":28.0,"turns":2.0},{"damage":0.0,"enemies":"Centurion and Healer","floor":29.0,"turns":2.0},{"damage":1.0,"enemies":"Snake Plant","floor":30.0,"turns":2.0},{"damage":6.0,"enemies":"Collector","floor":33.0,"turns":5.0},{"damage":0.0,"enemies":"Orb Walker","floor":35.0,"turns":2.0},{"damage":3.0,"enemies":"3 Darklings","floor":36.0,"turns":4.0},{"damage":0.0,"enemies":"Transient","floor":38.0,"turns":6.0},{"damage":8.0,"enemies":"Nemesis","floor":40.0,"turns":3.0},{"damage":0.0,"enemies":"Giant Head","floor":42.0,"turns":5.0},{"damage":0.0,"enemies":"4 Shapes","floor":44.0,"turns":2.0},{"damage":0.0,"enemies":"Nemesis","floor":45.0,"turns":5.0},{"damage":0.0,"enemies":"Giant Head","floor":47.0,"turns":3.0},{"damage":0.0,"enemies":"Sphere and 2 Shapes","floor":48.0,"turns":1.0},{"damage":21.0,"enemies":"Donu and Deca","floor":50.0,"turns":6.0},{"damage":28.0,"enemies":"Shield and Spear","floor":54.0,"turns":4.0},{"damage":83,"enemies":"The Heart","floor":55,"turns":7}],"seed_played":"-6917476910985993541","potions_obtained":[{"floor":1.0,"key":"EntropicBrew"},{"floor":5.0,"key":"DuplicationPotion"},{"floor":12.0,"key":"Ambrosia"}],"is_trial":false,"path_per_floor":["M","M","M","M","M","R","E","R","T","M","$","M","?","E","R","B",null,"M","?","M","M","?","E","$","E","T","?","E","M","M","$","R","B",null,"M","M","$","M","?","E","$","E","T","M","E","$","E","M","R","B",null,"R","$","E","B",null],"character_chosen":"WATCHER","items_purchased":["Fasting2","AT_BellDemon","InnerPeace","MostiFishMod:ButterFly"],"campfire_rested":1,"item_purchase_floors":[11,31,37,53],"current_hp_per_floor":[61,61,61,61,61,61,61,61,61,61,61,61,56,56,56,56,65,65,65,59,59,59,59,59,57,57,57,43,43,42,42,42,36,60,60,57,57,57,53,45,45,45,45,45,45,45,45,45,65,44,62,62,62,38,35],"gold":139,"neow_bonus":"RANDOM_COLORLESS_2","is_daily":false,"chose_seed":false,"campfire_upgraded":4,"win_rate":0.0,"timestamp":1611201382,"path_taken":["M","?","M","M","M","R","E","R","T","M","$","M","?","E","R","BOSS","M","?","M","M","?","E","$","E","T","?","E","?","M","$","R","BOSS","M","M","$","M","?","E","$","E","T","M","E","?","E","M","R","BOSS","R","$","E","BOSS"],"items_purchased_type":["Card","Relic","Card","Card"],"build_version":"2020-12-22","purchased_purges":2,"victory":true,"max_hp_per_floor":[68,68,68,68,68,68,68,68,68,68,68,68,68,68,68,68,68,68,68,68,68,68,68,68,68,68,68,68,68,68,68,68,68,68,68,68,68,68,68,68,68,68,68,68,68,68,68,68,68,68,68,68,68,68,68],"card_choices":[{"not_picked":["AT_FalsePromise","Sadistic Nature"],"picked":"Violence","floor":0.0},{"not_picked":["Consecrate","MostiFishMod:Clarity"],"picked":"Wallop","floor":1.0},{"not_picked":["Sanctity","Collect","Swivel","MostiFishMod:LegendTransform"],"picked":"TalkToTheHand","floor":2.0},{"not_picked":["Study","BowlingBash","JustLucky","CarveReality"],"picked":"WheelKick","floor":3.0},{"not_picked":["Halt","Sanctity","AT_ChampionStep","FearNoEvil"],"picked":"TalkToTheHand","floor":4.0},{"not_picked":["Protect","FollowUp","CrushJoints","FlyingSleeves"],"picked":"MentalFortress","floor":5.0},{"not_picked":["FollowUp","ClearTheMind","Protect","MostiFishMod:StarOceanP"],"picked":"Ragnarok","floor":7.0},{"not_picked":["FlyingSleeves","EmptyBody","Consecrate","FollowUp","JustLucky"],"picked":"SKIP","floor":10.0},{"not_picked":["Protect","Prostrate","Consecrate","AT_OneInchPunch"],"picked":"Fasting2","floor":12.0},{"not_picked":["SashWhip","EmptyFist","Weave","Consecrate","JustLucky"],"picked":"SKIP","floor":14.0},{"not_picked":["MostiFishMod:DisColor","Vault","Establishment+1","MostiFishMod:Unraveling"],"picked":"Omniscience","floor":16.0},{"not_picked":["EmptyBody","Consecrate","FearNoEvil","MostiFishMod:Clarity"],"picked":"FlurryOfBlows","floor":18.0},{"not_picked":["PathToVictory","AT_RealFormLess","ClearTheMind","FlyingSleeves"],"picked":"Sanctity","floor":20.0},{"not_picked":["Ragnarok","MentalFortress+1","CutThroughFate","BowlingBash","FlurryOfBlows"],"picked":"SKIP","floor":21.0},{"not_picked":["MostiFishMod:Unraveling","SashWhip","TalkToTheHand","Evaluate"],"picked":"MostiFishMod:LegendTransform+1","floor":23.0},{"not_picked":["Pray","Protect","LikeWater+1","CutThroughFate","AT_RealFormLess"],"picked":"SKIP","floor":25.0},{"not_picked":["Protect","CutThroughFate","Worship","FlyingSleeves"],"picked":"Wallop","floor":28.0},{"not_picked":["CutThroughFate","SashWhip","BowlingBash","FollowUp"],"picked":"Adaptation+1","floor":29.0},{"not_picked":["Prostrate+1","BowlingBash","Study+1","ClearTheMind","AT_SoftenMuscles"],"picked":"SKIP","floor":30.0},{"not_picked":["SpiritShield","MostiFishMod:Unraveling","MostiFishMod:StarWish","MostiFishMod:ScryFuture+1"],"picked":"MostiFishMod:StarOceanP","floor":33.0},{"not_picked":["AT_RealFormLess","ReachHeaven","FlurryOfBlows","FollowUp","EmptyBody+1"],"picked":"SKIP","floor":35.0},{"not_picked":["CrushJoints+1","EmptyFist+1","PathToVictory","BowlingBash","DeceiveReality+1"],"picked":"SKIP","floor":36.0},{"not_picked":["Evaluate","EmptyFist","Protect","FollowUp","SashWhip+1"],"picked":"SKIP","floor":38.0},{"not_picked":["AT_SoftenMuscles+1","EmptyMind","MostiFishMod:Nomercy+1","JustLucky+1"],"picked":"DeusExMachina","floor":40.0},{"not_picked":["SandsOfTime","Vengeance","ReachHeaven","Halt+1","Adaptation+1"],"picked":"SKIP","floor":42.0},{"not_picked":["CutThroughFate","FollowUp","SashWhip","CrushJoints"],"picked":"InnerPeace","floor":44.0},{"not_picked":["Protect","WindmillStrike","MostiFishMod:Unraveling","EmptyFist+1","BowlingBash+1"],"picked":"SKIP","floor":45.0},{"not_picked":["JustLucky","CutThroughFate","MostiFishMod:Dust+1","EmptyBody","FollowUp"],"picked":"SKIP","floor":47.0},{"not_picked":["MostiFishMod:FlowState","Protect","SashWhip+1","EmptyFist+1","EmptyBody"],"picked":"SKIP","floor":48.0},{"not_picked":["Indignation","CarveReality","FollowUp+1","CrushJoints+1"],"picked":"Perseverance","floor":54.0}],"player_experience":351660,"relics_obtained":[{"floor":1.0,"key":"SynthV:TestCard"},{"floor":7.0,"key":"Shuriken"},{"floor":14.0,"key":"Oddly Smooth Stone"},{"floor":23.0,"key":"Dota2Spire:CrimsonGuard"},{"floor":25.0,"key":"Dota2Spire:DrumOfEndurance"},{"floor":26.0,"key":"AT_SilvercatRing"},{"floor":28.0,"key":"Thread and Needle"},{"floor":40.0,"key":"FossilizedHelix"},{"floor":42.0,"key":"Dota2Spire:BladeMail"},{"floor":43.0,"key":"InkBottle"},{"floor":45.0,"key":"Sundial"},{"floor":47.0,"key":"Letter Opener"},{"floor":54.0,"key":"Dota2Spire:MantaStyle"}],"event_choices":[{"damage_healed":0.0,"max_hp_gain":0.0,"max_hp_loss":0.0,"gold_gain":0.0,"event_name":"Scrap Ooze","player_choice":"Success","floor":13.0,"gold_loss":0.0,"damage_taken":5.0,"relics_obtained":["Frozen Egg 2"]},{"damage_healed":0.0,"max_hp_gain":0.0,"max_hp_loss":0.0,"gold_gain":0.0,"event_name":"Addict","player_choice":"Obtained Relic","floor":19.0,"gold_loss":85.0,"damage_taken":0.0,"relics_obtained":["AT_ImmortalShieldbow"]},{"damage_healed":0.0,"max_hp_gain":0.0,"max_hp_loss":0.0,"gold_gain":0.0,"event_name":"Drug Dealer","player_choice":"Inject Mutagens","floor":22.0,"gold_loss":0.0,"damage_taken":0.0,"relics_obtained":["MutagenicStrength"]},{"damage_healed":0.0,"max_hp_gain":0.0,"max_hp_loss":0.0,"gold_gain":50.0,"event_name":"Nest","player_choice":"Stole From Cult","floor":27.0,"gold_loss":0.0,"damage_taken":0.0},{"damage_healed":0.0,"max_hp_gain":0.0,"max_hp_loss":0.0,"gold_gain":0.0,"event_name":"The Woman in Blue","player_choice":"Bought 0 Potions","floor":39.0,"gold_loss":0.0,"damage_taken":0.0}],"is_beta":false,"boss_relics":[{"not_picked":["GuanYuAspect","Tiny House"],"picked":"SlaversCollar"},{"not_picked":["FeatherPendant","GreenFoldingFan"],"picked":"Cursed Key"}],"items_purged_floors":[24,46],"is_endless":false,"potions_floor_spawned":[1,5,12,14,18,23,25,29,36,38,40,48],"ascension_level":19}}