{"host":"msfr2axb1w9025n0","time":1611202587,"event":{"mods":["BaseMod","DeckTracker","Minty Spire (QoL Compilation)"],"gold_per_floor":[361,379,379,389,6,6,36,50,74,100,118,148,148,166,166,269,269,283,283,295,25,40,40,68,68,68,93,105,105,105,120,120,120,120],"floor_reached":33,"language":"ENG","playtime":970,"items_purged":[],"score":636,"play_id":"a9ed3db5-4025-42cb-866f-dbfeab773a1e","local_time":"20210121111627","is_ascension_mode":true,"campfire_choices":[{"data":"Perfected Strike","floor":6.0,"key":"SMITH"},{"data":"Whirlwind","floor":13.0,"key":"SMITH"},{"data":"Perfected Strike","floor":15.0,"key":"SMITH"},{"data":"Berserk","floor":23.0,"key":"SMITH"},{"data":"Pummel","floor":30.0,"key":"SMITH"},{"data":"Pummel","floor":32.0,"key":"SMITH"}],"circlet_count":0,"master_deck":["AscendersBane","Defend_R","Defend_R","Defend_R","Perfected Strike+1","Wild Strike","Pummel+1","Pommel Strike","Wild Strike","Whirlwind+1","Perfected Strike+1","Headbutt","Berserk+1","Perfected Strike+1","Ghostly Armor+1","Twin Strike","Evolve","Twin Strike","Sword Boomerang+1","Bite","Bite","Bite","Bite","Bite","Pummel+1","Shrug It Off+1"],"relics":["Burning Blood","Brimstone","Pen Nib","Lantern","Red Skull","Regal Pillow","SacredBark","Happy Flower","Bronze Scales","Anchor","Meat on the Bone"],"acts_visited":["Exordium","TheCity"],"potions_floor_usage":[33,33],"damage_taken":[{"damage":18.0,"enemies":"Small Slimes","floor":1.0,"turns":5.0},{"damage":1.0,"enemies":"Cultist","floor":2.0,"turns":3.0},{"damage":0.0,"enemies":"2 Louse","floor":4.0,"turns":2.0},{"damage":40.0,"enemies":"Lagavulin","floor":7.0,"turns":4.0},{"damage":19.0,"enemies":"Exordium Thugs","floor":8.0,"turns":3.0},{"damage":0.0,"enemies":"Gremlin Nob","floor":10.0,"turns":2.0},{"damage":0.0,"enemies":"Exordium Wildlife","floor":11.0,"turns":1.0},{"damage":24.0,"enemies":"Lagavulin","floor":12.0,"turns":5.0},{"damage":0.0,"enemies":"Lots of Slimes","floor":14.0,"turns":1.0},{"damage":0.0,"enemies":"Slime Boss","floor":16.0,"turns":3.0},{"damage":0.0,"enemies":"3 Byrds","floor":18.0,"turns":2.0},{"damage":16.0,"enemies":"Shell Parasite","floor":20.0,"turns":2.0},{"damage":14.0,"enemies":"Chosen and Byrds","floor":22.0,"turns":3.0},{"damage":42.0,"enemies":"Slavers","floor":24.0,"turns":3.0},{"damage":27.0,"enemies":"Book of Stabbing","floor":27.0,"turns":3.0},{"damage":0.0,"enemies":"Centurion and Healer","floor":28.0,"turns":3.0},{"damage":12.0,"enemies":"Snecko","floor":31.0,"turns":3.0},{"damage":65,"enemies":"Champ","floor":33,"turns":5}],"seed_played":"-2424521865728110038","potions_obtained":[{"floor":1.0,"key":"BloodPotion"},{"floor":7.0,"key":"BloodPotion"},{"floor":8.0,"key":"DistilledChaos"},{"floor":12.0,"key":"ElixirPotion"},{"floor":18.0,"key":"Swift Potion"},{"floor":22.0,"key":"Swift Potion"},{"floor":24.0,"key":"Dexterity Potion"}],"is_trial":false,"path_per_floor":["M","M","?","M","$","R","E","M","T","E","M","E","R","M","R","B",null,"M","?","M","$","M","R","E","?","T","E","M","?","R","M","R","B"],"character_chosen":"IRONCLAD","items_purchased":["Pummel","Brimstone","Pen Nib","Happy Flower","Twin Strike","Evolve"],"campfire_rested":0,"item_purchase_floors":[5,5,5,21,21,21],"current_hp_per_floor":[55,60,60,66,66,66,48,35,35,41,49,33,33,41,41,49,72,80,80,70,70,64,64,30,30,30,11,41,41,41,51,51,0,0],"gold":120,"neow_bonus":"TWO_FIFTY_GOLD","is_daily":false,"chose_seed":false,"campfire_upgraded":6,"win_rate":0.0,"timestamp":1611202587,"path_taken":["M","M","?","M","$","R","E","M","T","E","M","E","R","?","R","BOSS","M","?","?","$","M","R","E","?","T","E","M","?","R","M","R","BOSS"],"items_purchased_type":["Card","Relic","Relic","Relic","Card","Card"],"build_version":"2020-12-22","purchased_purges":0,"victory":false,"max_hp_per_floor":[80,80,80,80,80,80,80,80,80,80,80,80,80,80,80,80,80,80,80,80,80,80,80,80,80,80,80,80,80,80,80,80,80,80],"card_choices":[{"not_picked":["Dark Embrace","Clothesline"],"picked":"Perfected Strike","floor":1.0},{"not_picked":["Armaments","Clash","Heavy Blade"],"picked":"SKIP","floor":2.0},{"not_picked":["Dual Wield","Seeing Red"],"picked":"Wild Strike","floor":4.0},{"not_picked":["Bludgeon","Body Slam"],"picked":"Pommel Strike","floor":7.0},{"not_picked":["Battle Trance","Seeing Red"],"picked":"Wild Strike","floor":8.0},{"not_picked":["Thunderclap","Twin Strike"],"picked":"Whirlwind","floor":10.0},{"not_picked":["Body Slam","Cleave","Iron Wave"],"picked":"SKIP","floor":11.0},{"not_picked":["Inflame","Bludgeon"],"picked":"Perfected Strike","floor":12.0},{"not_picked":["Seeing Red","Body Slam"],"picked":"Headbutt","floor":14.0},{"not_picked":["Fiend Fire","Immolate"],"picked":"Berserk","floor":16.0},{"not_picked":["Bloodletting","Cleave"],"picked":"Perfected Strike+1","floor":18.0},{"not_picked":["Cleave","Iron Wave"],"picked":"Ghostly Armor+1","floor":20.0},{"not_picked":["Clothesline","Second Wind"],"picked":"Twin Strike","floor":22.0},{"not_picked":["Dark Embrace","Headbutt"],"picked":"Sword Boomerang+1","floor":24.0},{"not_picked":["Flex","Sever Soul","True Grit"],"picked":"SKIP","floor":27.0},{"not_picked":["Body Slam","True Grit"],"picked":"Pummel","floor":28.0},{"not_picked":["True Grit","Infernal Blade"],"picked":"Shrug It Off+1","floor":31.0}],"player_experience":257017,"relics_obtained":[{"floor":7.0,"key":"Lantern"},{"floor":9.0,"key":"Red Skull"},{"floor":10.0,"key":"Blood Vial"},{"floor":12.0,"key":"Regal Pillow"},{"floor":24.0,"key":"Bronze Scales"},{"floor":26.0,"key":"Anchor"},{"floor":27.0,"key":"Meat on the Bone"}],"event_choices":[{"cards_removed":["Defend_R"],"damage_healed":0.0,"max_hp_gain":0.0,"max_hp_loss":0.0,"gold_gain":0.0,"event_name":"Purifier","player_choice":"Purged","floor":3.0,"gold_loss":0.0,"damage_taken":0.0},{"cards_removed":["Bash"],"damage_healed":0.0,"max_hp_gain":0.0,"max_hp_loss":0.0,"gold_gain":0.0,"event_name":"Bonfire Elementals","player_choice":"Offered Basic","floor":19.0,"gold_loss":0.0,"damage_taken":0.0},{"damage_healed":0.0,"max_hp_gain":0.0,"max_hp_loss":0.0,"gold_gain":0.0,"event_name":"Vampires","player_choice":"Became a vampire (Vial)","floor":25.0,"relics_lost":["Blood Vial"],"gold_loss":0.0,"damage_taken":0.0,"cards_obtained":["Bite","Bite","Bite","Bite","Bite"]},{"damage_healed":0.0,"max_hp_gain":0.0,"max_hp_loss":0.0,"gold_gain":0.0,"event_name":"N\u0027loth","player_choice":"Ignored","floor":29.0,"gold_loss":0.0,"damage_taken":0.0}],"is_beta":false,"boss_relics":[{"not_picked":["Astrolabe","Sozu"],"picked":"SacredBark"}],"items_purged_floors":[],"is_endless":false,"potions_floor_spawned":[1,7,8,12,18,22,24],"killed_by":"Champ","ascension_level":12}}