{"host":"ifd7sfhtlbe34qll","time":1611249547,"event":{"mods":["2.2 Compatiblity","BaseMod","Block Reminder","Colored Map","Curses Come First","Downfall","Highlight Path","Minty Spire (QoL Compilation)","Potion Indicator Mod","Quick Restart","Relic Stats","StSLib"],"gold_per_floor":[99,113,113,123,135,135,135,135],"floor_reached":6,"language":"ENG","playtime":722,"items_purged":[],"score":72,"play_id":"65f455fe-eab1-45a6-a791-0c84aef132ea","local_time":"20210121111907","is_ascension_mode":true,"campfire_choices":[{"data":"bronze:SpaghettiCode","floor":1.0,"key":"SMITH"}],"circlet_count":0,"master_deck":["AscendersBane","bronze:Strike","bronze:Strike","bronze:Strike","bronze:Strike","bronze:Defend","bronze:Defend","bronze:Defend","bronze:Defend","bronze:Replicate","bronze:Goto","bronze:SpaghettiCode+1","bronze:OilSpill","bronze:Overheat","bronze:OilSpill"],"relics":["bronze:BronzeCore"],"acts_visited":["Exordium"],"potions_floor_usage":[6],"damage_taken":[{"damage":4.0,"enemies":"2 Louse","floor":2.0,"turns":2.0},{"damage":0,"enemies":"Cultist","floor":4,"turns":2},{"damage":7,"enemies":"Jaw Worm","floor":5,"turns":2},{"damage":32,"enemies":"3 Sentries","floor":6,"turns":5}],"seed_played":"-1012654402585721684","potions_obtained":[{"floor":4,"key":"SkillPotion"},{"floor":5,"key":"bronze:BurnAndBuffPotion"}],"is_trial":false,"path_per_floor":["R","M","?","M","M","E"],"character_chosen":"THE_AUTOMATON","items_purchased":[],"campfire_rested":0,"item_purchase_floors":[],"current_hp_per_floor":[42,38,38,38,31,0,0,0],"gold":135,"neow_bonus":"THREE_RARE_CARDS","is_daily":false,"chose_seed":false,"campfire_upgraded":1,"win_rate":0.0,"timestamp":1611249547,"path_taken":["R","M","?","M","M","E"],"items_purchased_type":[],"build_version":"2020-12-22","purchased_purges":0,"victory":false,"max_hp_per_floor":[63,63,63,63,63,63,63,63],"relic_stats":{"counters":[4,11],"obtain_stats":[{"bronze:BronzeCore":0},{"bronze:BronzeCore":0},{"bronze:BronzeCore":0}]},"card_choices":[{"not_picked":["bronze:AlphaBuild","bronze:HardenedForm"],"picked":"bronze:SpaghettiCode","floor":0.0},{"not_picked":["bronze:CutThrough","bronze:Deprecate"],"picked":"bronze:OilSpill","floor":2.0},{"not_picked":["bronze:BitShift","bronze:Invalidate"],"picked":"bronze:Overheat","floor":4},{"not_picked":["bronze:DelayedGuard","bronze:WildBeam"],"picked":"bronze:OilSpill","floor":5}],"player_experience":1688254,"relics_obtained":[],"event_choices":[],"is_beta":false,"boss_relics":[],"items_purged_floors":[],"is_endless":false,"potions_floor_spawned":[4,5],"killed_by":"3 Sentries","ascension_level":20}}