{"host":"och2iitg9ibgz06n","time":1611190724,"event":{"mods":["Abigail Mod","AchievementEnabler","Aspiration","BaseMod","Colored Powertips","Dio Mod","Hubris","Hyrulean Relics","Infinite Spire","Minty Spire (QoL Compilation)","Replay The Spire","Small Relic Pack","StSLib","The Animator","The Bug Knight","The Hierophant","The Jungle","The Saiyan","TheHero","Wandering Minibosses","everything is the same but u backflip on backflip","slay the spire mod where everything is the same but ironclad has a cowboy hat","vexMod"],"gold_per_floor":[113,124,140,153,136,136,155,155,155,171,171,171,171,206,206,307,307,319,271,0,10,10,10,0,0],"floor_reached":24,"language":"ENG","playtime":1002,"items_purged":[],"score":200,"play_id":"322b8119-fa99-46a3-b087-35ae96b7d609","local_time":"20210120185844","is_ascension_mode":false,"campfire_choices":[{"floor":6,"key":"REST"},{"data":"HollowMod:MantisMark","floor":8,"key":"SMITH"},{"data":"HollowMod:SoulSplash","floor":11,"key":"SMITH"},{"floor":13,"key":"REST"},{"floor":15,"key":"RECALL"},{"floor":23,"key":"REST"}],"circlet_count":0,"master_deck":["HollowMod:NailStrikeStart","HollowMod:NailStrikeStart","HollowMod:NailStrikeStart","HollowMod:NailStrikeStart","HollowMod:QuickDashStart","HollowMod:QuickDashStart","HollowMod:QuickDashStart","HollowMod:QuickDashStart","HollowMod:FocusHealStart","HollowMod:PogoStrike","HollowMod:SoulStrike","HollowMod:SoulSplash+1","HollowMod:DesolateDive","HollowMod:MantisMark+1","HollowMod:HeavyBlow","HollowMod:DoubleDash","hubris:Sloth","Voices","ReplayTheSpireMod:Chaos Vortex","HollowMod:HornetsHelp","HollowMod:SlysStrikes","HollowMod:GreatSlash","HollowMod:CycloneSlash","HollowMod:NewLastStag"],"relics":["infinitespire:CheckeredPen","Quantum Egg","vexMod:DeviousBotling"],"acts_visited":["Exordium","TheCity"],"potions_floor_usage":[5],"damage_taken":[{"damage":1,"enemies":"Jaw Worm","floor":1,"turns":3},{"damage":2,"enemies":"2 Louse","floor":2,"turns":2},{"damage":0,"enemies":"Cultist","floor":3,"turns":2},{"damage":16,"enemies":"Lots of Slimes","floor":4,"turns":2},{"damage":18,"enemies":"2 Fungi Beasts","floor":5,"turns":5},{"damage":9,"enemies":"Red Slaver","floor":7,"turns":3},{"damage":7,"enemies":"Exordium Wildlife","floor":10,"turns":4},{"damage":19,"enemies":"Gremlin Nob","floor":14,"turns":5},{"damage":15,"enemies":"HollowMod:FalseKnight","floor":16,"turns":8},{"damage":52,"enemies":"3 Byrds","floor":18,"turns":8},{"damage":6,"enemies":"Shell Parasite","floor":19,"turns":8},{"damage":15,"enemies":"Snecko","floor":21,"turns":7},{"damage":39,"enemies":"3 Cultists","floor":24,"turns":4}],"seed_played":"5173400398309836786","potions_obtained":[{"floor":2,"key":"Explosive Potion"},{"floor":5,"key":"Ancient Potion"},{"floor":14,"key":"ColorlessPotion"},{"floor":16,"key":"Reflective Coating"},{"floor":18,"key":"Block Potion"}],"is_trial":false,"path_per_floor":["M","M","M","M","M","R","M","R","T","M","R","?","R","E","R","B",null,"M","M","?","M","?","R","M"],"character_chosen":"THE_BUGKNIGHT","items_purchased":[],"campfire_rested":3,"item_purchase_floors":[],"current_hp_per_floor":[82,82,82,66,48,72,63,63,63,56,56,56,80,61,61,46,82,30,24,24,9,9,33,0,0],"gold":0,"neow_bonus":"TEN_PERCENT_HP_BONUS","is_daily":false,"chose_seed":false,"campfire_upgraded":2,"win_rate":0.0,"timestamp":1611190724,"path_taken":["M","M","M","M","M","R","M","R","T","M","R","?","R","E","R","BOSS","M","M","?","M","?","R","M"],"items_purchased_type":[],"build_version":"2020-12-22","purchased_purges":0,"victory":false,"max_hp_per_floor":[82,82,82,82,82,82,82,82,82,82,82,82,82,82,82,82,82,82,82,82,82,82,82,82,82],"card_choices":[{"not_picked":["HollowMod:CrystalDash","HollowMod:SiblingsSouls"],"picked":"HollowMod:SoulStrike","floor":1},{"not_picked":["HollowMod:DoubleDash","HollowMod:NewLittleFool"],"picked":"HollowMod:SoulSplash","floor":2},{"not_picked":["HollowMod:GoodIntentions","HollowMod:SharpenedNail"],"picked":"HollowMod:DesolateDive","floor":3},{"not_picked":["HollowMod:SoulStrike","HollowMod:InfectedAttack"],"picked":"HollowMod:MantisMark","floor":4},{"not_picked":["HollowMod:NewLittleFool","HollowMod:CornifersMapStart"],"picked":"HollowMod:HeavyBlow","floor":5},{"not_picked":["HollowMod:InfectedCysts","HollowMod:MawleksShell"],"picked":"HollowMod:DoubleDash","floor":7},{"not_picked":["HollowMod:BrokenVessel","HollowMod:InfectedCysts","HollowMod:ShadowDash"],"picked":"SKIP","floor":10},{"not_picked":["infinitespire:FinalStrike","ReplayTheSpireMod:Haul"],"picked":"ReplayTheSpireMod:Chaos Vortex","floor":12},{"not_picked":["HollowMod:NewLittleFool","HollowMod:InfectedAttack"],"picked":"HollowMod:HornetsHelp","floor":14},{"not_picked":["HollowMod:HornetsHelp","HollowMod:ZotesMagnificence"],"picked":"HollowMod:SlysStrikes","floor":16},{"not_picked":["HollowMod:FastStrike","HollowMod:BrokenVessel"],"picked":"HollowMod:GreatSlash","floor":18},{"not_picked":["HollowMod:SharpenedShadows","HollowMod:GoodIntentions"],"picked":"HollowMod:CycloneSlash","floor":19},{"not_picked":["HollowMod:AbyssShriek","HollowMod:MothsMistake","HollowMod:SiblingsShadow+1"],"picked":"SKIP","floor":21}],"player_experience":423759,"relics_obtained":[{"floor":9,"key":"infinitespire:CheckeredPen"},{"floor":14,"key":"relicPack:DarknessArmor"}],"event_choices":[{"damage_healed":0,"gold_gain":0,"player_choice":"Gave Potion","damage_taken":0,"relics_obtained":["Quantum Egg"],"max_hp_gain":0,"max_hp_loss":0,"event_name":"WeMeetAgain","floor":22,"gold_loss":0}],"is_beta":false,"boss_relics":[{"not_picked":["ReplayTheSpireMod:DimensionalGlitch","hubris:ScarierMask"],"picked":"vexMod:DeviousBotling"}],"items_purged_floors":[],"is_endless":false,"potions_floor_spawned":[2,5,14,16,18,21],"killed_by":"3 Cultists","ascension_level":0}}