{"host":"e6sgj53qqwx3piqv","time":1611265607,"event":{"mods":["AchievementEnabler","Aspiration","BaseMod","BetterRewards","Colored Powertips","Downfall","Hermit","Highlight Path","Hubris","Infinite Spire","Minty Spire (QoL Compilation)","Quick Restart","Rare Cards Sparkle","Shop Mod","StSLib","The Cursed","The Disciple","The Jungle","The Runesmith"],"gold_per_floor":[141,141,141,141,166,166,166,166,190,190,244,340,340,465,465,762,762,813,813,813,813,846,846,846,846,846,1051,1051,1144,1144,1144,1144,1447,1447,1495,1815,1815,0,33,33,33,33,33,33,110,110,110,110,110,110,110,110,110,197,197],"floor_reached":56,"language":"ENG","playtime":2262,"items_purged":[],"score":1434,"play_id":"bb1e115e-8ff3-4446-b620-15d8a02df791","local_time":"20210121164647","daily_mods":["Allstar","Colorless Cards","Heirloom","Time Dilation","Flight","downfall:Lament","Elite Swarm","Midas"],"is_ascension_mode":false,"campfire_choices":[{"floor":6.0,"key":"REST"},{"floor":7.0,"key":"REST"},{"floor":8.0,"key":"REST"},{"floor":10.0,"key":"REST"},{"floor":15.0,"key":"REST"},{"floor":23.0,"key":"RECALL"},{"floor":25.0,"key":"REST"},{"floor":28.0,"key":"REST"},{"floor":32.0,"key":"REST"},{"floor":40,"key":"REST"},{"floor":41,"key":"REST"},{"floor":44,"key":"REST"},{"floor":46,"key":"REST"},{"floor":47,"key":"REST"},{"floor":49,"key":"REST"},{"floor":52,"key":"REST"}],"circlet_count":0,"master_deck":["Strike_B","Strike_B","Strike_B","Strike_B","Defend_B","Defend_B","Defend_B+1","Defend_B+1","Zap+1","Dualcast","HandOfGreed","Mayhem","The Bomb+1","Secret Technique","Master of Strategy","Cold Snap","Conserve Battery+1","Cold Snap","Ball Lightning","Chill","Ball Lightning","Biased Cognition","Thunder Strike+1","Conserve Battery","Electrodynamics+1","Leap+1","Lockon+1","Evaluate","hubris:PowerSurge+1","Steam","Lockon+1","All For One","Blind","Metamorphosis","Tempest+1","Electrodynamics+1","Dramatic Entrance","Slimebound:SamplingLick","hermit:Purgatory","Dark Embrace+1","hubris:DuctTapeCard","infinitespire:Oblivion","hermit:LowProfile","Apotheosis","Cleave","CutThroughFate","Poisoned Stab","Echoward","Slimebound:Prepare","VestedLegacy","CurseOfTheBell","CurseOfTheBell","FollowUp+1","Coolheaded","Juggernaut+1"],"relics":["Cracked Core","NeowsBlessing","Ginger","Vajra","Dream Catcher","Slimebound:StickyStick","aspiration:FaultyCoupler","Frozen Egg 2","hubris:Reverence","aspiration:SecretTechniqueScroll","hubris:Towel","PrismaticShard","aspiration:RitualStick","champ:Barbells","Orichalcum","hubris:NiceRug","hubris:DuctTape","Ancient Tea Set","hubris:Backtick","StoneCalendar","hubris:Potato","Red Mask","Strawberry","downfall:ExtraCursedBell","Bronze Scales","Kunai","Du-Vu Doll","Calipers"],"acts_visited":["Exordium","TheCity","TheBeyond","TheEnding"],"potions_floor_usage":[55,55],"damage_taken":[{"damage":0.0,"enemies":"Small Slimes","floor":1.0,"turns":1.0},{"damage":0.0,"enemies":"Jaw Worm","floor":11.0,"turns":1.0},{"damage":0.0,"enemies":"Lagavulin","floor":12.0,"turns":1.0},{"damage":0.0,"enemies":"Gremlin Nob","floor":14.0,"turns":2.0},{"damage":22.0,"enemies":"Hexaghost","floor":16.0,"turns":7.0},{"damage":0.0,"enemies":"Chosen","floor":18.0,"turns":3.0},{"damage":1.0,"enemies":"Shell Parasite","floor":22.0,"turns":4.0},{"damage":71.0,"enemies":"hubris:Merchant","floor":27.0,"turns":7.0},{"damage":0.0,"enemies":"Gremlin Leader","floor":29.0,"turns":5.0},{"damage":19.0,"enemies":"hubris:MusketHawk","floor":33.0,"turns":6.0},{"damage":26.0,"enemies":"Orb Walker","floor":35.0,"turns":3.0},{"damage":7.0,"enemies":"infinitespire:Three Voidlings","floor":36.0,"turns":4.0},{"damage":32.0,"enemies":"Nightmare_Alpha","floor":36.0,"turns":10.0},{"damage":2,"enemies":"3 Shapes","floor":39,"turns":2},{"damage":0,"enemies":"Sphere and 2 Shapes","floor":45,"turns":1},{"damage":31,"enemies":"Time Eater","floor":50,"turns":7},{"damage":1,"enemies":"Shield and Spear","floor":54,"turns":4},{"damage":80,"enemies":"The Heart","floor":55,"turns":8}],"seed_played":"-1669599545373499467","potions_obtained":[{"floor":11.0,"key":"SkillPotion"},{"floor":12.0,"key":"PotionOfCapacity"},{"floor":18.0,"key":"FearPotion"},{"floor":27.0,"key":"GamblersBrew"},{"floor":27.0,"key":"LiquidMemories"},{"floor":29.0,"key":"bronze:BurnAndBuffPotion"},{"floor":33.0,"key":"hexamod:SoulburnPotion"},{"floor":36,"key":"Swift Potion"},{"floor":54,"key":"SkillPotion"}],"is_trial":true,"path_per_floor":["M","?","?","?","T","R","R","R","T","R","M","E","?","E","R","B",null,"M","?","?","?","M","R","?","R","T","$","R","E","$","?","R","B",null,"M","?","$","?","M","R","R","?","T","R","M","R","R","?","R","B",null,"R","$","E","B",null],"character_chosen":"DEFECT","items_purchased":["hubris:PowerSurge+1","Steam","Lockon","All For One","champ:Barbells","Orichalcum","Blind"],"campfire_rested":15,"item_purchase_floors":[27,27,27,27,27,27,27],"current_hp_per_floor":[75,75,75,72,72,75,75,75,75,75,75,75,75,75,75,53,75,75,75,75,67,66,66,51,73,73,2,24,24,24,24,46,27,75,49,17,17,17,15,37,59,59,66,82,82,82,82,82,82,51,82,82,82,81,1],"gold":197,"neow_bonus":"","is_daily":false,"chose_seed":false,"campfire_upgraded":0,"win_rate":0.0,"timestamp":1611265607,"path_taken":["M","?","?","?","?","R","R","R","T","R","?","E","?","E","R","BOSS","M","?","?","?","?","R","?","R","T","$","R","E","$","?","R","BOSS","M","?","$","?","M","R","R","?","T","R","?","R","R","?","R","BOSS","R","$","E","BOSS"],"items_purchased_type":["Card","Card","Card","Card","Relic","Relic","Card"],"build_version":"2020-12-22","purchased_purges":0,"victory":true,"max_hp_per_floor":[75,75,75,75,75,75,75,75,75,75,75,75,75,75,75,75,75,75,75,75,75,75,75,75,75,75,75,75,75,75,75,75,75,75,75,75,75,75,75,75,75,75,82,82,82,82,82,82,82,82,82,82,82,82,82],"card_choices":[{"not_picked":["Barrage","Stack"],"picked":"Cold Snap","floor":1.0},{"not_picked":["Leap","hubris:SpecializedCircuitry"],"picked":"Cold Snap","floor":6.0},{"not_picked":["Rebound","Stack"],"picked":"Ball Lightning","floor":7.0},{"not_picked":["Reprogram","Go for the Eyes"],"picked":"Chill","floor":8.0},{"not_picked":["Barrage","Hologram"],"picked":"Ball Lightning","floor":10.0},{"not_picked":["Rip and Tear","Rebound"],"picked":"Biased Cognition","floor":11.0},{"not_picked":["hubris:DoWhile","Echo Form"],"picked":"Electrodynamics","floor":12.0},{"not_picked":["Biased Cognition+1","Seek"],"picked":"Thunder Strike","floor":14.0},{"not_picked":["Glacier","Cold Snap"],"picked":"Conserve Battery","floor":15.0},{"not_picked":["Mayhem+1","Multi-Cast"],"picked":"Electrodynamics+1","floor":16.0},{"not_picked":["Hologram","Reprogram"],"picked":"Leap+1","floor":18.0},{"not_picked":["Blizzard","Coolheaded"],"picked":"Lockon+1","floor":21.0},{"not_picked":["WaveOfTheHand","hermit:BodyArmor"],"picked":"Evaluate","floor":22.0},{"not_picked":[],"picked":"Metamorphosis","floor":27.0},{"not_picked":["Recycle"],"picked":"SKIP","floor":27.0},{"not_picked":["Enlightenment","Headbutt"],"picked":"Tempest","floor":28.0},{"not_picked":["DevaForm+1","TheCursedMod:StunningStrike"],"picked":"Electrodynamics+1","floor":29.0},{"not_picked":["hexamod:GhostShield","hermit:SprayPray"],"picked":"Slimebound:SamplingLick","floor":32.0},{"not_picked":["bronze:Library+1","hubris:EnhanceAbility+1"],"picked":"hermit:Purgatory","floor":33.0},{"not_picked":["sneckomod:UnknownUncommonAttack","Cloak And Dagger+1"],"picked":"Dark Embrace+1","floor":35.0},{"not_picked":["infinitespire:FinalStrike","infinitespire:SevenWalls"],"picked":"infinitespire:Oblivion","floor":36},{"not_picked":["hermit:Deadeye","TheCursedMod:RapidMovement"],"picked":"hermit:LowProfile","floor":36},{"not_picked":["champ:Haymaker","bronze:Refactor+1","Slimebound:Chomp+1"],"picked":"SKIP","floor":39},{"not_picked":["hexamod:GhostOfSpireFuture+1","bronze:CloningBeam"],"picked":"Cleave","floor":40},{"not_picked":["sneckomod:RainOfDice+1","champ:RecklessLeap+1"],"picked":"CutThroughFate","floor":41},{"not_picked":["TheCursedMod:CursedShiv+1","hermit:Combo+1"],"picked":"Poisoned Stab","floor":44},{"not_picked":["Guardian:Gem_Lightblue","hermit:Headshot"],"picked":"Echoward","floor":45},{"not_picked":["Guardian:Planning+1","Panacea"],"picked":"Slimebound:Prepare","floor":46},{"not_picked":["All Out Attack+1","HandsUpC"],"picked":"VestedLegacy","floor":47},{"not_picked":["Slimebound:FormOfPuddle+1","sneckomod:UnknownClassTHE_CHAMP_GRAY"],"picked":"FollowUp+1","floor":49},{"not_picked":["hexamod:BurningTouch+1","Keepsakes+1"],"picked":"Coolheaded","floor":52},{"not_picked":["Envenom+1","TheCursedMod:OutForBlood+1"],"picked":"Juggernaut+1","floor":54}],"player_experience":209303,"relics_obtained":[{"floor":5.0,"key":"Dream Catcher"},{"floor":9.0,"key":"Slimebound:StickyStick"},{"floor":12.0,"key":"aspiration:FaultyCoupler"},{"floor":14.0,"key":"hubris:Reverence"},{"floor":21.0,"key":"PrismaticShard"},{"floor":27.0,"key":"hubris:DuctTape"},{"floor":29.0,"key":"Ancient Tea Set"},{"floor":36,"key":"hubris:Potato"},{"floor":43,"key":"Strawberry"},{"floor":48,"key":"Bronze Scales"},{"floor":48,"key":"Kunai"},{"floor":48,"key":"Du-Vu Doll"},{"floor":54,"key":"Calipers"}],"event_choices":[{"damage_healed":0.0,"max_hp_gain":0.0,"max_hp_loss":0.0,"gold_gain":0.0,"event_name":"Living Wall","player_choice":"Grow","floor":3.0,"gold_loss":0.0,"damage_taken":0.0,"cards_upgraded":["Zap"]},{"damage_healed":0.0,"max_hp_gain":0.0,"max_hp_loss":0.0,"gold_gain":0.0,"event_name":"Scrap Ooze","player_choice":"Success","floor":4.0,"gold_loss":0.0,"damage_taken":3.0,"relics_obtained":["Vajra"]},{"damage_healed":0.0,"max_hp_gain":0.0,"max_hp_loss":0.0,"gold_gain":0.0,"event_name":"The Library","player_choice":"Read","floor":31.0,"gold_loss":0.0,"damage_taken":0.0,"cards_obtained":["Dramatic Entrance"]},{"damage_healed":0,"gold_gain":0,"player_choice":"Read","damage_taken":0,"max_hp_gain":0,"max_hp_loss":0,"event_name":"The Library","floor":36,"gold_loss":0,"cards_obtained":["Apotheosis"]},{"damage_healed":0,"gold_gain":0,"player_choice":"Paid","damage_taken":0,"relics_obtained":["Red Mask"],"max_hp_gain":0,"max_hp_loss":0,"event_name":"Tomb of Lord Red Mask","floor":38,"gold_loss":1815},{"cards_removed":["Injury"],"damage_healed":0,"gold_gain":0,"player_choice":"Removed Curses","damage_taken":0,"max_hp_gain":0,"max_hp_loss":0,"event_name":"Fountain of Cleansing","floor":42,"gold_loss":0}],"is_beta":false,"boss_relics":[{"not_picked":["Velvet Choker","aspiration:RitualDagger"],"picked":"aspiration:SecretTechniqueScroll"},{"not_picked":["Pandora\u0027s Box","aspiration:PoetsPen_weak"],"picked":"hubris:Backtick"}],"items_purged_floors":[],"is_endless":false,"potions_floor_spawned":[11,12,18,29,33,36,36,54],"ascension_level":0}}