{"host":"w4itzgfiflucot85","time":1611267226,"event":{"mods":["2.2 Compatiblity","Bard","BaseMod","Beaked The Cultist","Colored Map","Downfall","Highlight Path","Minty Spire (QoL Compilation)","Permanent Neow","StSLib","The Construct","The Dragon Tamer"],"gold_per_floor":[99,111,121,141,51,80,106,141,141,158,158,188,188,188,199,199,199],"floor_reached":16,"language":"ENG","playtime":667,"items_purged":["construct:Strike_Gold"],"score":179,"play_id":"41f47769-a151-491f-b634-25f014db0945","local_time":"20210121171346","is_ascension_mode":true,"campfire_choices":[{"data":"construct:DefenseMode","floor":1,"key":"SMITH"},{"data":"construct:ForceCore","floor":9,"key":"SMITH"}],"circlet_count":0,"master_deck":["construct:Strike_Gold","construct:Strike_Gold","construct:Strike_Gold","construct:Strike_Gold","construct:Defend_Gold","construct:Defend_Gold","construct:Defend_Gold","construct:Defend_Gold","construct:Defend_Gold","construct:AttackMode","construct:DefenseMode+1","construct:Synchronize+2","construct:ForceCore+1","construct:Tumble","construct:SuppressiveFire","construct:FlameCore","Pain","construct:Reinforce"],"relics":["construct:Cogwheel","Art of War","Tiny Chest","Guardian:PocketSentry","construct:MegaBattery","downfall:BrokenWingStatue","Juzu Bracelet","WarpedTongs"],"acts_visited":["Exordium"],"potions_floor_usage":[],"damage_taken":[{"damage":0,"enemies":"Cultist","floor":2,"turns":4},{"damage":0,"enemies":"Jaw Worm","floor":3,"turns":6},{"damage":0,"enemies":"2 Louse","floor":4,"turns":3},{"damage":0,"enemies":"downfall:FleeingMerchant","floor":5,"turns":4},{"damage":0,"enemies":"Lagavulin","floor":6,"turns":11},{"damage":14,"enemies":"Gremlin Nob","floor":8,"turns":3},{"damage":0,"enemies":"Large Slime","floor":10,"turns":5},{"damage":0,"enemies":"Lagavulin","floor":12,"turns":5},{"damage":2,"enemies":"2 Fungi Beasts","floor":15,"turns":3},{"damage":71,"enemies":"IC_STATUS_ARCHETYPE","floor":16,"turns":13}],"seed_played":"7972730208683631823","potions_obtained":[{"floor":6,"key":"LiquidBronze"},{"floor":10,"key":"Strength Potion"},{"floor":14,"key":"SpeedPotion"},{"floor":14,"key":"Ancient Potion"}],"is_trial":false,"path_per_floor":["R","M","M","M","$","E","T","E","R","M","?","E","?","?","M","B"],"character_chosen":"THE_CONSTRUCT_MOD","items_purchased":[],"campfire_rested":0,"item_purchase_floors":[],"current_hp_per_floor":[85,85,85,85,85,85,85,71,71,71,71,71,71,71,69,0,0],"gold":199,"neow_bonus":"RANDOM_COMMON_RELIC","is_daily":false,"chose_seed":false,"campfire_upgraded":2,"win_rate":0.0,"timestamp":1611267226,"path_taken":["R","M","M","?","$","E","T","E","R","M","?","E","?","?","M","BOSS"],"items_purchased_type":[],"build_version":"2020-12-22","purchased_purges":1,"victory":false,"max_hp_per_floor":[85,85,85,85,85,85,85,85,85,85,85,85,85,85,85,85,85],"card_choices":[{"not_picked":["construct:FierceBash","construct:ScrapCannon","construct:BatteryAcid"],"picked":"SKIP","floor":2},{"not_picked":["construct:ModeShift","construct:ChargeShot"],"picked":"construct:Synchronize","floor":3},{"not_picked":["construct:Anticipate","construct:ScrapCannon","construct:Reinforce"],"picked":"SKIP","floor":4},{"not_picked":["construct:FlakBarrage","construct:PanicFire"],"picked":"construct:ForceCore","floor":5},{"not_picked":["construct:SaveState","construct:HeavyBolt"],"picked":"construct:Tumble","floor":6},{"not_picked":["construct:Construct_Overclock","construct:FlakBarrage"],"picked":"construct:SuppressiveFire","floor":8},{"not_picked":["construct:VentSteam","construct:SyphonStrike","construct:SaveState"],"picked":"SKIP","floor":10},{"not_picked":["construct:ShiftGuard","construct:VentSteam"],"picked":"construct:FlameCore","floor":12},{"not_picked":["construct:Boost","construct:Autoturret"],"picked":"construct:Reinforce","floor":15}],"player_experience":531343,"relics_obtained":[{"floor":6,"key":"Tiny Chest"},{"floor":7,"key":"Guardian:PocketSentry"},{"floor":8,"key":"construct:MegaBattery"},{"floor":12,"key":"Juzu Bracelet"}],"event_choices":[{"damage_healed":0,"gold_gain":0,"player_choice":"Rummage","damage_taken":0,"relics_obtained":["WarpedTongs"],"max_hp_gain":0,"max_hp_loss":0,"event_name":"Accursed Blacksmith","floor":13,"gold_loss":0,"cards_obtained":["Pain"]},{"damage_healed":0,"gold_gain":0,"player_choice":"Got Potions","damage_taken":0,"max_hp_gain":0,"max_hp_loss":0,"event_name":"Lab","floor":14,"gold_loss":0}],"is_beta":false,"boss_relics":[],"items_purged_floors":[5],"is_endless":false,"potions_floor_spawned":[6,10,15],"killed_by":"IC_STATUS_ARCHETYPE","ascension_level":1}}