{"host":"q1dfbtk1mb5myi3r","time":1611193354,"event":{"mods":["BaseMod","BetterRewards","Minty Spire (QoL Compilation)","Replay The Spire","StSLib","The Animator"],"gold_per_floor":[218,218,25,38,3,3,17,17,71,71,22,65,140,159,159,159,159],"floor_reached":16,"language":"ENG","playtime":1047,"items_purged":[],"score":98,"play_id":"b08b0ee6-5620-4f36-8108-1c46972ebe7b","local_time":"20210120204234","is_ascension_mode":false,"campfire_choices":[{"floor":6,"key":"RECALL"},{"data":"animator:Kazuma","floor":8,"key":"SMITH"},{"data":"animator:Strike_Konosuba","floor":10,"key":"SMITH"},{"floor":15,"key":"REST"}],"circlet_count":0,"master_deck":["animator:Strike_Konosuba+1","animator:Defend_Konosuba","animator:Strike","animator:Strike","animator:Strike","animator:Defend","animator:Defend","animator:Defend","animator:Kazuma+1","animator:Aqua+1","animator:Mitsurugi","animator:Vanir"],"relics":["animator:LivingPicture","animator:TheMissingPiece","animator:PurgingStone","Blue Doll","Replay:Multitool"],"acts_visited":["Exordium"],"potions_floor_usage":[7,12,12,14],"damage_taken":[{"damage":11,"enemies":"Cultist","floor":1,"turns":6},{"damage":7,"enemies":"2 Louse","floor":4,"turns":3},{"damage":1,"enemies":"Jaw Worm","floor":7,"turns":4},{"damage":27,"enemies":"3 Sentries","floor":12,"turns":17},{"damage":25,"enemies":"Large Slime","floor":14,"turns":13},{"damage":51,"enemies":"The Guardian","floor":16,"turns":8}],"seed_played":"2923924371270477483","potions_obtained":[{"floor":7,"key":"Explosive Potion"},{"floor":12,"key":"Regen Potion"}],"is_trial":false,"path_per_floor":["M","?","$","M","?","R","M","R","T","R","$","E","?","M","R","B"],"character_chosen":"THE_ANIMATOR","items_purchased":["Blue Doll","Fire Potion","Energy Potion"],"campfire_rested":1,"item_purchase_floors":[3,3,11],"current_hp_per_floor":[55,55,55,51,66,66,65,65,65,65,65,39,28,22,42,0,0],"gold":159,"neow_bonus":"HUNDRED_GOLD","is_daily":false,"chose_seed":false,"campfire_upgraded":2,"win_rate":0.0,"timestamp":1611193354,"path_taken":["M","?","$","M","?","R","M","R","T","R","?","E","?","?","R","BOSS"],"items_purchased_type":["Relic","Potion","Potion"],"build_version":"2020-12-22","purchased_purges":0,"victory":false,"max_hp_per_floor":[66,66,66,66,66,66,66,66,66,66,66,66,66,67,67,67,67],"card_choices":[{"not_picked":["animator:Konayuki","animator:NagisaMomoe","animator:Evileye"],"picked":"SKIP","floor":1},{"not_picked":["animator:Shion","animator:TukaLunaMarceau","animator:KyokoSakura"],"picked":"SKIP","floor":4},{"not_picked":["animator:SuzuneAmano","animator:Kaijin","animator:Nanami"],"picked":"SKIP","floor":7},{"not_picked":["animator:Verdia","animator:Darkness"],"picked":"animator:Mitsurugi","floor":12},{"not_picked":["animator:Pride","animator:Lancer"],"picked":"animator:Vanir","floor":14}],"player_experience":123784,"relics_obtained":[{"floor":12,"key":"Replay:Multitool"}],"event_choices":[{"damage_healed":16,"gold_gain":0,"player_choice":"Healed","damage_taken":0,"max_hp_gain":0,"max_hp_loss":0,"event_name":"The Cleric","floor":5,"gold_loss":35},{"damage_healed":0,"gold_gain":75,"player_choice":"Gather Gold","damage_taken":11,"max_hp_gain":0,"max_hp_loss":0,"event_name":"World of Goop","floor":13,"gold_loss":0}],"is_beta":false,"boss_relics":[],"items_purged_floors":[],"is_endless":false,"potions_floor_spawned":[7,12],"killed_by":"The Guardian","ascension_level":0}}