{"host":"3jpcvpprzj9sjffh","time":1611238843,"event":{"mods":["AchievementEnabler","BaseMod","Colored Map","Minty Spire (QoL Compilation)","Rare Cards Sparkle","SuperFastMode","everything is the same but u backflip on backflip"],"gold_per_floor":[115,2,13,33,133,133,165,165,165,165,176,194,211,223,223,320,320,337,337,350,363,288,288,38,38,64,81,81,81,6,6,6,6,6],"floor_reached":33,"language":"KOR","playtime":962,"items_purged":["Defend_R","Strike_R"],"score":247,"play_id":"10eb46cf-4fbc-4177-96cc-debf43ce40f2","local_time":"20210121232043","is_ascension_mode":false,"campfire_choices":[{"data":"Fire Breathing","floor":6.0,"key":"SMITH"},{"floor":8.0,"key":"RECALL"},{"data":"Power Through","floor":10.0,"key":"SMITH"},{"floor":15.0,"key":"REST"},{"floor":23.0,"key":"REST"},{"floor":25.0,"key":"REST"},{"floor":32.0,"key":"REST"}],"circlet_count":0,"master_deck":["Strike_R","Strike_R","Strike_R","Defend_R","Defend_R","Defend_R","Bash","Body Slam","Power Through+1","Fire Breathing+1","Wild Strike","Armaments","Headbutt","Demon Form","Wild Strike","Barricade","True Grit","Power Through","Entrench"],"relics":["Burning Blood","Letter Opener","Anchor","Runic Cube","MutagenicStrength","Toy Ornithopter","Singing Bowl","Dead Branch"],"acts_visited":["Exordium","TheCity"],"potions_floor_usage":[33],"damage_taken":[{"damage":15.0,"enemies":"Jaw Worm","floor":1.0,"turns":4.0},{"damage":0.0,"enemies":"Cultist","floor":3.0,"turns":5.0},{"damage":9.0,"enemies":"Small Slimes","floor":4.0,"turns":4.0},{"damage":25.0,"enemies":"Gremlin Nob","floor":7.0,"turns":5.0},{"damage":16.0,"enemies":"3 Louse","floor":11.0,"turns":3.0},{"damage":10.0,"enemies":"Looter","floor":12.0,"turns":3.0},{"damage":4.0,"enemies":"2 Fungi Beasts","floor":13.0,"turns":4.0},{"damage":9.0,"enemies":"Exordium Wildlife","floor":14.0,"turns":6.0},{"damage":44.0,"enemies":"Hexaghost","floor":16.0,"turns":9.0},{"damage":41.0,"enemies":"3 Byrds","floor":18.0,"turns":5.0},{"damage":15.0,"enemies":"Shell Parasite","floor":20.0,"turns":9.0},{"damage":27.0,"enemies":"Snake Plant","floor":21.0,"turns":4.0},{"damage":0.0,"enemies":"Cultist and Chosen","floor":27.0,"turns":6.0},{"damage":84,"enemies":"Collector","floor":33,"turns":7}],"seed_played":"-4090505792276129823","potions_obtained":[{"floor":1.0,"key":"HeartOfIron"},{"floor":11.0,"key":"BloodPotion"},{"floor":13.0,"key":"Energy Potion"},{"floor":16.0,"key":"DuplicationPotion"},{"floor":20.0,"key":"SneckoOil"},{"floor":21.0,"key":"Fire Potion"}],"is_trial":false,"path_per_floor":["M","$","M","M","?","R","E","R","T","R","M","M","M","M","R","B",null,"M","?","M","M","?","R","$","R","T","M","?","T","$","?","R","B"],"character_chosen":"IRONCLAD","items_purchased":["Fire Breathing","Toy Ornithopter","Entrench"],"campfire_rested":4,"item_purchase_floors":[2,24,30],"current_hp_per_floor":[71,71,77,74,74,74,55,55,55,55,45,41,43,40,64,42,80,45,45,36,15,15,39,39,63,63,69,69,69,69,54,79,0,0],"gold":6,"neow_bonus":"THREE_CARDS","is_daily":false,"chose_seed":false,"campfire_upgraded":2,"win_rate":0.0,"timestamp":1611238843,"path_taken":["M","$","M","M","?","R","E","R","T","R","M","M","M","M","R","BOSS","M","?","M","M","?","R","$","R","T","M","?","?","$","?","R","BOSS"],"items_purchased_type":["Card","Relic","Card"],"build_version":"2020-12-22","purchased_purges":2,"victory":false,"max_hp_per_floor":[80,80,80,80,80,80,80,80,80,80,80,80,80,80,80,80,80,80,80,80,80,80,80,80,80,80,80,80,80,80,85,85,85,85],"card_choices":[{"not_picked":["Havoc","Clothesline"],"picked":"Body Slam","floor":0.0},{"not_picked":["Anger","Carnage"],"picked":"Power Through","floor":1.0},{"not_picked":["Pommel Strike","Armaments"],"picked":"Wild Strike","floor":3.0},{"not_picked":["Iron Wave","Combust"],"picked":"Armaments","floor":4.0},{"not_picked":["Fire Breathing","Infernal Blade","Perfected Strike"],"picked":"SKIP","floor":7.0},{"not_picked":["Bloodletting","Hemokinesis"],"picked":"Headbutt","floor":11.0},{"not_picked":["Twin Strike","True Grit","Uppercut"],"picked":"SKIP","floor":12.0},{"not_picked":["True Grit","Combust"],"picked":"Demon Form","floor":13.0},{"not_picked":["Iron Wave","Spot Weakness"],"picked":"Wild Strike","floor":14.0},{"not_picked":["Corruption","Immolate"],"picked":"Barricade","floor":16.0},{"not_picked":["Cleave","Clash","Iron Wave+1"],"picked":"SKIP","floor":18.0},{"not_picked":["Spot Weakness","Iron Wave"],"picked":"True Grit","floor":20.0},{"not_picked":["Dropkick","Clothesline","Body Slam"],"picked":"SKIP","floor":21.0},{"not_picked":["Sword Boomerang","Clash"],"picked":"Power Through","floor":27.0}],"player_experience":289688,"relics_obtained":[{"floor":7.0,"key":"Letter Opener"},{"floor":9.0,"key":"Anchor"},{"floor":29.0,"key":"Dead Branch"}],"event_choices":[{"damage_healed":0.0,"max_hp_gain":0.0,"max_hp_loss":0.0,"gold_gain":100.0,"event_name":"Golden Shrine","player_choice":"Pray","floor":5.0,"gold_loss":0.0,"damage_taken":0.0},{"damage_healed":0.0,"max_hp_gain":0.0,"max_hp_loss":0.0,"gold_gain":0.0,"event_name":"Drug Dealer","player_choice":"Inject Mutagens","floor":19.0,"gold_loss":0.0,"damage_taken":0.0,"relics_obtained":["MutagenicStrength"]},{"cards_removed":["Strike_R"],"damage_healed":0.0,"max_hp_gain":0.0,"max_hp_loss":0.0,"gold_gain":0.0,"event_name":"Beggar","player_choice":"Gave Gold","floor":22.0,"gold_loss":75.0,"damage_taken":0.0},{"damage_healed":0.0,"max_hp_gain":0.0,"max_hp_loss":0.0,"gold_gain":0.0,"event_name":"The Mausoleum","player_choice":"Opened","floor":28.0,"gold_loss":0.0,"damage_taken":0.0,"relics_obtained":["Singing Bowl"]},{"damage_healed":0.0,"max_hp_gain":5.0,"max_hp_loss":0.0,"gold_gain":0.0,"event_name":"Forgotten Altar","player_choice":"Shed Blood","floor":31.0,"gold_loss":0.0,"damage_taken":20.0}],"is_beta":false,"boss_relics":[{"not_picked":["Black Star","Calling Bell"],"picked":"Runic Cube"}],"items_purged_floors":[2,24],"is_endless":false,"potions_floor_spawned":[1,11,13,16,20,21],"killed_by":"Collector","ascension_level":0}}