{"host":"9g2o5mv3ekm7zga5","time":1611241819,"event":{"mods":["AchievementEnabler","BaseMod","Better Match","Better Note","Better Sensory Stone","Colored Powertips","Minty Spire (QoL Compilation)","Quick Restart","Random Character Button","Rare Cards Sparkle","StSLib"],"gold_per_floor":[109,109,63,74,74,74,90,108,134,134,134,164,164,11,11,114,114,114,114,114,114,114,114,114,114,114,114,15,15,15,15,15,15,15,15,15,15,0,0,0],"floor_reached":39,"language":"ENG","playtime":3030,"items_purged":["Strike_P"],"score":397,"play_id":"6a060a89-7443-4a78-936d-f6603c0d87eb","local_time":"20210121161019","is_ascension_mode":false,"campfire_choices":[{"data":"Vigilance","floor":6,"key":"SMITH"},{"data":"Eruption","floor":10,"key":"SMITH"},{"data":"Consecrate","floor":13,"key":"SMITH"},{"data":"JustLucky","floor":15,"key":"SMITH"},{"data":"Defend_P","floor":23,"key":"SMITH"},{"floor":27,"key":"REST"},{"floor":32,"key":"REST"}],"circlet_count":0,"master_deck":["Strike_P+1","Strike_P+1","Defend_P+1","Defend_P+1","Defend_P+1","Defend_P+1","Eruption+1","Vigilance+1","FollowUp+1","ThirdEye","Consecrate+1","JustLucky+1","EmptyMind","BattleHymn","EmptyBody+1","FollowUp","CutThroughFate","JustLucky+1","Prostrate+1","FollowUp","Evaluate","FlyingSleeves","EmptyFist","EmptyFist+1","Finesse","Deep Breath"],"relics":["PureWater","NeowsBlessing","NlothsMask","Bag of Preparation","Lee\u0027s Waffle","Ectoplasm","Mummified Hand","Omamori","Calling Bell","Strawberry","Shuriken","Calipers","Red Mask"],"acts_visited":["Exordium","TheCity","TheBeyond"],"potions_floor_usage":[33,33,33],"damage_taken":[{"damage":0,"enemies":"Small Slimes","floor":1,"turns":1},{"damage":0,"enemies":"Cultist","floor":4,"turns":1},{"damage":0,"enemies":"2 Louse","floor":7,"turns":1},{"damage":6,"enemies":"Red Slaver","floor":8,"turns":3},{"damage":2,"enemies":"3 Sentries","floor":12,"turns":9},{"damage":29,"enemies":"The Guardian","floor":16,"turns":13},{"damage":0,"enemies":"3 Byrds","floor":18,"turns":5},{"damage":0,"enemies":"Spheric Guardian","floor":20,"turns":3},{"damage":21,"enemies":"Centurion and Healer","floor":21,"turns":4},{"damage":19,"enemies":"Slavers","floor":25,"turns":6},{"damage":30,"enemies":"Shelled Parasite and Fungi","floor":29,"turns":7},{"damage":9,"enemies":"Sentry and Sphere","floor":30,"turns":5},{"damage":42,"enemies":"Automaton","floor":33,"turns":9},{"damage":12,"enemies":"3 Darklings","floor":35,"turns":6},{"damage":0,"enemies":"Orb Walker","floor":36,"turns":4},{"damage":77,"enemies":"Writhing Mass","floor":39,"turns":7}],"seed_played":"-996106529331210287","potions_obtained":[{"floor":12,"key":"LiquidBronze"},{"floor":20,"key":"BlessingOfTheForge"},{"floor":25,"key":"Regen Potion"},{"floor":33,"key":"PowerPotion"},{"floor":36,"key":"Strength Potion"}],"is_trial":false,"path_per_floor":["M","?","$","M","?","R","M","M","T","R","?","E","R","$","R","B",null,"M","?","M","M","?","R","?","E","T","R","$","M","M","?","R","B",null,"M","M","?","?","M"],"character_chosen":"WATCHER","items_purchased":["ThirdEye","Lee\u0027s Waffle","FollowUp"],"campfire_rested":2,"item_purchase_floors":[3,14,28],"current_hp_per_floor":[72,72,72,72,72,72,72,66,66,66,52,50,50,79,79,50,79,79,79,79,58,58,58,52,33,33,56,56,26,17,17,40,13,86,74,74,74,74,0,0],"gold":0,"neow_bonus":"THREE_ENEMY_KILL","is_daily":false,"chose_seed":false,"campfire_upgraded":5,"win_rate":0.0,"timestamp":1611241819,"path_taken":["M","?","$","?","?","R","?","M","T","R","?","E","R","$","R","BOSS","M","?","M","M","?","R","?","E","T","R","?","?","M","?","R","BOSS","M","M","?","?","M"],"items_purchased_type":["Card","Relic","Card"],"build_version":"2020-12-22","purchased_purges":1,"victory":false,"max_hp_per_floor":[72,72,72,72,72,72,72,72,72,72,72,72,72,79,79,79,79,79,79,79,79,79,79,79,79,79,79,79,79,79,79,79,79,86,86,86,86,86,86,86],"card_choices":[{"not_picked":["ClearTheMind","JustLucky"],"picked":"FollowUp","floor":1},{"not_picked":["Crescendo","Protect"],"picked":"Consecrate","floor":4},{"not_picked":["InnerPeace","Halt"],"picked":"JustLucky","floor":7},{"not_picked":["PathToVictory","Halt"],"picked":"EmptyMind","floor":8},{"not_picked":["Worship","Ragnarok"],"picked":"BattleHymn","floor":12},{"not_picked":["Evaluate+1","FearNoEvil"],"picked":"EmptyBody+1","floor":18},{"not_picked":["Protect","Weave"],"picked":"CutThroughFate","floor":20},{"not_picked":["PathToVictory+1","Protect"],"picked":"JustLucky+1","floor":21},{"not_picked":["FearNoEvil+1","CarveReality+1"],"picked":"Prostrate+1","floor":25},{"not_picked":["Wallop+1","Tantrum"],"picked":"Evaluate","floor":29},{"not_picked":["Perseverance","CrushJoints"],"picked":"FlyingSleeves","floor":30},{"not_picked":["Meditate+1","WreathOfFlame"],"picked":"EmptyFist","floor":35},{"not_picked":["Establishment","CutThroughFate+1"],"picked":"EmptyFist+1","floor":36},{"not_picked":["Purity","PanicButton"],"picked":"Finesse","floor":37},{"not_picked":["Magnetism","HandOfGreed"],"picked":"Deep Breath","floor":37}],"player_experience":142555,"relics_obtained":[{"floor":12,"key":"Bag of Preparation"},{"floor":25,"key":"Mummified Hand"},{"floor":26,"key":"Omamori"},{"floor":34,"key":"Strawberry"},{"floor":34,"key":"Shuriken"},{"floor":34,"key":"Calipers"}],"event_choices":[{"damage_healed":0,"gold_gain":0,"player_choice":"Forge","damage_taken":0,"max_hp_gain":0,"max_hp_loss":0,"event_name":"Accursed Blacksmith","floor":2,"gold_loss":0,"cards_upgraded":["FollowUp"]},{"damage_healed":0,"gold_gain":0,"player_choice":"Trade","damage_taken":0,"relics_obtained":["NlothsMask"],"max_hp_gain":0,"max_hp_loss":0,"event_name":"FaceTrader","floor":5,"gold_loss":0},{"damage_healed":0,"gold_gain":0,"player_choice":"Entered Light","damage_taken":14,"max_hp_gain":0,"max_hp_loss":0,"event_name":"Shining Light","floor":11,"gold_loss":0,"cards_upgraded":["Strike_P","Defend_P"]},{"damage_healed":0,"gold_gain":0,"cards_transformed":["Strike_P"],"player_choice":"Transformed","damage_taken":0,"max_hp_gain":0,"max_hp_loss":0,"event_name":"Transmorgrifier","floor":19,"gold_loss":0,"cards_obtained":["FollowUp"]},{"damage_healed":0,"gold_gain":200,"player_choice":"Gold","damage_taken":0,"max_hp_gain":0,"max_hp_loss":0,"event_name":"Wheel of Change","floor":22,"gold_loss":0},{"damage_healed":0,"gold_gain":0,"player_choice":"","damage_taken":6,"max_hp_gain":0,"max_hp_loss":0,"event_name":"Knowing Skull","floor":24,"potions_obtained":[],"gold_loss":0,"cards_obtained":[]},{"damage_healed":0,"gold_gain":0,"player_choice":"Simplicity","damage_taken":0,"max_hp_gain":0,"max_hp_loss":0,"event_name":"Back to Basics","floor":31,"gold_loss":0,"cards_upgraded":["Strike_P","Defend_P","Defend_P"]},{"damage_healed":0,"gold_gain":3,"player_choice":"1","damage_taken":0,"max_hp_gain":0,"max_hp_loss":0,"event_name":"betterStone:BetterStone","floor":37,"gold_loss":0},{"damage_healed":0,"gold_gain":0,"player_choice":"Paid","damage_taken":0,"relics_obtained":["Red Mask"],"max_hp_gain":0,"max_hp_loss":0,"event_name":"Tomb of Lord Red Mask","floor":38,"gold_loss":15}],"is_beta":false,"boss_relics":[{"not_picked":["VioletLotus","Philosopher\u0027s Stone"],"picked":"Ectoplasm"},{"not_picked":["Velvet Choker","Black Star"],"picked":"Calling Bell"}],"items_purged_floors":[28],"is_endless":false,"potions_floor_spawned":[12,20,25,29,33,35,36],"killed_by":"Writhing Mass","ascension_level":0}}