{"host":"by9nexv7bw8pfn7u","time":1611253079,"event":{"mods":["BaseMod","Colored Powertips","Downfall","GifTheSpireLib","Minty Spire (QoL Compilation)","Random Character Button","StSLib","Unceasing Turn Reminder"],"gold_per_floor":[99,274,274,27,43,74,74,74,74,93,93,78,96,96,109,207,207,107,307,307,307,317,349,349,103,103,3,35,35,20,55,74,174,174,74,88,100,85,85,117,140,240,240,272,272,272,272,291,308,308,308,340,49,49,49,49],"floor_reached":57,"language":"ENG","playtime":4357,"items_purged":["Doubt","Pain"],"score":1350,"play_id":"a0e086d6-4986-4fa5-8d35-bdc7a2b9b018","local_time":"20210121191759","is_ascension_mode":true,"campfire_choices":[{"data":"champ:GladiatorForm","floor":1,"key":"SMITH"},{"floor":8,"key":"RECALL"},{"data":"champ:Duel","floor":18,"key":"SMITH"},{"data":"expansioncontent:StudyTheSpire","floor":27,"key":"SMITH"},{"data":"champ:AdrenalArmor","floor":35,"key":"SMITH"},{"data":"expansioncontent:QuickStudy","floor":43,"key":"SMITH"},{"data":"champ:BringItOn","floor":47,"key":"SMITH"},{"floor":54,"key":"REST"}],"circlet_count":0,"master_deck":["champ:Strike","champ:Strike","champ:Strike","champ:Defend","champ:Defend","champ:Defend","champ:Defend","champ:Execute","champ:Taunt","champ:GladiatorForm+1","champ:BringItOn+1","champ:FlashCut","champ:Duel+1","champ:DefensiveShout","champ:AdrenalArmor+1","champ:ShieldSigil","champ:EnchantCrown","CurseOfTheBell","champ:FocusedDefense","expansioncontent:StudyTheSpire+1","champ:EnGarde","champ:Endure","champ:Parry","champ:FalseCounter","champ:ArenaPreparation+1","expansioncontent:QuickStudy+1","champ:RageSigil","champ:SwordSigil","champ:FlashCut","champ:ShieldSlam"],"relics":["champ:ChampionCrown","hexamod:Sixitude","Oddly Smooth Stone","Matryoshka","Question Card","Juzu Bracelet","Singing Bowl","Meat on the Bone","Bottled Flame","Calling Bell","Akabeko","hexamod:CandleOfCauterizing","WingedGreaves","downfall:HeartBlessingRed","Nunchaku","downfall:HeartBlessingBlue","InkBottle","Regal Pillow","Busted Crown","downfall:HeartBlessingGreen","WarpedTongs","MealTicket","Bronze Scales","Ginger","HornCleat"],"acts_visited":["Exordium","TheCity","TheBeyond","TheEnding"],"potions_floor_usage":[16,28,33,33,36,50,50],"damage_taken":[{"damage":20,"enemies":"downfall:FleeingMerchant","floor":4,"turns":4},{"damage":0,"enemies":"2 Louse","floor":5,"turns":2},{"damage":80,"enemies":"Lagavulin","floor":6,"turns":8},{"damage":14,"enemies":"Jaw Worm","floor":10,"turns":3},{"damage":1,"enemies":"downfall:FleeingMerchant","floor":12,"turns":4},{"damage":3,"enemies":"Cultist","floor":13,"turns":3},{"damage":15,"enemies":"Exordium Wildlife","floor":15,"turns":3},{"damage":26,"enemies":"WA_ARCHETYPE_RETAIN","floor":16,"turns":8},{"damage":26,"enemies":"3 Byrds","floor":22,"turns":5},{"damage":31,"enemies":"Book of Stabbing","floor":23,"turns":4},{"damage":12,"enemies":"downfall:FleeingMerchant","floor":25,"turns":4},{"damage":65,"enemies":"Gremlin Leader","floor":28,"turns":7},{"damage":25,"enemies":"downfall:FleeingMerchant","floor":30,"turns":4},{"damage":18,"enemies":"Book of Stabbing","floor":31,"turns":4},{"damage":14,"enemies":"Cultist and Chosen","floor":32,"turns":7},{"damage":58,"enemies":"SI_MIRROR_ARCHETYPE","floor":33,"turns":10},{"damage":50,"enemies":"3 Shapes","floor":36,"turns":6},{"damage":22,"enemies":"Orb Walker","floor":37,"turns":4},{"damage":0,"enemies":"downfall:FleeingMerchant","floor":38,"turns":4},{"damage":9,"enemies":"downfall:FleeingMerchant","floor":40,"turns":3},{"damage":36,"enemies":"Reptomancer","floor":44,"turns":6},{"damage":61,"enemies":"Sphere and 2 Shapes","floor":48,"turns":7},{"damage":0,"enemies":"Spire Growth","floor":49,"turns":4},{"damage":204,"enemies":"IC_BLOCK_ARCHETYPE","floor":50,"turns":12},{"damage":114,"enemies":"downfall:CharBossMerchant","floor":52,"turns":9},{"damage":155,"enemies":"downfall:NeowBoss","floor":55,"turns":22},{"damage":76,"enemies":"downfall:NeowBossFinal","floor":56,"turns":11}],"seed_played":"-3533225760437990593","potions_obtained":[{"floor":6,"key":"SkillPotion"},{"floor":10,"key":"Guardian:BlockOnCardUsePotion"},{"floor":15,"key":"sneckomod:MuddlingPotion"},{"floor":23,"key":"FairyPotion"},{"floor":31,"key":"SneckoOil"},{"floor":36,"key":"Fruit Juice"},{"floor":44,"key":"Strength Potion"},{"floor":48,"key":"AttackPotion"}],"is_trial":false,"path_per_floor":["R","?","T","$","M","E","T","R","?","M","T","$","M","?","M","B",null,"R","?","?","?","M","E","T","$","?","R","E","?","$","E","M","B",null,"R","M","M","$","?","$","T","?","R","E","?","?","R","M","M","B",null,"E","$","R","B","B",null],"character_chosen":"THE_CHAMP","items_purchased":["Oddly Smooth Stone","expansioncontent:StudyTheSpire","champ:EnGarde","expansioncontent:QuickStudy","champ:RageSigil","HornCleat","champ:ShieldSlam"],"campfire_rested":1,"item_purchase_floors":[4,25,25,40,40,53,53],"current_hp_per_floor":[90,90,90,90,90,40,40,40,40,36,36,47,56,56,68,64,90,90,90,72,72,58,54,54,54,54,64,51,51,65,71,59,59,117,117,122,115,117,117,108,108,108,108,107,107,107,107,115,117,40,128,79,94,128,50,41],"gold":49,"neow_bonus":"ONE_RANDOM_RARE_CARD","is_daily":false,"chose_seed":false,"campfire_upgraded":6,"win_rate":0.0,"timestamp":1611253079,"path_taken":["R","?","?","?","?","E","T","R","?","M","?","$","M","?","M","BOSS","R","?","?","?","M","E","T","$","?","R","E","?","?","E","M","BOSS","R","M","M","$","?","$","T","?","R","E","?","?","R","M","M","BOSS","E","$","R","BOSS","BOSS"],"items_purchased_type":["Relic","Card","Card","Card","Card","Relic","Card"],"build_version":"2020-12-22","purchased_purges":2,"victory":true,"max_hp_per_floor":[90,90,90,90,90,90,90,90,90,90,90,90,90,90,90,90,90,90,90,95,95,97,97,97,99,99,109,109,109,111,113,115,117,117,117,122,122,124,124,124,124,124,124,124,124,124,124,126,128,128,128,128,128,128,128,128],"card_choices":[{"not_picked":["champ:Circumvent","champ:FanOfKnives"],"picked":"champ:BringItOn","floor":4},{"not_picked":["champ:GutPunch","champ:BerserkerStyle"],"picked":"champ:FlashCut","floor":5},{"not_picked":["champ:Parry","champ:HeartStrike","champ:FanOfKnives"],"picked":"SKIP","floor":6},{"not_picked":["champ:ShieldSlam","champ:SwordSigil","champ:BringItOn"],"picked":"champ:Duel","floor":10},{"not_picked":["champ:FanOfKnives","champ:SteelEdge","champ:Circumvent"],"picked":"champ:DefensiveShout","floor":12},{"not_picked":["champ:PreciseThrust","champ:Haymaker","champ:HeartStrike"],"picked":"champ:AdrenalArmor","floor":13},{"not_picked":["champ:FalseCounter","champ:CrookedStrike","champ:Duel"],"picked":"champ:ShieldSigil","floor":15},{"not_picked":["champ:HoldFirm","champ:DancingMaster","champ:UltimateStance"],"picked":"champ:EnchantCrown","floor":16},{"not_picked":["champ:TornadoPunch","champ:Haymaker","champ:BladeFlurry+1","champ:EnragedBash"],"picked":"Singing Bowl","floor":22},{"not_picked":["champ:DefensiveStyle","champ:HeartStrike+1","champ:Lariat"],"picked":"champ:FocusedDefense","floor":23},{"not_picked":["champ:FanOfKnives","champ:FlashCut","champ:ShieldSlam","champ:GutPunch"],"picked":"Singing Bowl","floor":25},{"not_picked":["champ:BringItOn+1","champ:PreciseThrust","champ:StanceDance"],"picked":"champ:Endure","floor":28},{"not_picked":["champ:ShieldWall","champ:Duel","champ:Improvising","champ:FlashCut"],"picked":"Singing Bowl","floor":30},{"not_picked":["champ:CalledShot+1","champ:Backstep","champ:DefensiveShout","champ:GladiatorForm"],"picked":"Singing Bowl","floor":31},{"not_picked":["champ:ShieldSigil","champ:TornadoPunch","champ:Circumvent","champ:DeathBlow+1"],"picked":"Singing Bowl","floor":32},{"not_picked":["champ:VampiricStrike","champ:StrikeOfGenius","champ:GladiatorForm","champ:Improvising"],"picked":"Singing Bowl","floor":33},{"not_picked":["champ:BerserkersShout"],"picked":"champ:Parry","floor":36},{"not_picked":["champ:EnGarde+1"],"picked":"champ:FalseCounter","floor":37},{"not_picked":["champ:CrownThrow","champ:FanOfKnives+1"],"picked":"Singing Bowl","floor":38},{"not_picked":["champ:Backstep+1"],"picked":"champ:ArenaPreparation+1","floor":40},{"not_picked":["champ:StrikeOfGenius"],"picked":"champ:SwordSigil","floor":44},{"not_picked":["champ:FlashCut","champ:PreciseThrust"],"picked":"Singing Bowl","floor":48},{"not_picked":["champ:BringItOn+1","champ:EnGarde"],"picked":"Singing Bowl","floor":49},{"not_picked":["champ:BladeFlurry"],"picked":"champ:FlashCut","floor":52}],"player_experience":1031224,"relics_obtained":[{"floor":3,"key":"hexamod:Sixitude"},{"floor":6,"key":"Matryoshka"},{"floor":7,"key":"Question Card"},{"floor":7,"key":"Juzu Bracelet"},{"floor":11,"key":"Meat on the Bone"},{"floor":11,"key":"Bottled Flame"},{"floor":17,"key":"Akabeko"},{"floor":17,"key":"hexamod:CandleOfCauterizing"},{"floor":17,"key":"WingedGreaves"},{"floor":23,"key":"Nunchaku"},{"floor":28,"key":"InkBottle"},{"floor":31,"key":"Regal Pillow"},{"floor":41,"key":"MealTicket"},{"floor":44,"key":"Bronze Scales"},{"floor":52,"key":"Ginger"}],"event_choices":[{"damage_healed":0,"gold_gain":0,"player_choice":"Box","damage_taken":0,"relics_obtained":["Singing Bowl"],"max_hp_gain":0,"max_hp_loss":0,"event_name":"Big Fish","floor":9,"gold_loss":0,"cards_obtained":["Regret"]},{"cards_removed":["Regret"],"damage_healed":0,"gold_gain":0,"player_choice":"Forget","damage_taken":0,"max_hp_gain":0,"max_hp_loss":0,"event_name":"Living Wall","floor":14,"gold_loss":0},{"damage_healed":0,"gold_gain":0,"player_choice":"Ignored","damage_taken":0,"max_hp_gain":0,"max_hp_loss":0,"event_name":"Ghosts","floor":26,"gold_loss":0},{"damage_healed":0,"gold_gain":0,"player_choice":"Rummage","damage_taken":0,"relics_obtained":["WarpedTongs"],"max_hp_gain":0,"max_hp_loss":0,"event_name":"Accursed Blacksmith","floor":39,"gold_loss":0,"cards_obtained":["Pain"]},{"cards_removed":["champ:Strike"],"damage_healed":0,"gold_gain":0,"player_choice":"Removed Attack","damage_taken":0,"max_hp_gain":0,"max_hp_loss":0,"event_name":"Falling","floor":45,"gold_loss":0}],"is_beta":false,"boss_relics":[{"not_picked":["Velvet Choker","bronze:MakeshiftBattery"],"picked":"Calling Bell"},{"not_picked":["SacredBark","Black Star"],"picked":"Busted Crown"}],"items_purged_floors":[4,40],"is_endless":false,"potions_floor_spawned":[6,10,15,23,31,32,36,44,48],"ascension_level":1}}