{"host":"njruw0b0uprlitpx","time":1611235645,"event":{"mods":["2.2 Compatiblity","Bartender","BaseMod","Better Altar","Better Match","Better Note","Better Sensory Stone","Better Skull","Better Third Choice","BetterRewards","Block Reminder","Colored Map","Colored Powertips","Energized Spire","Jedi Mod","Keyboard Shortcuts","Minty Spire (QoL Compilation)","Quick Restart","Rare Cards Sparkle","Relic Stats","Replay The Spire","SacredBarkPlus","Spicy Shops","StSLib","SuperFastMode","The Blackbeard","The Construct","The Dragon Tamer","The Forsaken","The Mystic","Wandering Minibosses"],"gold_per_floor":[118,168,184,194,208,208,243,243,268,282,282,301,312,32,32,135,135,146,146,146,170,185,185,47,64,64,81,81,81,95,122,122,223,223,237,237,237,237,237,237,271,18,18,18,18,47,23,23,36,36,36],"floor_reached":52,"language":"ENG","playtime":1502,"items_purged":["blackbeard:BlackbeardStrike"],"score":1078,"play_id":"3588f21a-f5e3-40fe-829d-0bd7e1a20dca","local_time":"20210121072725","is_ascension_mode":false,"campfire_choices":[{"data":"blackbeard:WeaponProficiency","floor":6,"key":"SMITH"},{"data":"blackbeard:PiratesWill","floor":8,"key":"SMITH"},{"data":"blackbeard:BeatUp","floor":15,"key":"SMITH"},{"data":"blackbeard:ReapersScythe","floor":23,"key":"SMITH"},{"floor":29,"key":"REST"},{"data":"blackbeard:PiratesWill","floor":32,"key":"SMITH"},{"data":"blackbeard:WoodenLeg","floor":32,"key":"SMITH"},{"data":"blackbeard:FinalBarrage","floor":40,"key":"SMITH"},{"data":"blackbeard:WiseDefense","floor":40,"key":"SMITH"},{"data":"blackbeard:Spear","floor":43,"key":"SMITH"},{"data":"ReplayTheSpireMod:Brewmster","floor":43,"key":"SMITH"},{"floor":45,"key":"REST"},{"floor":50,"key":"REST"}],"circlet_count":0,"master_deck":["blackbeard:BlackbeardStrike","blackbeard:BlackbeardStrike","blackbeard:IntimidatingStrike","blackbeard:BlackbeardDefend","blackbeard:BlackbeardDefend","blackbeard:BlackbeardDefend","blackbeard:BlackbeardDefend","blackbeard:Cutlass","blackbeard:BlindAttacks+1","ReplayTheSpireMod:Brewmster+1","blackbeard:Boarding","blackbeard:Sword","blackbeard:AgileStrike","blackbeard:AgileStrike","blackbeard:DoubleCannonball","blackbeard:WeaponProficiency+1","blackbeard:PiratesWill+1","blackbeard:BeatUp+1","blackbeard:ReapersScythe+1","blackbeard:CatONineTails","blackbeard:WoodenLeg+1","blackbeard:RearmingStrike","blackbeard:HumongousCannonball+1","blackbeard:WiseDefense+1","blackbeard:PiratesWill+1","blackbeard:GoldenDefense","blackbeard:GhostInTheRum","blackbeard:GoldenStrike","blackbeard:BlindAttacks","blackbeard:Spear+1","blackbeard:FinalBarrage+1","blackbeard:RemoveScurvy+1","blackbeard:DeadlyArsenal+1","blackbeard:GoldenStrike+1","blackbeard:PirateEarring","blackbeard:TheDrunkenSailor+1","blackbeard:WiseDefense+1","Madness","Madness","blackbeard:GoldenDefense","blackbeard:Boarding+1"],"relics":["blackbeard:LoadTheCannons","theForsaken:Kindling","BargainBundle","Anchor","jedi:HeartOfTheCards","Gremlin Horn","Replay:Bottled Snecko","Ginger","Pen Nib","Replay:Wax Seal","Pet Ghost","energizedSpire:NeverEndingSparkler","blackbeard:Karategi","Juzu Bracelet","Replay:Arrowhead","Sundial","Dream Catcher","Silver_Glasses","InkBottle","Golden Egg","Potion Belt","Garlic","White Beast Statue"],"acts_visited":["Exordium","TheCity","TheBeyond"],"potions_floor_usage":[16,16,16,16,16,22,31,33,35,35,51,51,51],"damage_taken":[{"damage":0,"enemies":"2 Louse","floor":1,"turns":1},{"damage":0,"enemies":"Jaw Worm","floor":3,"turns":2},{"damage":0,"enemies":"Cultist","floor":4,"turns":2},{"damage":0,"enemies":"Exordium Wildlife","floor":5,"turns":3},{"damage":9,"enemies":"3 Sentries","floor":7,"turns":3},{"damage":0,"enemies":"Looter","floor":10,"turns":2},{"damage":0,"enemies":"2 Fungi Beasts","floor":12,"turns":1},{"damage":0,"enemies":"Blue Slaver","floor":13,"turns":2},{"damage":12,"enemies":"Hexaghost","floor":16,"turns":3},{"damage":0,"enemies":"Chosen","floor":18,"turns":2},{"damage":5,"enemies":"Spheric Guardian","floor":22,"turns":3},{"damage":13,"enemies":"Centurion and Healer","floor":25,"turns":3},{"damage":0,"enemies":"Snecko","floor":27,"turns":2},{"damage":10,"enemies":"Sentry and Sphere","floor":30,"turns":3},{"damage":0,"enemies":"Book of Stabbing","floor":31,"turns":2},{"damage":18,"enemies":"Automaton","floor":33,"turns":6},{"damage":0,"enemies":"3 Darklings","floor":35,"turns":2},{"damage":0,"enemies":"Reptomancer","floor":41,"turns":2},{"damage":0,"enemies":"Nemesis","floor":46,"turns":1},{"damage":0,"enemies":"Orb Walker","floor":49,"turns":1},{"damage":0,"enemies":"Donu and Deca","floor":51,"turns":2}],"seed_played":"-4020718847995912193","potions_obtained":[{"floor":1,"key":"Explosive Potion"},{"floor":2,"key":"blackbeard:OrangeJuicePotion"},{"floor":7,"key":"LifebloodPotion"},{"floor":18,"key":"blackbeard:UpgradePotion"},{"floor":25,"key":"Adrenaline Potion"},{"floor":46,"key":"PowerPotion"},{"floor":49,"key":"Adrenaline Potion"}],"is_trial":false,"path_per_floor":["M","?","M","M","M","R","E","R","T","M","?","M","M","$","R","B",null,"M","?","?","T","M","R","$","M","T","M","?","R","M","E","R","B",null,"M","?","?","?","T","R","E","$","R","T","R","E","$","?","M","R","B",null],"character_chosen":"BLACKBEARD_CLASS","items_purchased":["BargainBundle","Anchor","jedi:HeartOfTheCards","blackbeard:BlindAttacks","Gremlin Horn","Strength Potion","ReplayTheSpireMod:Brewmster","Replay:Bottled Snecko","blackbeard:Boarding","EntropicBrew","blackbeard:WoodenLeg","blackbeard:RearmingStrike","Replay:Arrowhead","blackbeard:GoldenDefense","Potion Belt","blackbeard:GoldenStrike","Energy Potion","blackbeard:WiseDefense"],"campfire_rested":3,"item_purchase_floors":[0,0,0,0,0,0,0,0,0,0,14,14,24,24,42,42,42,47],"current_hp_per_floor":[75,75,75,75,75,75,66,66,66,66,66,66,66,66,66,54,75,75,75,57,57,52,52,52,39,39,39,39,61,51,51,51,33,62,62,62,62,62,62,62,62,62,62,62,67,67,67,59,59,72,72],"gold":36,"neow_bonus":"","is_daily":false,"chose_seed":false,"campfire_upgraded":10,"win_rate":0.0,"timestamp":1611235645,"path_taken":["M","?","M","M","?","R","E","R","T","M","?","M","M","$","R","BOSS","M","?","?","?","M","R","$","M","T","M","?","R","M","E","R","BOSS","M","?","?","?","?","R","E","$","R","T","R","E","$","?","M","R","BOSS"],"items_purchased_type":["Relic","Relic","Relic","Card","Relic","Potion","Card","Relic","Card","Potion","Card","Card","Relic","Card","Relic","Card","Potion","Card"],"build_version":"2020-12-22","purchased_purges":1,"victory":true,"max_hp_per_floor":[75,75,75,75,75,75,75,75,75,75,75,75,75,75,75,75,75,75,75,57,57,57,57,57,57,57,57,57,62,62,62,62,62,62,62,62,62,62,62,62,62,62,62,62,67,67,67,67,67,72,72],"relic_stats":{"Dream Catcher":2,"Gremlin Horn":[13,13],"counters":[81,226],"Sundial":[0],"Pen Nib":[22],"Juzu Bracelet":2,"Ginger":[8],"obtain_stats":[{"Golden Egg":43,"Calipers":0,"Gremlin Horn":0,"CeramicFish":22,"Vajra":37,"Ginger":0,"jedi:shrinkray":14,"Blood Vial":6,"Sozu":17,"Lizard Tail":43,"HornCleat":14,"jedi:paperlyon":34,"Sundial":26,"Strawberry":0,"Kunai":26,"Replay:Wax Seal":11,"Sneakers":0,"ReplayTheSpireMod:CursedCoin":14,"Dead Branch":40,"Counterbalance":42,"Choco_Feather":51,"Pen Nib":0,"Ring of Chaos":34,"Letter Opener":9,"Question Card":9,"jedi:HeartOfTheCards":0,"Akabeko":0,"SlaversCollar":34,"Bottled Flame":27,"Replay:Baseball":21,"Water_Ring":4,"Shuriken":10,"energizedSpire:NeverEndingSparkler":17,"Bird Faced Urn":29,"Tintinnabulum":3,"StrikeDummy":31,"Lantern":28,"Singing Bowl":0,"Torii":24,"Piano_Music":0,"jedi:command_boss":20,"Juzu Bracelet":21,"Replay:Mystery Machine":6,"jedi:archwizardhat":25,"Power_Wrist":36,"Pet Ghost":9,"Replay:Rubber Ducky":9,"Silver_Glasses":34,"Dream Catcher":46,"Replay:Bandana":0,"Matryoshka":26,"Mummified Hand":42,"theForsaken:Kindling":0,"Gambling Chip":21,"Genji_Glove":10,"Red Mask":24,"Replay:Bottled Snecko":0,"Guardian:BottledAnomaly":37,"Replay:Bottled Eggs":37,"InkBottle":39,"Potion Belt":42,"BargainBundle":0,"ReplayTheSpireMod:Ninjato":19,"NeowsBlessing":0,"Guide Book":21,"blackbeard:LoadTheCannons":20,"The Courier":26,"Ring of Greed":8,"energizedSpire:DeadBattery":17,"MawBank":8,"White Beast Statue":43,"Replay:Arrowhead":28,"Mercury Hourglass":20,"jedi:fakemustache":29,"Strange Spoon":14,"Anchor":29,"jedi:ominousloannote":0,"Ornamental Fan":15,"Turnip":31,"Art of War":7,"blackbeard:Karategi":20,"Garlic":44,"Membership Card":14,"hexamod:BolsterEngine":13,"jedi:arcanewood":29,"TungstenRod":0},{"Golden Egg":39,"Calipers":23,"Gremlin Horn":60,"CeramicFish":50,"Vajra":17,"Ginger":60,"jedi:shrinkray":48,"Blood Vial":4,"Sozu":49,"Lizard Tail":21,"HornCleat":48,"jedi:paperlyon":16,"Sundial":72,"Strawberry":23,"Kunai":10,"Replay:Wax Seal":47,"Sneakers":0,"ReplayTheSpireMod:CursedCoin":6,"Dead Branch":20,"Counterbalance":21,"Choco_Feather":42,"Pen Nib":43,"Ring of Chaos":56,"Letter Opener":4,"Question Card":26,"jedi:HeartOfTheCards":60,"Akabeko":43,"SlaversCollar":36,"Bottled Flame":33,"Replay:Baseball":50,"Water_Ring":44,"Shuriken":26,"energizedSpire:NeverEndingSparkler":29,"Bird Faced Urn":34,"Tintinnabulum":44,"StrikeDummy":15,"Lantern":33,"Singing Bowl":23,"Torii":32,"Piano_Music":23,"jedi:command_boss":70,"Juzu Bracelet":70,"Replay:Mystery Machine":46,"jedi:archwizardhat":52,"Power_Wrist":57,"Pet Ghost":65,"Replay:Rubber Ducky":46,"Silver_Glasses":76,"Dream Catcher":22,"Replay:Bandana":43,"Matryoshka":32,"Mummified Hand":39,"theForsaken:Kindling":60,"Gambling Chip":50,"Genji_Glove":26,"Red Mask":10,"Replay:Bottled Snecko":60,"Guardian:BottledAnomaly":17,"Replay:Bottled Eggs":17,"InkBottle":77,"Potion Belt":78,"BargainBundle":60,"ReplayTheSpireMod:Ninjato":8,"NeowsBlessing":0,"Guide Book":50,"blackbeard:LoadTheCannons":70,"The Courier":52,"Ring of Greed":46,"energizedSpire:DeadBattery":7,"MawBank":46,"White Beast Statue":39,"Replay:Arrowhead":53,"Mercury Hourglass":8,"jedi:fakemustache":53,"Strange Spoon":48,"Anchor":53,"jedi:ominousloannote":23,"Ornamental Fan":48,"Turnip":15,"Art of War":26,"blackbeard:Karategi":70,"Garlic":78,"Membership Card":6,"hexamod:BolsterEngine":6,"jedi:arcanewood":53,"TungstenRod":43},{"Golden Egg":118,"Calipers":73,"Gremlin Horn":178,"CeramicFish":143,"Vajra":58,"Ginger":178,"jedi:shrinkray":138,"Blood Vial":12,"Sozu":141,"Lizard Tail":67,"HornCleat":138,"jedi:paperlyon":56,"Sundial":205,"Strawberry":73,"Kunai":39,"Replay:Wax Seal":137,"Sneakers":0,"ReplayTheSpireMod:CursedCoin":22,"Dead Branch":64,"Counterbalance":67,"Choco_Feather":124,"Pen Nib":128,"Ring of Chaos":163,"Letter Opener":12,"Question Card":80,"jedi:HeartOfTheCards":178,"Akabeko":128,"SlaversCollar":109,"Bottled Flame":100,"Replay:Baseball":143,"Water_Ring":130,"Shuriken":80,"energizedSpire:NeverEndingSparkler":89,"Bird Faced Urn":102,"Tintinnabulum":130,"StrikeDummy":52,"Lantern":100,"Singing Bowl":73,"Torii":97,"Piano_Music":73,"jedi:command_boss":199,"Juzu Bracelet":199,"Replay:Mystery Machine":135,"jedi:archwizardhat":149,"Power_Wrist":165,"Pet Ghost":189,"Replay:Rubber Ducky":135,"Silver_Glasses":218,"Dream Catcher":70,"Replay:Bandana":128,"Matryoshka":97,"Mummified Hand":118,"theForsaken:Kindling":178,"Gambling Chip":143,"Genji_Glove":80,"Red Mask":39,"Replay:Bottled Snecko":178,"Guardian:BottledAnomaly":58,"Replay:Bottled Eggs":58,"InkBottle":220,"Potion Belt":222,"BargainBundle":178,"ReplayTheSpireMod:Ninjato":34,"NeowsBlessing":0,"Guide Book":143,"blackbeard:LoadTheCannons":199,"The Courier":149,"Ring of Greed":135,"energizedSpire:DeadBattery":31,"MawBank":135,"White Beast Statue":118,"Replay:Arrowhead":152,"Mercury Hourglass":34,"jedi:fakemustache":152,"Strange Spoon":138,"Anchor":152,"jedi:ominousloannote":73,"Ornamental Fan":138,"Turnip":52,"Art of War":80,"blackbeard:Karategi":199,"Garlic":222,"Membership Card":22,"hexamod:BolsterEngine":22,"jedi:arcanewood":152,"TungstenRod":128}],"InkBottle":[4]},"card_choices":[{"not_picked":["blackbeard:Spear","blackbeard:RearmingStrike"],"picked":"blackbeard:Sword","floor":1},{"not_picked":["blackbeard:PirateEarring","blackbeard:Spear"],"picked":"blackbeard:AgileStrike","floor":2},{"not_picked":["blackbeard:SwordDance","blackbeard:GoldenDefense"],"picked":"blackbeard:AgileStrike","floor":2},{"not_picked":["blackbeard:DeadlyArsenal","blackbeard:GoldenDefense"],"picked":"blackbeard:DoubleCannonball","floor":3},{"not_picked":["blackbeard:TacticalRetreat","blackbeard:VengefulSpirit","blackbeard:DeadlyArsenal"],"picked":"SKIP","floor":4},{"not_picked":["blackbeard:WiseDefense","blackbeard:TacticalRetreat"],"picked":"blackbeard:WeaponProficiency","floor":5},{"not_picked":["blackbeard:Sword","blackbeard:InfiniteBarrage"],"picked":"blackbeard:PiratesWill","floor":7},{"not_picked":["blackbeard:RearmingStrike","blackbeard:PiratesWill"],"picked":"blackbeard:BeatUp","floor":10},{"not_picked":["blackbeard:Toast","blackbeard:DeadlyArsenal"],"picked":"blackbeard:ReapersScythe","floor":12},{"not_picked":["blackbeard:Toast","blackbeard:PiratesWill"],"picked":"blackbeard:CatONineTails","floor":13},{"not_picked":["blackbeard:UndeadForm","blackbeard:GoldenRain"],"picked":"blackbeard:HumongousCannonball","floor":16},{"not_picked":["blackbeard:CannonballSupply","blackbeard:Sharpening"],"picked":"blackbeard:WiseDefense","floor":18},{"not_picked":["blackbeard:Dagger","blackbeard:Spear"],"picked":"blackbeard:PiratesWill","floor":22},{"not_picked":["blackbeard:DeadlyArsenal","blackbeard:FieryDefense"],"picked":"blackbeard:GhostInTheRum","floor":25},{"not_picked":["blackbeard:Spear","blackbeard:CaptainsCabin+1"],"picked":"blackbeard:GoldenStrike","floor":27},{"not_picked":["blackbeard:Sword","blackbeard:PiratesWill"],"picked":"blackbeard:BlindAttacks","floor":30},{"not_picked":["blackbeard:Sword+1","blackbeard:Sharpening"],"picked":"blackbeard:Spear","floor":31},{"not_picked":["blackbeard:GoldenGuillotine","blackbeard:Intoxication"],"picked":"blackbeard:FinalBarrage","floor":33},{"not_picked":["blackbeard:DeadlyArsenal+1","blackbeard:Dagger+1"],"picked":"blackbeard:RemoveScurvy+1","floor":35},{"not_picked":["blackbeard:Shrapnel+1","blackbeard:TacticalRetreat+1"],"picked":"blackbeard:DeadlyArsenal+1","floor":41},{"not_picked":["blackbeard:Dagger","blackbeard:Revenge+1"],"picked":"blackbeard:PirateEarring","floor":45},{"not_picked":["blackbeard:RearmingStrike+1","blackbeard:Spear"],"picked":"blackbeard:TheDrunkenSailor","floor":46},{"not_picked":["blackbeard:WiseDefense+1","blackbeard:PirateEarring"],"picked":"blackbeard:GoldenDefense","floor":49},{"not_picked":["blackbeard:Spear","blackbeard:BlindAttacks"],"picked":"blackbeard:Boarding+1","floor":50}],"player_experience":1535261,"relics_obtained":[{"floor":2,"key":"Pen Nib"},{"floor":7,"key":"Replay:Wax Seal"},{"floor":9,"key":"Pet Ghost"},{"floor":21,"key":"Juzu Bracelet"},{"floor":26,"key":"Sundial"},{"floor":31,"key":"Dream Catcher"},{"floor":39,"key":"InkBottle"},{"floor":41,"key":"Golden Egg"},{"floor":44,"key":"Garlic"},{"floor":46,"key":"White Beast Statue"}],"event_choices":[{"damage_healed":0,"gold_gain":0,"player_choice":"Upgraded","damage_taken":0,"max_hp_gain":0,"max_hp_loss":0,"event_name":"Upgrade Shrine","floor":19,"gold_loss":0,"cards_upgraded":["blackbeard:HumongousCannonball"]},{"damage_healed":0,"gold_gain":0,"player_choice":"Bought 0 Potions","damage_taken":0,"max_hp_gain":0,"max_hp_loss":0,"event_name":"The Woman in Blue","floor":28,"gold_loss":0},{"cards_removed":["blackbeard:BlackbeardStrike"],"damage_healed":0,"gold_gain":0,"player_choice":"Card Removal","damage_taken":0,"max_hp_gain":0,"max_hp_loss":0,"event_name":"Wheel of Change","floor":37,"gold_loss":0},{"damage_healed":0,"gold_gain":0,"player_choice":"Ignored","damage_taken":0,"max_hp_gain":0,"max_hp_loss":0,"event_name":"Tomb of Lord Red Mask","floor":38,"gold_loss":0},{"damage_healed":0,"gold_gain":0,"player_choice":"Embrace Madness","damage_taken":8,"max_hp_gain":0,"max_hp_loss":0,"event_name":"Winding Halls","floor":48,"gold_loss":0,"cards_obtained":["Madness","Madness"]}],"is_beta":false,"boss_relics":[{"not_picked":["energizedSpire:OgreHead","SlaversCollar"],"picked":"energizedSpire:NeverEndingSparkler"},{"not_picked":["SacredBark","jedi:hotpepper"],"picked":"Silver_Glasses"}],"items_purged_floors":[0],"is_endless":false,"potions_floor_spawned":[1,7,12,13,18,25,46,49],"ascension_level":0}}