{"host":"0iuhrgzkozzv273x","time":1611204681,"event":{"mods":["2.2 Compatiblity","Astrologer","BaseMod","ChefMod","Colored Map","Curses Come First","Downfall","Hermit","Jorbs\u0027s Wanderer Trilogy","Key Reminder","Minty Spire (QoL Compilation)","Robot Space Explorer","Shade Mod","Spire Arcade","StSLib","The Construct","The Cursed","The Disciple","The Hayseed","The Runesmith","The Showman","TheFirefly","Unceasing Turn Reminder","Wandering Minibosses","thorton"],"gold_per_floor":[99,113,133,43,61,61,61,46,65,77,112,12,24,24,44,44,44,44],"floor_reached":16,"language":"ENG","playtime":1591,"items_purged":["champ:Strike"],"score":104,"play_id":"d10c8136-d9e2-40b1-8b40-573bb727e6a9","local_time":"20210120235121","is_ascension_mode":false,"campfire_choices":[{"data":"champ:Taunt","floor":1,"key":"SMITH"},{"floor":6,"key":"RECALL"},{"floor":12,"key":"REST"}],"circlet_count":0,"master_deck":["champ:Strike","champ:Strike","champ:Strike","champ:Defend","champ:Defend","champ:Defend","champ:Defend","champ:Execute","champ:Taunt+1","champ:ArenaPreparation","champ:Encircle","champ:SkillfulDodge","champ:HeartStrike","champ:CalledShot","Pride","champ:DancingMaster"],"relics":["champ:ChampionCrown","keyreminder:keyreminder","MealTicket","downfall:HeartBlessingRed"],"acts_visited":["Exordium"],"potions_floor_usage":[15,16,16,16],"damage_taken":[{"damage":10,"enemies":"Cultist","floor":2,"turns":4},{"damage":19,"enemies":"Small Slimes","floor":3,"turns":4},{"damage":30,"enemies":"downfall:FleeingMerchant","floor":4,"turns":4},{"damage":28,"enemies":"Jaw Worm","floor":5,"turns":3},{"damage":20,"enemies":"downfall:FleeingMerchant","floor":8,"turns":4},{"damage":16,"enemies":"Exordium Thugs","floor":9,"turns":5},{"damage":8,"enemies":"Blue Slaver","floor":10,"turns":3},{"damage":47,"enemies":"Lagavulin","floor":11,"turns":9},{"damage":15,"enemies":"3 Louse","floor":13,"turns":4},{"damage":16,"enemies":"Large Slime","floor":15,"turns":7},{"damage":13,"enemies":"IC_STATUS_ARCHETYPE","floor":16,"turns":8}],"seed_played":"-2474004222547960048","potions_obtained":[{"floor":9,"key":"SpeedPotion"},{"floor":10,"key":"BlessingOfTheForge"},{"floor":13,"key":"Energy Potion"},{"floor":15,"key":"SkillPotion"}],"is_trial":false,"path_per_floor":["R","M","M","$","M","R","T","$","M","M","E","R","M","?","M","B"],"character_chosen":"THE_CHAMP","items_purchased":[],"campfire_rested":1,"item_purchase_floors":[],"current_hp_per_floor":[99,99,95,95,92,92,92,82,66,58,31,60,60,25,9,0,0,0],"gold":44,"neow_bonus":"TEN_PERCENT_HP_BONUS","is_daily":false,"chose_seed":false,"campfire_upgraded":1,"win_rate":0.0,"timestamp":1611204681,"path_taken":["R","M","?","$","M","R","T","$","M","M","E","R","M","?","M","BOSS"],"items_purchased_type":[],"build_version":"2020-12-22","purchased_purges":1,"victory":false,"max_hp_per_floor":[99,99,99,99,99,99,99,99,99,99,99,99,99,99,99,99,99,99],"card_choices":[{"not_picked":["champ:Circumvent","champ:PerfectedStrike","champ:Shatter"],"picked":"SKIP","floor":2},{"not_picked":["champ:Haymaker","champ:DeathBlow"],"picked":"champ:ArenaPreparation","floor":3},{"not_picked":["champ:TornadoPunch","champ:PreciseThrust"],"picked":"champ:Encircle","floor":4},{"not_picked":["champ:BringItOn","champ:CrownThrow"],"picked":"champ:SkillfulDodge","floor":5},{"not_picked":["champ:CalledShot","champ:SkillfulDodge"],"picked":"champ:HeartStrike","floor":8},{"not_picked":["champ:StanceDance","champ:HeartStrike","champ:ShieldSlam"],"picked":"SKIP","floor":9},{"not_picked":["champ:Haymaker","champ:PerfectedStrike","champ:Backstep"],"picked":"SKIP","floor":10},{"not_picked":["champ:PerfectedStrike","champ:BerserkersShout"],"picked":"champ:CalledShot","floor":11},{"not_picked":["champ:Shatter","champ:FanOfKnives","champ:EndlessRage"],"picked":"SKIP","floor":13},{"not_picked":["champ:BringItOn","champ:StanceDance"],"picked":"champ:DancingMaster","floor":15}],"player_experience":1491834,"relics_obtained":[{"floor":11,"key":"MealTicket"}],"event_choices":[],"is_beta":false,"boss_relics":[],"items_purged_floors":[4],"is_endless":false,"potions_floor_spawned":[9,10,13,15],"killed_by":"IC_STATUS_ARCHETYPE","ascension_level":0}}