{"host":"oje6be5eir840l9r","time":1611230722,"event":{"mods":["2.2 Compatiblity","AchievementEnabler","Alarm Clock","BaseMod","Bestiary","Colored Map","DeckTracker","Highlight Path","Minty Spire (QoL Compilation)","Random Character Button","StSLib"],"gold_per_floor":[118,43,53,53,53,88,106,135,135,135,146,157,7,25,25,122,122,141,191,202,214,229,229,229,260,260,99,127,127,127,127,127,127,127],"floor_reached":33,"language":"POL","playtime":2109,"items_purged":["Regret","Pain"],"score":325,"play_id":"53344da6-9193-4b77-826f-1319e3e52e78","local_time":"20210121130522","is_ascension_mode":true,"campfire_choices":[{"floor":10,"key":"REST"},{"data":"Apotheosis","floor":15,"key":"SMITH"},{"floor":23,"key":"RECALL"},{"floor":30,"key":"REST"},{"floor":32,"key":"REST"}],"circlet_count":0,"master_deck":["Strike_R","Strike_R","Strike_R","Strike_R","Strike_R","Defend_R","Defend_R","Defend_R","Defend_R","Bash","Apotheosis+1","Thunderclap","Rage","Reaper","Spot Weakness","Shrug It Off","Iron Wave","Demon Form","Intimidate+1","Thunderclap","Metallicize","Seeing Red","Metallicize","Seeing Red","Heavy Blade","Rage"],"relics":["Burning Blood","WarpedTongs","Ornamental Fan","Philosopher\u0027s Stone","Bronze Scales","White Beast Statue","Peace Pipe","Red Skull"],"acts_visited":["Exordium","TheCity"],"potions_floor_usage":[8,16,21,21,21,25,28,28],"damage_taken":[{"damage":20,"enemies":"Jaw Worm","floor":1,"turns":4},{"damage":0,"enemies":"Cultist","floor":3,"turns":3},{"damage":32,"enemies":"3 Sentries","floor":6,"turns":9},{"damage":2,"enemies":"Small Slimes","floor":7,"turns":4},{"damage":20,"enemies":"Lagavulin","floor":8,"turns":10},{"damage":9,"enemies":"Looter","floor":11,"turns":3},{"damage":19,"enemies":"2 Fungi Beasts","floor":12,"turns":3},{"damage":8,"enemies":"3 Louse","floor":14,"turns":3},{"damage":25,"enemies":"The Guardian","floor":16,"turns":9},{"damage":21,"enemies":"3 Byrds","floor":18,"turns":7},{"damage":9,"enemies":"Spheric Guardian","floor":20,"turns":4},{"damage":21,"enemies":"Chosen and Byrds","floor":21,"turns":8},{"damage":7,"enemies":"Centurion and Healer","floor":22,"turns":5},{"damage":58,"enemies":"Slavers","floor":25,"turns":8},{"damage":35,"enemies":"Book of Stabbing","floor":28,"turns":5},{"damage":62,"enemies":"Automaton","floor":33,"turns":6}],"seed_played":"-1096814715846590228","potions_obtained":[{"floor":1,"key":"Dexterity Potion"},{"floor":3,"key":"Dexterity Potion"},{"floor":8,"key":"EntropicBrew"},{"floor":14,"key":"Explosive Potion"},{"floor":20,"key":"Dexterity Potion"},{"floor":25,"key":"DistilledChaos"},{"floor":28,"key":"Weak Potion"}],"is_trial":false,"path_per_floor":["M","$","M","$","?","E","M","E","T","R","M","M","$","M","R","B",null,"M","?","M","M","M","R","?","E","T","$","E","?","R","?","R","B"],"character_chosen":"IRONCLAD","items_purchased":["Shrug It Off","Metallicize","Seeing Red","Heavy Blade"],"campfire_rested":3,"item_purchase_floors":[13,27,27,27],"current_hp_per_floor":[66,66,72,72,72,46,55,48,48,72,69,68,68,80,80,80,80,75,75,72,62,61,61,61,29,29,29,12,12,36,36,60,0,0],"gold":127,"neow_bonus":"RANDOM_COLORLESS_2","is_daily":false,"chose_seed":false,"campfire_upgraded":1,"win_rate":0.0,"timestamp":1611230722,"path_taken":["M","$","M","$","?","E","?","E","T","R","M","M","$","M","R","BOSS","M","?","M","?","M","R","?","E","T","$","E","?","R","?","R","BOSS"],"items_purchased_type":["Card","Card","Card","Card"],"build_version":"2020-12-22","purchased_purges":2,"victory":false,"max_hp_per_floor":[80,80,80,80,80,80,80,80,80,80,80,80,80,80,80,80,80,80,80,80,80,80,80,80,80,80,80,80,80,80,80,80,80,80],"card_choices":[{"not_picked":["Metamorphosis","Magnetism"],"picked":"Apotheosis","floor":0},{"not_picked":["Sword Boomerang","Clash"],"picked":"Thunderclap","floor":1},{"not_picked":["Clash","Shockwave"],"picked":"Rage","floor":3},{"not_picked":["Infernal Blade","Corruption"],"picked":"Reaper","floor":6},{"not_picked":["Anger","Warcry","True Grit"],"picked":"SKIP","floor":7},{"not_picked":["Sword Boomerang","Dual Wield"],"picked":"Spot Weakness","floor":8},{"not_picked":["Wild Strike","Pommel Strike","Flex"],"picked":"SKIP","floor":11},{"not_picked":["Perfected Strike","Anger","Bloodletting"],"picked":"SKIP","floor":12},{"not_picked":["Wild Strike","Pummel"],"picked":"Iron Wave","floor":14},{"not_picked":["Berserk","Bludgeon"],"picked":"Demon Form","floor":16},{"not_picked":["Whirlwind+1","Spot Weakness"],"picked":"Intimidate+1","floor":18},{"not_picked":["Flex","Armaments"],"picked":"Thunderclap","floor":20},{"not_picked":["Flex","Headbutt","Feel No Pain"],"picked":"SKIP","floor":21},{"not_picked":["Iron Wave","Cleave"],"picked":"Metallicize","floor":22},{"not_picked":["Dark Embrace","Sword Boomerang"],"picked":"Seeing Red","floor":25},{"not_picked":["Perfected Strike","Anger"],"picked":"Rage","floor":28}],"player_experience":42037,"relics_obtained":[{"floor":8,"key":"Ornamental Fan"},{"floor":25,"key":"White Beast Statue"},{"floor":26,"key":"Peace Pipe"},{"floor":28,"key":"Red Skull"}],"event_choices":[{"damage_healed":0,"gold_gain":0,"player_choice":"Rummage","damage_taken":0,"relics_obtained":["WarpedTongs"],"max_hp_gain":0,"max_hp_loss":0,"event_name":"Accursed Blacksmith","floor":5,"gold_loss":0,"cards_obtained":["Pain"]},{"damage_healed":0,"gold_gain":100,"player_choice":"Bet on Murderer","damage_taken":0,"max_hp_gain":0,"max_hp_loss":0,"event_name":"The Joust","floor":19,"gold_loss":50},{"damage_healed":0,"gold_gain":0,"player_choice":"Opened","damage_taken":0,"relics_obtained":["Bronze Scales"],"max_hp_gain":0,"max_hp_loss":0,"event_name":"The Mausoleum","floor":24,"gold_loss":0},{"damage_healed":0,"gold_gain":0,"player_choice":"Smashed Altar","damage_taken":0,"max_hp_gain":0,"max_hp_loss":0,"event_name":"Forgotten Altar","floor":29,"gold_loss":0,"cards_obtained":["Decay"]},{"cards_removed":["Decay"],"damage_healed":0,"gold_gain":0,"player_choice":"Elegance","damage_taken":0,"max_hp_gain":0,"max_hp_loss":0,"event_name":"Back to Basics","floor":31,"gold_loss":0}],"is_beta":false,"boss_relics":[{"not_picked":["SlaversCollar","Runic Cube"],"picked":"Philosopher\u0027s Stone"}],"items_purged_floors":[2,13],"is_endless":false,"potions_floor_spawned":[1,3,8,14,20,25,28],"killed_by":"Automaton","ascension_level":2}}