{"host":"2qv44oxt58ptq59r","time":1611260827,"event":{"mods":["AchievementEnabler","BaseMod","Colored Powertips","Highlight Path","Minty Spire (QoL Compilation)","Permanent Neow","StSLib"],"gold_per_floor":[112,62,12,12,12,12,37,57,106,106,106,123,139,169,169,266,266,279,279,18,30,30,30],"floor_reached":22,"language":"ENG","playtime":1567,"items_purged":[],"score":182,"play_id":"0ab0c1be-5e3c-4881-b3f4-98371a08fe2f","local_time":"20210121202707","is_ascension_mode":false,"campfire_choices":[{"data":"Zap","floor":6.0,"key":"SMITH"},{"data":"Loop","floor":10.0,"key":"SMITH"},{"floor":15.0,"key":"REST"}],"circlet_count":0,"master_deck":["Strike_B","Strike_B","Strike_B","Defend_B","Defend_B","Defend_B","Defend_B","Zap+1","Dualcast","Stack","Beam Cell","Heatsinks","Loop+1","Defragment","Coolheaded","Multi-Cast","Coolheaded","Defragment","Go for the Eyes","Redo"],"relics":["Cracked Core","Bag of Marbles","Centennial Puzzle","Odd Mushroom","Regal Pillow","StrikeDummy","Inserter","Runic Capacitor"],"acts_visited":["Exordium","TheCity"],"potions_floor_usage":[22],"damage_taken":[{"damage":0.0,"enemies":"2 Louse","floor":1.0,"turns":3.0},{"damage":12.0,"enemies":"The Mushroom Lair","floor":7.0,"turns":4.0},{"damage":1.0,"enemies":"Jaw Worm","floor":8.0,"turns":3.0},{"damage":0.0,"enemies":"Cultist","floor":12.0,"turns":3.0},{"damage":2.0,"enemies":"Large Slime","floor":13.0,"turns":5.0},{"damage":44.0,"enemies":"Gremlin Nob","floor":14.0,"turns":4.0},{"damage":28.0,"enemies":"Hexaghost","floor":16.0,"turns":9.0},{"damage":26,"enemies":"3 Byrds","floor":18,"turns":6},{"damage":4,"enemies":"Chosen","floor":21,"turns":5},{"damage":31,"enemies":"Shelled Parasite and Fungi","floor":22,"turns":2}],"seed_played":"-3735343044062196902","potions_obtained":[{"floor":7.0,"key":"Swift Potion"},{"floor":8.0,"key":"Swift Potion"},{"floor":11.0,"key":"Ancient Potion"},{"floor":11.0,"key":"EssenceOfDarkness"},{"floor":12.0,"key":"LiquidBronze"},{"floor":18,"key":"SpeedPotion"}],"is_trial":false,"path_per_floor":["M","?","$","?","?","R","?","M","T","R","?","M","M","E","R","B",null,"M","?","$","M","M"],"character_chosen":"DEFECT","items_purchased":["Beam Cell","Runic Capacitor","Defragment","Go for the Eyes"],"campfire_rested":1,"item_purchase_floors":[3,20,20,20],"current_hp_per_floor":[75,75,75,63,63,63,51,50,50,50,50,50,48,4,41,13,75,49,35,35,31,0,0],"gold":30,"neow_bonus":"RANDOM_COMMON_RELIC","is_daily":false,"chose_seed":false,"campfire_upgraded":2,"win_rate":0.0,"timestamp":1611260827,"path_taken":["M","?","$","?","?","R","?","?","T","R","?","M","?","E","R","BOSS","M","?","$","M","M"],"items_purchased_type":["Card","Relic","Card","Card"],"build_version":"2020-12-22","purchased_purges":0,"victory":false,"max_hp_per_floor":[75,75,75,75,75,75,75,75,75,75,75,75,75,75,75,75,75,75,80,80,80,80,80],"card_choices":[{"not_picked":["Steam","Compile Driver"],"picked":"Stack","floor":1.0},{"not_picked":["Stack","Beam Cell"],"picked":"Heatsinks","floor":7.0},{"not_picked":["Sweeping Beam","Coolheaded"],"picked":"Loop","floor":8.0},{"not_picked":["Heatsinks","Sweeping Beam","Sunder"],"picked":"SKIP","floor":12.0},{"not_picked":["Force Field","Meteor Strike"],"picked":"Defragment","floor":13.0},{"not_picked":["Go for the Eyes","Steam"],"picked":"Coolheaded","floor":14.0},{"not_picked":["Reboot","Hyperbeam"],"picked":"Multi-Cast","floor":16.0},{"not_picked":["Hologram","Leap"],"picked":"Coolheaded","floor":18},{"not_picked":["Conserve Battery+1","Blizzard"],"picked":"Redo","floor":21}],"player_experience":5444461,"relics_obtained":[{"floor":7.0,"key":"Odd Mushroom"},{"floor":9.0,"key":"Regal Pillow"},{"floor":14.0,"key":"StrikeDummy"}],"event_choices":[{"cards_removed":["Strike_B"],"damage_healed":0.0,"max_hp_gain":0.0,"max_hp_loss":0.0,"gold_gain":0.0,"event_name":"The Cleric","player_choice":"Card Removal","floor":2.0,"gold_loss":50.0,"damage_taken":0.0},{"damage_healed":0.0,"max_hp_gain":0.0,"max_hp_loss":0.0,"gold_gain":0.0,"event_name":"Scrap Ooze","player_choice":"Success","floor":4.0,"gold_loss":0.0,"damage_taken":12.0,"relics_obtained":["Centennial Puzzle"]},{"damage_healed":0.0,"max_hp_gain":0.0,"max_hp_loss":0.0,"gold_gain":0.0,"event_name":"Liars Game","player_choice":"Ignored","floor":5.0,"gold_loss":0.0,"damage_taken":0.0},{"damage_healed":0.0,"max_hp_gain":0.0,"max_hp_loss":0.0,"gold_gain":0.0,"event_name":"Mushrooms","player_choice":"Fought Mushrooms","floor":7.0,"gold_loss":0.0,"damage_taken":0.0},{"damage_healed":0.0,"max_hp_gain":0.0,"max_hp_loss":0.0,"gold_gain":0.0,"event_name":"Lab","player_choice":"Got Potions","floor":11.0,"gold_loss":0.0,"damage_taken":0.0},{"damage_healed":0,"gold_gain":0,"player_choice":"Shed Blood","damage_taken":19,"max_hp_gain":5,"max_hp_loss":0,"event_name":"Forgotten Altar","floor":19,"gold_loss":0}],"is_beta":false,"boss_relics":[{"not_picked":["Runic Pyramid","Nuclear Battery"],"picked":"Inserter"}],"items_purged_floors":[],"is_endless":false,"potions_floor_spawned":[7,8,12,18],"killed_by":"Shelled Parasite and Fungi","ascension_level":0}}