{"host":"8i58hvcssdezoe94","time":1611218601,"event":{"mods":["Act Like it!","BaseMod","Colored Map","Conspire","Gensokyo","KinomotoSakuraMod(木之本樱)","Marisa（F雨　魔理沙）","Minty Spire (QoL Compilation)","Quick Restart","Remilia（蕾米莉亚）","Replay The Spire","StSLib","The Animator","The Bug Knight","The Construct","The Cursed","The Hierophant","The Jungle","The Servant 0.9.4"],"gold_per_floor":[115,133,20,35,47,47,264,275,275,275,292,292,292,292],"floor_reached":13,"language":"ZHS","playtime":385,"items_purged":[],"score":79,"play_id":"d8cc64cf-e8b5-4109-a033-13afd17f159f","local_time":"20210121164321","is_ascension_mode":false,"campfire_choices":[{"floor":6,"key":"RECALL"},{"data":"Zap","floor":10,"key":"SMITH"},{"data":"ReplayTheSpireMod:Dual Polarity","floor":12,"key":"SMITH"}],"circlet_count":0,"master_deck":["Strike_B","Strike_B","Strike_B","Strike_B","Defend_B","Defend_B","Defend_B","Defend_B","Zap+1","Dualcast","Ball Lightning","Defragment","All For One","Streamline","Steam","BasicCrystalCard","ReplayTheSpireMod:Dual Polarity+1"],"relics":["Cracked Core","ScarletDevilRocket","Du-Vu Doll"],"acts_visited":["Gensokyo:Gensokyo"],"potions_floor_usage":[],"damage_taken":[{"damage":9,"enemies":"Gensokyo:Python","floor":1,"turns":4},{"damage":6,"enemies":"Gensokyo:Gryphon","floor":2,"turns":3},{"damage":0,"enemies":"Gensokyo:3_Fairies","floor":4,"turns":4},{"damage":10,"enemies":"Gensokyo:VengefulSpirit","floor":5,"turns":4},{"damage":24,"enemies":"Gensokyo:5_Fairies","floor":7,"turns":5},{"damage":3,"enemies":"Gensokyo:Python_and_Kodama","floor":8,"turns":4},{"damage":18,"enemies":"Gensokyo:3_Kodama","floor":11,"turns":4},{"damage":18,"enemies":"Gensokyo:Mamizou","floor":13,"turns":4}],"seed_played":"-444735439618557576","potions_obtained":[{"floor":4,"key":"BlessingOfTheForge"},{"floor":7,"key":"PowerPotion"},{"floor":8,"key":"CultistPotion"}],"is_trial":false,"path_per_floor":["M","M","COS","M","M","R","M","M","T","R","M","R","E"],"character_chosen":"DEFECT","items_purchased":[],"campfire_rested":0,"item_purchase_floors":[],"current_hp_per_floor":[66,60,60,60,50,50,26,23,23,23,5,5,0,0],"gold":292,"neow_bonus":"RANDOM_COMMON_RELIC","is_daily":false,"chose_seed":false,"campfire_upgraded":2,"win_rate":0.0,"timestamp":1611218601,"path_taken":["M","M","COS","M","M","R","M","M","T","R","M","R","E"],"items_purchased_type":[],"build_version":"2020-12-22","purchased_purges":0,"victory":false,"max_hp_per_floor":[75,75,75,75,75,75,75,75,75,75,75,75,75,75],"card_choices":[{"not_picked":["Beam Cell","BasicCrystalCard"],"picked":"Ball Lightning","floor":1},{"not_picked":["Chill","Go for the Eyes"],"picked":"Defragment","floor":2},{"not_picked":["Panic Button","BasicCrystalCard"],"picked":"All For One","floor":4},{"not_picked":["Turbo","ReplaySolidLightProjector"],"picked":"Streamline","floor":5},{"not_picked":["Gash","FTL"],"picked":"Steam","floor":7},{"not_picked":["Steam Power","ReplaySort"],"picked":"BasicCrystalCard","floor":8},{"not_picked":["Mirror Shield","Panic Button"],"picked":"ReplayTheSpireMod:Dual Polarity","floor":11}],"player_experience":69470,"relics_obtained":[],"event_choices":[],"is_beta":false,"boss_relics":[],"items_purged_floors":[],"is_endless":false,"potions_floor_spawned":[4,7,8,11],"killed_by":"Gensokyo:Mamizou","ascension_level":0}}