{"host":"yuhy0i501zzmn1iz","time":1611243890,"event":{"mods":["AchievementEnabler","AlwaysNeverKeys","BaseMod","Bestiary","Better Match","Better Third Choice","Curses Come First","Downfall","Minty Spire (QoL Compilation)","StSLib","slay the spire mod where everything is the same but ironclad has a cowboy hat"],"gold_per_floor":[114,132,132,57,57,88,88,121,121,140,140,150,150,75,75,176,176,193,210,310,61,78,106,106,126,126,126,126,157,107,119,119,215,215,234,234,35,52,99,99,99,118,167,167,44,62,62,77,77,77,77],"floor_reached":50,"language":"ENG","playtime":2880,"items_purged":["Strike_G","Wraith Form v2","Defend_G","Bite","Bite"],"score":641,"play_id":"99d1318d-8841-49a0-9dfd-7cf6d323b1de","local_time":"20210121104450","is_ascension_mode":true,"campfire_choices":[{"floor":7.0,"key":"REST"},{"floor":11.0,"key":"REST"},{"data":"Dash","floor":13.0,"key":"SMITH"},{"data":"Riddle With Holes","floor":15.0,"key":"SMITH"},{"data":"Dagger Spray","floor":24.0,"key":"SMITH"},{"data":"Bite","floor":28.0,"key":"SMITH"},{"floor":32.0,"key":"REST"},{"floor":40.0,"key":"REST"},{"floor":47.0,"key":"RECALL"},{"floor":49.0,"key":"REST"}],"circlet_count":0,"master_deck":["Defend_G","Defend_G","Defend_G","Survivor","Neutralize","Riddle With Holes+1","Fusion","Blur","Envenom","Dash+1","Backflip","Grand Finale+1","Dagger Spray+1","Eviscerate","Grand Finale","Dagger Spray","Bite+1","Bite","Bite","Dash","Die Die Die","Corpse Explosion","Setup","Flechettes+1","Bandage Up","Crippling Poison+1","Dash"],"relics":["Snecko Eye","Thread and Needle","Dream Catcher","Whetstone","Sozu","Oddly Smooth Stone","Strawberry","Smiling Mask","Boot","TheAbacus","Lizard Tail"],"acts_visited":["Exordium","TheCity","TheBeyond"],"potions_floor_usage":[],"damage_taken":[{"damage":7.0,"enemies":"Jaw Worm","floor":1.0,"turns":5.0},{"damage":0.0,"enemies":"Small Slimes","floor":2.0,"turns":2.0},{"damage":27.0,"enemies":"Lagavulin","floor":6.0,"turns":6.0},{"damage":0.0,"enemies":"3 Sentries","floor":8.0,"turns":9.0},{"damage":2.0,"enemies":"Cultist","floor":10.0,"turns":4.0},{"damage":0.0,"enemies":"Exordium Wildlife","floor":12.0,"turns":2.0},{"damage":14.0,"enemies":"Slime Boss","floor":16.0,"turns":10.0},{"damage":0.0,"enemies":"Chosen","floor":18.0,"turns":3.0},{"damage":4.0,"enemies":"Shell Parasite","floor":19.0,"turns":5.0},{"damage":0.0,"enemies":"Shelled Parasite and Fungi","floor":22.0,"turns":4.0},{"damage":2.0,"enemies":"Book of Stabbing","floor":23.0,"turns":6.0},{"damage":13.0,"enemies":"Centurion and Healer","floor":25.0,"turns":6.0},{"damage":37.0,"enemies":"Gremlin Leader","floor":29.0,"turns":8.0},{"damage":2.0,"enemies":"3 Cultists","floor":31.0,"turns":4.0},{"damage":68.0,"enemies":"Collector","floor":33.0,"turns":10.0},{"damage":58.0,"enemies":"3 Darklings","floor":35.0,"turns":8.0},{"damage":0.0,"enemies":"Orb Walker","floor":38.0,"turns":3.0},{"damage":10.0,"enemies":"2 Orb Walkers","floor":39.0,"turns":5.0},{"damage":26.0,"enemies":"Maw","floor":42.0,"turns":6.0},{"damage":13.0,"enemies":"Sphere and 2 Shapes","floor":46.0,"turns":3.0},{"damage":8.0,"enemies":"Spire Growth","floor":48.0,"turns":4.0},{"damage":104,"enemies":"Donu and Deca","floor":50,"turns":7}],"seed_played":"-2657228045201600790","potions_obtained":[{"floor":8.0,"key":"Strength Potion"},{"floor":12.0,"key":"sneckomod:MuddlingPotion"},{"floor":16.0,"key":"SpeedPotion"}],"is_trial":false,"path_per_floor":["M","M","?","?","$","E","R","E","T","M","R","M","R","$","R","B",null,"M","M","?","$","M","E","R","M","T","?","R","E","$","M","R","B",null,"M","?","$","M","?","R","?","M","T","?","$","M","R","M","R","B"],"character_chosen":"THE_SILENT","items_purchased":["Oddly Smooth Stone","TheAbacus","Dash"],"campfire_rested":5,"item_purchase_floors":[21,37,45],"current_hp_per_floor":[63,63,31,31,31,6,27,29,29,29,50,52,52,52,52,40,63,65,63,63,63,65,72,72,61,61,61,61,38,38,45,68,16,62,16,16,16,21,21,44,44,29,29,29,29,19,19,22,45,0,0],"gold":77,"neow_bonus":"BOSS_RELIC","is_daily":false,"chose_seed":false,"campfire_upgraded":4,"win_rate":0.0,"timestamp":1611243890,"path_taken":["M","M","?","?","?","E","R","E","T","M","R","?","R","$","R","BOSS","M","M","?","$","M","E","R","?","T","?","R","E","$","M","R","BOSS","M","?","$","?","?","R","?","M","T","?","?","?","R","M","R","BOSS"],"items_purchased_type":["Relic","Relic","Card"],"build_version":"2020-12-22","purchased_purges":5,"victory":false,"max_hp_per_floor":[70,70,70,70,70,70,70,70,70,70,70,70,70,70,70,70,70,70,70,70,70,70,77,77,77,77,77,77,77,77,77,77,77,77,77,77,77,77,77,77,77,77,77,77,77,77,77,77,77,77,77],"card_choices":[{"not_picked":["Deflect","Masterful Stab"],"picked":"Riddle With Holes","floor":1.0},{"not_picked":["Sucker Punch","Backflip","Well Laid Plans"],"picked":"SKIP","floor":2.0},{"not_picked":["Accuracy","Masterful Stab"],"picked":"Blur","floor":4.0},{"not_picked":["Glass Knife","After Image"],"picked":"Envenom","floor":4.0},{"not_picked":["Catalyst","Accuracy"],"picked":"Dash","floor":4.0},{"not_picked":["Calculated Gamble","Blade Dance"],"picked":"Backflip","floor":6.0},{"not_picked":["Quick Slash","Bane"],"picked":"Grand Finale","floor":8.0},{"not_picked":["Dodge and Roll","Poisoned Stab"],"picked":"Dagger Spray","floor":10.0},{"not_picked":["Dagger Throw","Outmaneuver"],"picked":"Eviscerate","floor":11.0},{"not_picked":["Outmaneuver","Underhanded Strike"],"picked":"Wraith Form v2","floor":12.0},{"not_picked":["Wraith Form v2","Unload"],"picked":"Grand Finale","floor":16.0},{"not_picked":["Flying Knee","Tactician","Endless Agony"],"picked":"SKIP","floor":18.0},{"not_picked":["Masterful Stab","Dodge and Roll","Slice"],"picked":"SKIP","floor":19.0},{"not_picked":["Underhanded Strike+1","Dagger Throw"],"picked":"Dagger Spray","floor":22.0},{"not_picked":["Backflip","Dodge and Roll","Prepared+1"],"picked":"SKIP","floor":23.0},{"not_picked":["Backflip","Bane"],"picked":"Bouncing Flask","floor":25.0},{"not_picked":["Dagger Spray","Outmaneuver"],"picked":"Dash","floor":29.0},{"not_picked":["Expertise","PiercingWail"],"picked":"Die Die Die","floor":31.0},{"not_picked":["Tools of the Trade","Doppelganger"],"picked":"Corpse Explosion","floor":33.0},{"not_picked":["Slice+1","Escape Plan+1","Acrobatics+1"],"picked":"SKIP","floor":35.0},{"not_picked":["Bane","Poisoned Stab"],"picked":"Flechettes+1","floor":38.0},{"not_picked":["Transmutation","Jack Of All Trades"],"picked":"Bandage Up","floor":41.0},{"not_picked":["Deflect+1","Acrobatics"],"picked":"Crippling Poison+1","floor":42.0},{"not_picked":["Acrobatics","Expertise","PiercingWail"],"picked":"SKIP","floor":46.0},{"not_picked":["Acrobatics","Deadly Poison","Masterful Stab"],"picked":"SKIP","floor":48.0}],"player_experience":317530,"relics_obtained":[{"floor":6.0,"key":"Thread and Needle"},{"floor":8.0,"key":"Dream Catcher"},{"floor":9.0,"key":"Whetstone"},{"floor":23.0,"key":"Strawberry"},{"floor":26.0,"key":"Smiling Mask"},{"floor":29.0,"key":"Boot"},{"floor":39.0,"key":"Lizard Tail"}],"event_choices":[{"damage_healed":0.0,"max_hp_gain":0.0,"max_hp_loss":0.0,"gold_gain":0.0,"event_name":"betterMatch:BetterMatch","player_choice":"1","floor":4.0,"gold_loss":0.0,"damage_taken":0.0,"cards_obtained":["betterMatch:UncommonCard","betterMatch:RareCard","betterMatch:UncommonCard"]},{"damage_healed":0.0,"max_hp_gain":0.0,"max_hp_loss":0.0,"gold_gain":100.0,"event_name":"Golden Shrine","player_choice":"Pray","floor":20.0,"gold_loss":0.0,"damage_taken":0.0},{"damage_healed":0.0,"max_hp_gain":0.0,"max_hp_loss":0.0,"gold_gain":0.0,"event_name":"Vampires","player_choice":"Became a vampire (Vial)","floor":27.0,"relics_lost":["Blood Vial"],"gold_loss":0.0,"damage_taken":0.0,"cards_obtained":["Bite","Bite","Bite","Bite","Bite"]},{"damage_healed":0.0,"max_hp_gain":0.0,"max_hp_loss":0.0,"gold_gain":0.0,"cards_transformed":["Defend_G"],"event_name":"Transmorgrifier","player_choice":"Transformed","floor":36.0,"gold_loss":0.0,"damage_taken":0.0,"cards_obtained":["Setup"]},{"damage_healed":0.0,"max_hp_gain":0.0,"max_hp_loss":0.0,"gold_gain":0.0,"event_name":"Mysterious Sphere","player_choice":"Fight","floor":39.0,"gold_loss":0.0,"damage_taken":0.0},{"damage_healed":0.0,"max_hp_gain":0.0,"max_hp_loss":0.0,"gold_gain":0.0,"event_name":"SensoryStone","player_choice":"Memory 1","floor":41.0,"gold_loss":0.0,"damage_taken":0.0},{"cards_removed":["Bouncing Flask"],"damage_healed":0.0,"max_hp_gain":0.0,"max_hp_loss":0.0,"gold_gain":0.0,"event_name":"Falling","player_choice":"Removed Skill","floor":44.0,"gold_loss":0.0,"damage_taken":0.0}],"is_beta":false,"boss_relics":[{"not_picked":["HoveringKite","Fusion Hammer"],"picked":"Sozu"},{"not_picked":["bronze:MakeshiftBattery","Velvet Choker","Cursed Key"]}],"items_purged_floors":[14,21,30,37,45],"is_endless":false,"potions_floor_spawned":[8,12,16,18,22,25,29,39,42,46],"killed_by":"Donu and Deca","ascension_level":5}}