{"host":"ecuvtzmejf7hhjpv","time":1611271346,"event":{"mods":["AchievementEnabler","Act Like it!","Aspiration","BaseMod","Better Altar","Better Match","Better Note","Better Sensory Stone","Better Skull","Better Third Choice","BetterRewards","Conspire","Custom Start","Gensokyo","GifTheSpireLib","Hallownest","Hermit","Hubris","Kratos Character Expansion","Luminous","Marisa????????","Minty Spire (QoL Compilation)","Prisma Mod","Remilia??????","Replay The Spire","Robot Space Explorer","Spicy Shops","StSLib","The Animator","The Blackbeard","The Bug Knight","The Construct","The Cursed","The Disciple","The Dragon Tamer","The Forsaken","The Hierophant","The Jungle","The Marked","The Necromancer","The Poker Player","The Wild Card","TheSwordswoman"],"gold_per_floor":[118,118,137,62,85,120,120,163,163,110,110,156,177,199,199,316,316,351,383,218,218,10,56,94,94,143,143,182,182,235,365,365,493,493,590,590,590,296,296,415,415,543,543,543,660,660,756,756,756,780,780,780,35,161,189],"floor_reached":56,"language":"ENG","playtime":2444,"items_purged":["Injury"],"score":2108,"play_id":"8dba080b-9507-4901-ae8b-96c117c0fe06","local_time":"20210121172226","is_ascension_mode":true,"metric_token":2771,"campfire_choices":[{"data":"DTMod:CleansingStrike","floor":15,"key":"SMITH"},{"data":"DTMod:HeadStart","floor":25,"key":"SMITH"},{"floor":32,"key":"RECALL"},{"data":"DTMod:HeadStart","floor":41,"key":"SMITH"},{"data":"hubris:Insight","floor":44,"key":"SMITH"},{"data":"Blasphemy","floor":49,"key":"PURGE"},{"data":"DTMod:TargetDefense","floor":52,"key":"PURGE"}],"dtmod_dragon_data":[28,50,3,4,14,7],"circlet_count":0,"master_deck":["DTMod:BalancedStrike+1","DTMod:Strike","DTMod:Strike+1","DTMod:Strike","DTMod:Strike+1","DTMod:DoubleHit","DTMod:TargetDefense","DTMod:TargetDefense","DTMod:TargetDefense","DTMod:SwitchingTactic","DTMod:Training+1","DTMod:ComboAttack","DTMod:CleansingStrike+1","DTMod:CrossStep+1","DTMod:CrossStep+1","DTMod:CleansingStrike+1","DTMod:Training+1","DTMod:BurningEnergy","DTMod:BreakAttack","DTMod:BalancedStrike","hubris:Insight+1","DTMod:CrossStep+1","DTMod:Training+1","Reboot","DTMod:QuickFly","DTMod:WarmUp+1","DTMod:HeadStart+1","DTMod:BurningForce","hubris:EnhanceAbility+1","DTMod:Training+1","DTMod:HeadStart+1","DTMod:DragonDance+1","DTMod:Observe","DTMod:ResonanceForm+1","DTMod:InvisibleFlame+1","KratosMod:FullCounter","DTMod:Training+1","DTMod:CleansingStrike+1","Apotheosis","DTMod:InvisibleFlame+1","DTMod:Training+1"],"relics":["DTMod:PactStone","Replay:Bandana","Replay:Ringing Soul","HornCleat","Guide Book","Frozen Egg 2","TheAbacus","Peace Pipe","Nunchaku","hubris:DisguiseKit","ReplayTheSpireMod:TigerMarble","Whetstone","aspiration:RunicSpoon","DollysMirror","DTMod:BasicTextbook","Juzu Bracelet","hubris:Towel","ReplayTheSpireMod:Ninjato","Happy Flower","Thread and Needle","Replay:Bottled Eggs","hubris:Backtick","Mummified Hand","Medical Kit","Bag of Marbles","ReplayTheSpireMod:Lightbulb","Anchor","Strange Spoon","Lantern","Bronze Scales","hubris:BundleOfHerbs"],"acts_visited":["Exordium","TheCity","TheBeyond","TheEnding"],"potions_floor_usage":[55,55,55],"damage_taken":[{"damage":0,"enemies":"Small Slimes","floor":1,"turns":2},{"damage":0,"enemies":"2 Louse","floor":3,"turns":3},{"damage":0,"enemies":"Jaw Worm","floor":5,"turns":3},{"damage":3,"enemies":"3 Sentries","floor":6,"turns":7},{"damage":0,"enemies":"HollowMod:MossKnight","floor":8,"turns":6},{"damage":0,"enemies":"Gremlin Nob","floor":12,"turns":3},{"damage":0,"enemies":"Red Slaver","floor":13,"turns":2},{"damage":0,"enemies":"Gremlin Gang","floor":14,"turns":3},{"damage":20,"enemies":"Fading Forest","floor":16,"turns":11},{"damage":0,"enemies":"3 Byrds","floor":18,"turns":4},{"damage":0,"enemies":"Shell Parasite","floor":19,"turns":3},{"damage":0,"enemies":"HollowMod:Nosk","floor":23,"turns":4},{"damage":0,"enemies":"Chosen and Byrds","floor":24,"turns":4},{"damage":0,"enemies":"conspire:Head Lice","floor":28,"turns":1},{"damage":0,"enemies":"HollowMod:Nosk","floor":30,"turns":1},{"damage":0,"enemies":"Colosseum Slavers","floor":31,"turns":2},{"damage":0,"enemies":"Colosseum Nobs","floor":31,"turns":2},{"damage":0,"enemies":"Champ","floor":33,"turns":1},{"damage":0,"enemies":"3 Darklings","floor":35,"turns":1},{"damage":0,"enemies":"Giant Head","floor":40,"turns":1},{"damage":0,"enemies":"Nemesis","floor":42,"turns":1},{"damage":0,"enemies":"Reptomancer","floor":45,"turns":1},{"damage":0,"enemies":"Orb Walker","floor":47,"turns":1},{"damage":79,"enemies":"Awakened One","floor":50,"turns":6},{"damage":0,"enemies":"Shield and Spear","floor":54,"turns":1},{"damage":39,"enemies":"The Heart","floor":55,"turns":4}],"seed_played":"-8317206732213253343","potions_obtained":[{"floor":3,"key":"Flashbang"},{"floor":5,"key":"CultistPotion"},{"floor":13,"key":"Venom Potion"},{"floor":31,"key":"PowerPotion"}],"is_trial":false,"path_per_floor":["M","?","M","$","M","E","?","E","T","$","?","E","M","M","R","B",null,"M","M","$","?","$","E","M","R","T","?","E","?","E","?","R","B",null,"M","$","?","$","?","E","R","E","T","R","E","?","M","?","R","B",null,"R","$","E","B",null],"character_chosen":"THE_DT","items_purchased":["Replay:Bandana","Replay:Ringing Soul","DTMod:Training","DTMod:ComboAttack","DTMod:CleansingStrike+1","DTMod:CrossStep","DTMod:CrossStep","DTMod:CleansingStrike","HornCleat","Guide Book","TheAbacus","DTMod:Training","hubris:EnhanceAbility+1","DTMod:Training","DollysMirror","DTMod:InvisibleFlame+1","Medical Kit","KratosMod:FullCounter","Apotheosis","DTMod:InvisibleFlame+1","Strange Spoon","Lantern","Bronze Scales"],"campfire_rested":0,"item_purchase_floors":[0,0,0,0,0,0,0,0,0,0,4,10,20,22,22,38,38,38,53,53,53,53,53],"current_hp_per_floor":[24,27,30,30,33,33,36,39,39,42,22,25,25,28,28,21,84,87,90,93,93,96,96,99,99,99,99,102,102,102,102,102,105,105,105,105,105,108,108,108,108,108,108,108,111,111,114,114,114,35,114,114,117,120,81],"gold":189,"neow_bonus":"","is_daily":false,"chose_seed":false,"campfire_upgraded":4,"win_rate":0.0,"timestamp":1611271346,"path_taken":["M","?","M","$","M","E","?","E","T","$","?","E","M","M","R","BOSS","M","M","$","?","$","E","?","R","T","?","E","?","E","?","R","BOSS","M","$","?","$","?","E","R","E","T","R","E","?","M","?","R","BOSS","R","$","E","BOSS"],"items_purchased_type":["Relic","Relic","Card","Card","Card","Card","Card","Card","Relic","Relic","Relic","Card","Card","Card","Relic","Card","Relic","Card","Card","Card","Relic","Relic","Relic"],"build_version":"2020-12-22","purchased_purges":1,"victory":true,"max_hp_per_floor":[51,54,57,57,60,63,66,69,69,72,75,78,78,81,81,84,84,87,90,93,93,96,96,99,99,99,99,102,102,102,102,102,105,105,105,105,105,108,108,108,108,108,108,108,111,111,114,114,114,114,114,114,117,120,120],"card_choices":[{"not_picked":["DTMod:BlazingStrike","DTMod:QuickFly"],"picked":"DTMod:Training","floor":1},{"not_picked":["DTMod:MasterPlan","DTMod:Cover"],"picked":"DTMod:BurningEnergy","floor":3},{"not_picked":["DTMod:MagicField","DTMod:Outburst"],"picked":"DTMod:BreakAttack","floor":5},{"not_picked":["DTMod:Punisher","DTMod:BlazingStrike"],"picked":"DTMod:BalancedStrike","floor":6},{"not_picked":["Thinking Ahead","Mind Blast"],"picked":"hubris:Insight","floor":7},{"not_picked":["DTMod:TauntingStrike","DTMod:Adaptation+1"],"picked":"DTMod:CrossStep+1","floor":8},{"not_picked":["DTMod:BlazingStrike","DTMod:Coolant","Streamline"],"picked":"DTMod:QuickFly","floor":12},{"not_picked":["DTMod:BlazingStrike","DTMod:Punisher","DTMod:ExcessFootwork+1","Genetic Algorithm"],"picked":"SKIP","floor":13},{"not_picked":["DTMod:MagicField","DTMod:Training","hubris:Ukulele"],"picked":"DTMod:WarmUp+1","floor":14},{"not_picked":["DTMod:LightShield","DTMod:SealedStrike","ReplayRNGCard"],"picked":"DTMod:HeadStart","floor":16},{"not_picked":["DTMod:FlameSlash","DTMod:MasterPlan","Leap"],"picked":"DTMod:BurningForce","floor":18},{"not_picked":["DTMod:StarRain","DTMod:FlameSlash+1","Redo"],"picked":"DTMod:QuickFly","floor":19},{"not_picked":["DTMod:Punisher+1","DTMod:BreakAttack","DTMod:LowKick","Streamline"],"picked":"SKIP","floor":23},{"not_picked":["DTMod:TagTeam+1","DTMod:Shift","Beam Cell"],"picked":"DTMod:DragonDance+1","floor":24},{"not_picked":["DTMod:BurningEnergy","DTMod:RunningTactic","Hologram"],"picked":"DTMod:Observe","floor":28},{"not_picked":["DTMod:OpeningTactic","DTMod:BlazingStrike","DTMod:SneakAttack+1","Leap"],"picked":"SKIP","floor":30},{"not_picked":["DTMod:RepeatStrike","DTMod:Inferno","Amplify"],"picked":"DTMod:ResonanceForm+1","floor":33},{"not_picked":["DTMod:BreakAttack+1","DTMod:BurningEnergy","DTMod:Feint+1","Compile Driver"],"picked":"SKIP","floor":35},{"not_picked":["DTMod:QuickFly+1","DTMod:MasterPlan","DTMod:Cover+1","Scrape"],"picked":"SKIP","floor":40},{"not_picked":["DTMod:CalculatedDefense+1","DTMod:Feint+1","DTMod:BizarreTactic","ReplayTheSpireMod:GoodbyeWorld"],"picked":"SKIP","floor":42},{"not_picked":["DTMod:DeepFocus","DTMod:StarRain+1","Steam"],"picked":"DTMod:Training","floor":45},{"not_picked":["DTMod:MasterPlan+1","DTMod:Hide+1","Compile Driver"],"picked":"DTMod:CleansingStrike+1","floor":47},{"not_picked":["DTMod:ShieldDrain","DTMod:Weaken","Crystallizer"],"picked":"DTMod:Training","floor":54}],"player_experience":971728,"relics_obtained":[{"floor":6,"key":"Peace Pipe"},{"floor":8,"key":"Nunchaku"},{"floor":9,"key":"hubris:DisguiseKit"},{"floor":12,"key":"Whetstone"},{"floor":23,"key":"DTMod:BasicTextbook"},{"floor":26,"key":"Juzu Bracelet"},{"floor":28,"key":"ReplayTheSpireMod:Ninjato"},{"floor":30,"key":"Happy Flower"},{"floor":31,"key":"Thread and Needle"},{"floor":31,"key":"Replay:Bottled Eggs"},{"floor":40,"key":"Bag of Marbles"},{"floor":42,"key":"ReplayTheSpireMod:Lightbulb"},{"floor":45,"key":"Anchor"},{"floor":54,"key":"hubris:BundleOfHerbs"}],"event_choices":[{"damage_healed":0,"gold_gain":1,"player_choice":"1","damage_taken":0,"max_hp_gain":0,"max_hp_loss":0,"event_name":"betterStone:BetterStone","floor":7,"gold_loss":0},{"damage_healed":0,"gold_gain":1,"player_choice":"Card Card Relic ","damage_taken":23,"max_hp_gain":0,"max_hp_loss":0,"event_name":"betterThird:BetterScrap","floor":11,"gold_loss":0,"cards_obtained":["Reboot","Blasphemy"]},{"damage_healed":0,"gold_gain":0,"player_choice":"Ignored","damage_taken":0,"max_hp_gain":0,"max_hp_loss":0,"event_name":"betterNote:BetterNote","floor":21,"gold_loss":0,"cards_obtained":["Strike_G"]},{"damage_healed":0,"gold_gain":0,"player_choice":"Ignored","damage_taken":0,"max_hp_gain":0,"max_hp_loss":0,"event_name":"Ghosts","floor":29,"gold_loss":0},{"damage_healed":0,"gold_gain":0,"player_choice":"Fight","damage_taken":0,"max_hp_gain":0,"max_hp_loss":0,"event_name":"Colosseum","floor":31,"gold_loss":0},{"damage_healed":0,"gold_gain":0,"player_choice":"Fought Nobs","damage_taken":0,"max_hp_gain":0,"max_hp_loss":0,"event_name":"Colosseum","floor":31,"gold_loss":0},{"cards_removed":["DTMod:QuickFly"],"damage_healed":0,"gold_gain":0,"player_choice":"Removed Attack","damage_taken":0,"max_hp_gain":0,"max_hp_loss":0,"event_name":"Falling","floor":37,"gold_loss":0},{"damage_healed":0,"gold_gain":0,"player_choice":"Leave","damage_taken":0,"max_hp_gain":0,"max_hp_loss":0,"event_name":"conspire:Investor","floor":39,"gold_loss":0},{"damage_healed":0,"gold_gain":0,"player_choice":"Ignored","damage_taken":0,"max_hp_gain":0,"max_hp_loss":0,"event_name":"Tomb of Lord Red Mask","floor":48,"gold_loss":0}],"is_beta":false,"boss_relics":[{"not_picked":["Replay:Wanted Poster","hubris:HollowSoul"],"picked":"aspiration:RunicSpoon"},{"not_picked":["Runic Dome","theForsaken:PaleLantern"],"picked":"hubris:Backtick"}],"items_purged_floors":[53],"is_endless":false,"potions_floor_spawned":[3,5,13,14,19,24,30,31,31,40,42,45],"ascension_level":1}}