{"host":"k2mw1od0xoi9pcfj","time":1611197827,"event":{"mods":["Act Like it!","Aspiration","BaseMod","Downfall","Energized Spire","Hermit","Highlight Path","Minty Spire (QoL Compilation)","Permanent Neow","Relic Stats","Retaliation","StSLib","TheHeartMod"],"gold_per_floor":[109,109,109,130,130,161,161,181,206,226,246,246,246,246],"floor_reached":13,"language":"ENG","playtime":725,"items_purged":[],"score":85,"play_id":"d159ca6c-f6b4-4b8e-b345-30d699228ac1","local_time":"20210120205707","is_ascension_mode":false,"campfire_choices":[{"data":"hermit:Showdown","floor":12,"key":"SMITH"}],"circlet_count":0,"master_deck":["hermit:Strike_Hermit","hermit:Strike_Hermit","hermit:Strike_Hermit","hermit:Strike_Hermit","hermit:Defend_Hermit","hermit:Defend_Hermit","hermit:Defend_Hermit","hermit:Defend_Hermit","hermit:Snapshot","hermit:Covet","hermit:Showdown+1","Injury","Injury","hermit:Coalescence","hermit:EternalForm+1"],"relics":["hermit:Momento","aspiration:Nostalgia","Slimebound:AbsorbEndCombat","Golden Idol","Oddly Smooth Stone","Frozen Egg 2","Unceasing Top"],"acts_visited":["Exordium"],"potions_floor_usage":[10,13],"damage_taken":[{"damage":0,"enemies":"2 Louse","floor":1,"turns":3},{"damage":0,"enemies":"Cultist","floor":4,"turns":3},{"damage":36,"enemies":"3 Sentries","floor":6,"turns":14},{"damage":0,"enemies":"Jaw Worm","floor":8,"turns":3},{"damage":4,"enemies":"Looter","floor":10,"turns":2},{"damage":12,"enemies":"Exordium Thugs","floor":11,"turns":6},{"damage":19,"enemies":"Lagavulin","floor":13,"turns":7}],"seed_played":"7803153435147034079","potions_obtained":[{"floor":6,"key":"LiquidMemories"},{"floor":8,"key":"sneckomod:MuddlingPotion"}],"is_trial":false,"path_per_floor":["M","?","?","M","?","E","?","M","T","M","M","R","E"],"character_chosen":"HERMIT","items_purchased":[],"campfire_rested":0,"item_purchase_floors":[],"current_hp_per_floor":[75,75,63,63,63,27,27,27,27,23,11,11,0,0],"gold":246,"neow_bonus":"NOSTALGIA","is_daily":false,"chose_seed":false,"campfire_upgraded":1,"win_rate":0.0,"timestamp":1611197827,"path_taken":["M","?","?","M","?","E","?","M","T","M","?","R","E"],"items_purchased_type":[],"build_version":"2020-12-22","purchased_purges":0,"victory":false,"max_hp_per_floor":[75,75,75,75,75,75,75,75,75,75,75,75,75,75],"relic_stats":{"counters":[7,38],"Golden Idol":22,"obtain_stats":[{"aspiration:Nostalgia":0,"Golden Idol":2,"Oddly Smooth Stone":3,"Slimebound:AbsorbEndCombat":0,"Frozen Egg 2":5,"hermit:Momento":0,"Unceasing Top":6},{"aspiration:Nostalgia":0,"Golden Idol":1,"Oddly Smooth Stone":1,"Slimebound:AbsorbEndCombat":0,"Frozen Egg 2":2,"hermit:Momento":0,"Unceasing Top":3},{"aspiration:Nostalgia":0,"Golden Idol":3,"Oddly Smooth Stone":3,"Slimebound:AbsorbEndCombat":0,"Frozen Egg 2":6,"hermit:Momento":0,"Unceasing Top":20}],"Unceasing Top":[3]},"card_choices":[{"not_picked":["hermit:Feint","hermit:TrackingShot"],"picked":"hermit:Showdown","floor":1},{"not_picked":["hermit:Vantage","hermit:SprayPray","hermit:Misfire"],"picked":"SKIP","floor":4},{"not_picked":["hermit:Horror","hermit:Headshot","hermit:Misfire"],"picked":"SKIP","floor":6},{"not_picked":["hermit:Grudge","hermit:Feint","hermit:GhostlyPresence"],"picked":"SKIP","floor":8},{"not_picked":["hermit:Roulette","hermit:ItchyTrigger"],"picked":"hermit:Coalescence","floor":10},{"not_picked":["hermit:EyeOfTheStorm","hermit:Midnight"],"picked":"hermit:EternalForm+1","floor":11}],"player_experience":774924,"relics_obtained":[{"floor":6,"key":"Unceasing Top"}],"event_choices":[{"damage_healed":0,"gold_gain":0,"player_choice":"Take Wound","damage_taken":0,"relics_obtained":["Golden Idol"],"max_hp_gain":0,"max_hp_loss":0,"event_name":"Golden Idol","floor":2,"gold_loss":0,"cards_obtained":["Injury"]},{"damage_healed":0,"gold_gain":0,"player_choice":"Success","damage_taken":12,"relics_obtained":["Oddly Smooth Stone"],"max_hp_gain":0,"max_hp_loss":0,"event_name":"Scrap Ooze","floor":3,"gold_loss":0},{"damage_healed":0,"gold_gain":0,"player_choice":"Bought 0 Potions","damage_taken":0,"max_hp_gain":0,"max_hp_loss":0,"event_name":"The Woman in Blue","floor":7,"gold_loss":0}],"is_beta":false,"boss_relics":[],"items_purged_floors":[],"is_endless":false,"potions_floor_spawned":[6,8],"killed_by":"Lagavulin","ascension_level":0}}