{"host":"nnxvcju6x1qybncj","time":1611251854,"event":{"mods":["BaseMod","Block Reminder","Curses Come First","Custom Start","Dark Map","Displayed Cursed Tome","Downfall","Evolution","Jorbs\u0027s Wanderer Trilogy","Minty Spire (QoL Compilation)","Quick Restart","Relic Stats","StSLib"],"gold_per_floor":[110,160,172,192,204,232,31,31,54,79,94,94,104,104,104,198,198,217,63,0,0,0,0,43,66,66,66,66],"floor_reached":27,"language":"ENG","playtime":1050,"items_purged":["Headbutt"],"score":446,"play_id":"9c24fcca-bd3e-406a-9278-fef46ede7c35","local_time":"20210121185734","is_ascension_mode":true,"campfire_choices":[{"data":"True Grit","floor":8.0,"key":"SMITH"},{"floor":12.0,"key":"REST"},{"data":"Juggernaut","floor":15.0,"key":"SMITH"},{"floor":23,"key":"REST"}],"circlet_count":0,"master_deck":["AscendersBane","Headbutt","Wild Strike","Headbutt","Wild Strike","Defend_R","Defend_R","Defend_R","Defend_R","Bash+1","Rampage","Feel No Pain","Clothesline","Juggernaut+1","True Grit+1","Feel No Pain","Second Wind","Shrug It Off","Power Through","Impervious","Fire Breathing","Sentinel","Inflame","Intimidate","Armaments"],"relics":["Burning Blood","EVO:Axolotl","Orichalcum","Medical Kit","Dream Catcher","Tiny Chest","Golden Idol","SlaversCollar","Boot","Question Card"],"acts_visited":["Exordium","TheCity"],"potions_floor_usage":[27],"damage_taken":[{"damage":3.0,"enemies":"2 Louse","floor":1.0,"turns":3.0},{"damage":6.0,"enemies":"Cultist","floor":3.0,"turns":3.0},{"damage":0.0,"enemies":"Small Slimes","floor":4.0,"turns":2.0},{"damage":6.0,"enemies":"Looter","floor":5.0,"turns":2.0},{"damage":17.0,"enemies":"3 Sentries","floor":6.0,"turns":5.0},{"damage":23.0,"enemies":"Gremlin Nob","floor":10.0,"turns":4.0},{"damage":13.0,"enemies":"Exordium Wildlife","floor":11.0,"turns":4.0},{"damage":9.0,"enemies":"Blue Slaver","floor":13.0,"turns":3.0},{"damage":6.0,"enemies":"Slime Boss","floor":16.0,"turns":8.0},{"damage":17.0,"enemies":"3 Byrds","floor":18.0,"turns":4.0},{"damage":34,"enemies":"Slavers","floor":24,"turns":6},{"damage":33,"enemies":"Spheric Guardian","floor":25,"turns":8},{"damage":13,"enemies":"Snecko","floor":27,"turns":5}],"seed_played":"-2477116126530732789","potions_obtained":[{"floor":5.0,"key":"SkillPotion"},{"floor":6.0,"key":"AttackPotion"},{"floor":11.0,"key":"Strength Potion"},{"floor":13.0,"key":"Energy Potion"},{"floor":25,"key":"Fire Potion"}],"is_trial":false,"path_per_floor":["M","?","M","M","M","E","$","R","T","E","M","R","M","?","R","B",null,"M","$","?","$","?","R","E","M","T","M"],"character_chosen":"IRONCLAD","items_purchased":["Medical Kit","True Grit","Sentinel"],"campfire_rested":2,"item_purchase_floors":[7,7,19],"current_hp_per_floor":[71,64,64,70,70,59,59,59,59,42,35,57,54,54,54,54,65,54,54,54,54,54,68,40,13,13,0,0],"gold":66,"neow_bonus":"UPGRADE_CARD","is_daily":false,"chose_seed":false,"campfire_upgraded":2,"win_rate":0.0,"timestamp":1611251854,"path_taken":["M","?","?","M","M","E","$","R","T","E","M","R","M","?","R","BOSS","M","$","?","$","?","R","E","M","T","M"],"items_purchased_type":["Relic","Card","Card"],"build_version":"2020-12-22","purchased_purges":1,"victory":false,"max_hp_per_floor":[75,75,75,75,75,75,75,75,75,75,75,75,75,68,68,68,68,68,68,68,68,68,68,68,68,68,68,68],"relic_stats":{"Dream Catcher":2,"counters":[13,57],"Golden Idol":37,"Tiny Chest":0,"Orichalcum":[72],"Medical Kit":[26],"Boot":[0],"Question Card":0,"obtain_stats":[{"SlaversCollar":17,"Dream Catcher":9,"Golden Idol":14,"Tiny Chest":10,"EVO:Axolotl":0,"Orichalcum":6,"Medical Kit":7,"Boot":24,"Question Card":26,"Burning Blood":0},{"SlaversCollar":9,"Dream Catcher":5,"Golden Idol":8,"Tiny Chest":6,"EVO:Axolotl":0,"Orichalcum":5,"Medical Kit":5,"Boot":11,"Question Card":12,"Burning Blood":0},{"SlaversCollar":34,"Dream Catcher":15,"Golden Idol":26,"Tiny Chest":19,"EVO:Axolotl":0,"Orichalcum":15,"Medical Kit":15,"Boot":44,"Question Card":52,"Burning Blood":0}],"Burning Blood":72},"card_choices":[{"not_picked":["Headbutt","Anger","Clash"],"picked":"SKIP","floor":1.0},{"not_picked":["Anger","Body Slam"],"picked":"Rampage","floor":3.0},{"not_picked":["Inflame","Metallicize"],"picked":"Feel No Pain","floor":4.0},{"not_picked":["Inflame","Headbutt"],"picked":"Clothesline","floor":5.0},{"not_picked":["Clothesline","Body Slam"],"picked":"Juggernaut","floor":6.0},{"not_picked":["Flex","Havoc"],"picked":"Feel No Pain","floor":10.0},{"not_picked":["Havoc","Clothesline"],"picked":"Second Wind","floor":11.0},{"not_picked":["Clash","Hemokinesis"],"picked":"Shrug It Off","floor":12.0},{"not_picked":["Twin Strike","Bludgeon"],"picked":"Power Through","floor":13.0},{"not_picked":["Immolate","Reaper"],"picked":"Impervious","floor":16.0},{"not_picked":["Disarm","Headbutt"],"picked":"Fire Breathing","floor":18.0},{"not_picked":["Havoc","Second Wind"],"picked":"Inflame","floor":23},{"not_picked":["Burning Pact","True Grit"],"picked":"Intimidate","floor":24},{"not_picked":["Anger","Cleave"],"picked":"Armaments","floor":25}],"player_experience":704152,"relics_obtained":[{"floor":6.0,"key":"Orichalcum"},{"floor":9.0,"key":"Dream Catcher"},{"floor":10.0,"key":"Tiny Chest"},{"floor":24,"key":"Boot"},{"floor":26,"key":"Question Card"}],"event_choices":[{"damage_healed":0.0,"max_hp_gain":0.0,"max_hp_loss":0.0,"gold_gain":50.0,"event_name":"FaceTrader","player_choice":"Touch","floor":2.0,"gold_loss":0.0,"damage_taken":7.0},{"damage_healed":0.0,"max_hp_gain":0.0,"max_hp_loss":7.0,"gold_gain":0.0,"event_name":"Golden Idol","player_choice":"Lose Max HP","floor":14.0,"gold_loss":0.0,"damage_taken":0.0,"relics_obtained":["Golden Idol"]},{"damage_healed":0,"gold_gain":0,"player_choice":"Paid Fearfully","damage_taken":0,"max_hp_gain":0,"max_hp_loss":0,"event_name":"Masked Bandits","floor":20,"gold_loss":63},{"damage_healed":0,"gold_gain":0,"player_choice":"Ignored","damage_taken":0,"max_hp_gain":0,"max_hp_loss":0,"event_name":"Ghosts","floor":22,"gold_loss":0}],"is_beta":false,"boss_relics":[{"not_picked":["Philosopher\u0027s Stone","Calling Bell"],"picked":"SlaversCollar"}],"items_purged_floors":[19],"is_endless":false,"potions_floor_spawned":[5,6,11,13,25],"killed_by":"Snecko","ascension_level":17}}