{"host":"l60rmjjsfi0fipmi","time":1611190259,"event":{"mods":["BaseMod","Colored Map","DeckTracker","Highlight Path","Minty Spire (QoL Compilation)","StSLib","The Cursed","The Servant 0.9.4"],"gold_per_floor":[113,130,148,165,92,92,103,103,178,178,55,69,46,57,57,162,162,174,174,191,116,133,133,144,157,203,50,50,376,376,386,386,386,386],"floor_reached":33,"language":"ENG","playtime":3217,"items_purged":["Defend_P+1"],"score":300,"play_id":"9e4eec97-1fa1-4553-8060-384de0f70481","local_time":"20210120195059","is_ascension_mode":true,"campfire_choices":[{"data":"Vigilance","floor":6,"key":"SMITH"},{"data":"Blind","floor":8,"key":"SMITH"},{"data":"Consecrate","floor":10,"key":"SMITH"},{"data":"Crescendo","floor":15,"key":"SMITH"},{"data":"Vault","floor":23,"key":"SMITH"},{"floor":28,"key":"REST"},{"floor":30,"key":"REST"},{"data":"JustLucky","floor":32,"key":"SMITH"}],"circlet_count":0,"master_deck":["Strike_P+1","Strike_P+1","Strike_P+1","Strike_P+1","Defend_P+1","Defend_P+1","Defend_P+1","Eruption","Vigilance+1","Blind+1","Crescendo+1","BowlingBash","Consecrate+1","CutThroughFate","FlurryOfBlows","EmptyFist","Swivel","FollowUp","Weave","CrushJoints","EmptyBody","Vault+1","JustLucky+1","Tantrum","Vault+1","ThirdEye","ThirdEye"],"relics":["PureWater","Letter Opener","Runic Pyramid","Pen Nib","DollysMirror","Old Coin"],"acts_visited":["Exordium","TheCity"],"potions_floor_usage":[24,33,33],"damage_taken":[{"damage":2,"enemies":"Jaw Worm","floor":1,"turns":4},{"damage":0,"enemies":"2 Louse","floor":2,"turns":3},{"damage":2,"enemies":"Small Slimes","floor":3,"turns":3},{"damage":3,"enemies":"Exordium Thugs","floor":4,"turns":5},{"damage":3,"enemies":"3 Louse","floor":7,"turns":2},{"damage":0,"enemies":"2 Fungi Beasts","floor":12,"turns":3},{"damage":0,"enemies":"Looter","floor":14,"turns":2},{"damage":57,"enemies":"Hexaghost","floor":16,"turns":10},{"damage":5,"enemies":"Shell Parasite","floor":18,"turns":4},{"damage":4,"enemies":"Chosen","floor":20,"turns":5},{"damage":10,"enemies":"Snecko","floor":22,"turns":4},{"damage":16,"enemies":"Snake Plant","floor":24,"turns":4},{"damage":0,"enemies":"Sentry and Sphere","floor":25,"turns":4},{"damage":20,"enemies":"Slavers","floor":29,"turns":5},{"damage":2,"enemies":"3 Cultists","floor":31,"turns":6},{"damage":94,"enemies":"Automaton","floor":33,"turns":7}],"seed_played":"-7137370094908724329","potions_obtained":[{"floor":1,"key":"BlessingOfTheForge"},{"floor":4,"key":"ColorlessPotion"},{"floor":7,"key":"BottledMiracle"},{"floor":16,"key":"Fire Potion"},{"floor":22,"key":"LiquidMemories"},{"floor":24,"key":"SpeedPotion"}],"is_trial":false,"path_per_floor":["M","M","M","M","$","R","M","R","T","R","$","M","$","M","R","B",null,"M","?","M","$","M","R","M","M","T","$","R","E","R","M","R","B"],"character_chosen":"WATCHER","items_purchased":["CutThroughFate","FlurryOfBlows","Swivel","FollowUp","CrushJoints","DollysMirror"],"campfire_rested":2,"item_purchase_floors":[5,5,11,11,13,27],"current_hp_per_floor":[70,70,68,65,65,65,62,62,62,62,62,62,62,62,62,5,72,67,67,63,63,53,53,37,37,37,37,58,38,59,57,57,0,0],"gold":386,"neow_bonus":"RANDOM_COLORLESS","is_daily":false,"chose_seed":false,"campfire_upgraded":6,"win_rate":0.0,"timestamp":1611190259,"path_taken":["M","M","M","M","$","R","M","R","T","R","$","M","$","M","R","BOSS","M","?","M","$","M","R","M","M","T","$","R","E","R","M","R","BOSS"],"items_purchased_type":["Card","Card","Card","Card","Card","Relic"],"build_version":"2020-12-22","purchased_purges":1,"victory":false,"max_hp_per_floor":[72,72,72,72,72,72,72,72,72,72,72,72,72,72,72,72,72,72,72,72,72,72,72,72,72,72,72,72,72,72,72,72,72,72],"card_choices":[{"not_picked":["Finesse","Forethought"],"picked":"Blind","floor":0},{"not_picked":["SashWhip","CutThroughFate"],"picked":"Crescendo","floor":1},{"not_picked":["Collect","ThirdEye"],"picked":"BowlingBash","floor":2},{"not_picked":["Nirvana","Crescendo","Pray"],"picked":"SKIP","floor":3},{"not_picked":["CutThroughFate","EmptyFist"],"picked":"Consecrate","floor":4},{"not_picked":["Nirvana","Omniscience"],"picked":"EmptyFist","floor":7},{"not_picked":["Consecrate","BowlingBash"],"picked":"Weave","floor":12},{"not_picked":["CarveReality","JustLucky"],"picked":"EmptyBody","floor":14},{"not_picked":["Brilliance","Omniscience"],"picked":"Vault","floor":16},{"not_picked":["Evaluate+1","InnerPeace","FlyingSleeves"],"picked":"SKIP","floor":18},{"not_picked":["Study","Halt"],"picked":"JustLucky","floor":20},{"not_picked":["Protect","Study+1"],"picked":"Tantrum","floor":22},{"not_picked":["CrushJoints","SignatureMove+1","FlyingSleeves"],"picked":"SKIP","floor":24},{"not_picked":["EmptyFist+1","Consecrate+1","Crescendo+1"],"picked":"SKIP","floor":25},{"not_picked":["Devotion","SashWhip"],"picked":"ThirdEye","floor":29},{"not_picked":["ClearTheMind","Tantrum"],"picked":"ThirdEye","floor":31}],"player_experience":525123,"relics_obtained":[{"floor":9,"key":"Letter Opener"},{"floor":26,"key":"Pen Nib"},{"floor":29,"key":"Old Coin"}],"event_choices":[{"damage_healed":0,"gold_gain":0,"player_choice":"Simplicity","damage_taken":0,"max_hp_gain":0,"max_hp_loss":0,"event_name":"Back to Basics","floor":19,"gold_loss":0,"cards_upgraded":["Strike_P","Strike_P","Strike_P","Strike_P","Defend_P","Defend_P","Defend_P","Defend_P"]}],"is_beta":false,"boss_relics":[{"not_picked":["SacredBark","Coffee Dripper"],"picked":"Runic Pyramid"}],"items_purged_floors":[21],"is_endless":false,"potions_floor_spawned":[1,4,7,16,22,24,25],"killed_by":"Automaton","ascension_level":3}}