{"host":"7r2n0tv442aowt09","time":1611237693,"event":{"mods":["BaseMod","Custom Start","Exacting","Highlight Path","Infinite Spire","Minty Spire (QoL Compilation)","Relic Sorter","Replay The Spire","StS++","StSLib"],"gold_per_floor":[156,306,231,231,231,330,330,330,330],"floor_reached":8,"language":"JPN","playtime":548,"items_purged":[],"score":204,"play_id":"ed38e786-b2f5-44eb-a2ff-fa42398e2d7e","local_time":"20210121230133","daily_mods":["Flight","Midas"],"is_ascension_mode":true,"campfire_choices":[{"floor":7,"key":"REST"}],"circlet_count":0,"master_deck":["AscendersBane","Strike_P","Strike_P","Strike_P","Strike_P","Defend_P","Defend_P","Defend_P","Eruption","Vigilance","Protect+1"],"relics":["PureWater","Darkstone Periapt","Singing Bowl","Toxic Egg 2","Juzu Bracelet","Nuclear Battery","Blue Doll","Akabeko"],"acts_visited":["Exordium"],"potions_floor_usage":[],"damage_taken":[{"damage":0,"enemies":"Small Slimes","floor":1,"turns":2},{"damage":55,"enemies":"Lagavulin","floor":6,"turns":8},{"damage":29,"enemies":"Replay:BlueRogue","floor":8,"turns":6}],"seed_played":"4367576971478330421","potions_obtained":[],"is_trial":true,"path_per_floor":["M","?","?","?","?","E","R","E"],"character_chosen":"WATCHER","items_purchased":[],"campfire_rested":1,"item_purchase_floors":[],"current_hp_per_floor":[61,67,67,60,60,5,27,0,0],"gold":330,"neow_bonus":"","is_daily":false,"chose_seed":false,"campfire_upgraded":0,"win_rate":0.0,"timestamp":1611237693,"path_taken":["M","?","?","?","?","E","R","E"],"items_purchased_type":[],"build_version":"2020-12-22","purchased_purges":0,"victory":false,"max_hp_per_floor":[68,74,74,74,74,74,74,74,74],"card_choices":[{"not_picked":["Wallop","CrushJoints"],"picked":"Perseverance+1","floor":1},{"not_picked":["StSpp:Renounce+1","JustLucky"],"picked":"Protect+1","floor":6}],"player_experience":2218884,"relics_obtained":[{"floor":6,"key":"Akabeko"}],"event_choices":[{"damage_healed":0,"gold_gain":150,"player_choice":"AGREE","damage_taken":0,"max_hp_gain":0,"max_hp_loss":0,"event_name":"Liars Game","floor":2,"gold_loss":0,"cards_obtained":["Doubt"]},{"cards_removed":["Doubt"],"damage_healed":0,"gold_gain":0,"player_choice":"Card Removal","damage_taken":0,"max_hp_gain":0,"max_hp_loss":0,"event_name":"The Cleric","floor":3,"gold_loss":75},{"cards_removed":["Defend_P"],"damage_healed":0,"gold_gain":0,"player_choice":"Card Removal","damage_taken":7,"max_hp_gain":0,"max_hp_loss":0,"event_name":"Golden Wing","floor":4,"gold_loss":0},{"cards_removed":["Perseverance"],"damage_healed":0,"gold_gain":0,"player_choice":"Gave Card","damage_taken":0,"relics_obtained":["Blue Doll"],"max_hp_gain":0,"max_hp_loss":0,"event_name":"WeMeetAgain","floor":5,"gold_loss":0}],"is_beta":false,"boss_relics":[],"items_purged_floors":[],"is_endless":true,"potions_floor_spawned":[],"killed_by":"Replay:BlueRogue","ascension_level":20}}