{"host":"yqveedbda5h7irme","time":1611262650,"event":{"mods":["AchievementEnabler","Aspiration","BaseMod","BetterRewards","Colored Powertips","Conspire","GifTheSpireLib","Hermit","Hubris","Infinite Spire","Marked Mod","Minty Spire (QoL Compilation)","Replay The Spire","StSLib","Stuff the Spire","The Jungle","The Necromancer","The Servant 0.9.4"],"gold_per_floor":[118,80,97,112,112,140,140,140,140,140,140,158,177,197,197,212,212,309,309,324,324,324,324,338,366,366,366],"floor_reached":26,"language":"ENG","playtime":1602,"items_purged":[],"score":328,"play_id":"596827c3-a46f-426c-abad-4339d4316aa1","local_time":"20210121215730","is_ascension_mode":false,"campfire_choices":[{"floor":15,"key":"REST"},{"floor":17,"key":"REST"}],"circlet_count":0,"master_deck":["hermit:Strike_Hermit","hermit:Strike_Hermit","hermit:Strike_Hermit","hermit:Strike_Hermit","hermit:Defend_Hermit","hermit:Defend_Hermit","hermit:Defend_Hermit","hermit:Defend_Hermit","hermit:Snapshot","hermit:Covet","hermit:Glare+1","hermit:Brawl","hermit:TakeCover+1","hermit:Brawl","hermit:ItchyTrigger","hermit:GoldenBullet","hermit:Snipe","hermit:Showdown","hermit:BodyArmor","hermit:Reprieve","hermit:TrackingShot+1","infinitespire:TheBestDefense","hermit:TakeAim","hermit:LowProfile"],"relics":["hermit:Momento","Oddly Smooth Stone","StuffTheSpire:Expresso","Mercury Hourglass","aspiration:SeaSaltIceCream","conspire:Flyswatter","conspire:SpecialSausage","hubris:Backtick","hermit:Spyglass","aspiration:FrozenJewel"],"acts_visited":["Exordium","TheCity"],"potions_floor_usage":[18,18,26,26,26],"damage_taken":[{"damage":0,"enemies":"Cultist","floor":1,"turns":3},{"damage":0,"enemies":"2 Louse","floor":3,"turns":3},{"damage":3,"enemies":"Jaw Worm","floor":4,"turns":5},{"damage":36,"enemies":"3 Sentries","floor":6,"turns":10},{"damage":0,"enemies":"Blue Slaver","floor":12,"turns":2},{"damage":17,"enemies":"Exordium Wildlife","floor":13,"turns":5},{"damage":16,"enemies":"Large Slime","floor":14,"turns":6},{"damage":10,"enemies":"Looter","floor":16,"turns":4},{"damage":29,"enemies":"Hexaghost","floor":18,"turns":10},{"damage":16,"enemies":"Chosen","floor":20,"turns":5},{"damage":23,"enemies":"Spheric Guardian","floor":24,"turns":5},{"damage":24,"enemies":"Replay:Snechameleon","floor":25,"turns":7},{"damage":15,"enemies":"Cultist and Chosen","floor":26,"turns":5}],"seed_played":"-4007056279701246249","potions_obtained":[{"floor":4,"key":"hermit:Tonic"},{"floor":6,"key":"AttackPotion"},{"floor":13,"key":"Elixir"},{"floor":14,"key":"SteroidPotion"},{"floor":18,"key":"Elixir"},{"floor":20,"key":"Cursed Concoction"}],"is_trial":false,"path_per_floor":["M","$","M","M","?","E","PTL","PTL","?","T","T","M","M","M","R","M","R","B",null,"M","?","AVR","?","M","E","M"],"character_chosen":"HERMIT","items_purchased":["Oddly Smooth Stone","hermit:Brawl"],"campfire_rested":2,"item_purchase_floors":[0,2],"current_hp_per_floor":[75,75,75,72,72,36,36,36,36,36,36,36,19,3,25,15,37,8,75,59,59,59,59,36,12,0,0],"gold":366,"neow_bonus":"","is_daily":false,"chose_seed":false,"campfire_upgraded":0,"win_rate":0.0,"timestamp":1611262650,"path_taken":["M","?","M","M","?","E","PTL","PTL","?","?","T","M","M","M","R","?","R","BOSS","M","?","AVR","?","M","E","M"],"items_purchased_type":["Relic","Card"],"build_version":"2020-12-22","purchased_purges":0,"victory":false,"max_hp_per_floor":[75,75,75,75,75,75,75,75,75,75,75,75,75,75,75,75,75,75,75,75,75,75,75,75,75,75,75],"card_choices":[{"not_picked":["hermit:WideOpen","hermit:Manifest"],"picked":"hermit:Glare","floor":1},{"not_picked":["hermit:WideOpen","hermit:Dive"],"picked":"hermit:TakeCover","floor":3},{"not_picked":["hermit:Malice","hermit:Midnight"],"picked":"hermit:Brawl","floor":4},{"not_picked":["hermit:LuckOfTheDraw","hermit:SprayPray"],"picked":"hermit:ItchyTrigger","floor":6},{"not_picked":["hermit:FlashPowder","hermit:Enervate"],"picked":"hermit:GoldenBullet","floor":12},{"not_picked":["hermit:Headshot","hermit:Ricochet"],"picked":"hermit:Snipe","floor":13},{"not_picked":["hermit:Quickdraw","hermit:Headshot"],"picked":"hermit:Showdown","floor":14},{"not_picked":["hermit:Dive","hermit:Purgatory"],"picked":"hermit:BodyArmor","floor":16},{"not_picked":["hermit:DeadOrAlive","hermit:Purgatory"],"picked":"hermit:Reprieve","floor":18},{"not_picked":["hermit:Ricochet","hermit:Brawl+1"],"picked":"hermit:TrackingShot+1","floor":20},{"not_picked":["hermit:CalledShot","hermit:Gestalt"],"picked":"hermit:TakeAim","floor":24},{"not_picked":["hermit:Reprieve","hermit:Coalescence"],"picked":"hermit:LowProfile","floor":25}],"player_experience":132229,"relics_obtained":[{"floor":6,"key":"StuffTheSpire:Expresso"},{"floor":10,"key":"Mercury Hourglass"},{"floor":11,"key":"aspiration:SeaSaltIceCream"},{"floor":25,"key":"aspiration:FrozenJewel"}],"event_choices":[{"damage_healed":0,"gold_gain":0,"player_choice":"Ignored","damage_taken":0,"max_hp_gain":0,"max_hp_loss":0,"event_name":"Vampires","floor":23,"gold_loss":0}],"is_beta":false,"boss_relics":[{"not_picked":["Replay:Wanted Poster","conspire:SeveredTorchhead"],"picked":"conspire:SpecialSausage"}],"items_purged_floors":[],"is_endless":false,"potions_floor_spawned":[4,6,13,14,18,20],"killed_by":"Cultist and Chosen","ascension_level":0}}