{"host":"02z8kvjeghfc9gb4","time":1611271809,"event":{"mods":["AchievementEnabler","Ascension Reborn","BaseMod","Beaked The Cultist","Downfall","Friendly Minions","Gremlin Mod","Grow up Mod","Minty Spire (QoL Compilation)","StSLib"],"gold_per_floor":[99,111,111,111,111,142,142,184,50,50,72,125,698,709,732,851,961,761,786,811,823,841,841,903,914,952,952,994,1006,1017,1042,1056,1174,1185,1085,1119,1131,1165,1198,1233,1233,1233,1245,1071,1071,1102,1102,1163,1198,1198,1198,1233,977,977,995,995],"floor_reached":57,"language":"ENG","playtime":3576,"items_purged":["downfall:Aged","downfall:Bewildered"],"score":1409,"play_id":"b0ebef3e-9007-45b3-bdf8-1f43c584dd67","local_time":"20210122003009","is_ascension_mode":true,"campfire_choices":[{"floor":1,"key":"RECALL"},{"data":"beaked:CrazyRituals","floor":10,"key":"SMITH"},{"data":"beaked:Hexing","floor":18,"key":"SMITH"},{"data":"beaked:MaddeningMurmurs","floor":23,"key":"SMITH"},{"data":"beaked:Overpower","floor":27,"key":"SMITH"},{"data":"beaked:AwakenedForm","floor":35,"key":"SMITH"},{"data":"beaked:MaddeningMurmurs","floor":42,"key":"SMITH"},{"data":"beaked:CrazyRituals","floor":45,"key":"SMITH"},{"data":"expansioncontent:Hexaburn","floor":54,"key":"SMITH"}],"circlet_count":0,"master_deck":["beaked:Ceremony+1","beaked:Ceremony+1","beaked:Ceremony+1","beaked:MaddeningMurmurs+1","beaked:CursingBlood","beaked:CrazyRituals+1","beaked:Insight","beaked:BraceForImpact","beaked:Foresight","beaked:ScreechingChant","beaked:Brace","beaked:Replenish","beaked:Overpower+1","beaked:Hexing+1","beaked:Caw","beaked:WildInstinct","beaked:BounceBack","beaked:MaddeningMurmurs+1","beaked:CrazyRituals+1","beaked:Foresight","Writhe","beaked:Insight+1","beaked:AwakenedForm+1","beaked:BounceBack+1","beaked:Insight","expansioncontent:Chronoboost","expansioncontent:Chronoboost","expansioncontent:Hexaburn+1","beaked:CursingBlood+1","beaked:CrazyRituals+1","beaked:Brace+1","beaked:MaddeningMurmurs+1","beaked:CursingBlood+1","beaked:DigDeep+1"],"relics":["beaked:MendingPlumage","Boot","CeramicFish","Orichalcum","Membership Card","Toy Ornithopter","Ginger","Pandora\u0027s Box","downfall:HeartBlessingBlue","downfall:HeartBlessingRed","Ice Cream","TungstenRod","Bag of Marbles","sneckomod:BabySnecko","Blood Vial","HornCleat","Art of War","White Beast Statue","Girya","Bird Faced Urn","beaked:SacredDeck","downfall:HeartBlessingGreen","Happy Flower","Torii","Lizard Tail","Toxic Egg 2","Prayer Wheel","Bronze Scales","InkBottle","Vajra","Orrery"],"acts_visited":["Exordium","TheCity","TheBeyond","TheEnding"],"potions_floor_usage":[12],"damage_taken":[{"damage":0,"enemies":"2 Louse","floor":2,"turns":3},{"damage":0,"enemies":"Cultist","floor":5,"turns":1},{"damage":3,"enemies":"Small Slimes","floor":6,"turns":3},{"damage":7,"enemies":"3 Sentries","floor":8,"turns":6},{"damage":2,"enemies":"downfall:FleeingMerchant","floor":9,"turns":4},{"damage":3,"enemies":"Blue Slaver","floor":11,"turns":5},{"damage":7,"enemies":"Gremlin Nob","floor":12,"turns":4},{"damage":6,"enemies":"Large Slime","floor":15,"turns":6},{"damage":0,"enemies":"SI_SHIV_ARCHETYPE","floor":16,"turns":7},{"damage":1,"enemies":"Chosen","floor":19,"turns":6},{"damage":0,"enemies":"Spheric Guardian","floor":20,"turns":1},{"damage":12,"enemies":"Snake Plant","floor":21,"turns":3},{"damage":30,"enemies":"Sentry and Sphere","floor":22,"turns":6},{"damage":18,"enemies":"Gremlin Leader","floor":26,"turns":3},{"damage":2,"enemies":"Book of Stabbing","floor":28,"turns":5},{"damage":19,"enemies":"Shelled Parasite and Fungi","floor":29,"turns":4},{"damage":0,"enemies":"Snake Plant","floor":31,"turns":4},{"damage":0,"enemies":"Sentry and Sphere","floor":32,"turns":5},{"damage":19,"enemies":"IC_MUSHROOM_ARCHETYPE","floor":33,"turns":6},{"damage":1,"enemies":"Orb Walker","floor":36,"turns":2},{"damage":8,"enemies":"3 Shapes","floor":37,"turns":5},{"damage":9,"enemies":"Spire Growth","floor":38,"turns":4},{"damage":0,"enemies":"Reptomancer","floor":40,"turns":1},{"damage":30,"enemies":"4 Shapes","floor":43,"turns":3},{"damage":0,"enemies":"downfall:FleeingMerchant","floor":44,"turns":4},{"damage":35,"enemies":"Transient","floor":46,"turns":5},{"damage":61,"enemies":"2 Orb Walkers","floor":48,"turns":6},{"damage":8,"enemies":"Jaw Worm Horde","floor":49,"turns":3},{"damage":44,"enemies":"DF_ARCHETYPE_ORBS","floor":50,"turns":8},{"damage":40,"enemies":"downfall:CharBossMerchant","floor":52,"turns":6},{"damage":0,"enemies":"downfall:NeowBoss","floor":55,"turns":8},{"damage":30,"enemies":"downfall:NeowBossFinal","floor":56,"turns":8}],"seed_played":"-2769948074033335641","potions_obtained":[{"floor":2,"key":"SkillPotion"},{"floor":2,"key":"Dexterity Potion"},{"floor":5,"key":"sneckomod:MuddlingPotion"},{"floor":6,"key":"ColorlessPotion"},{"floor":12,"key":"Fruit Juice"},{"floor":12,"key":"LiquidMemories"},{"floor":26,"key":"Fruit Juice"},{"floor":28,"key":"SkillPotion"}],"is_trial":false,"path_per_floor":["R","M","?","?","M","M","T","E","$","R","M","E","?","?","M","B",null,"R","M","M","M","M","R","T","?","E","R","E","M","?","M","M","B",null,"R","M","M","M","?","E","T","R","M","$","R","M","?","?","M","B",null,"E","$","R","B","B",null],"character_chosen":"BEAKED_THE_CULTIST","items_purchased":["Membership Card","beaked:Insight","Toxic Egg 2","beaked:CrazyRituals","InkBottle","Vajra","Orrery"],"campfire_rested":0,"item_purchase_floors":[9,9,44,44,53,53,53],"current_hp_per_floor":[75,85,77,87,97,113,123,145,155,165,175,189,199,209,220,235,245,265,275,285,290,292,302,312,322,325,335,359,373,383,395,405,414,430,440,450,460,470,471,490,500,510,490,530,540,550,560,565,580,576,605,601,611,621,650,665],"gold":995,"neow_bonus":"RANDOM_COMMON_RELIC","is_daily":false,"chose_seed":false,"campfire_upgraded":8,"win_rate":0.0,"timestamp":1611271809,"path_taken":["R","M","?","?","M","M","T","E","$","R","M","E","?","?","M","BOSS","R","M","M","M","?","R","T","?","E","R","E","M","?","M","M","BOSS","R","M","M","M","?","E","T","R","M","$","R","M","?","?","M","BOSS","E","$","R","BOSS","BOSS"],"items_purchased_type":["Relic","Card","Relic","Card","Relic","Relic","Relic"],"build_version":"2020-12-22","purchased_purges":2,"victory":true,"max_hp_per_floor":[75,85,95,105,115,125,135,145,155,165,175,190,200,210,220,235,245,265,275,285,295,305,315,325,335,345,355,365,375,385,395,405,420,430,440,450,460,470,480,490,500,510,520,530,540,550,560,570,580,595,605,615,625,635,650,665],"card_choices":[{"not_picked":["beaked:Windmill","beaked:Cower"],"picked":"beaked:MaddeningMurmurs","floor":2},{"not_picked":["beaked:Poke+1","beaked:Redirect","beaked:MimicWarrior"],"picked":"SKIP","floor":5},{"not_picked":["beaked:RitualOfBody","beaked:Resilience"],"picked":"beaked:CursingBlood","floor":6},{"not_picked":["beaked:Devastation+1","beaked:Roost"],"picked":"beaked:CrazyRituals","floor":8},{"not_picked":["beaked:Mantra+1","beaked:DigDeeper","beaked:DesperateSwing"],"picked":"SKIP","floor":8},{"not_picked":["beaked:Windmill","beaked:TuckingFeathers","beaked:Evade"],"picked":"SKIP","floor":9},{"not_picked":["beaked:Evade","beaked:WindBringer","beaked:Recite"],"picked":"SKIP","floor":11},{"not_picked":["beaked:ScreechingChant","beaked:Tweet"],"picked":"beaked:BraceForImpact","floor":12},{"not_picked":["beaked:DigDeep+1","beaked:DarkTribute","beaked:StunningBlow"],"picked":"SKIP","floor":12},{"not_picked":["beaked:BloodRitual","beaked:Negation","beaked:TuckingFeathers"],"picked":"SKIP","floor":15},{"not_picked":["beaked:Overpower","beaked:Negation"],"picked":"beaked:CrazyRituals+1","floor":19},{"not_picked":["beaked:Poke+1","beaked:Resilience+1"],"picked":"beaked:Foresight","floor":20},{"not_picked":["beaked:MimicHuntress","beaked:Tweet+1","beaked:SurvivalInstinct"],"picked":"SKIP","floor":21},{"not_picked":["beaked:Resilience+1","beaked:Daydream+1","beaked:DesperateSwing"],"picked":"SKIP","floor":22},{"not_picked":["beaked:Overexert+1","beaked:Daydream","beaked:Windmill+1"],"picked":"SKIP","floor":26},{"not_picked":["beaked:VigorBurst+1","beaked:TuckingFeathers","beaked:DigDeep+1"],"picked":"SKIP","floor":28},{"not_picked":["beaked:Overexert+1","beaked:HuntressEssence","beaked:Caw"],"picked":"SKIP","floor":29},{"not_picked":["beaked:WarriorEssence+1","beaked:MimicMachine+1"],"picked":"beaked:Insight+1","floor":31},{"not_picked":["beaked:MimicMachine+1","beaked:WarriorEssence+1","beaked:Resilience+1"],"picked":"SKIP","floor":32},{"not_picked":["beaked:FeelMyPain+1","beaked:MachineSpirit+1"],"picked":"beaked:BounceBack+1","floor":36},{"not_picked":["beaked:FeelMyPain+1","beaked:DigDeep+1","beaked:Windmill+1"],"picked":"SKIP","floor":37},{"not_picked":["beaked:Tweet+1","beaked:Negation+1"],"picked":"beaked:Insight","floor":38},{"not_picked":["expansioncontent:Hexaburn","expansioncontent:PrepareCrush"],"picked":"expansioncontent:Chronoboost","floor":39},{"not_picked":["expansioncontent:PrepareCrush","expansioncontent:YouAreMine"],"picked":"expansioncontent:Chronoboost","floor":39},{"not_picked":["expansioncontent:PrepareCrush","expansioncontent:HyperBeam"],"picked":"expansioncontent:Hexaburn","floor":39},{"not_picked":["beaked:Tradeoff+1","beaked:Tweet+1","beaked:Poke+1"],"picked":"SKIP","floor":40},{"not_picked":["beaked:Tradeoff+1","beaked:SurvivalInstinct+1","beaked:DigDeep"],"picked":"SKIP","floor":43},{"not_picked":["beaked:Roost","beaked:SacrificialAttack"],"picked":"beaked:CursingBlood+1","floor":44},{"not_picked":["beaked:Overexert+1","beaked:RitualOfBody+1"],"picked":"beaked:Brace+1","floor":46},{"not_picked":["beaked:Evade+1","beaked:DigDeep+1"],"picked":"beaked:MaddeningMurmurs+1","floor":49},{"not_picked":["beaked:CursingBlood+1","beaked:SurvivalInstinct+1","beaked:Insight+1"],"picked":"SKIP","floor":49},{"not_picked":["beaked:Overexert+1","beaked:Recite+1","beaked:Sacrifice"],"picked":"SKIP","floor":52},{"not_picked":["beaked:TuckingFeathers+1","beaked:WindBringer+1"],"picked":"beaked:CursingBlood+1","floor":53},{"not_picked":["beaked:Brace+1","beaked:Resilience+1"],"picked":"beaked:DigDeep+1","floor":53}],"player_experience":512040,"relics_obtained":[{"floor":8,"key":"Orichalcum"},{"floor":12,"key":"Toy Ornithopter"},{"floor":16,"key":"Ginger"},{"floor":22,"key":"Ice Cream"},{"floor":24,"key":"TungstenRod"},{"floor":24,"key":"Bag of Marbles"},{"floor":26,"key":"Blood Vial"},{"floor":28,"key":"HornCleat"},{"floor":29,"key":"Art of War"},{"floor":31,"key":"Girya"},{"floor":33,"key":"Bird Faced Urn"},{"floor":40,"key":"Happy Flower"},{"floor":41,"key":"Torii"},{"floor":41,"key":"Lizard Tail"},{"floor":48,"key":"Prayer Wheel"},{"floor":52,"key":"Bronze Scales"}],"event_choices":[{"damage_healed":0,"gold_gain":0,"player_choice":"Success","damage_taken":18,"relics_obtained":["CeramicFish"],"max_hp_gain":0,"max_hp_loss":0,"event_name":"Scrap Ooze","floor":3,"gold_loss":0},{"damage_healed":0,"gold_gain":0,"player_choice":"Fight","damage_taken":0,"max_hp_gain":0,"max_hp_loss":0,"event_name":"Mysterious Sphere","floor":48,"gold_loss":0}],"is_beta":false,"boss_relics":[{"not_picked":["Tiny House","Velvet Choker"],"picked":"Pandora\u0027s Box"},{"not_picked":["Coffee Dripper","Philosopher\u0027s Stone"],"picked":"beaked:SacredDeck"}],"items_purged_floors":[44,53],"is_endless":false,"potions_floor_spawned":[2,6,8,12,20,22,28,29,31,32,33,36,37,38,40,43,44,46,48,49,52],"ascension_level":0}}