{"host":"ygfasg9u7olr7skw","time":1611269284,"event":{"mods":["AchievementEnabler","BaseMod","Better Note","Better Vampires","Colored Powertips","Minty Spire (QoL Compilation)","Replay The Spire","Spicy Shops","StSLib","The IronCluck"],"gold_per_floor":[116,66,81,81,81,81,6,6,6,6,20,20,20,20,35,108,108,108,108],"floor_reached":18,"language":"ENG","playtime":1048,"items_purged":["Strike_B"],"score":123,"play_id":"0b0dbfc9-dbe6-4be1-9b13-827ea65e81a5","local_time":"20210121174804","is_ascension_mode":true,"campfire_choices":[{"data":"Zap","floor":6,"key":"SMITH"},{"data":"Dualcast","floor":8,"key":"SMITH"},{"data":"Seek","floor":10,"key":"SMITH"},{"floor":14,"key":"REST"},{"floor":17,"key":"REST"}],"circlet_count":0,"master_deck":["Strike_B","Strike_B","Defend_B","Defend_B","Defend_B","Defend_B","Zap+1","Dualcast+1","Seek+1","Gash","Machine Learning"],"relics":["Cracked Core","Golden Idol","Mummified Hand","Garlic"],"acts_visited":["Exordium"],"potions_floor_usage":[18,18,18],"damage_taken":[{"damage":6,"enemies":"Cultist","floor":1,"turns":3},{"damage":8,"enemies":"2 Louse","floor":3,"turns":3},{"damage":5,"enemies":"Small Slimes","floor":11,"turns":3},{"damage":2,"enemies":"Looter","floor":15,"turns":3},{"damage":15,"enemies":"Fading Forest","floor":18,"turns":5}],"seed_played":"5776798065453485817","potions_obtained":[{"floor":3,"key":"Dexterity Potion"},{"floor":11,"key":"SteroidPotion"},{"floor":15,"key":"Adrenaline Potion"}],"is_trial":false,"path_per_floor":["M","?","M","?","?","R","$","R","T","R","M","PTL","PTL","R","M","T","R","B"],"character_chosen":"DEFECT","items_purchased":[],"campfire_rested":2,"item_purchase_floors":[],"current_hp_per_floor":[69,69,61,61,43,43,43,43,43,43,38,38,38,60,58,58,75,60,60],"gold":108,"neow_bonus":"ONE_RANDOM_RARE_CARD","is_daily":false,"chose_seed":false,"campfire_upgraded":3,"win_rate":0.0,"timestamp":1611269284,"path_taken":["M","?","M","?","?","R","$","R","T","R","M","PTL","PTL","R","M","?","R","BOSS"],"items_purchased_type":[],"build_version":"2020-12-22","purchased_purges":1,"victory":false,"max_hp_per_floor":[75,75,75,75,75,75,75,75,75,75,75,75,75,75,75,75,75,75,75],"card_choices":[{"not_picked":["Steam","BootSequence","Conserve Battery"],"picked":"SKIP","floor":1},{"not_picked":["Steam","Barrage"],"picked":"Gash","floor":3},{"not_picked":["Panic Button","White Noise"],"picked":"Machine Learning","floor":11},{"not_picked":["Ball Lightning","ReplaySolidLightProjector","Hologram"],"picked":"SKIP","floor":15}],"player_experience":350958,"relics_obtained":[{"floor":9,"key":"Mummified Hand"},{"floor":16,"key":"Garlic"}],"event_choices":[{"cards_removed":["Strike_B"],"damage_healed":0,"gold_gain":0,"player_choice":"Card Removal","damage_taken":0,"max_hp_gain":0,"max_hp_loss":0,"event_name":"The Cleric","floor":2,"gold_loss":50},{"damage_healed":0,"gold_gain":0,"player_choice":"Take Damage","damage_taken":18,"relics_obtained":["Golden Idol"],"max_hp_gain":0,"max_hp_loss":0,"event_name":"Golden Idol","floor":5,"gold_loss":0}],"is_beta":false,"boss_relics":[],"items_purged_floors":[7],"is_endless":false,"potions_floor_spawned":[3,11,15],"killed_by":"Fading Forest","ascension_level":5}}