{"host":"359hz4210ybch7ku","time":1611202194,"event":{"mods":["BaseMod","Block Reminder","Colored Map","Colored Powertips","Highlight Path","Minty Spire (QoL Compilation)","Slay the Relics Exporter","StSLib"],"gold_per_floor":[109,109,109,109,55,55,76,76,76,76,76,109,124,124,124,253,253,277,143,164,188,31,31,31,31,31,31,31],"floor_reached":27,"language":"ENG","playtime":1971,"items_purged":[],"score":269,"play_id":"58ec4bd2-8eaa-4070-84b8-db632f1d548b","local_time":"20210120200954","is_ascension_mode":true,"campfire_choices":[{"data":"Wireheading","floor":6,"key":"SMITH"},{"data":"JustLucky","floor":8,"key":"SMITH"},{"data":"Eruption","floor":10,"key":"SMITH"},{"floor":15,"key":"REST"},{"floor":23,"key":"REST"}],"circlet_count":0,"master_deck":["Strike_P","Strike_P","Strike_P","Strike_P","Defend_P","Defend_P","Defend_P","Eruption+1","Vigilance","Wireheading+1","JustLucky+1","Consecrate","CrushJoints","DeusExMachina","BowlingBash","Panacea","Prostrate","JustLucky","SignatureMove","WaveOfTheHand"],"relics":["SlaversCollar","Orichalcum","Golden Idol","Art of War","Juzu Bracelet","FaceOfCleric","Black Star","Bag of Preparation","Mummified Hand"],"acts_visited":["Exordium","TheCity"],"potions_floor_usage":[16,16,20],"damage_taken":[{"damage":8,"enemies":"Small Slimes","floor":1,"turns":5},{"damage":0,"enemies":"Jaw Worm","floor":7,"turns":3},{"damage":29,"enemies":"Gremlin Nob","floor":12,"turns":3},{"damage":0,"enemies":"Cultist","floor":13,"turns":2},{"damage":29,"enemies":"Hexaghost","floor":16,"turns":11},{"damage":16,"enemies":"Spheric Guardian","floor":18,"turns":4},{"damage":8,"enemies":"3 Byrds","floor":20,"turns":4},{"damage":23,"enemies":"Centurion and Healer","floor":21,"turns":5},{"damage":37,"enemies":"Book of Stabbing","floor":27,"turns":5}],"seed_played":"-7269427491971867979","potions_obtained":[{"floor":12,"key":"DistilledChaos"},{"floor":13,"key":"AttackPotion"},{"floor":18,"key":"AttackPotion"}],"is_trial":false,"path_per_floor":["M","?","?","?","$","R","M","R","T","R","?","E","M","?","R","B",null,"M","$","M","M","$","R","$","?","T","E"],"character_chosen":"WATCHER","items_purchased":["JustLucky","Panacea","Prostrate","Bag of Preparation"],"campfire_rested":2,"item_purchase_floors":[5,19,19,22],"current_hp_per_floor":[57,57,57,57,57,57,57,57,57,57,57,28,28,28,48,20,56,41,41,34,12,12,33,33,33,33,0,0],"gold":31,"neow_bonus":"BOSS_RELIC","is_daily":false,"chose_seed":false,"campfire_upgraded":3,"win_rate":0.0,"timestamp":1611202194,"path_taken":["M","?","?","?","$","R","?","R","T","R","?","E","M","?","R","BOSS","M","$","M","M","$","R","?","?","T","E"],"items_purchased_type":["Card","Card","Card","Relic"],"build_version":"2020-12-22","purchased_purges":0,"victory":false,"max_hp_per_floor":[72,72,67,67,67,67,67,67,67,67,67,67,67,67,67,68,68,69,69,70,71,71,71,71,71,71,71,71],"card_choices":[{"not_picked":["Protect","EmptyFist"],"picked":"Wireheading","floor":1},{"not_picked":["WheelKick","EmptyFist"],"picked":"Consecrate","floor":7},{"not_picked":["Pray","MentalFortress"],"picked":"CrushJoints","floor":12},{"not_picked":["Worship","Perseverance","Halt"],"picked":"SKIP","floor":13},{"not_picked":["Omniscience","Establishment"],"picked":"DeusExMachina","floor":16},{"not_picked":["SashWhip","SandsOfTime+1"],"picked":"BowlingBash","floor":18},{"not_picked":["SignatureMove","Swivel"],"picked":"JustLucky","floor":20},{"not_picked":["Indignation","FollowUp"],"picked":"SignatureMove","floor":21}],"player_experience":242246,"relics_obtained":[{"floor":9,"key":"Art of War"},{"floor":12,"key":"Juzu Bracelet"},{"floor":26,"key":"Mummified Hand"}],"event_choices":[{"damage_healed":0,"gold_gain":0,"player_choice":"Box","damage_taken":0,"relics_obtained":["Orichalcum"],"max_hp_gain":0,"max_hp_loss":0,"event_name":"Big Fish","floor":2,"gold_loss":0,"cards_obtained":["Regret"]},{"damage_healed":0,"gold_gain":0,"player_choice":"Lose Max HP","damage_taken":0,"relics_obtained":["Golden Idol"],"max_hp_gain":0,"max_hp_loss":5,"event_name":"Golden Idol","floor":3,"gold_loss":0},{"cards_removed":["Regret"],"damage_healed":0,"gold_gain":0,"player_choice":"Forget","damage_taken":0,"max_hp_gain":0,"max_hp_loss":0,"event_name":"Living Wall","floor":4,"gold_loss":0},{"cards_removed":["Defend_P"],"damage_healed":0,"gold_gain":0,"player_choice":"Offered Basic","damage_taken":0,"max_hp_gain":0,"max_hp_loss":0,"event_name":"Bonfire Elementals","floor":11,"gold_loss":0},{"damage_healed":0,"gold_gain":0,"player_choice":"Trade","damage_taken":0,"relics_obtained":["FaceOfCleric"],"max_hp_gain":0,"max_hp_loss":0,"event_name":"FaceTrader","floor":14,"gold_loss":0},{"damage_healed":0,"gold_gain":0,"player_choice":"Read","damage_taken":0,"max_hp_gain":0,"max_hp_loss":0,"event_name":"The Library","floor":25,"gold_loss":0,"cards_obtained":["WaveOfTheHand"]}],"is_beta":false,"boss_relics":[{"not_picked":["Calling Bell","VioletLotus"],"picked":"Black Star"}],"items_purged_floors":[],"is_endless":false,"potions_floor_spawned":[12,13,18],"killed_by":"Book of Stabbing","ascension_level":6}}