{"host":"mydft8i2zzydgggw","time":1611226831,"event":{"mods":["AchievementEnabler","BaseMod","BetterRewards","Colored Map","Colored Powertips","DeckTracker","Keyboard Shortcuts","Minty Spire (QoL Compilation)","Rare Cards Sparkle","StSLib","SuperFastMode","everything is the same but u backflip on backflip"],"gold_per_floor":[114,129,141,158,158,158,182,206,233,11,11,11,50,66,66,187,187,212,237,252,9,24,58,79,93,93,93,117,132,132,145,145,266,266,306,109,109,124,149,149,162,200,200,200,220,220,244,265,265,265,265],"floor_reached":50,"language":"KOR","playtime":1747,"items_purged":["Strike_P","Strike_P","Strike_P"],"score":704,"play_id":"d98e0cd3-9867-42c1-a115-20b811a0908d","local_time":"20210121200031","is_ascension_mode":true,"campfire_choices":[{"data":"ForeignInfluence","floor":6.0,"key":"SMITH"},{"data":"Eruption","floor":11.0,"key":"SMITH"},{"data":"MentalFortress","floor":15.0,"key":"SMITH"},{"floor":30.0,"key":"REST"},{"data":"DevaForm","floor":32.0,"key":"SMITH"},{"floor":40.0,"key":"REST"},{"floor":44.0,"key":"REST"},{"floor":49.0,"key":"REST"}],"circlet_count":0,"master_deck":["Strike_P+1","Defend_P","Defend_P","Defend_P","Eruption+1","Vigilance","CutThroughFate","ForeignInfluence+1","FearNoEvil+1","EmptyFist","SashWhip","FlurryOfBlows","MentalFortress+1","EmptyMind","Ragnarok","Study+1","FollowUp","Adaptation","WheelKick","Scrawl","CrushJoints","DevaForm+1","Protect","Wish","EmptyBody+1","Fasting2","Ragnarok","WindmillStrike+1","ReachHeaven+1","MentalFortress"],"relics":["PureWater","TungstenRod","Golden Idol","Centennial Puzzle","Medical Kit","Whetstone","Snecko Eye","Anchor","Pear","Fusion Hammer","The Courier"],"acts_visited":["Exordium","TheCity","TheBeyond"],"potions_floor_usage":[50],"damage_taken":[{"damage":0.0,"enemies":"Cultist","floor":1.0,"turns":2.0},{"damage":0.0,"enemies":"2 Louse","floor":2.0,"turns":2.0},{"damage":6.0,"enemies":"Small Slimes","floor":3.0,"turns":4.0},{"damage":7.0,"enemies":"Blue Slaver","floor":4.0,"turns":4.0},{"damage":0.0,"enemies":"Looter","floor":7.0,"turns":3.0},{"damage":0.0,"enemies":"Red Slaver","floor":8.0,"turns":1.0},{"damage":0.0,"enemies":"3 Sentries","floor":13.0,"turns":3.0},{"damage":0.0,"enemies":"Large Slime","floor":14.0,"turns":2.0},{"damage":13.0,"enemies":"The Guardian","floor":16.0,"turns":6.0},{"damage":0.0,"enemies":"Chosen","floor":18.0,"turns":2.0},{"damage":0.0,"enemies":"Spheric Guardian","floor":19.0,"turns":2.0},{"damage":0.0,"enemies":"Cultist and Chosen","floor":20.0,"turns":4.0},{"damage":0.0,"enemies":"Sentry and Sphere","floor":22.0,"turns":3.0},{"damage":10.0,"enemies":"Gremlin Leader","floor":23.0,"turns":3.0},{"damage":10.0,"enemies":"Snake Plant","floor":24.0,"turns":4.0},{"damage":8.0,"enemies":"Cultist and Chosen","floor":25.0,"turns":3.0},{"damage":11.0,"enemies":"3 Cultists","floor":28.0,"turns":3.0},{"damage":4.0,"enemies":"Snecko","floor":29.0,"turns":3.0},{"damage":0.0,"enemies":"Centurion and Healer","floor":31.0,"turns":3.0},{"damage":41.0,"enemies":"Champ","floor":33.0,"turns":9.0},{"damage":7.0,"enemies":"3 Shapes","floor":35.0,"turns":4.0},{"damage":17.0,"enemies":"3 Darklings","floor":38.0,"turns":4.0},{"damage":0.0,"enemies":"Transient","floor":39.0,"turns":5.0},{"damage":13.0,"enemies":"Spire Growth","floor":41.0,"turns":6.0},{"damage":22.0,"enemies":"Sphere and 2 Shapes","floor":42.0,"turns":4.0},{"damage":0.0,"enemies":"Maw","floor":45.0,"turns":5.0},{"damage":1.0,"enemies":"Jaw Worm Horde","floor":47.0,"turns":2.0},{"damage":8.0,"enemies":"3 Darklings","floor":48.0,"turns":3.0},{"damage":49,"enemies":"Awakened One","floor":50,"turns":5}],"seed_played":"-6848636242189589845","potions_obtained":[{"floor":2.0,"key":"StancePotion"},{"floor":8.0,"key":"SkillPotion"},{"floor":12.0,"key":"Ambrosia"},{"floor":12.0,"key":"GamblersBrew"},{"floor":13.0,"key":"BottledMiracle"},{"floor":16.0,"key":"SpeedPotion"},{"floor":22.0,"key":"Dexterity Potion"},{"floor":24.0,"key":"DistilledChaos"},{"floor":25.0,"key":"FearPotion"},{"floor":28.0,"key":"AttackPotion"},{"floor":31.0,"key":"Explosive Potion"},{"floor":33.0,"key":"Fire Potion"},{"floor":38.0,"key":"SpeedPotion"},{"floor":39.0,"key":"EssenceOfSteel"},{"floor":48.0,"key":"Block Potion"}],"is_trial":false,"path_per_floor":["M","M","M","M","?","R","M","M","T","$","R","?","E","M","R","B",null,"M","M","M","$","M","E","M","M","T","$","M","M","R","M","R","B",null,"M","$","?","M","M","R","M","M","T","R","M","?","M","M","R","B"],"character_chosen":"WATCHER","items_purchased":["Medical Kit","Adaptation","WheelKick","Fasting2"],"campfire_rested":4,"item_purchase_floors":[10,21,21,36],"current_hp_per_floor":[65,65,59,52,52,52,52,52,52,52,52,52,52,52,52,39,55,55,55,55,55,55,45,35,27,37,37,26,22,43,43,43,2,53,46,46,46,29,29,48,35,13,13,32,32,32,31,23,42,0,0],"gold":265,"neow_bonus":"ONE_RARE_RELIC","is_daily":false,"chose_seed":false,"campfire_upgraded":4,"win_rate":0.0,"timestamp":1611226831,"path_taken":["M","M","M","?","?","R","M","M","T","$","R","?","E","M","R","BOSS","M","M","M","?","M","E","M","M","T","$","M","M","R","M","R","BOSS","M","$","?","M","M","R","M","M","T","R","M","?","M","?","R","BOSS"],"items_purchased_type":["Relic","Card","Card","Card"],"build_version":"2020-12-22","purchased_purges":3,"victory":false,"max_hp_per_floor":[65,65,65,65,60,60,60,60,60,60,60,60,60,60,60,60,60,60,60,60,60,60,60,60,60,70,70,70,70,70,70,70,70,70,70,70,66,66,66,66,66,66,66,66,66,66,66,66,66,66,66],"card_choices":[{"not_picked":["PathToVictory","Indignation"],"picked":"CutThroughFate","floor":1.0},{"not_picked":["FlurryOfBlows","Worship"],"picked":"ForeignInfluence","floor":2.0},{"not_picked":["SashWhip","JustLucky"],"picked":"FearNoEvil","floor":3.0},{"not_picked":["Nirvana","ForeignInfluence"],"picked":"EmptyFist","floor":4.0},{"not_picked":["JustLucky","ForeignInfluence"],"picked":"SashWhip","floor":7.0},{"not_picked":["SashWhip","PathToVictory"],"picked":"FlurryOfBlows","floor":8.0},{"not_picked":["Devotion","ClearTheMind"],"picked":"MentalFortress","floor":13.0},{"not_picked":["Pray","TalkToTheHand"],"picked":"EmptyMind","floor":14.0},{"not_picked":["Devotion","DeusExMachina"],"picked":"Ragnarok","floor":16.0},{"not_picked":["Conclude+1","CutThroughFate"],"picked":"Study+1","floor":18.0},{"not_picked":["SashWhip+1","CutThroughFate+1","BowlingBash"],"picked":"SKIP","floor":19.0},{"not_picked":["Meditate","PathToVictory"],"picked":"FollowUp","floor":20.0},{"not_picked":["ThirdEye+1","ClearTheMind"],"picked":"Scrawl","floor":22.0},{"not_picked":["Halt","CrushJoints","BowlingBash"],"picked":"SKIP","floor":23.0},{"not_picked":["SashWhip+1","Consecrate+1","FlyingSleeves"],"picked":"SKIP","floor":24.0},{"not_picked":["Halt","ThirdEye"],"picked":"CrushJoints","floor":25.0},{"not_picked":["FollowUp","ThirdEye"],"picked":"DevaForm","floor":28.0},{"not_picked":["Indignation+1","Worship"],"picked":"Protect","floor":29.0},{"not_picked":["FlyingSleeves","CrushJoints","CutThroughFate+1"],"picked":"SKIP","floor":31.0},{"not_picked":["Scrawl","ConjureBlade"],"picked":"Wish","floor":33.0},{"not_picked":["CrushJoints+1","CarveReality"],"picked":"EmptyBody+1","floor":35.0},{"not_picked":["CutThroughFate+1","FlurryOfBlows+1"],"picked":"Ragnarok","floor":38.0},{"not_picked":["CutThroughFate","WaveOfTheHand+1","LikeWater+1"],"picked":"SKIP","floor":39.0},{"not_picked":["SashWhip","Worship+1"],"picked":"WindmillStrike+1","floor":41.0},{"not_picked":["Evaluate+1","SandsOfTime+1"],"picked":"ReachHeaven+1","floor":42.0},{"not_picked":["Prostrate+1","CutThroughFate","CrushJoints+1"],"picked":"SKIP","floor":45.0},{"not_picked":["Collect+1","BowlingBash+1"],"picked":"MentalFortress","floor":47.0},{"not_picked":["ReachHeaven","BowlingBash","Weave+1"],"picked":"SKIP","floor":48.0}],"player_experience":191375,"relics_obtained":[{"floor":9.0,"key":"Centennial Puzzle"},{"floor":13.0,"key":"Whetstone"},{"floor":23.0,"key":"Anchor"},{"floor":26.0,"key":"Pear"},{"floor":43.0,"key":"The Courier"}],"event_choices":[{"damage_healed":0.0,"max_hp_gain":0.0,"max_hp_loss":5.0,"gold_gain":0.0,"event_name":"Golden Idol","player_choice":"Lose Max HP","floor":5.0,"gold_loss":0.0,"damage_taken":0.0,"relics_obtained":["Golden Idol"]},{"damage_healed":0.0,"max_hp_gain":0.0,"max_hp_loss":0.0,"gold_gain":0.0,"event_name":"Lab","player_choice":"Got Potions","floor":12.0,"gold_loss":0.0,"damage_taken":0.0},{"damage_healed":0.0,"max_hp_gain":0.0,"max_hp_loss":4.0,"gold_gain":0.0,"event_name":"Winding Halls","player_choice":"Max HP","floor":37.0,"gold_loss":0.0,"damage_taken":0.0},{"cards_removed":["Defend_P"],"damage_healed":0.0,"max_hp_gain":0.0,"max_hp_loss":0.0,"gold_gain":0.0,"event_name":"Purifier","player_choice":"Purged","floor":46.0,"gold_loss":0.0,"damage_taken":0.0}],"is_beta":false,"boss_relics":[{"not_picked":["Pandora\u0027s Box","SlaversCollar"],"picked":"Snecko Eye"},{"not_picked":["Velvet Choker","Sozu"],"picked":"Fusion Hammer"}],"items_purged_floors":[10,21,36],"is_endless":false,"potions_floor_spawned":[2,8,13,14,16,22,24,25,28,31,33,38,39,48],"killed_by":"Awakened One","ascension_level":8}}