{"host":"n7qae4nmj9vc7syj","time":1611205030,"event":{"mods":["Act Like it!","BaseMod","Better Third Choice","BetterRewards","Colored Map","Colored Powertips","Custom Start","Googly Eyes","Highlight Path","Minty Spire (QoL Compilation)","Quick Restart","StSLib","SuperFastMode","Transform Curses"],"gold_per_floor":[111,111,122,122,0,33,44,44,44,44,63,63,13,57,57,180,180,196,215,30,48,48,87,101,101,101],"floor_reached":25,"language":"ENG","playtime":803,"items_purged":[],"score":396,"play_id":"519cf03c-6417-4a21-81cb-11bfb84afa86","local_time":"20210121025710","is_ascension_mode":true,"campfire_choices":[{"data":"Juggernaut","floor":10.0,"key":"SMITH"},{"data":"Dual Wield","floor":15.0,"key":"SMITH"}],"circlet_count":0,"master_deck":["Strike_R","Strike_R","Strike_R","Defend_R","Defend_R","Defend_R","Defend_R","Bash","Dual Wield+1","Anger","Machine Learning","Enlightenment","Metallicize","Anger","Ghostly Armor","Ghostly Armor","Juggernaut+1","Clash+1","Dark Embrace+1","Anger","Dual Wield"],"relics":["Burning Blood","NeowsBlessing","Pen Nib","The Courier","Golden Idol","Mummified Hand","Frozen Egg 2","Peace Pipe","Sozu","Blood Vial","Sundial"],"acts_visited":["Exordium","TheCity"],"potions_floor_usage":[21],"damage_taken":[{"damage":0.0,"enemies":"Jaw Worm","floor":1.0,"turns":1.0},{"damage":0.0,"enemies":"Small Slimes","floor":3.0,"turns":1.0},{"damage":0.0,"enemies":"Gremlin Nob","floor":6.0,"turns":2.0},{"damage":8.0,"enemies":"2 Louse","floor":7.0,"turns":4.0},{"damage":12.0,"enemies":"Looter","floor":11.0,"turns":3.0},{"damage":16.0,"enemies":"3 Sentries","floor":14.0,"turns":5.0},{"damage":25.0,"enemies":"Slime Boss","floor":16.0,"turns":7.0},{"damage":43.0,"enemies":"3 Byrds","floor":18.0,"turns":5.0},{"damage":21.0,"enemies":"2 Thieves","floor":19.0,"turns":4.0},{"damage":17,"enemies":"Snake Plant","floor":21,"turns":4},{"damage":25,"enemies":"Book of Stabbing","floor":23,"turns":4},{"damage":26,"enemies":"Snecko","floor":24,"turns":4},{"damage":64,"enemies":"Gremlin Leader","floor":25,"turns":6}],"seed_played":"-7808792552374872774","potions_obtained":[{"floor":1.0,"key":"PowerPotion"},{"floor":16.0,"key":"Dexterity Potion"}],"is_trial":false,"path_per_floor":["M","?","M","?","?","E","M","?","T","R","M","T","?","E","R","B",null,"M","M","$","M","?","E","M","E"],"character_chosen":"IRONCLAD","items_purchased":["Dark Embrace+1","Blood Vial"],"campfire_rested":0,"item_purchase_floors":[20,20],"current_hp_per_floor":[78,78,80,72,78,84,82,61,61,61,55,55,55,45,45,26,71,34,19,19,10,96,77,59,0,0],"gold":101,"neow_bonus":"THREE_ENEMY_KILL","is_daily":false,"chose_seed":false,"campfire_upgraded":2,"win_rate":0.0,"timestamp":1611205030,"path_taken":["M","?","M","?","?","E","M","?","T","R","M","?","?","E","R","BOSS","M","M","$","M","?","E","?","E"],"items_purchased_type":["Card","Relic"],"build_version":"2020-12-22","purchased_purges":0,"victory":false,"max_hp_per_floor":[80,80,80,80,86,86,86,86,86,86,86,86,86,86,86,86,86,86,86,86,86,96,96,96,96,96],"card_choices":[{"not_picked":["Havoc","Shrug It Off"],"picked":"Dual Wield","floor":1.0},{"not_picked":["Sword Boomerang","Flex"],"picked":"Anger","floor":3.0},{"not_picked":["Rampage","Pummel"],"picked":"Metallicize","floor":6.0},{"not_picked":["Burning Pact","Flex"],"picked":"Anger","floor":7.0},{"not_picked":["Cleave","Thunderclap"],"picked":"Ghostly Armor","floor":11.0},{"not_picked":["Headbutt","Wild Strike"],"picked":"Ghostly Armor","floor":14.0},{"not_picked":["Limit Break","Immolate"],"picked":"Juggernaut+1","floor":16.0},{"not_picked":["Clothesline","Wild Strike","Havoc+1"],"picked":"SKIP","floor":18.0},{"not_picked":["Wild Strike+1","Cleave"],"picked":"Clash+1","floor":19.0},{"not_picked":["Sword Boomerang","Headbutt"],"picked":"Anger","floor":21},{"not_picked":["Seeing Red","Bloodletting"],"picked":"Dual Wield","floor":23},{"not_picked":["Cleave","Heavy Blade","Havoc"],"picked":"SKIP","floor":24}],"player_experience":183534,"relics_obtained":[{"floor":6.0,"key":"The Courier"},{"floor":9.0,"key":"Mummified Hand"},{"floor":12.0,"key":"Frozen Egg 2"},{"floor":14.0,"key":"Peace Pipe"},{"floor":23,"key":"Sundial"}],"event_choices":[{"damage_healed":0.0,"max_hp_gain":0.0,"max_hp_loss":0.0,"gold_gain":0.0,"cards_transformed":["Strike_R"],"event_name":"Living Wall","player_choice":"Change","floor":2.0,"gold_loss":0.0,"damage_taken":0.0,"cards_obtained":["Juggernaut"]},{"damage_healed":0.0,"max_hp_gain":0.0,"max_hp_loss":0.0,"gold_gain":0.0,"event_name":"betterThird:BetterSerpent","player_choice":"RENOUNCE","floor":5.0,"gold_loss":122.0,"damage_taken":122.0,"cards_obtained":["Enlightenment"]},{"damage_healed":0.0,"max_hp_gain":0.0,"max_hp_loss":0.0,"gold_gain":0.0,"event_name":"Golden Idol","player_choice":"Take Damage","floor":8.0,"gold_loss":0.0,"damage_taken":21.0,"relics_obtained":["Golden Idol"]},{"cards_removed":["Strike_R"],"damage_healed":0.0,"max_hp_gain":0.0,"max_hp_loss":0.0,"gold_gain":0.0,"event_name":"The Cleric","player_choice":"Card Removal","floor":13.0,"gold_loss":50.0,"damage_taken":0.0},{"cards_removed":["Juggernaut"],"damage_healed":76,"gold_gain":0,"player_choice":"Offered Rare","damage_taken":0,"max_hp_gain":10,"max_hp_loss":0,"event_name":"Bonfire Elementals","floor":22,"gold_loss":0}],"is_beta":false,"boss_relics":[{"not_picked":["Runic Dome","Snecko Eye"],"picked":"Sozu"}],"items_purged_floors":[],"is_endless":false,"potions_floor_spawned":[1,16,19],"killed_by":"Gremlin Leader","ascension_level":9}}