{"host":"m7hmf0kk5ackmwlk","time":1611219960,"event":{"mods":["AchievementEnabler","BaseMod","Downfall","Minty Spire (QoL Compilation)","Shop Mod","StSLib"],"gold_per_floor":[99,119,131,141,216,316,340,360,395,395,413,441,508,558,574,679,679,379,393,543,558,574,152,229,243,255,305,290,308,358,408,422,524,574,574,584,634,654,670,670,693,754,664,714,699,719,739,789,802,802,802,802,802,802],"floor_reached":52,"language":"ENG","playtime":8036,"items_purged":["Pain"],"score":722,"play_id":"93cd2ea6-7649-47d8-aae8-25ae2995cb96","local_time":"20210121143600","is_ascension_mode":false,"campfire_choices":[{"floor":1,"key":"RECALL"},{"floor":10,"key":"REST"},{"data":"Slimebound:RainOfGoop","floor":18,"key":"SMITH"},{"data":"Slimebound:Grow","floor":35,"key":"SMITH"},{"data":"Slimebound:DouseInSlime","floor":40,"key":"SMITH"}],"circlet_count":0,"master_deck":["Slimebound:Strike_Slimebound","Slimebound:Strike_Slimebound","Slimebound:Strike_Slimebound","Slimebound:Tackle","Slimebound:Defend_Slimebound","Slimebound:Defend_Slimebound","Slimebound:Defend_Slimebound","Slimebound:Defend_Slimebound","Slimebound:Split","Slimebound:CorrosiveSpit","Slimebound:Schlurp","Slimebound:TongueLash","Slimebound:SplitLeeching","Slimebound:OozeBath","Slimebound:LeechEnergy","Slimebound:RainOfGoop+1","Slimebound:WasteNot","Slimebound:AcidTongue","Slimebound:LeechEnergy","Slimebound:LivingWall","Slimebound:LeechLife","Slimebound:ItLooksTasty","Slimebound:Gluttony","Slimebound:GrowthPunch","Slimebound:SamplingLick+1","Slimebound:SpikyOuterGoop","Slimebound:LivingWall+1","Slimebound:SpikyOuterGoop","Slimebound:MegaLick","Slimebound:GoopSpray+1","Slimebound:Prepare","Slimebound:DouseInSlime+1","Slimebound:Grow+1"],"relics":["Slimebound:AbsorbEndCombat","downfall:CloakOfManyFaces","CultistMask","FaceOfCleric","NlothsMask","GremlinMask","SsserpentHead","Darkstone Periapt","Eternal Feather","Black Star","downfall:HeartBlessingRed","downfall:HeartBlessingGreen","downfall:HeartBlessingBlue","Prayer Wheel","Mummified Hand","Shuriken","MerchantsRug","HornCleat","Tiny House","WarpedTongs","Dream Catcher","Pantograph"],"acts_visited":["Exordium","TheCity","TheBeyond","TheEnding"],"potions_floor_usage":[16,50,50],"damage_taken":[{"damage":12,"enemies":"Cultist","floor":2,"turns":4},{"damage":7,"enemies":"Jaw Worm","floor":3,"turns":4},{"damage":6,"enemies":"Small Slimes","floor":4,"turns":5},{"damage":27,"enemies":"downfall:FaceTrader","floor":6,"turns":16},{"damage":2,"enemies":"3 Louse","floor":8,"turns":4},{"damage":6,"enemies":"Lagavulin","floor":9,"turns":8},{"damage":8,"enemies":"Red Slaver","floor":11,"turns":3},{"damage":27,"enemies":"3 Sentries","floor":12,"turns":10},{"damage":5,"enemies":"Blue Slaver","floor":13,"turns":4},{"damage":15,"enemies":"3 Louse","floor":15,"turns":4},{"damage":21,"enemies":"DF_ARCHETYPE_STREAMLINE","floor":16,"turns":12},{"damage":31,"enemies":"Chosen","floor":19,"turns":10},{"damage":52,"enemies":"IC_STATUS_ARCHETYPE","floor":20,"turns":9},{"damage":18,"enemies":"Snecko","floor":21,"turns":8},{"damage":76,"enemies":"Chosen and Byrds","floor":22,"turns":11},{"damage":3,"enemies":"downfall:FleeingMerchant","floor":23,"turns":4},{"damage":50,"enemies":"Snake Plant","floor":25,"turns":9},{"damage":10,"enemies":"Centurion and Healer","floor":26,"turns":10},{"damage":0,"enemies":"downfall:FleeingMerchant","floor":28,"turns":4},{"damage":61,"enemies":"Chosen and Byrds","floor":29,"turns":10},{"damage":13,"enemies":"Shelled Parasite and Fungi","floor":32,"turns":7},{"damage":31,"enemies":"WA_ARCHETYPE_CALM","floor":33,"turns":13},{"damage":16,"enemies":"3 Shapes","floor":36,"turns":6},{"damage":22,"enemies":"3 Darklings","floor":38,"turns":8},{"damage":97,"enemies":"Maw","floor":39,"turns":15},{"damage":13,"enemies":"Transient","floor":42,"turns":5},{"damage":7,"enemies":"downfall:FleeingMerchant","floor":43,"turns":4},{"damage":3,"enemies":"downfall:FleeingMerchant","floor":45,"turns":4},{"damage":5,"enemies":"Spire Growth","floor":46,"turns":7},{"damage":48,"enemies":"4 Shapes","floor":47,"turns":15},{"damage":16,"enemies":"Sphere and 2 Shapes","floor":49,"turns":6},{"damage":71,"enemies":"SI_POISON_ARCHETYPE","floor":50,"turns":20},{"damage":196,"enemies":"downfall:CharBossMerchant","floor":52,"turns":11}],"seed_played":"-186871475383831991","potions_obtained":[{"floor":3,"key":"Slimebound:SpawnSlimePotion"},{"floor":8,"key":"Slimebound:SlimedPotion"},{"floor":9,"key":"hexamod:SoulburnPotion"},{"floor":16,"key":"Swift Potion"},{"floor":19,"key":"Ancient Potion"}],"is_trial":false,"path_per_floor":["R","M","M","M","?","?","T","M","E","R","M","E","M","T","M","B",null,"R","M","?","M","M","$","T","M","M","?","$","M","?","?","M","B",null,"R","M","?","M","M","R","T","M","$","T","$","M","M","?","M","B",null,"E"],"character_chosen":"SLIMEBOUND","items_purchased":["Shuriken","MerchantsRug"],"campfire_rested":1,"item_purchase_floors":[23,23],"current_hp_per_floor":[71,64,65,65,65,44,44,49,50,71,68,50,52,52,46,34,78,88,89,51,91,92,93,93,94,93,74,79,102,102,102,96,74,109,109,96,102,117,118,118,118,110,112,112,116,122,123,123,114,125,125,0,0,0],"gold":802,"neow_bonus":"TEN_PERCENT_HP_BONUS","is_daily":false,"chose_seed":false,"campfire_upgraded":3,"win_rate":0.0,"timestamp":1611219960,"path_taken":["R","M","?","M","?","?","T","M","E","R","M","E","?","?","M","BOSS","R","M","?","M","M","$","T","M","M","?","$","M","?","?","M","BOSS","R","M","?","M","M","R","T","?","$","?","$","M","M","?","M","BOSS","E"],"items_purchased_type":["Relic","Relic"],"build_version":"2020-12-22","purchased_purges":1,"victory":false,"max_hp_per_floor":[71,71,71,71,71,71,71,72,73,73,74,75,76,76,77,78,78,88,89,90,91,92,93,93,94,95,100,101,102,102,102,103,104,109,109,110,116,117,118,118,118,119,120,120,121,122,123,123,124,125,125,125,125,125],"card_choices":[{"not_picked":["Slimebound:RollThrough","Slimebound:TongueLash"],"picked":"Slimebound:Schlurp","floor":2},{"not_picked":["Slimebound:LevelUp","Slimebound:SplitLeeching"],"picked":"Slimebound:TongueLash","floor":3},{"not_picked":["Slimebound:SlimeTap","Slimebound:RejuvenatingLick"],"picked":"Slimebound:SplitLeeching","floor":4},{"not_picked":["Slimebound:Prepare","Slimebound:LeechEnergy"],"picked":"Slimebound:OozeBath","floor":6},{"not_picked":["Slimebound:ComboTackle","Slimebound:RainOfGoop"],"picked":"Slimebound:LeechEnergy","floor":8},{"not_picked":["Slimebound:ComboTackle","Slimebound:SplitBruiser"],"picked":"Slimebound:RainOfGoop","floor":9},{"not_picked":["Slimebound:RainOfGoop","Slimebound:Grow"],"picked":"Slimebound:WasteNot","floor":11},{"not_picked":["Slimebound:DuplicatedForm","Slimebound:LeechEnergy"],"picked":"Slimebound:AcidTongue","floor":12},{"not_picked":["Slimebound:TongueLash","Slimebound:FlameTackle"],"picked":"Slimebound:LeechEnergy","floor":13},{"not_picked":["Slimebound:RollThrough","Slimebound:GoopTackle"],"picked":"Slimebound:LivingWall","floor":15},{"not_picked":["Slimebound:FirmFortitude","Slimebound:SlimeSlap"],"picked":"Slimebound:LeechLife","floor":16},{"not_picked":["Slimebound:LivingWall","Slimebound:PressTheAttack"],"picked":"Slimebound:ItLooksTasty","floor":19},{"not_picked":["Slimebound:Dissolve","Slimebound:LivingWall"],"picked":"Slimebound:Gluttony","floor":21},{"not_picked":["Slimebound:SplitMire","Slimebound:OneTwoCombo"],"picked":"Slimebound:GrowthPunch","floor":21},{"not_picked":["Slimebound:LeechingTouch+1","Slimebound:ViciousTackle"],"picked":"Slimebound:SamplingLick","floor":22},{"not_picked":["Slimebound:FinishingTackle","Slimebound:AcidTongue"],"picked":"Slimebound:SpikyOuterGoop","floor":22},{"not_picked":["Slimebound:GrowthPunch","Slimebound:FlameTackle"],"picked":"Slimebound:LivingWall","floor":23},{"not_picked":["Slimebound:SplitBruiser","Slimebound:ItLooksTasty"],"picked":"Slimebound:SpikyOuterGoop","floor":25},{"not_picked":["Slimebound:SplitLeeching","Slimebound:Prepare","Slimebound:ViciousTackle"],"picked":"SKIP","floor":25},{"not_picked":["Slimebound:Teamwork","Slimebound:FinishingTackle"],"picked":"Slimebound:MegaLick","floor":26},{"not_picked":["Slimebound:RollThrough","Slimebound:LeechEnergy+1","Slimebound:SlimeBrawl"],"picked":"SKIP","floor":26},{"not_picked":["Slimebound:LeechEnergy","Slimebound:GrowthPunch","Slimebound:ForwardTackle"],"picked":"SKIP","floor":28},{"not_picked":["Slimebound:LivingWall","Slimebound:GoopTackle"],"picked":"Slimebound:GoopSpray+1","floor":29},{"not_picked":["Slimebound:Repurpose","Slimebound:ComboTackle"],"picked":"Slimebound:Prepare","floor":29},{"not_picked":["Slimebound:Replication","Slimebound:SelfFormingGoo","Slimebound:ForwardTackle+1"],"picked":"SKIP","floor":32},{"not_picked":["Slimebound:BestDefense+1","Slimebound:SplitAcid","Slimebound:LeechEnergy"],"picked":"SKIP","floor":32},{"not_picked":["Slimebound:RallyTheTroops","Slimebound:Teamwork"],"picked":"Slimebound:DouseInSlime","floor":33},{"not_picked":["Slimebound:Chomp","Slimebound:Schlurp"],"picked":"Slimebound:Grow","floor":34},{"not_picked":["Slimebound:LevelUp","Slimebound:TongueLash+1","Slimebound:Schlurp"],"picked":"SKIP","floor":36},{"not_picked":["Slimebound:Grow+1","Slimebound:FinishingTackle","Slimebound:Prepare"],"picked":"SKIP","floor":36},{"not_picked":["Slimebound:RainOfGoop","Slimebound:LevelUp+1","Slimebound:RollThrough+1"],"picked":"SKIP","floor":38},{"not_picked":["Slimebound:RainOfGoop","Slimebound:FinishingTackle+1","Slimebound:PressTheAttack+1"],"picked":"SKIP","floor":38},{"not_picked":["Slimebound:LeechingTouch","Slimebound:DouseInSlime","Slimebound:ItLooksTasty"],"picked":"SKIP","floor":39},{"not_picked":["Slimebound:SlimeSpikes+1","Slimebound:BestDefense+1","Slimebound:Schlurp"],"picked":"SKIP","floor":39},{"not_picked":["Slimebound:AcidTongue+1","Slimebound:LivingWall","Slimebound:SplitAcid+1"],"picked":"SKIP","floor":42},{"not_picked":["Slimebound:ItLooksTasty","Slimebound:GoopTackle","Slimebound:LevelUp+1"],"picked":"SKIP","floor":42},{"not_picked":["Slimebound:TongueLash","Slimebound:Equalize+1","Slimebound:GoopSpray+1"],"picked":"SKIP","floor":43},{"not_picked":["Slimebound:SplitMire+1","Slimebound:LeechingTouch+1","Slimebound:PressTheAttack+1"],"picked":"SKIP","floor":45},{"not_picked":["Slimebound:RejuvenatingLick","Slimebound:PressTheAttack","Slimebound:FlameTackle+1"],"picked":"SKIP","floor":46},{"not_picked":["Slimebound:HauntingLick+1","Slimebound:SplitBruiser+1","Slimebound:Prepare+1"],"picked":"SKIP","floor":46},{"not_picked":["Slimebound:ItLooksTasty+1","Slimebound:FinishingTackle","Slimebound:BestDefense+1"],"picked":"SKIP","floor":47},{"not_picked":["Slimebound:FinishingTackle+1","Slimebound:GoopTackle","Slimebound:ForwardTackle+1"],"picked":"SKIP","floor":47},{"not_picked":["Slimebound:MassRepurpose","Slimebound:Chomp","Slimebound:ProtectTheBoss"],"picked":"SKIP","floor":49},{"not_picked":["Slimebound:SlimeSpikes","Slimebound:LeadByExample","Slimebound:Dissolve"],"picked":"SKIP","floor":49}],"player_experience":25534,"relics_obtained":[{"floor":6,"key":"downfall:CloakOfManyFaces"},{"floor":9,"key":"Darkstone Periapt"},{"floor":12,"key":"Eternal Feather"},{"floor":20,"key":"Prayer Wheel"},{"floor":20,"key":"Mummified Hand"},{"floor":24,"key":"HornCleat"},{"floor":41,"key":"Dream Catcher"},{"floor":44,"key":"Pantograph"}],"event_choices":[{"damage_healed":0,"gold_gain":0,"player_choice":"Rummage","damage_taken":0,"relics_obtained":["WarpedTongs"],"max_hp_gain":0,"max_hp_loss":0,"event_name":"Accursed Blacksmith","floor":37,"gold_loss":0,"cards_obtained":["Pain"]},{"damage_healed":0,"gold_gain":0,"player_choice":"Ignored","damage_taken":0,"max_hp_gain":0,"max_hp_loss":0,"event_name":"Mysterious Sphere","floor":48,"gold_loss":0}],"is_beta":false,"boss_relics":[{"not_picked":["Velvet Choker","Philosopher\u0027s Stone"],"picked":"Black Star"},{"not_picked":["Runic Dome","Runic Pyramid"],"picked":"Tiny House"}],"items_purged_floors":[43],"is_endless":false,"potions_floor_spawned":[3,4,8,9,11,16,19,20,22,32,33,36,46,47],"killed_by":"downfall:CharBossMerchant","ascension_level":0}}