{"host":"3y33rrrkia6pkpow","time":1611208743,"event":{"mods":["2.2 Compatiblity","AchievementEnabler","Act Like it!","BaseMod","BetterRewards","Colored Map","Colored Powertips","DeckTracker","Faster Ascension Climbing","Gensokyo","Highlight Path","Infinite Spire","Minty Spire (QoL Compilation)","Quick Restart","Replay The Spire","Shop Mod","Spicy Shops","StSLib","Synergy Search","The Animator","The Blue Laboratory","Unknown Chances"],"gold_per_floor":[119,0,66,66,141,141,167,167,167,167,207,223,223,253,253,354,354,372,390,159,159,12,12,24,24,50,50,64,93,93,123,123,223,223,265,297,297,331,331,383,383,383,383],"floor_reached":42,"language":"ENG","playtime":4502,"items_purged":["Writhe"],"score":942,"play_id":"e76ab856-3994-494e-86ea-2846cceb3480","local_time":"20210120235903","is_ascension_mode":true,"campfire_choices":[{"data":"animator:DolaSchwi","floor":1.0,"key":"SMITH"},{"data":"animator:YachiyoNanami","floor":6.0,"key":"SMITH"},{"data":"animator:Emilia","floor":6.0,"key":"SMITH"},{"data":"animator:DolaSchwi","floor":7.0,"key":"SMITH"},{"data":"animator:Midou","floor":11.0,"key":"SMITH"},{"data":"animator:DolaCouronne","floor":12.0,"key":"SMITH"},{"data":"infinitespire:Starlight","floor":15.0,"key":"SMITH"},{"data":"animator:TanyaDegurechaff","floor":15.0,"key":"SMITH"},{"data":"animator:Strike_NoGameNoLife","floor":16.0,"key":"SMITH"},{"data":"animator:Kanaria","floor":23.0,"key":"SMITH"},{"data":"animator:Darkness","floor":23.0,"key":"SMITH"},{"data":"animator:Defend_NoGameNoLife","floor":24.0,"key":"SMITH"},{"data":"animator:OrigamiTobiichi","floor":25.0,"key":"SMITH"},{"data":"animator:OrigamiTobiichi","floor":25.0,"key":"SMITH"},{"data":"animator:Eve","floor":30.0,"key":"SMITH"},{"data":"animator:Aisha","floor":30.0,"key":"SMITH"},{"floor":32.0,"key":"REST"},{"floor":41.0,"key":"REST"}],"circlet_count":0,"master_deck":["AscendersBane","animator:Strike_NoGameNoLife+1","animator:Defend_NoGameNoLife+1","animator:DolaSchwi+1","animator:DolaCouronne+1","animator:OrigamiTobiichi+1","animator:OrigamiTobiichi+1","animator:DolaSchwi+1","animator:Rorona+1","animator:TanyaDegurechaff+1","animator:Emilia+1","animator:Aisha+1","animator:Rena+1","animator:YachiyoNanami+1","animator:Midou+1","infinitespire:Starlight+1","animator:Darkness+1","animator:DolaSchwi+1","animator:Kanaria+1","animator:Ain+1","animator:Eve+1","animator:Midou+1","animator:OrigamiTobiichi","animator:Wiz","animator:Jibril+1","animator:Darkness+1"],"relics":["animator:LivingPicture","animator:TheMissingPiece","animator:PurgingStone","Replay:Wax Seal","Replay:Arrowhead","Juzu Bracelet","ReplayTheSpireMod:ShopPack","Replay:WaspNest","animator:BattleDrones","Molten Egg 2","Replay:Accelerometer","Kintsugi","Lee\u0027s Waffle","DataDisk","War Paint","Omamori","Dead Branch","infinitespire:EvilPickle","infinitespire:Cupcake","Strange Spoon","Art of War"],"acts_visited":["Exordium","TheCity","TheBeyond"],"potions_floor_usage":[],"damage_taken":[{"damage":6.0,"enemies":"Cultist","floor":1.0,"turns":5.0},{"damage":20.0,"enemies":"Gremlin Nob","floor":7.0,"turns":5.0},{"damage":21.0,"enemies":"3 Sentries","floor":11.0,"turns":6.0},{"damage":12.0,"enemies":"Jaw Worm","floor":12.0,"turns":3.0},{"damage":7.0,"enemies":"Replay:BlueRogue","floor":14.0,"turns":7.0},{"damage":24.0,"enemies":"Hexaghost","floor":16.0,"turns":7.0},{"damage":19.0,"enemies":"3 Byrds","floor":18.0,"turns":5.0},{"damage":20.0,"enemies":"Spheric Guardian","floor":19.0,"turns":4.0},{"damage":15.0,"enemies":"Centurion and Healer","floor":24.0,"turns":6.0},{"damage":13.0,"enemies":"Shelled Parasite and Fungi","floor":28.0,"turns":5.0},{"damage":29.0,"enemies":"Slavers","floor":29.0,"turns":5.0},{"damage":35.0,"enemies":"animator:HornedBat","floor":31.0,"turns":6.0},{"damage":68.0,"enemies":"Pondfish","floor":33.0,"turns":7.0},{"damage":17.0,"enemies":"3 Shapes","floor":35.0,"turns":4.0},{"damage":10.0,"enemies":"Orb Walker","floor":36.0,"turns":3.0},{"damage":59.0,"enemies":"Spire Growth","floor":38.0,"turns":6.0},{"damage":13.0,"enemies":"R_Hoarder","floor":40.0,"turns":7.0},{"damage":40,"enemies":"Reptomancer","floor":42,"turns":2}],"seed_played":"1260250278486720915","potions_obtained":[{"floor":1.0,"key":"DuplicationPotion"},{"floor":7.0,"key":"DistilledChaos"},{"floor":16.0,"key":"Dexterity Potion"},{"floor":18.0,"key":"Elixir"},{"floor":29.0,"key":"blueLaboratory:NullPotion"},{"floor":38.0,"key":"blueLaboratory:BottledHope"},{"floor":40.0,"key":"SteroidPotion"}],"is_trial":false,"path_per_floor":["M","$","?","?","?","R","E","?","T","?","E","M","?","E","R","B",null,"M","M","$","?","$","R","M","R","T","?","M","E","R","E","R","B",null,"M","M","AVR","M","?","E","R","E"],"character_chosen":"THE_ANIMATOR","items_purchased":["animator:OrigamiTobiichi","Replay:Wax Seal","Replay:Arrowhead","Juzu Bracelet","ReplayTheSpireMod:ShopPack","animator:DolaSchwi","animator:Rorona","animator:Rena","animator:YachiyoNanami","Lee\u0027s Waffle","DataDisk"],"campfire_rested":2,"item_purchase_floors":[0,0,0,0,0,0,0,2,2,20,22],"current_hp_per_floor":[53,53,53,53,42,42,22,66,66,49,38,36,36,39,39,30,57,53,46,73,73,73,73,73,73,73,73,73,59,59,39,60,8,58,56,61,61,15,15,17,39,0,0],"gold":383,"neow_bonus":"","is_daily":false,"chose_seed":true,"campfire_upgraded":16,"win_rate":0.0,"timestamp":1611208743,"path_taken":["M","$","?","?","?","R","E","?","T","?","E","M","?","E","R","BOSS","M","M","$","?","$","R","M","R","T","?","M","E","R","E","R","BOSS","M","M","AVR","M","?","E","R","E"],"items_purchased_type":["Card","Relic","Relic","Relic","Relic","Card","Card","Card","Card","Relic","Relic"],"build_version":"2020-12-22","purchased_purges":1,"victory":false,"max_hp_per_floor":[66,66,66,66,66,66,66,66,66,66,66,66,66,66,66,66,66,66,66,73,73,73,73,73,73,73,73,73,73,73,73,73,74,74,74,74,74,74,74,74,74,74,74],"card_choices":[{"not_picked":["animator:TakanashiRikka","animator:Lelouch"],"picked":"animator:TanyaDegurechaff","floor":0.0},{"not_picked":["animator:MisaKurobane","animator:Zero"],"picked":"animator:Emilia","floor":0.0},{"not_picked":["animator:ZankiKiguchi","animator:YoshinoHimekawa"],"picked":"animator:Aisha","floor":1.0},{"not_picked":["animator:Shiro","animator:ShizuruNakatsu"],"picked":"animator:Midou","floor":7.0},{"not_picked":["infinitespire:Execution","ReplayTheSpireMod:??????????????????????"],"picked":"infinitespire:Starlight","floor":10.0},{"not_picked":["animator:Shigure+1","animator:Yoichi"],"picked":"animator:Darkness","floor":11.0},{"not_picked":["animator:Jibril+1","animator:DolaCouronne"],"picked":"animator:DolaSchwi+1","floor":12.0},{"not_picked":["animator:ZankiKiguchi+1","animator:YoshinoHaruhiko+1","animator:HiiragiShinya"],"picked":"SKIP","floor":14.0},{"not_picked":["animator:HigakiRinne","animator:KotoriKanbe"],"picked":"animator:Kanaria","floor":16.0},{"not_picked":["animator:ZankiKiguchi+1","animator:DolaCouronne","animator:Vanir+1"],"picked":"SKIP","floor":18.0},{"not_picked":["animator:DolaCouronne","animator:TomoeKashiwaba+1","animator:Verdia"],"picked":"SKIP","floor":19.0},{"not_picked":["animator:Aisha+1","animator:Lu+1"],"picked":"animator:Ain+1","floor":24.0},{"not_picked":["animator:ZankiKiguchi+1","animator:MamiTomoe+1"],"picked":"animator:Eve","floor":28.0},{"not_picked":["animator:Suigintou+1","animator:YoshinoHimekawa+1"],"picked":"animator:Midou+1","floor":29.0},{"not_picked":["animator:YuiTsuruno+1","animator:YunYun+1"],"picked":"animator:OrigamiTobiichi","floor":31.0},{"not_picked":["animator:Enju","animator:Eve"],"picked":"animator:Wiz","floor":33.0},{"not_picked":["animator:Tet","animator:DolaRiku"],"picked":"animator:Jibril+1","floor":35.0},{"not_picked":["animator:Hinaichigo+1","animator:YoshinoHimekawa+1","animator:Yuuichirou+1"],"picked":"SKIP","floor":36.0},{"not_picked":["animator:Elsword+1","animator:HigakiRinne","animator:Shinoa+1"],"picked":"SKIP","floor":38.0},{"not_picked":["animator:Mitsuba+1","animator:MukuroHoshimiya+1"],"picked":"animator:Darkness+1","floor":40.0}],"player_experience":881474,"relics_obtained":[{"floor":7.0,"key":"Replay:WaspNest"},{"floor":9.0,"key":"animator:BattleDrones"},{"floor":11.0,"key":"Molten Egg 2"},{"floor":14.0,"key":"Replay:Accelerometer"},{"floor":26.0,"key":"War Paint"},{"floor":29.0,"key":"Omamori"},{"floor":31.0,"key":"Dead Branch"},{"floor":40.0,"key":"Art of War"}],"event_choices":[{"damage_healed":0.0,"max_hp_gain":0.0,"max_hp_loss":0.0,"gold_gain":66.0,"event_name":"Golden Wing","player_choice":"Gained Gold","floor":3.0,"gold_loss":0.0,"damage_taken":0.0},{"damage_healed":0.0,"max_hp_gain":0.0,"max_hp_loss":0.0,"gold_gain":75.0,"event_name":"World of Goop","player_choice":"Gather Gold","floor":5.0,"gold_loss":0.0,"damage_taken":11.0},{"damage_healed":44.0,"max_hp_gain":0.0,"max_hp_loss":0.0,"gold_gain":0.0,"event_name":"Wheel of Change","player_choice":"Full Heal","floor":8.0,"gold_loss":0.0,"damage_taken":0.0},{"damage_healed":0.0,"max_hp_gain":0.0,"max_hp_loss":0.0,"gold_gain":0.0,"cards_transformed":["animator:Defend"],"event_name":"Transmorgrifier","player_choice":"Transformed","floor":13.0,"gold_loss":0.0,"damage_taken":0.0,"cards_obtained":["animator:CrowleyEusford"]},{"cards_removed":["Writhe"],"damage_healed":0.0,"max_hp_gain":0.0,"max_hp_loss":0.0,"gold_gain":0.0,"event_name":"The Cursed Forest","player_choice":"Removed","floor":21.0,"gold_loss":0.0,"damage_taken":0.0},{"cards_removed":["animator:Defend"],"damage_healed":0.0,"max_hp_gain":0.0,"max_hp_loss":0.0,"gold_gain":0.0,"event_name":"Wheel of Change","player_choice":"Card Removal","floor":27.0,"gold_loss":0.0,"damage_taken":0.0},{"damage_healed":0.0,"max_hp_gain":0.0,"max_hp_loss":0.0,"gold_gain":0.0,"event_name":"Tomb of Lord Red Mask","player_choice":"Ignored","floor":39.0,"gold_loss":0.0,"damage_taken":0.0}],"is_beta":false,"boss_relics":[{"not_picked":["animator:HolyGrailRelic","Busted Crown"],"picked":"Kintsugi"},{"not_picked":["Fusion Hammer","SacredBark"],"picked":"infinitespire:Cupcake"}],"items_purged_floors":[20],"is_endless":false,"potions_floor_spawned":[1,7,16,18,29,38,40],"killed_by":"Reptomancer","ascension_level":10}}