{"host":"vrsxkkch9ccrec7k","time":1611215390,"event":{"mods":["Act Like it!","BaseMod","Bestiary","Better Altar","Better Match","Better Note","Better Sensory Stone","Better Skull","Better Third Choice","Better Vampires","Downfall","Minty Spire (QoL Compilation)","Permanent Neow","Relic Stats","Spicy Shops","StSLib"],"gold_per_floor":[111,111,126,106,106,141,477,512,512,536,561,581,581,581,581,702,702,722,722,98,148,148,160,172,200,238,175,187,242,254,302,314,457,469,505,530,542,887,28,28,28,55,55,66,66,31,41,41,41,41],"floor_reached":51,"language":"ENG","playtime":2315,"items_purged":["bronze:Invalidate"],"score":1453,"play_id":"156881c9-b965-4409-b8b2-66dc1cde66c7","local_time":"20210121024950","daily_mods":["SealedDeck","Red Cards","Flight","Cursed Run","Elite Swarm","downfall:WorldOfGoo"],"is_ascension_mode":true,"campfire_choices":[{"floor":13,"key":"REST"},{"data":"bronze:Repair","floor":15,"key":"SMITH"},{"floor":23,"key":"REST"},{"floor":24,"key":"DIG"},{"floor":32,"key":"DIG"},{"floor":40,"key":"DIG"},{"floor":49,"key":"DIG"}],"circlet_count":0,"master_deck":["AscendersBane","bronze:CloningBeam","bronze:Frontload","bronze:DelayedGuard","bronze:CutThrough","Iron Wave","bronze:Frontload+1","Shockwave","Reckless Charge","Injury","bronze:Overheat","Fiend Fire","bronze:ShipIt","bronze:Mutator","Clumsy","bronze:Repair+1","Cleave+1","Doubt","Parasite","Exhume","Evolve+1","Parasite","Flash of Steel+1","Doubt","downfall:Haunted","bronze:BronzeOrb+1","Blind+1","Writhe","Impervious","downfall:Aged","bronze:BurnOut+1","Armaments+1","Sadistic Nature","Evolve+1","Reaper+1","Regret","bronze:Iterate+1","True Grit","bronze:Allocate+1","Injury"],"relics":["Cursed Key","Darkstone Periapt","Du-Vu Doll","betterThird:SlimedRelic","Ornamental Fan","Old Coin","Sundial","Molten Egg 2","Letter Opener","Fusion Hammer","Slimebound:StickyStick","Shovel","Sling","Potion Belt","MawBank","Guardian:GemstoneGun","Pen Nib","Vajra","hexamod:CandleOfCauterizing","champ:DeflectingBracers","Lantern","bronze:ElectromagneticCoil","Calipers","White Beast Statue","DollysMirror","StrikeDummy","Centennial Puzzle","Oddly Smooth Stone","bronze:BottledCode","bronze:CableSpool"],"acts_visited":["Exordium","TheCity","TheBeyond"],"potions_floor_usage":[11,11,11,11,50,50,50],"damage_taken":[{"damage":0,"enemies":"Cultist","floor":1,"turns":3},{"damage":0,"enemies":"Jaw Worm","floor":3,"turns":2},{"damage":6,"enemies":"Gremlin Nob","floor":6,"turns":3},{"damage":12,"enemies":"3 Sentries","floor":7,"turns":7},{"damage":19,"enemies":"Lagavulin","floor":8,"turns":7},{"damage":3,"enemies":"Small Slimes","floor":10,"turns":3},{"damage":6,"enemies":"Red Slaver","floor":11,"turns":1},{"damage":0,"enemies":"2 Fungi Beasts","floor":12,"turns":2},{"damage":5,"enemies":"The Guardian","floor":16,"turns":10},{"damage":8,"enemies":"2 Thieves","floor":18,"turns":2},{"damage":0,"enemies":"Shell Parasite","floor":25,"turns":4},{"damage":0,"enemies":"Slavers","floor":29,"turns":3},{"damage":0,"enemies":"Gremlin Leader","floor":31,"turns":3},{"damage":31,"enemies":"Automaton","floor":33,"turns":7},{"damage":4,"enemies":"3 Shapes","floor":35,"turns":3},{"damage":0,"enemies":"Orb Walker","floor":36,"turns":1},{"damage":0,"enemies":"Giant Head","floor":42,"turns":5},{"damage":0,"enemies":"4 Shapes","floor":44,"turns":2},{"damage":10,"enemies":"Transient","floor":47,"turns":5},{"damage":57,"enemies":"Awakened One","floor":50,"turns":8}],"seed_played":"-2401750306409111412","potions_obtained":[{"floor":1,"key":"LiquidBronze"},{"floor":6,"key":"EntropicBrew"},{"floor":11,"key":"Dexterity Potion"},{"floor":16,"key":"Ancient Potion"},{"floor":18,"key":"Weak Potion"},{"floor":19,"key":"LiquidBronze"},{"floor":33,"key":"Explosive Potion"},{"floor":35,"key":"DuplicationPotion"},{"floor":44,"key":"Ancient Potion"}],"is_trial":true,"path_per_floor":["M","?","M","?","$","E","E","E","T","M","M","M","R","T","R","B",null,"M","?","$","T","?","R","R","M","T","?","?","E","?","E","R","B",null,"M","M","?","?","$","R","?","E","T","M","?","$","M","?","R","B",null],"character_chosen":"THE_AUTOMATON","items_purchased":["Slimebound:StickyStick","Shovel","Sling","Flash of Steel+1","Sadistic Nature","Calipers","White Beast Statue","DollysMirror","True Grit"],"campfire_rested":2,"item_purchase_floors":[20,20,20,20,39,39,39,39,46],"current_hp_per_floor":[63,69,69,58,58,52,40,21,27,24,18,25,49,55,55,76,90,82,82,88,94,39,70,70,80,86,86,92,92,92,102,102,87,115,121,121,121,121,121,121,121,124,130,130,120,120,114,114,114,86],"gold":41,"neow_bonus":"","is_daily":false,"chose_seed":false,"campfire_upgraded":1,"win_rate":0.0,"timestamp":1611215390,"path_taken":["M","?","M","?","?","E","E","E","T","?","?","M","R","?","R","BOSS","M","?","$","?","?","R","R","?","T","?","?","E","?","E","R","BOSS","M","M","?","?","$","R","?","E","T","?","?","?","?","?","R","BOSS"],"items_purchased_type":["Relic","Relic","Relic","Card","Card","Relic","Relic","Relic","Card"],"build_version":"2020-12-22","purchased_purges":1,"victory":true,"max_hp_per_floor":[70,76,76,76,76,76,76,76,82,82,82,82,82,88,88,94,94,94,94,100,106,106,106,106,106,112,112,118,118,118,118,118,124,124,124,124,124,124,124,124,124,124,130,130,120,120,120,120,120,126],"relic_stats":{"Darkstone Periapt":66,"Centennial Puzzle":[6],"Shovel":4,"counters":[20,81],"Ornamental Fan":[68],"Sundial":[4],"Pen Nib":[7],"Letter Opener":[62],"Cursed Key":5,"MawBank":204,"obtain_stats":[{"Darkstone Periapt":0,"Lantern":32,"bronze:ElectromagneticCoil":34,"Calipers":39,"Vajra":28,"Cursed Key":0,"Sling":20,"Old Coin":7,"bronze:CableSpool":49,"Centennial Puzzle":42,"Shovel":20,"Sundial":8,"Slimebound:StickyStick":20,"DollysMirror":39,"Fusion Hammer":17,"Potion Belt":21,"hexamod:CandleOfCauterizing":29,"Golden Idol":2,"Guardian:GemstoneGun":24,"Oddly Smooth Stone":43,"Pen Nib":26,"champ:DeflectingBracers":31,"Letter Opener":14,"MawBank":22,"White Beast Statue":39,"Du-Vu Doll":0,"bronze:BottledCode":45,"Ornamental Fan":6,"betterThird:SlimedRelic":4,"Molten Egg 2":9,"StrikeDummy":40},{"Darkstone Periapt":0,"Lantern":13,"bronze:ElectromagneticCoil":14,"Calipers":16,"Vajra":11,"Cursed Key":0,"Sling":10,"Old Coin":4,"bronze:CableSpool":19,"Centennial Puzzle":17,"Shovel":10,"Sundial":5,"Slimebound:StickyStick":10,"DollysMirror":16,"Fusion Hammer":9,"Potion Belt":10,"hexamod:CandleOfCauterizing":12,"Golden Idol":1,"Guardian:GemstoneGun":10,"Oddly Smooth Stone":17,"Pen Nib":11,"champ:DeflectingBracers":13,"Letter Opener":8,"MawBank":10,"White Beast Statue":16,"Du-Vu Doll":0,"bronze:BottledCode":18,"Ornamental Fan":3,"betterThird:SlimedRelic":2,"Molten Egg 2":5,"StrikeDummy":16},{"Darkstone Periapt":0,"Lantern":50,"bronze:ElectromagneticCoil":57,"Calipers":61,"Vajra":44,"Cursed Key":0,"Sling":40,"Old Coin":15,"bronze:CableSpool":73,"Centennial Puzzle":66,"Shovel":40,"Sundial":22,"Slimebound:StickyStick":40,"DollysMirror":61,"Fusion Hammer":38,"Potion Belt":40,"hexamod:CandleOfCauterizing":47,"Golden Idol":3,"Guardian:GemstoneGun":40,"Oddly Smooth Stone":66,"Pen Nib":44,"champ:DeflectingBracers":50,"Letter Opener":28,"MawBank":40,"White Beast Statue":61,"Du-Vu Doll":0,"bronze:BottledCode":68,"Ornamental Fan":8,"betterThird:SlimedRelic":5,"Molten Egg 2":22,"StrikeDummy":61}]},"card_choices":[{"not_picked":["Rage","Twin Strike","Thunderclap"],"picked":"SKIP","floor":1},{"not_picked":["bronze:Optimize","Clothesline"],"picked":"bronze:Overheat","floor":3},{"not_picked":["Exhume","bronze:Verify"],"picked":"Fiend Fire","floor":6},{"not_picked":["bronze:AlphaBuild","bronze:ThunderWave"],"picked":"bronze:ShipIt","floor":7},{"not_picked":["bronze:Format","Juggernaut"],"picked":"bronze:Mutator","floor":8},{"not_picked":["Heavy Blade+1","bronze:Frontload","Entrench"],"picked":"SKIP","floor":10},{"not_picked":["Inflame","Iron Wave+1"],"picked":"bronze:Repair","floor":11},{"not_picked":["bronze:BitShift","Clash+1"],"picked":"Cleave+1","floor":12},{"not_picked":["Impervious","bronze:InfiniteLoop+1"],"picked":"Exhume","floor":16},{"not_picked":["True Grit","bronze:ForceShield"],"picked":"Evolve","floor":18},{"not_picked":["bronze:Shield+1","Heavy Blade+1","bronze:BuggyMess+1"],"picked":"SKIP","floor":25},{"not_picked":["Rage+1","Blood for Blood+1"],"picked":"bronze:BronzeOrb+1","floor":27},{"not_picked":["Trip+1","Discovery+1"],"picked":"Blind+1","floor":27},{"not_picked":["Limit Break","Feed+1","bronze:Library"],"picked":"SKIP","floor":29},{"not_picked":["bronze:RecursiveStrike+1","bronze:HardenedForm"],"picked":"Impervious","floor":31},{"not_picked":["Exhume","Reaper+1"],"picked":"bronze:BurnOut+1","floor":33},{"not_picked":["Headbutt+1","bronze:CloningBeam+1","Thunderclap+1"],"picked":"SKIP","floor":35},{"not_picked":["bronze:Refactor","Twin Strike+1"],"picked":"Armaments+1","floor":36},{"not_picked":["Offering","bronze:ThunderWave+1"],"picked":"Reaper+1","floor":42},{"not_picked":["bronze:Deprecate","Perfected Strike+1"],"picked":"bronze:Iterate+1","floor":44},{"not_picked":["bronze:Backtrace+1","Searing Blow+1"],"picked":"bronze:Allocate+1","floor":47}],"player_experience":1669238,"relics_obtained":[{"floor":6,"key":"Ornamental Fan"},{"floor":7,"key":"Old Coin"},{"floor":8,"key":"Sundial"},{"floor":9,"key":"Molten Egg 2"},{"floor":14,"key":"Letter Opener"},{"floor":21,"key":"Potion Belt"},{"floor":24,"key":"Guardian:GemstoneGun"},{"floor":26,"key":"Pen Nib"},{"floor":29,"key":"hexamod:CandleOfCauterizing"},{"floor":31,"key":"champ:DeflectingBracers"},{"floor":32,"key":"Lantern"},{"floor":40,"key":"StrikeDummy"},{"floor":42,"key":"Centennial Puzzle"},{"floor":43,"key":"Oddly Smooth Stone"},{"floor":49,"key":"bronze:CableSpool"}],"event_choices":[{"damage_healed":0,"gold_gain":0,"player_choice":"Take Wound","damage_taken":0,"relics_obtained":["Golden Idol"],"max_hp_gain":0,"max_hp_loss":0,"event_name":"Golden Idol","floor":2,"gold_loss":0,"cards_obtained":["Injury"]},{"damage_healed":0,"gold_gain":0,"player_choice":"Slimed","damage_taken":11,"max_hp_gain":0,"max_hp_loss":0,"event_name":"betterThird:BetterGoop","floor":4,"gold_loss":20},{"damage_healed":0,"gold_gain":0,"player_choice":"Got Potions","damage_taken":0,"max_hp_gain":0,"max_hp_loss":0,"event_name":"Lab","floor":19,"gold_loss":0},{"damage_healed":0,"gold_gain":0,"player_choice":"UP RE UP ","damage_taken":61,"relics_obtained":["MawBank"],"max_hp_gain":0,"max_hp_loss":0,"event_name":"betterSkull:BetterSkull","floor":22,"gold_loss":0,"cards_upgraded":["bronze:Frontload","Evolve"]},{"damage_healed":0,"gold_gain":0,"player_choice":"2","damage_taken":0,"max_hp_gain":0,"max_hp_loss":0,"event_name":"betterMatch:BetterMatch","floor":27,"gold_loss":0,"cards_obtained":["betterMatch:UncommonCard","betterMatch:ColorlessUncommonCard"]},{"damage_healed":0,"gold_gain":0,"player_choice":"Opened","damage_taken":0,"relics_obtained":["Vajra"],"max_hp_gain":0,"max_hp_loss":0,"event_name":"The Mausoleum","floor":28,"gold_loss":0,"cards_obtained":["Writhe"]},{"damage_healed":0,"gold_gain":0,"player_choice":"Became a vampire","damage_taken":0,"max_hp_gain":0,"max_hp_loss":0,"event_name":"Vampires","floor":30,"gold_loss":0,"cards_obtained":[]},{"damage_healed":0,"gold_gain":3,"player_choice":"4","damage_taken":0,"max_hp_gain":0,"max_hp_loss":0,"event_name":"betterStone:BetterStone","floor":37,"gold_loss":0,"cards_obtained":["bronze:Strike"]},{"damage_healed":0,"gold_gain":333,"player_choice":"Gave Idol","damage_taken":0,"max_hp_gain":0,"max_hp_loss":0,"event_name":"The Moai Head","floor":38,"relics_lost":["Golden Idol"],"gold_loss":0},{"cards_removed":["bronze:Strike"],"damage_healed":0,"gold_gain":0,"player_choice":"Offered Basic","damage_taken":0,"max_hp_gain":0,"max_hp_loss":0,"event_name":"Bonfire Elementals","floor":41,"gold_loss":0},{"cards_removed":["bronze:OilSpill"],"damage_healed":0,"gold_gain":0,"player_choice":"Removed Attack","damage_taken":0,"max_hp_gain":0,"max_hp_loss":0,"event_name":"Falling","floor":48,"gold_loss":0}],"is_beta":false,"boss_relics":[{"not_picked":["SacredBark","Velvet Choker"],"picked":"Fusion Hammer"},{"not_picked":["Empty Cage","Coffee Dripper"],"picked":"bronze:ElectromagneticCoil"}],"items_purged_floors":[20],"is_endless":false,"potions_floor_spawned":[1,6,11,16,18,33,35,42,44,47],"ascension_level":10}}