{"host":"oz9vhs3xbxflhe72","time":1611237946,"event":{"mods":["Act Like it!","BaseMod","Bestiary","Block Reminder","Colored Powertips","DeckTracker","Friendly Minions","Key Reminder","Minty Spire (QoL Compilation)","Quick Restart","StSLib","Unceasing Turn Reminder","everything is the same but u backflip on backflip","ojb\u0027s Info Mod"],"gold_per_floor":[111,111,128,128,142,142,152,181,208,226,237,10,41,41,41,140,140,156,170,270,284,284,296,321,321,401,401,401],"floor_reached":27,"language":"ENG","playtime":2216,"items_purged":["Pain"],"score":245,"play_id":"2a0fa873-ad0e-4915-8cd7-511b49df01bf","local_time":"20210121100546","is_ascension_mode":false,"campfire_choices":[{"data":"Terror","floor":6.0,"key":"SMITH"},{"floor":15.0,"key":"REST"},{"floor":25,"key":"DIG"}],"circlet_count":0,"master_deck":["Strike_G","Strike_G","Strike_G","Strike_G","Strike_G","Defend_G","Defend_G","Defend_G","Defend_G","Defend_G","Survivor","Neutralize","Backflip","Terror+1","Bouncing Flask","Bouncing Flask","Burst","Poisoned Stab","Night Terror","Noxious Fumes","Backflip","Deadly Poison"],"relics":["Velvet Choker","WarpedTongs","Vajra","Toy Ornithopter","Nunchaku","Snecko Eye","Shovel","Boot","Pantograph"],"acts_visited":["Exordium","TheCity"],"potions_floor_usage":[24,24,24],"damage_taken":[{"damage":0.0,"enemies":"2 Louse","floor":1.0,"turns":3.0},{"damage":1.0,"enemies":"Cultist","floor":3.0,"turns":4.0},{"damage":7.0,"enemies":"Jaw Worm","floor":5.0,"turns":5.0},{"damage":8.0,"enemies":"Lots of Slimes","floor":7.0,"turns":7.0},{"damage":14.0,"enemies":"3 Sentries","floor":8.0,"turns":9.0},{"damage":4.0,"enemies":"3 Louse","floor":10.0,"turns":4.0},{"damage":10.0,"enemies":"Exordium Wildlife","floor":11.0,"turns":6.0},{"damage":3.0,"enemies":"Lagavulin","floor":13.0,"turns":4.0},{"damage":38.0,"enemies":"Slime Boss","floor":16.0,"turns":15.0},{"damage":2.0,"enemies":"Shell Parasite","floor":18.0,"turns":5.0},{"damage":0.0,"enemies":"Spheric Guardian","floor":19.0,"turns":3.0},{"damage":3,"enemies":"Cultist and Chosen","floor":21,"turns":4},{"damage":37,"enemies":"Shelled Parasite and Fungi","floor":23,"turns":5},{"damage":13,"enemies":"Book of Stabbing","floor":24,"turns":5},{"damage":44,"enemies":"Slavers","floor":27,"turns":2}],"seed_played":"1116455900353542679","potions_obtained":[{"floor":7.0,"key":"FearPotion"},{"floor":10.0,"key":"SpeedPotion"},{"floor":13.0,"key":"Dexterity Potion"},{"floor":16.0,"key":"Energy Potion"},{"floor":19.0,"key":"ColorlessPotion"},{"floor":21,"key":"DistilledChaos"},{"floor":24,"key":"SteroidPotion"}],"is_trial":false,"path_per_floor":["M","?","M","?","M","R","M","E","T","M","M","$","E","?","R","B",null,"M","M","?","M","?","M","E","R","T","E"],"character_chosen":"THE_SILENT","items_purchased":["Burst"],"campfire_rested":1,"item_purchase_floors":[12],"current_hp_per_floor":[70,70,69,69,62,62,54,40,40,36,26,26,28,33,55,22,75,75,75,75,72,72,35,37,37,37,0,0],"gold":401,"neow_bonus":"BOSS_RELIC","is_daily":false,"chose_seed":false,"campfire_upgraded":1,"win_rate":0.0,"timestamp":1611237946,"path_taken":["M","?","?","?","?","R","M","E","T","M","M","$","E","?","R","BOSS","M","M","?","?","?","M","E","R","T","E"],"items_purchased_type":["Card"],"build_version":"2020-12-22","purchased_purges":1,"victory":false,"max_hp_per_floor":[70,70,70,70,70,70,70,70,70,70,70,70,70,75,75,75,75,75,75,75,75,75,75,75,75,75,75,75],"card_choices":[{"not_picked":["PiercingWail","All Out Attack"],"picked":"Backflip","floor":1.0},{"not_picked":["Escape Plan","Heel Hook","Accuracy"],"picked":"SKIP","floor":3.0},{"not_picked":["Cloak And Dagger","Escape Plan","Deflect"],"picked":"SKIP","floor":5.0},{"not_picked":["Prepared","Deflect"],"picked":"Bouncing Flask","floor":7.0},{"not_picked":["Expertise","Cloak And Dagger","Distraction"],"picked":"SKIP","floor":8.0},{"not_picked":["Deflect","Endless Agony","Expertise"],"picked":"SKIP","floor":10.0},{"not_picked":["Prepared","Deadly Poison"],"picked":"Bouncing Flask","floor":11.0},{"not_picked":["Phantasmal Killer","Dagger Spray"],"picked":"Poisoned Stab","floor":13.0},{"not_picked":["Die Die Die","After Image"],"picked":"Night Terror","floor":16.0},{"not_picked":["Acrobatics","Expertise+1","Underhanded Strike"],"picked":"SKIP","floor":18.0},{"not_picked":["Prepared","Dodge and Roll+1"],"picked":"Noxious Fumes","floor":19.0},{"not_picked":["All Out Attack","PiercingWail"],"picked":"Backflip","floor":21},{"not_picked":["Infinite Blades","Bane","Backflip"],"picked":"SKIP","floor":23},{"not_picked":["Dash","Masterful Stab"],"picked":"Deadly Poison","floor":24}],"player_experience":123604,"relics_obtained":[{"floor":8.0,"key":"Vajra"},{"floor":9.0,"key":"Toy Ornithopter"},{"floor":13.0,"key":"Nunchaku"},{"floor":24,"key":"Shovel"},{"floor":25,"key":"Boot"},{"floor":26,"key":"Pantograph"}],"event_choices":[{"damage_healed":0.0,"max_hp_gain":0.0,"max_hp_loss":0.0,"gold_gain":0.0,"event_name":"Match and Keep!","player_choice":"1 cards matched","floor":2.0,"gold_loss":0.0,"damage_taken":0.0,"cards_obtained":["Terror"]},{"damage_healed":0.0,"max_hp_gain":0.0,"max_hp_loss":0.0,"gold_gain":0.0,"event_name":"Accursed Blacksmith","player_choice":"Rummage","floor":4.0,"gold_loss":0.0,"damage_taken":0.0,"relics_obtained":["WarpedTongs"],"cards_obtained":["Pain"]},{"damage_healed":0.0,"max_hp_gain":5.0,"max_hp_loss":0.0,"gold_gain":0.0,"event_name":"Big Fish","player_choice":"Donut","floor":14.0,"gold_loss":0.0,"damage_taken":0.0},{"damage_healed":0.0,"max_hp_gain":0.0,"max_hp_loss":0.0,"gold_gain":100.0,"event_name":"Golden Shrine","player_choice":"Pray","floor":20.0,"gold_loss":0.0,"damage_taken":0.0},{"damage_healed":0,"gold_gain":0,"player_choice":"Ignored","damage_taken":0,"max_hp_gain":0,"max_hp_loss":0,"event_name":"Ghosts","floor":22,"gold_loss":0}],"is_beta":false,"boss_relics":[{"not_picked":["Sozu","Calling Bell"],"picked":"Snecko Eye"}],"items_purged_floors":[12],"is_endless":false,"potions_floor_spawned":[7,10,13,16,19,21,24],"killed_by":"Slavers","ascension_level":0}}