{"host":"c3lc60y5x60jlt1y","time":1611253820,"event":{"mods":["AchievementEnabler","BaseMod","Bestiary","Colored Map","Minty Spire (QoL Compilation)","Quick Restart","StSLib","ojb\u0027s Info Mod"],"gold_per_floor":[110,124,22,22,97,97,131,131,131,147,180,53,68,97,97,175,175,193,20,20,26,43,71,71,71,71],"floor_reached":25,"language":"ENG","playtime":4181,"items_purged":["Defend_B","Strike_B"],"score":462,"play_id":"cfc8e1df-25ce-49d6-a4ac-399334e8318a","local_time":"20210121203020","is_ascension_mode":true,"campfire_choices":[{"data":"Buffer","floor":6.0,"key":"SMITH"},{"data":"Echo Form","floor":8.0,"key":"SMITH"},{"floor":15,"key":"REST"},{"floor":24,"key":"REST"}],"circlet_count":0,"master_deck":["AscendersBane","Strike_B","Strike_B","Defend_B","Defend_B","Defend_B","Zap","Dualcast","Undo","Gash","FTL","Leap","Buffer+1","Echo Form+1","Self Repair","Streamline","Ball Lightning","Biased Cognition","Hyperbeam","Hello World","Glacier","Loop","Coolheaded+1"],"relics":["Cracked Core","NeowsBlessing","Blue Candle","Gremlin Horn","Gambling Chip","Cables","Nuclear Battery","Smiling Mask"],"acts_visited":["Exordium","TheCity"],"potions_floor_usage":[23],"damage_taken":[{"damage":0.0,"enemies":"Cultist","floor":1.0,"turns":1.0},{"damage":0.0,"enemies":"Small Slimes","floor":2.0,"turns":1.0},{"damage":0.0,"enemies":"Lagavulin","floor":7.0,"turns":1.0},{"damage":7.0,"enemies":"Jaw Worm","floor":10.0,"turns":4.0},{"damage":33.0,"enemies":"Gremlin Nob","floor":11.0,"turns":6.0},{"damage":0.0,"enemies":"Large Slime","floor":13.0,"turns":5.0},{"damage":15,"enemies":"3 Sentries","floor":14,"turns":7},{"damage":13,"enemies":"The Guardian","floor":16,"turns":10},{"damage":8,"enemies":"Chosen","floor":18,"turns":5},{"damage":0,"enemies":"2 Thieves","floor":21,"turns":4},{"damage":14,"enemies":"Shelled Parasite and Fungi","floor":22,"turns":7},{"damage":56,"enemies":"Book of Stabbing","floor":23,"turns":7},{"damage":24,"enemies":"Snake Plant","floor":25,"turns":2}],"seed_played":"465345265113865422","potions_obtained":[{"floor":1.0,"key":"Ancient Potion"},{"floor":10.0,"key":"DistilledChaos"},{"floor":16,"key":"EssenceOfSteel"},{"floor":18,"key":"CultistPotion"},{"floor":22,"key":"FocusPotion"}],"is_trial":false,"path_per_floor":["M","M","$","?","?","R","E","R","T","M","E","$","M","E","R","B",null,"M","$","?","M","M","E","R","M"],"character_chosen":"DEFECT","items_purchased":["FTL","Leap","Ball Lightning","Glacier"],"campfire_rested":2,"item_purchase_floors":[3,3,12,19],"current_hp_per_floor":[64,64,64,64,53,53,53,53,53,46,13,13,20,12,33,27,60,59,59,59,66,59,3,24,0,0],"gold":71,"neow_bonus":"THREE_ENEMY_KILL","is_daily":false,"chose_seed":false,"campfire_upgraded":2,"win_rate":0.0,"timestamp":1611253820,"path_taken":["M","?","$","?","?","R","E","R","T","M","E","?","M","E","R","BOSS","M","$","?","M","M","E","R","M"],"items_purchased_type":["Card","Card","Card","Card"],"build_version":"2020-12-22","purchased_purges":2,"victory":false,"max_hp_per_floor":[71,71,71,71,71,71,71,71,71,71,71,71,71,71,71,71,71,71,71,71,71,71,71,71,71,71],"card_choices":[{"not_picked":["Steam","Ball Lightning"],"picked":"Undo","floor":1.0},{"not_picked":["Aggregate","Blizzard"],"picked":"Gash","floor":2.0},{"not_picked":["Double Energy","Streamline"],"picked":"Echo Form","floor":7.0},{"not_picked":["Steam Power","Cold Snap"],"picked":"Self Repair","floor":10.0},{"not_picked":["Storm","Hologram"],"picked":"Streamline","floor":11.0},{"not_picked":["Rebound","Cold Snap","Redo"],"picked":"SKIP","floor":13.0},{"not_picked":["Streamline","Barrage"],"picked":"Biased Cognition","floor":14},{"not_picked":["All For One","Meteor Strike"],"picked":"Hyperbeam","floor":16},{"not_picked":["Gash","Sweeping Beam"],"picked":"Hello World","floor":18},{"not_picked":["Turbo","Steam","Darkness"],"picked":"SKIP","floor":21},{"not_picked":["Redo","Conserve Battery"],"picked":"Coolheaded+1","floor":22},{"not_picked":["Steam Power","Sweeping Beam","Steam"],"picked":"SKIP","floor":23}],"player_experience":8282014,"relics_obtained":[{"floor":7.0,"key":"Blue Candle"},{"floor":9.0,"key":"Gremlin Horn"},{"floor":11.0,"key":"Gambling Chip"},{"floor":14,"key":"Cables"},{"floor":23,"key":"Smiling Mask"}],"event_choices":[{"damage_healed":0.0,"max_hp_gain":0.0,"max_hp_loss":0.0,"gold_gain":0.0,"cards_transformed":["Strike_B"],"event_name":"Living Wall","player_choice":"Change","floor":4.0,"gold_loss":0.0,"damage_taken":0.0,"cards_obtained":["Buffer"]},{"damage_healed":0.0,"max_hp_gain":0.0,"max_hp_loss":0.0,"gold_gain":75.0,"event_name":"World of Goop","player_choice":"Gather Gold","floor":5.0,"gold_loss":0.0,"damage_taken":11.0},{"damage_healed":0,"gold_gain":0,"player_choice":"Read","damage_taken":0,"max_hp_gain":0,"max_hp_loss":0,"event_name":"The Library","floor":20,"gold_loss":0,"cards_obtained":["Loop"]}],"is_beta":false,"boss_relics":[{"not_picked":["FrozenCore","Busted Crown"],"picked":"Nuclear Battery"}],"items_purged_floors":[12,19],"is_endless":false,"potions_floor_spawned":[1,10,11,16,18,22],"killed_by":"Snake Plant","ascension_level":15}}