{"host":"uv231blk40vjdojr","time":1611268696,"event":{"mods":["AchievementEnabler","BaseMod","Bestiary","Minty Spire (QoL Compilation)","Relic Stats"],"gold_per_floor":[117,117,117,136,160,160,193,193,239,283,102,121,46,46,46,142,142,165,145,60,60,60],"floor_reached":21,"language":"ENG","playtime":877,"items_purged":["Strike_B"],"score":374,"play_id":"dcb2e2b9-a904-4c75-98ee-634117457a46","local_time":"20210121233816","is_ascension_mode":true,"campfire_choices":[{"data":"Ball Lightning","floor":6.0,"key":"SMITH"},{"data":"Compile Driver","floor":8.0,"key":"SMITH"},{"floor":15,"key":"REST"}],"circlet_count":0,"master_deck":["AscendersBane","Strike_B","Strike_B","Defend_B","Defend_B","Defend_B","Defend_B","Zap","Dualcast","Cold Snap+1","Sweeping Beam","Ball Lightning+1","Compile Driver+1","Leap","Capacitor","Coolheaded","Biased Cognition","Multi-Cast","CurseOfTheBell","Recycle"],"relics":["Cracked Core","Incense Burner","Golden Idol","Oddly Smooth Stone","Toy Ornithopter","Mango","Art of War","Calling Bell","Boot","Meat on the Bone","Unceasing Top","Mummified Hand"],"acts_visited":["Exordium","TheCity"],"potions_floor_usage":[16],"damage_taken":[{"damage":6.0,"enemies":"2 Louse","floor":1.0,"turns":3.0},{"damage":5.0,"enemies":"Jaw Worm","floor":4.0,"turns":4.0},{"damage":0.0,"enemies":"Cultist","floor":5.0,"turns":3.0},{"damage":26.0,"enemies":"Gremlin Nob","floor":7.0,"turns":4.0},{"damage":10,"enemies":"3 Sentries","floor":10,"turns":4},{"damage":1,"enemies":"Looter","floor":12,"turns":3},{"damage":22,"enemies":"Hexaghost","floor":16,"turns":12},{"damage":16,"enemies":"3 Byrds","floor":18,"turns":6},{"damage":26,"enemies":"2 Thieves","floor":19,"turns":4},{"damage":40,"enemies":"3 Cultists","floor":21,"turns":4}],"seed_played":"-5500644309043134728","potions_obtained":[{"floor":1.0,"key":"Swift Potion"},{"floor":4.0,"key":"Regen Potion"},{"floor":10,"key":"Fruit Juice"},{"floor":18,"key":"LiquidMemories"}],"is_trial":false,"path_per_floor":["M","?","?","M","M","R","E","R","T","E","$","M","?","?","R","B",null,"M","M","?","M"],"character_chosen":"DEFECT","items_purchased":["Capacitor","Coolheaded"],"campfire_rested":1,"item_purchase_floors":[11,11],"current_hp_per_floor":[58,58,58,53,53,53,32,32,32,36,36,35,35,9,30,18,62,46,32,32,0,0],"gold":60,"neow_bonus":"ONE_RARE_RELIC","is_daily":false,"chose_seed":false,"campfire_upgraded":2,"win_rate":0.0,"timestamp":1611268696,"path_taken":["M","?","?","M","M","R","E","R","T","E","$","M","?","?","R","BOSS","M","M","?","M"],"items_purchased_type":["Card","Card"],"build_version":"2020-12-22","purchased_purges":1,"victory":false,"max_hp_per_floor":[64,64,58,58,58,58,58,58,58,72,72,72,72,72,72,77,77,77,77,77,77,77],"relic_stats":{"counters":[10,47],"Golden Idol":57,"Mummified Hand":[1],"Art of War":[4],"Boot":[11],"obtain_stats":[{"Calling Bell":17,"Golden Idol":3,"Mummified Hand":20,"Oddly Smooth Stone":7,"Mango":10,"Incense Burner":0,"Art of War":14,"Cracked Core":0,"Boot":17,"Toy Ornithopter":9,"Unceasing Top":17,"Meat on the Bone":17},{"Calling Bell":7,"Golden Idol":1,"Mummified Hand":9,"Oddly Smooth Stone":4,"Mango":5,"Incense Burner":0,"Art of War":6,"Cracked Core":0,"Boot":7,"Toy Ornithopter":4,"Unceasing Top":7,"Meat on the Bone":7},{"Calling Bell":33,"Golden Idol":3,"Mummified Hand":43,"Oddly Smooth Stone":14,"Mango":18,"Incense Burner":0,"Art of War":21,"Cracked Core":0,"Boot":33,"Toy Ornithopter":14,"Unceasing Top":33,"Meat on the Bone":33}],"Toy Ornithopter":5,"Unceasing Top":[0],"Meat on the Bone":12},"card_choices":[{"not_picked":["Genetic Algorithm","Streamline"],"picked":"Cold Snap","floor":1.0},{"not_picked":["Beam Cell","Compile Driver"],"picked":"Sweeping Beam","floor":4.0},{"not_picked":["Conserve Battery","Melter"],"picked":"Ball Lightning","floor":5.0},{"not_picked":["Undo","Redo"],"picked":"Compile Driver","floor":7.0},{"not_picked":["Undo","Ball Lightning"],"picked":"Leap","floor":10},{"not_picked":["Storm","Sweeping Beam"],"picked":"Biased Cognition","floor":12},{"not_picked":["Fission","Meteor Strike"],"picked":"Multi-Cast","floor":16},{"not_picked":["Turbo","Stack"],"picked":"Recycle","floor":18},{"not_picked":["Scrape+1","Steam","Blizzard"],"picked":"SKIP","floor":19}],"player_experience":713950,"relics_obtained":[{"floor":7.0,"key":"Oddly Smooth Stone"},{"floor":9.0,"key":"Toy Ornithopter"},{"floor":10,"key":"Mango"},{"floor":17,"key":"Boot"},{"floor":17,"key":"Meat on the Bone"},{"floor":17,"key":"Unceasing Top"}],"event_choices":[{"damage_healed":0.0,"max_hp_gain":0.0,"max_hp_loss":0.0,"gold_gain":0.0,"event_name":"Living Wall","player_choice":"Grow","floor":2.0,"gold_loss":0.0,"damage_taken":0.0,"cards_upgraded":["Cold Snap"]},{"damage_healed":0.0,"max_hp_gain":0.0,"max_hp_loss":6.0,"gold_gain":0.0,"event_name":"Golden Idol","player_choice":"Lose Max HP","floor":3.0,"gold_loss":0.0,"damage_taken":0.0,"relics_obtained":["Golden Idol"]},{"cards_removed":["Strike_B"],"damage_healed":0,"gold_gain":0,"player_choice":"Card Removal","damage_taken":0,"max_hp_gain":0,"max_hp_loss":0,"event_name":"The Cleric","floor":13,"gold_loss":75},{"damage_healed":0,"gold_gain":0,"player_choice":"Success","damage_taken":26,"relics_obtained":["Art of War"],"max_hp_gain":0,"max_hp_loss":0,"event_name":"Scrap Ooze","floor":14,"gold_loss":0},{"damage_healed":0,"gold_gain":0,"player_choice":"Obtained Relic","damage_taken":0,"relics_obtained":["Mummified Hand"],"max_hp_gain":0,"max_hp_loss":0,"event_name":"Addict","floor":20,"gold_loss":85}],"is_beta":false,"boss_relics":[{"not_picked":["Black Star","Astrolabe"],"picked":"Calling Bell"}],"items_purged_floors":[11],"is_endless":false,"potions_floor_spawned":[1,4,10,18],"killed_by":"3 Cultists","ascension_level":20}}