{"host":"pletss163z7s8pvv","time":1611209215,"event":{"mods":["AchievementEnabler","BaseMod","Better Altar","CapriCore","Colored Map","Colored Powertips","Conspire","Energized Spire","GifTheSpireLib","Hermit","Ironclad Rager","Minty Spire (QoL Compilation)","Spicy Shops","StS++","StSLib"],"gold_per_floor":[114,14,14,14,14,14,67,146,171,235,235,70,70,174,174,416,416,440,469,19,120,120,120,140,140,165,202,230,15,78,106,106,269,341,386,27,55,0,9,19,19],"floor_reached":40,"language":"ENG","playtime":1415,"items_purged":[],"score":521,"play_id":"9e7a91ed-a8f9-4829-9089-cbf497742d9f","local_time":"20210121000655","daily_mods":["Chimera","Hoarder","Binary"],"is_ascension_mode":false,"campfire_choices":[{"data":"Eruption","floor":6,"key":"SMITH"},{"floor":11,"key":"REST"},{"floor":15,"key":"REST"},{"floor":23,"key":"REST"},{"floor":25,"key":"REST"},{"floor":32,"key":"REST"}],"circlet_count":0,"master_deck":["Bash","Survivor","Zap","Eruption+1","Strike_R","Strike_G","Strike_B","Defend_R","Defend_G","Defend_P","Ghostly Armor","Ghostly Armor","conspire:SpireCoStock","conspire:SpireCoStock","conspire:SpireCoStock","conspire:SpireCoStock","conspire:SpireCoStock","conspire:SpireCoStock","Heavy Blade","Heavy Blade","Heavy Blade","StSpp:Sprint","StSpp:Sprint","StSpp:Sprint","Thunderclap","Thunderclap","Thunderclap","Cleave","Cleave","Cleave","Flex+1","Flex","Flex","Immolate","Immolate","Immolate","Clothesline","Clothesline","Clothesline","Infernal Blade","Infernal Blade","Infernal Blade","Perfected Strike","Perfected Strike","Perfected Strike","Iron Wave","Iron Wave","Iron Wave","StSpp:MindBarrier","StSpp:MindBarrier","StSpp:MindBarrier","Thunderclap","Thunderclap+1","Thunderclap","Dropkick","Dropkick","Dropkick","Reaper","Reaper","Reaper","Clash","Clash","Clash","Anger","Anger+1","Anger","ICR:PowerAttack","ICR:PowerAttack","ICR:PowerAttack","Armaments","Armaments","Armaments","Panacea","Panacea","Panacea"],"relics":["Burning Blood","CeramicFish","Vajra","Golden Idol","Nunchaku","energizedSpire:NeverEndingSparkler","Membership Card","Shovel","CaptainsWheel","StSpp:TwinEgg","Blood Vial","Lee\u0027s Waffle","conspire:BottledYoYo","Tiny House","Omamori","Matryoshka","Whetstone","conspire:TreasureMap","Red Mask"],"acts_visited":["Exordium","TheCity","TheBeyond"],"potions_floor_usage":[16,33,40],"damage_taken":[{"damage":14,"enemies":"2 Louse","floor":1,"turns":3},{"damage":14,"enemies":"conspire:RoseBush","floor":7,"turns":6},{"damage":10,"enemies":"Small Slimes","floor":8,"turns":5},{"damage":58,"enemies":"Gremlin Nob","floor":10,"turns":5},{"damage":28,"enemies":"3 Sentries","floor":14,"turns":5},{"damage":29,"enemies":"Slime Boss","floor":16,"turns":9},{"damage":59,"enemies":"3 Byrds","floor":18,"turns":4},{"damage":24,"enemies":"Shell Parasite","floor":19,"turns":6},{"damage":41,"enemies":"conspire:HollyBat","floor":21,"turns":11},{"damage":30,"enemies":"Snecko","floor":24,"turns":7},{"damage":15,"enemies":"Chosen and Byrds","floor":27,"turns":4},{"damage":2,"enemies":"Sentry and Sphere","floor":28,"turns":3},{"damage":30,"enemies":"Centurion and Healer","floor":30,"turns":7},{"damage":0,"enemies":"Snake Plant","floor":31,"turns":2},{"damage":59,"enemies":"conspire:MysteriousRune","floor":33,"turns":9},{"damage":23,"enemies":"Orb Walker","floor":35,"turns":3},{"damage":16,"enemies":"3 Darklings","floor":37,"turns":2},{"damage":173,"enemies":"Reptomancer","floor":40,"turns":7}],"seed_played":"811174962971598332","potions_obtained":[{"floor":1,"key":"AttackPotion"},{"floor":7,"key":"ElixirPotion"},{"floor":14,"key":"FairyPotion"},{"floor":18,"key":"Explosive Potion"},{"floor":19,"key":"LiquidBronze"},{"floor":21,"key":"Block Potion"},{"floor":31,"key":"StSpp:SecondWindPotion"},{"floor":34,"key":"Strength Potion"},{"floor":35,"key":"SkillPotion"}],"is_trial":false,"path_per_floor":["M","?","?","$","?","R","M","M","T","E","R","$","?","E","R","B",null,"M","M","$","M","?","R","M","R","T","M","M","$","M","M","R","B",null,"M","$","M","?","?","E"],"character_chosen":"IRONCLAD","items_purchased":["FairyPotion","Cleave","Membership Card","Shovel","CaptainsWheel","Lee\u0027s Waffle","conspire:BottledYoYo","Iron Wave","StSpp:MindBarrier","Omamori","Matryoshka","Whetstone","conspire:TreasureMap","ICR:PowerAttack"],"campfire_rested":5,"item_purchase_floors":[12,12,20,20,20,29,29,29,29,36,36,36,36,36],"current_hp_per_floor":[72,72,77,77,77,77,69,65,65,13,38,38,38,16,39,16,79,26,8,8,9,9,32,8,31,31,24,30,86,62,70,86,33,91,80,80,72,72,72,0,0],"gold":19,"neow_bonus":"","is_daily":true,"chose_seed":false,"campfire_upgraded":1,"win_rate":0.0,"timestamp":1611209215,"path_taken":["M","?","?","$","?","R","M","M","T","E","R","$","?","E","R","BOSS","M","M","$","M","?","R","M","R","T","?","M","$","M","M","R","BOSS","M","$","M","?","?","E"],"items_purchased_type":["Potion","Card","Relic","Relic","Relic","Relic","Relic","Card","Card","Relic","Relic","Relic","Relic","Card"],"build_version":"2020-12-22","purchased_purges":0,"victory":false,"max_hp_per_floor":[80,80,85,85,85,85,85,85,85,85,85,85,79,79,79,79,79,79,79,79,79,79,79,79,79,79,79,79,86,86,86,86,86,91,91,91,91,91,91,91,91],"card_choices":[{"not_picked":["Evolve"],"picked":"Ghostly Armor","floor":1},{"not_picked":["Rupture"],"picked":"Heavy Blade","floor":7},{"not_picked":["Shrug It Off"],"picked":"StSpp:Sprint","floor":8},{"not_picked":["Demon Form"],"picked":"Thunderclap","floor":10},{"not_picked":["Heavy Blade"],"picked":"Flex","floor":14},{"not_picked":["conspire:Purge"],"picked":"Immolate","floor":16},{"not_picked":["Heavy Blade"],"picked":"Clothesline","floor":18},{"not_picked":["Burning Pact","Havoc"],"picked":"SKIP","floor":19},{"not_picked":["Armaments","StSpp:CounterStrike"],"picked":"SKIP","floor":21},{"not_picked":["Corruption","Evolve"],"picked":"SKIP","floor":24},{"not_picked":["Pommel Strike"],"picked":"Infernal Blade","floor":27},{"not_picked":["Anger"],"picked":"Perfected Strike","floor":28},{"not_picked":["Wild Strike"],"picked":"Thunderclap","floor":30},{"not_picked":["Dark Embrace+1"],"picked":"Dropkick","floor":31},{"not_picked":["StSpp:BladeOfBlood"],"picked":"Reaper","floor":33},{"not_picked":["Dropkick"],"picked":"Clash","floor":34},{"not_picked":["StSpp:Succumb"],"picked":"Anger","floor":35},{"not_picked":["Iron Wave"],"picked":"Armaments","floor":37},{"not_picked":["Finesse"],"picked":"Panacea","floor":39}],"player_experience":426008,"relics_obtained":[{"floor":9,"key":"CeramicFish"},{"floor":10,"key":"Vajra"},{"floor":14,"key":"Nunchaku"},{"floor":26,"key":"Blood Vial"}],"event_choices":[{"damage_healed":0,"gold_gain":0,"player_choice":"Invest 2","damage_taken":0,"max_hp_gain":0,"max_hp_loss":0,"event_name":"conspire:Investor","floor":2,"gold_loss":0},{"damage_healed":0,"gold_gain":0,"player_choice":"Donut","damage_taken":0,"max_hp_gain":5,"max_hp_loss":0,"event_name":"Big Fish","floor":3,"gold_loss":0},{"damage_healed":0,"gold_gain":0,"player_choice":"Ignored","damage_taken":0,"max_hp_gain":0,"max_hp_loss":0,"event_name":"Golden Wing","floor":5,"gold_loss":0},{"damage_healed":0,"gold_gain":0,"player_choice":"Lose Max HP","damage_taken":0,"relics_obtained":["Golden Idol"],"max_hp_gain":0,"max_hp_loss":6,"event_name":"Golden Idol","floor":13,"gold_loss":0},{"cards_removed":["Ghostly Armor"],"damage_healed":0,"gold_gain":0,"player_choice":"Gave Card","damage_taken":0,"relics_obtained":["StSpp:TwinEgg"],"max_hp_gain":0,"max_hp_loss":0,"event_name":"WeMeetAgain","floor":22,"gold_loss":0},{"damage_healed":0,"gold_gain":0,"player_choice":"Paid","damage_taken":0,"relics_obtained":["Red Mask"],"max_hp_gain":0,"max_hp_loss":0,"event_name":"Tomb of Lord Red Mask","floor":38,"gold_loss":55},{"damage_healed":0,"gold_gain":0,"player_choice":"Memory 1","damage_taken":0,"max_hp_gain":0,"max_hp_loss":0,"event_name":"SensoryStone","floor":39,"gold_loss":0}],"is_beta":false,"boss_relics":[{"not_picked":["StSpp:FireArrow","StSpp:Balance"],"picked":"energizedSpire:NeverEndingSparkler"},{"not_picked":["Cursed Key","conspire:SlowCooker"],"picked":"Tiny House"}],"items_purged_floors":[],"is_endless":false,"potions_floor_spawned":[1,7,14,18,19,21,31,35],"killed_by":"Reptomancer","ascension_level":0}}