{"host":"9cyo9hnjhojz9htx","time":1611238295,"event":{"mods":["ATMod(°¢èªMod)","BaseMod","Colored Powertips","Downfall","Hermit","Lobotomy","Minty Spire (QoL Compilation)","Spicy Shops","StSLib","The Blackbeard","The Gatherer","¡¾ÒÅÎï¿¨ÅÆ¡¿REMEMod"],"gold_per_floor":[117,117,191,191,210,253,294,13,40,40,40,54,54,98,98,221,221,234,234],"floor_reached":18,"language":"ZHS","playtime":726,"items_purged":[],"score":253,"play_id":"ac38e0ce-cb51-4008-a850-756b5e46cbec","local_time":"20210121221135","daily_mods":["Heirloom","Time Dilation","Flight","Elite Swarm"],"is_ascension_mode":false,"campfire_choices":[{"floor":15,"key":"REST"}],"circlet_count":0,"master_deck":["hermit:Strike_Hermit","hermit:Strike_Hermit","hermit:Strike_Hermit","hermit:Strike_Hermit","hermit:Defend_Hermit","hermit:Defend_Hermit","hermit:Defend_Hermit","hermit:Defend_Hermit","hermit:Snapshot","hermit:Covet","AT_MachinaRedman+1","blackbeard:GoldenCannonball","hermit:TakeAim","hermit:BigShot","hermit:Roughhouse","hermit:Dissolve","hermit:Determination","hermit:LowProfile","downfall:Haunted","hermit:DeadOrAlive","hermit:TrackingShot","hermit:RoundhouseKick","hermit:Horror"],"relics":["hermit:Momento","AT_ATBox","REME_ComplimentaryCards","AT_LudenTempest","Golden Idol","sneckomod:BlankCard","Dream Catcher","REME_HourglassOfDeath","Guardian:PocketSentry","AT_ForceNature","Lizard Tail","Cursed Key"],"acts_visited":["Exordium","TheCity"],"potions_floor_usage":[16,16],"damage_taken":[{"damage":5,"enemies":"Small Slimes","floor":1,"turns":2},{"damage":0,"enemies":"2 Louse","floor":5,"turns":2},{"damage":18,"enemies":"Lagavulin","floor":6,"turns":4},{"damage":0,"enemies":"Gremlin Nob","floor":7,"turns":2},{"damage":0,"enemies":"Jaw Worm","floor":12,"turns":2},{"damage":2,"enemies":"3 Sentries","floor":14,"turns":3},{"damage":0,"enemies":"Slime Boss","floor":16,"turns":5},{"damage":5,"enemies":"2 Thieves","floor":18,"turns":3}],"seed_played":"5742094188168732170","potions_obtained":[{"floor":5,"key":"SkillPotion"},{"floor":6,"key":"Energy Potion"},{"floor":16,"key":"DistilledChaos"},{"floor":18,"key":"Ancient Potion"}],"is_trial":true,"path_per_floor":["M","?","?","?","M","E","E","$","T","T","?","M","?","E","R","B",null,"M"],"character_chosen":"HERMIT","items_purchased":["REME_HourglassOfDeath","hermit:Determination"],"campfire_rested":1,"item_purchase_floors":[8,8],"current_hp_per_floor":[70,52,52,52,52,34,34,34,34,34,34,34,34,32,54,54,75,70,70],"gold":234,"neow_bonus":"","is_daily":false,"chose_seed":false,"campfire_upgraded":0,"win_rate":0.0,"timestamp":1611238295,"path_taken":["M","?","?","?","?","E","E","?","T","?","?","?","?","E","R","BOSS","M"],"items_purchased_type":["Relic","Card"],"build_version":"2020-12-22","purchased_purges":0,"victory":false,"max_hp_per_floor":[75,75,75,75,75,75,75,75,75,75,75,75,75,75,75,75,75,75,75],"card_choices":[{"not_picked":["hermit:Showdown","hermit:Roulette"],"picked":"hermit:TakeAim","floor":1},{"not_picked":["hermit:Roulette","hermit:Coalescence"],"picked":"hermit:BigShot","floor":5},{"not_picked":["hermit:Gambit","hermit:FinalCanter"],"picked":"hermit:Roughhouse","floor":6},{"not_picked":["hermit:HeroicBravado","hermit:Reprieve"],"picked":"hermit:Dissolve","floor":7},{"not_picked":["hermit:Brawl","hermit:SprayPray"],"picked":"hermit:LowProfile","floor":12},{"not_picked":["hermit:Gambit","hermit:Dissolve"],"picked":"hermit:DeadOrAlive","floor":14},{"not_picked":["hermit:Roulette","hermit:CalledShot"],"picked":"hermit:TrackingShot","floor":15},{"not_picked":["hermit:FatalDesire","hermit:Adapt"],"picked":"hermit:RoundhouseKick","floor":16},{"not_picked":["hermit:SprayPray","hermit:WideOpen"],"picked":"hermit:Horror","floor":18}],"player_experience":159576,"relics_obtained":[{"floor":6,"key":"sneckomod:BlankCard"},{"floor":7,"key":"Dream Catcher"},{"floor":9,"key":"Guardian:PocketSentry"},{"floor":10,"key":"AT_ForceNature"},{"floor":14,"key":"Lizard Tail"}],"event_choices":[{"damage_healed":0,"gold_gain":0,"player_choice":"Take Damage","damage_taken":18,"relics_obtained":["Golden Idol"],"max_hp_gain":0,"max_hp_loss":0,"event_name":"Golden Idol","floor":2,"gold_loss":0},{"damage_healed":0,"gold_gain":74,"player_choice":"Gained Gold","damage_taken":0,"max_hp_gain":0,"max_hp_loss":0,"event_name":"Golden Wing","floor":3,"gold_loss":0},{"damage_healed":0,"gold_gain":0,"player_choice":"Grow","damage_taken":0,"max_hp_gain":0,"max_hp_loss":0,"event_name":"Living Wall","floor":4,"gold_loss":0,"cards_upgraded":["AT_MachinaRedman"]},{"damage_healed":0,"gold_gain":0,"player_choice":"Leave","damage_taken":0,"max_hp_gain":0,"max_hp_loss":0,"event_name":"The Cleric","floor":11,"gold_loss":0},{"damage_healed":0,"gold_gain":0,"player_choice":"1 cards matched","damage_taken":0,"max_hp_gain":0,"max_hp_loss":0,"event_name":"Match and Keep!","floor":13,"gold_loss":0,"cards_obtained":["downfall:Haunted"]}],"is_beta":false,"boss_relics":[{"not_picked":["Pandora\u0027s Box","hermit:BartenderGlass"],"picked":"Cursed Key"}],"items_purged_floors":[],"is_endless":true,"potions_floor_spawned":[5,6,16,18],"killed_by":"2 Thieves","ascension_level":0}}