{"host":"92108ef2q9tm8rod","time":1611221598,"event":{"mods":["BaseMod","Defuse TimeMaze Blight","Minty Spire (QoL Compilation)","StSLib","The Jungle"],"gold_per_floor":[110,35,50,62,82,82,82,82,82,94,141,168,193,222,234,343,355,385,198,45,61,73,107,107,133,133,133,133,163,163,179,179,284,284,297,297,277,297,0,0,0,17,17,67,100,112,137,157,157,157],"floor_reached":51,"language":"ENG","playtime":2471,"items_purged":["Cloak And Dagger","Cloak And Dagger"],"score":942,"play_id":"937f5bfa-5454-4203-a148-a760b7840a0d","local_time":"20210121093318","daily_mods":["SealedDeck","Colorless Cards","Heirloom","Flight"],"is_ascension_mode":false,"campfire_choices":[{"data":"Deflect","floor":6,"key":"SMITH"},{"data":"Noxious Fumes","floor":7,"key":"SMITH"},{"data":"Footwork","floor":8,"key":"SMITH"},{"data":"Dodge and Roll","floor":10,"key":"SMITH"},{"data":"Poisoned Stab","floor":15,"key":"SMITH"},{"data":"Deadly Poison","floor":24,"key":"SMITH"},{"data":"Bane","floor":27,"key":"SMITH"},{"data":"Dark Shackles","floor":28,"key":"SMITH"},{"data":"Bandage Up","floor":30,"key":"SMITH"},{"floor":32,"key":"REST"},{"data":"Noxious Fumes","floor":40,"key":"SMITH"},{"data":"Noxious Fumes","floor":41,"key":"SMITH"},{"floor":49,"key":"REST"}],"circlet_count":0,"master_deck":["Bandage Up+1","Dodge and Roll+1","Deflect+1","Poisoned Stab+1","Dark Shackles+1","Noxious Fumes+1","Footwork+1","Deadly Poison+1","Noxious Fumes+1","Noxious Fumes+1","Madness+1"],"relics":["Ring of the Serpent","Gambling Chip","MawBank","Paper Crane","Membership Card","The Specimen","Regal Pillow","Bottled Flame","Matryoshka","HornCleat","Red Mask","Frozen Egg 2","Bottled Tornado","CaptainsWheel","MealTicket","Unceasing Top"],"acts_visited":["Exordium","Exordium","TheBeyond"],"potions_floor_usage":[16,33,45,45,50,50],"damage_taken":[{"damage":0,"enemies":"Jaw Worm","floor":1,"turns":3},{"damage":0,"enemies":"Small Slimes","floor":3,"turns":3},{"damage":0,"enemies":"Cultist","floor":4,"turns":4},{"damage":0,"enemies":"Large Slime","floor":5,"turns":5},{"damage":0,"enemies":"Lagavulin","floor":11,"turns":5},{"damage":0,"enemies":"Looter","floor":12,"turns":3},{"damage":0,"enemies":"Blue Slaver","floor":13,"turns":3},{"damage":0,"enemies":"2 Fungi Beasts","floor":14,"turns":3},{"damage":7,"enemies":"Slime Boss","floor":16,"turns":8},{"damage":0,"enemies":"theJungle:GiantWrat","floor":18,"turns":4},{"damage":0,"enemies":"Shell Parasite","floor":21,"turns":4},{"damage":0,"enemies":"theJungle:Snecko_Cultist_And_Trap","floor":22,"turns":6},{"damage":0,"enemies":"theJungle:MamaSnecko","floor":23,"turns":6},{"damage":0,"enemies":"theJungle:Cassacara","floor":25,"turns":6},{"damage":0,"enemies":"theJungle:2_Phrogs","floor":29,"turns":5},{"damage":0,"enemies":"theJungle:2_Snecko_Cultists","floor":31,"turns":4},{"damage":8,"enemies":"theJungle:QueenSpyder","floor":33,"turns":9},{"damage":0,"enemies":"3 Darklings","floor":35,"turns":4},{"damage":0,"enemies":"3 Shapes","floor":38,"turns":4},{"damage":4,"enemies":"Spire Growth","floor":42,"turns":5},{"damage":1,"enemies":"Mind Bloom Boss Battle","floor":44,"turns":7},{"damage":1,"enemies":"Nemesis","floor":45,"turns":7},{"damage":0,"enemies":"4 Shapes","floor":46,"turns":4},{"damage":19,"enemies":"Giant Head","floor":47,"turns":8},{"damage":0,"enemies":"Jaw Worm Horde","floor":48,"turns":4},{"damage":24,"enemies":"Donu and Deca","floor":50,"turns":8}],"seed_played":"-1125674957205545105","potions_obtained":[{"floor":11,"key":"LiquidBronze"},{"floor":13,"key":"GamblersBrew"},{"floor":14,"key":"Block Potion"},{"floor":18,"key":"Explosive Potion"},{"floor":21,"key":"SkillPotion"},{"floor":35,"key":"Dexterity Potion"},{"floor":42,"key":"LiquidMemories"},{"floor":48,"key":"Regen Potion"}],"is_trial":true,"path_per_floor":["M","$","M","M","M","R","R","R","T","R","E","M","M","M","R","B",null,"M","$","$","M","M","E","R","E","T","R","R","E","R","M","R","B",null,"M","?","$","M","?","R","R","M","T","?","E","M","E","M","R","B",null],"character_chosen":"THE_SILENT","items_purchased":["Membership Card","The Specimen","Noxious Fumes"],"campfire_rested":2,"item_purchase_floors":[19,20,37],"current_hp_per_floor":[70,70,70,70,70,70,70,70,70,70,70,70,70,70,70,67,70,70,70,70,70,70,70,70,70,70,70,70,70,70,70,70,68,70,70,70,70,70,70,70,70,70,70,70,70,70,57,63,70,66],"gold":157,"neow_bonus":"","is_daily":false,"chose_seed":false,"campfire_upgraded":11,"win_rate":0.0,"timestamp":1611221598,"path_taken":["M","$","M","M","M","R","R","R","T","R","E","M","M","M","R","BOSS","M","$","$","M","M","E","R","E","T","R","R","E","R","M","R","BOSS","M","?","$","M","?","R","R","M","T","?","E","M","E","M","R","BOSS"],"items_purchased_type":["Relic","Relic","Card"],"build_version":"2020-12-22","purchased_purges":2,"victory":true,"max_hp_per_floor":[70,70,70,70,70,70,70,70,70,70,70,70,70,70,70,70,70,70,70,70,70,70,70,70,70,70,70,70,70,70,70,70,70,70,70,70,70,70,70,70,70,70,70,70,70,70,70,70,70,70],"card_choices":[{"not_picked":["Bandage Up","Dagger Throw","Quick Slash"],"picked":"SKIP","floor":1},{"not_picked":["Enlightenment","Dodge and Roll","Predator"],"picked":"SKIP","floor":3},{"not_picked":["Quick Slash","Heel Hook","PiercingWail"],"picked":"SKIP","floor":4},{"not_picked":["Dodge and Roll","Choke","Poisoned Stab"],"picked":"SKIP","floor":5},{"not_picked":["Prepared","Deep Breath","Underhanded Strike"],"picked":"SKIP","floor":11},{"not_picked":["Flying Knee","Prepared","Outmaneuver"],"picked":"SKIP","floor":12},{"not_picked":["Impatience","Bane","PanicButton"],"picked":"SKIP","floor":13},{"not_picked":["Predator","Dodge and Roll","Riddle With Holes"],"picked":"SKIP","floor":14},{"not_picked":["Backflip","Outmaneuver","Deep Breath+1"],"picked":"SKIP","floor":18},{"not_picked":["Concentrate","Poisoned Stab","Acrobatics"],"picked":"SKIP","floor":21},{"not_picked":["Reflex","Underhanded Strike"],"picked":"Deadly Poison","floor":22},{"not_picked":["Accuracy","Poisoned Stab+1","PiercingWail"],"picked":"SKIP","floor":23},{"not_picked":["Sucker Punch","Deflect","Mayhem"],"picked":"SKIP","floor":25},{"not_picked":["PiercingWail","Unload","Backflip"],"picked":"SKIP","floor":29},{"not_picked":["PiercingWail","Unload","Backflip"],"picked":"SKIP","floor":29},{"not_picked":["Poisoned Stab","Dagger Throw","Skewer+1"],"picked":"SKIP","floor":31},{"not_picked":["Poisoned Stab","Riddle With Holes","Caltrops+1"],"picked":"SKIP","floor":35},{"not_picked":["Tactician","Terror"],"picked":"Noxious Fumes","floor":38},{"not_picked":["Tactician+1","Dagger Throw","Footwork"],"picked":"SKIP","floor":42},{"not_picked":["Metamorphosis","Distraction+1"],"picked":"Madness+1","floor":45},{"not_picked":["Predator+1","Quick Slash+1","Trip"],"picked":"SKIP","floor":46},{"not_picked":["Predator+1","Quick Slash+1","Trip"],"picked":"SKIP","floor":46},{"not_picked":["Distraction","Riddle With Holes","Cloak And Dagger"],"picked":"SKIP","floor":47},{"not_picked":["Quick Slash","Dark Shackles","Sucker Punch+1"],"picked":"SKIP","floor":48}],"player_experience":3319605,"relics_obtained":[{"floor":9,"key":"MawBank"},{"floor":11,"key":"Paper Crane"},{"floor":23,"key":"Regal Pillow"},{"floor":25,"key":"Bottled Flame"},{"floor":26,"key":"Matryoshka"},{"floor":29,"key":"HornCleat"},{"floor":43,"key":"Frozen Egg 2"},{"floor":43,"key":"Bottled Tornado"},{"floor":44,"key":"CaptainsWheel"},{"floor":45,"key":"MealTicket"},{"floor":47,"key":"Unceasing Top"}],"event_choices":[{"cards_removed":["Bane"],"damage_healed":0,"gold_gain":0,"player_choice":"Removed Attack","damage_taken":0,"max_hp_gain":0,"max_hp_loss":0,"event_name":"Falling","floor":36,"gold_loss":0},{"damage_healed":0,"gold_gain":0,"player_choice":"Paid","damage_taken":0,"relics_obtained":["Red Mask"],"max_hp_gain":0,"max_hp_loss":0,"event_name":"Tomb of Lord Red Mask","floor":39,"gold_loss":297},{"damage_healed":0,"gold_gain":0,"player_choice":"Fight","damage_taken":0,"max_hp_gain":0,"max_hp_loss":0,"event_name":"MindBloom","floor":44,"gold_loss":0}],"is_beta":false,"boss_relics":[{"not_picked":["Astrolabe","Philosopher\u0027s Stone","Runic Dome"]},{"not_picked":["Cursed Key","Velvet Choker"],"picked":"Ring of the Serpent"}],"items_purged_floors":[2,19],"is_endless":false,"potions_floor_spawned":[11,13,14,18,21,23,35,42,44,48],"ascension_level":0}}