{"host":"z9mq1tf06lkrncmk","time":1611205595,"event":{"mods":["BaseMod","Downfall","Minty Spire (QoL Compilation)","StSLib"],"gold_per_floor":[116,131,131,141,158,158,193,211,281,271,271,271,287,299,299,299,299],"floor_reached":16,"language":"ENG","playtime":578,"items_purged":[],"score":127,"play_id":"d3d165b6-9ad9-4b1d-86d7-57999236aef1","local_time":"20210121000635","is_ascension_mode":true,"campfire_choices":[{"floor":6,"key":"RECALL"},{"floor":12,"key":"REST"},{"floor":15,"key":"REST"}],"circlet_count":0,"master_deck":["Strike_R","Strike_R","Strike_R","Strike_R","Strike_R+1","Defend_R","Defend_R","Defend_R","Defend_R","Bash+1","Battle Trance+1","Perfected Strike","Perfected Strike","Twin Strike","Metallicize","Armaments","Wild Strike"],"relics":["Burning Blood","Happy Flower"],"acts_visited":["Exordium"],"potions_floor_usage":[16,16],"damage_taken":[{"damage":2,"enemies":"2 Louse","floor":1,"turns":3},{"damage":1,"enemies":"Cultist","floor":2,"turns":4},{"damage":4,"enemies":"Small Slimes","floor":4,"turns":4},{"damage":0,"enemies":"Exordium Wildlife","floor":5,"turns":4},{"damage":30,"enemies":"3 Sentries","floor":7,"turns":8},{"damage":14,"enemies":"Blue Slaver","floor":8,"turns":4},{"damage":19,"enemies":"Exordium Thugs","floor":10,"turns":4},{"damage":8,"enemies":"Looter","floor":13,"turns":3},{"damage":4,"enemies":"Red Slaver","floor":14,"turns":5},{"damage":58,"enemies":"Slime Boss","floor":16,"turns":9}],"seed_played":"-10376231659637779","potions_obtained":[{"floor":1,"key":"SteroidPotion"},{"floor":4,"key":"hexamod:SoulburnPotion"},{"floor":7,"key":"Dexterity Potion"},{"floor":14,"key":"Regen Potion"}],"is_trial":false,"path_per_floor":["M","M","?","M","M","R","E","M","T","M","?","R","M","M","R","B"],"character_chosen":"IRONCLAD","items_purchased":[],"campfire_rested":2,"item_purchase_floors":[],"current_hp_per_floor":[88,88,88,88,88,88,64,56,56,43,25,51,49,51,77,31,31],"gold":299,"neow_bonus":"TEN_PERCENT_HP_BONUS","is_daily":false,"chose_seed":false,"campfire_upgraded":0,"win_rate":0.0,"timestamp":1611205595,"path_taken":["M","M","?","M","M","R","E","M","T","?","?","R","M","M","R","BOSS"],"items_purchased_type":[],"build_version":"2020-12-22","purchased_purges":0,"victory":false,"max_hp_per_floor":[88,88,88,88,88,88,88,88,88,88,88,88,88,88,88,88,88],"card_choices":[{"not_picked":["Second Wind","Thunderclap"],"picked":"Battle Trance","floor":1},{"not_picked":["Searing Blow","Combust","Thunderclap"],"picked":"SKIP","floor":2},{"not_picked":["Shockwave","Second Wind"],"picked":"Perfected Strike","floor":4},{"not_picked":["Wild Strike","Body Slam"],"picked":"Perfected Strike","floor":5},{"not_picked":["Headbutt","Flex"],"picked":"Twin Strike","floor":7},{"not_picked":["Clash","Clothesline","Exhume"],"picked":"SKIP","floor":8},{"not_picked":["Heavy Blade","Sword Boomerang"],"picked":"Metallicize","floor":10},{"not_picked":["Searing Blow","Warcry"],"picked":"Armaments","floor":13},{"not_picked":["Limit Break","Flame Barrier"],"picked":"Wild Strike","floor":14}],"player_experience":373446,"relics_obtained":[{"floor":7,"key":"Happy Flower"}],"event_choices":[{"damage_healed":0,"gold_gain":0,"player_choice":"Upgraded","damage_taken":0,"max_hp_gain":0,"max_hp_loss":0,"event_name":"Upgrade Shrine","floor":3,"gold_loss":0,"cards_upgraded":["Bash"]},{"damage_healed":0,"gold_gain":0,"player_choice":"Entered Light","damage_taken":18,"max_hp_gain":0,"max_hp_loss":0,"event_name":"Shining Light","floor":11,"gold_loss":0,"cards_upgraded":["Battle Trance","Strike_R"]}],"is_beta":false,"boss_relics":[],"items_purged_floors":[],"is_endless":false,"potions_floor_spawned":[1,4,7,8,14],"killed_by":"Slime Boss","ascension_level":4}}