{"host":"szp1d6dso4pv7ddl","time":1611192100,"event":{"mods":["AchievementEnabler","Alarm Clock","BaseMod","Bestiary","Block Reminder","Colored Map","Colored Powertips","Curses Come First","Dark Map","Displayed Cursed Tome","Highlight Path","Minty Spire (QoL Compilation)","Permanent Neow","Quick Restart","Relic Sorter","Relic Stats","StSLib","Synergy Search"],"gold_per_floor":[16,28,28,28,28,28,28],"floor_reached":6,"language":"ENG","playtime":641,"items_purged":[],"score":60,"play_id":"40d2682e-734a-4438-971c-00863784ecaa","local_time":"20210120172140","is_ascension_mode":true,"campfire_choices":[],"circlet_count":0,"master_deck":["AscendersBane","Strike_R","Strike_R","Strike_R","Defend_R","Defend_R","Defend_R","Bash","Headbutt","Twin Strike","Shrug It Off"],"relics":["Burning Blood","Bottled Lightning"],"acts_visited":["Exordium"],"potions_floor_usage":[6,6],"damage_taken":[{"damage":15,"enemies":"Small Slimes","floor":1,"turns":3},{"damage":12,"enemies":"Jaw Worm","floor":2,"turns":2},{"damage":54,"enemies":"3 Sentries","floor":6,"turns":6}],"seed_played":"148637069410141357","potions_obtained":[{"floor":1,"key":"Energy Potion"},{"floor":2,"key":"BlessingOfTheForge"}],"is_trial":false,"path_per_floor":["M","M","?","T","$","E"],"character_chosen":"IRONCLAD","items_purchased":[],"campfire_rested":0,"item_purchase_floors":[],"current_hp_per_floor":[59,53,53,53,53,0,0],"gold":28,"neow_bonus":"REMOVE_TWO","is_daily":false,"chose_seed":false,"campfire_upgraded":0,"win_rate":0.0,"timestamp":1611192100,"path_taken":["M","M","?","?","?","E"],"items_purchased_type":[],"build_version":"2020-12-22","purchased_purges":0,"victory":false,"max_hp_per_floor":[75,75,75,75,75,75,75],"relic_stats":{"counters":[3,11],"obtain_stats":[{"Bottled Lightning":4,"Burning Blood":0},{"Bottled Lightning":2,"Burning Blood":0},{"Bottled Lightning":5,"Burning Blood":0}],"Burning Blood":12},"card_choices":[{"not_picked":["Evolve","Clash"],"picked":"Headbutt","floor":1},{"not_picked":["Bloodletting","True Grit"],"picked":"Twin Strike","floor":2}],"player_experience":1245246,"relics_obtained":[{"floor":4,"key":"Bottled Lightning"}],"event_choices":[{"damage_healed":0,"gold_gain":0,"cards_transformed":["Strike_R"],"player_choice":"Change","damage_taken":0,"max_hp_gain":0,"max_hp_loss":0,"event_name":"Living Wall","floor":3,"gold_loss":0,"cards_obtained":["Shrug It Off"]}],"is_beta":false,"boss_relics":[],"items_purged_floors":[],"is_endless":false,"potions_floor_spawned":[1,2],"killed_by":"3 Sentries","ascension_level":15}}