{"host":"56d873i5r3uhle0q","time":1611196639,"event":{"mods":["100% Spire Juice","Act Like it!","Aspiration","BaseMod","Block Reminder","Conspire","Gensokyo","Hermit","Hubris","Infinite Spire","Jedi Mod","Lobotomy","Marisa????????","Marked Mod","Minty Spire (QoL Compilation)","Replay The Spire","StSLib","The Animator","The Bug Knight","The Cursed","The Marked","The Servant 0.9.4","everything is the same but u backflip on backflip","vexMod","??????REMEMod"],"gold_per_floor":[123,123,123,141,95,95,16,34,34,68,93,110,128,140,140,244,244,268,293,215,232,236,236],"floor_reached":22,"language":"ENG","playtime":1563,"items_purged":[],"score":188,"play_id":"d1e1a991-db26-41ca-a5e4-b5b67c15753e","local_time":"20210120193719","is_ascension_mode":false,"campfire_choices":[{"floor":6.0,"key":"REST"},{"floor":15.0,"key":"REST"}],"circlet_count":0,"master_deck":["animator:Strike_Konosuba","animator:Defend_Konosuba","animator:Strike","animator:Strike","animator:Strike","animator:Defend","animator:Defend","animator:Defend","animator:Kazuma","animator:Aqua","Gensokyo:MorningStar","animator:Guren","animator:KrulTepes","animator:KrulTepes","animator:Yoichi","Gensokyo:TarnishedGold","Gensokyo:Shovel"],"relics":["animator:LivingPicture","animator:TheMissingPiece","REME_ComplimentaryCards","animator:PurgingStone","vexMod:ScavengeHelm","Blood Vial","infinitespire:EmpoweringShard","Orichalcum","infinitespire:Midas Blood","Blood Vial","conspire:RunicOctahedron"],"acts_visited":["Gensokyo:Gensokyo","Gensokyo:Gensokyoer"],"potions_floor_usage":[16],"damage_taken":[{"damage":4.0,"enemies":"Gensokyo:3_Fairies","floor":1.0,"turns":5.0},{"damage":0.0,"enemies":"Gensokyo:Gryphon","floor":4.0,"turns":4.0},{"damage":12.0,"enemies":"Gensokyo:2_Kodama","floor":8.0,"turns":4.0},{"damage":28.0,"enemies":"Gensokyo:Aya","floor":10.0,"turns":10.0},{"damage":12.0,"enemies":"Gensokyo:2_Rabbits","floor":12.0,"turns":6.0},{"damage":0.0,"enemies":"Gensokyo:Kitsune","floor":13.0,"turns":4.0},{"damage":3.0,"enemies":"Gensokyo:3_Kodama","floor":14.0,"turns":6.0},{"damage":11,"enemies":"Gensokyo:Kokoro","floor":16,"turns":12},{"damage":27,"enemies":"Gensokyo:2_Gloops","floor":18,"turns":7},{"damage":15,"enemies":"Gensokyo:Chomper","floor":19,"turns":6},{"damage":26,"enemies":"Gensokyo:Monolith_and_Dog","floor":21,"turns":8},{"damage":13,"enemies":"Gensokyo:3_Gloops","floor":22,"turns":3}],"seed_played":"-8393923983108887099","potions_obtained":[{"floor":1.0,"key":"Weak Potion"},{"floor":12.0,"key":"Strength Potion"}],"is_trial":false,"path_per_floor":["M","?","?","M","COS","R","$","M","T","E","T","M","M","M","R","B",null,"M","M","COS","M","M"],"character_chosen":"THE_ANIMATOR","items_purchased":["animator:KrulTepes"],"campfire_rested":2,"item_purchase_floors":[7],"current_hp_per_floor":[56,50,50,52,52,60,60,50,50,24,24,16,20,21,39,32,60,33,25,25,5,0,0],"gold":236,"neow_bonus":"THREE_RARE_CARDS","is_daily":false,"chose_seed":false,"campfire_upgraded":0,"win_rate":0.0,"timestamp":1611196639,"path_taken":["M","?","?","M","COS","R","$","M","T","E","?","M","?","M","R","BOSS","M","M","COS","M","M"],"items_purchased_type":["Card"],"build_version":"2020-12-22","purchased_purges":0,"victory":false,"max_hp_per_floor":[60,60,60,60,60,60,60,60,60,60,60,60,60,60,60,60,60,60,61,61,61,61,61],"card_choices":[{"not_picked":["animator:Shiro","animator:Envy"],"picked":"animator:Guren","floor":0.0},{"not_picked":["animator:DolaCouronne","animator:Darkness","animator:Sloth"],"picked":"SKIP","floor":1.0},{"not_picked":["animator:ZankiKiguchi","animator:PandorasActor","animator:Shinoa"],"picked":"SKIP","floor":4.0},{"not_picked":["animator:MamiTomoe","animator:Chris","animator:NagisaMomoe"],"picked":"SKIP","floor":8.0},{"not_picked":["animator:WinryRockbell","animator:Mitsuba","animator:Vanir"],"picked":"SKIP","floor":12.0},{"not_picked":["animator:Verdia","animator:Demiurge","animator:Pride"],"picked":"SKIP","floor":13.0},{"not_picked":["animator:SuzuneAmano","animator:Shichika","animator:TsurugaMeisai"],"picked":"SKIP","floor":14.0},{"not_picked":["animator:Shigure","animator:Shinoa"],"picked":"animator:KrulTepes","floor":18},{"not_picked":["animator:ZankiKiguchi","animator:Jibril"],"picked":"animator:Yoichi","floor":19},{"not_picked":["animator:DolaSchwi","animator:IrohaTamaki","animator:Father"],"picked":"SKIP","floor":21}],"player_experience":575381,"relics_obtained":[{"floor":9.0,"key":"vexMod:ScavengeHelm"},{"floor":10.0,"key":"Blood Vial"},{"floor":10.0,"key":"infinitespire:EmpoweringShard"},{"floor":11.0,"key":"Orichalcum"},{"floor":16,"key":"Blood Vial"}],"event_choices":[],"is_beta":false,"boss_relics":[{"not_picked":["Busted Crown","vexMod:DeviousBotling"],"picked":"conspire:RunicOctahedron"}],"items_purged_floors":[],"is_endless":false,"potions_floor_spawned":[1,12],"killed_by":"Gensokyo:3_Gloops","ascension_level":0}}