{"host":"refsn2q8at3dn95k","time":1611204619,"event":{"mods":["BaseMod","Hubris","Infinite Spire","Minty Spire (QoL Compilation)","Replay The Spire","StSLib","The Jungle"],"gold_per_floor":[117,117,140,140,152,152,178,103,103,132,147,147,147,182,182,294,294,305,215,215,215,226,254,265,265,289,329,341,33,43,43,43,156,156,169,1168,1186,1208,957,957,978,978,1001,1032,1051,1051,1051,1073,1073,1085,1085],"floor_reached":50,"language":"ENG","playtime":4311,"items_purged":["Defend_G","Strike_G","Normality"],"score":776,"play_id":"daa045c5-467d-4aae-97f2-02fd480ab981","local_time":"20210120225019","is_ascension_mode":true,"campfire_choices":[{"floor":6,"key":"REST"},{"floor":12,"key":"REST"},{"floor":15,"key":"REST"},{"data":"Predator","floor":28,"key":"SMITH"},{"floor":32,"key":"RECALL"},{"floor":40,"key":"REST"},{"data":"hubris:DuctTapeCard","floor":42,"key":"SMITH"},{"data":"Phantasmal Killer","floor":49,"key":"SMITH"}],"circlet_count":0,"master_deck":["Strike_G+1","Strike_G+1","Strike_G+1","Strike_G+1","Defend_G+1","Defend_G+1","Defend_G+1","Survivor+1","Neutralize+1","infinitespire:DeathsTouch+1","Well Laid Plans","Fluid Movement","Phantasmal Killer+1","hubris:DuctTapeCard+2","Caltrops+1","A Thousand Cuts+1","Normality","Sneak Up+1"],"relics":["hubris:ScarierMask","Ancient Tea Set","hubris:KleinBottle","Toy Ornithopter","Bottled Flame","infinitespire:Midas Blood","Replay:Baseball","Busted Crown","theJungle:ParSnip","hubris:Icosahedron","Frozen Egg 2","theJungle:BirthdayCakeSlice","MawBank","Thread and Needle","hubris:DuctTape","Velvet Choker","Membership Card","Bronze Scales","Omamori"],"acts_visited":["Exordium","Exordium","TheBeyond"],"potions_floor_usage":[7,14,23,27,33,33,35,37,38,41,41,44,48,50,50],"damage_taken":[{"damage":0,"enemies":"Jaw Worm","floor":1,"turns":6},{"damage":0,"enemies":"Cultist","floor":5,"turns":2},{"damage":0,"enemies":"3 Sentries","floor":7,"turns":3},{"damage":22,"enemies":"Lagavulin","floor":10,"turns":5},{"damage":14,"enemies":"infinitespire:Voidling","floor":11,"turns":3},{"damage":0,"enemies":"3 Sentries","floor":14,"turns":2},{"damage":18,"enemies":"Hexaghost","floor":16,"turns":7},{"damage":0,"enemies":"theJungle:MUSHROOMGANG","floor":18,"turns":2},{"damage":0,"enemies":"theJungle:GiantWrat","floor":22,"turns":2},{"damage":0,"enemies":"theJungle:MamaSnecko","floor":23,"turns":3},{"damage":0,"enemies":"theJungle:Snecko_Cultist_And_Trap","floor":24,"turns":2},{"damage":0,"enemies":"theJungle:Cassacara","floor":27,"turns":4},{"damage":0,"enemies":"theJungle:2_Snecko_Cultists","floor":30,"turns":2},{"damage":63,"enemies":"theJungle:TotemBoss","floor":33,"turns":6},{"damage":0,"enemies":"3 Shapes","floor":35,"turns":2},{"damage":0,"enemies":"3 Darklings","floor":37,"turns":2},{"damage":33,"enemies":"Spire Growth","floor":38,"turns":4},{"damage":18,"enemies":"Maw","floor":41,"turns":6},{"damage":8,"enemies":"Nemesis","floor":44,"turns":5},{"damage":38,"enemies":"Writhing Mass","floor":45,"turns":4},{"damage":2,"enemies":"3 Darklings","floor":48,"turns":3},{"damage":86,"enemies":"Donu and Deca","floor":50,"turns":6}],"seed_played":"7038969024363817299","potions_obtained":[{"floor":1,"key":"SkillPotion"},{"floor":7,"key":"Ancient Potion"},{"floor":14,"key":"SpeedPotion"},{"floor":24,"key":"Fire Potion"},{"floor":35,"key":"AttackPotion"},{"floor":38,"key":"Weak Potion"},{"floor":41,"key":"Regen Potion"}],"is_trial":false,"path_per_floor":["M","?","T","$","M","R","E","$","T","E","M","R","?","E","R","B",null,"M","?","?","?","M","E","M","?","T","E","R","$","M","$","R","B",null,"M","?","M","M","$","R","M","R","T","E","M","?","?","M","R","B"],"character_chosen":"THE_SILENT","items_purchased":["hubris:KleinBottle","hubris:DuctTape","Caltrops+1","Membership Card"],"campfire_rested":4,"item_purchase_floors":[4,29,29,39],"current_hp_per_floor":[70,56,56,32,32,53,53,53,53,31,17,38,38,43,64,46,70,70,70,70,70,70,70,70,75,75,75,75,75,75,75,75,22,75,75,75,75,47,47,69,61,61,61,70,32,32,66,66,66,0,0],"gold":1085,"neow_bonus":"BOSS_RELIC","is_daily":false,"chose_seed":false,"campfire_upgraded":3,"win_rate":0.0,"timestamp":1611204619,"path_taken":["M","?","?","?","M","R","E","$","T","E","M","R","?","E","R","BOSS","M","?","?","?","M","E","?","?","T","E","R","$","M","?","R","BOSS","M","?","M","M","$","R","M","R","T","E","M","?","?","M","R","BOSS"],"items_purchased_type":["Relic","Relic","Card","Relic"],"build_version":"2020-12-22","purchased_purges":3,"victory":false,"max_hp_per_floor":[70,70,70,70,70,70,70,70,70,70,70,70,70,70,70,70,70,70,70,70,70,70,70,70,75,75,75,75,75,75,75,75,75,75,75,75,75,75,75,75,75,75,75,75,75,75,66,66,66,66,66],"card_choices":[{"not_picked":["Hidden Blade","PiercingWail"],"picked":"Predator","floor":1},{"not_picked":["infinitespire:Execution","infinitespire:Menacing"],"picked":"infinitespire:DeathsTouch","floor":4},{"not_picked":["Blade Dance","Prepared"],"picked":"Well Laid Plans","floor":5},{"not_picked":["ReplayTheSpireMod:Tripwire","Blade Dance","Sucker Punch"],"picked":"SKIP","floor":7},{"not_picked":["Acrobatics","Backflip"],"picked":"Fluid Movement","floor":10},{"not_picked":["Distraction","Acrobatics","Underhanded Strike"],"picked":"SKIP","floor":11},{"not_picked":["Dodge and Roll","Bullet Time","Acrobatics"],"picked":"SKIP","floor":14},{"not_picked":["Glass Knife","Tools of the Trade"],"picked":"Venomology","floor":16},{"not_picked":["ReplayTheSpireMod:Tripwire"],"picked":"SKIP","floor":18},{"not_picked":["Accuracy"],"picked":"SKIP","floor":22},{"not_picked":["hubris:SlightOfHand"],"picked":"SKIP","floor":23},{"not_picked":["PiercingWail"],"picked":"SKIP","floor":24},{"not_picked":["Deflect"],"picked":"SKIP","floor":27},{"not_picked":["hubris:SlightOfHand"],"picked":"SKIP","floor":30},{"not_picked":[],"picked":"A Thousand Cuts+1","floor":33},{"not_picked":["ReplayTheSpireMod:Exploit Weakness"],"picked":"SKIP","floor":35},{"not_picked":["ReplayTheSpireMod:Shiv Toss"],"picked":"SKIP","floor":37},{"not_picked":["Sucker Punch"],"picked":"SKIP","floor":38},{"not_picked":["Endless Agony+1"],"picked":"SKIP","floor":41},{"not_picked":["Sucker Punch"],"picked":"SKIP","floor":44},{"not_picked":["Draining Mist"],"picked":"SKIP","floor":45},{"not_picked":[],"picked":"Sneak Up+1","floor":48}],"player_experience":1688062,"relics_obtained":[{"floor":3,"key":"Ancient Tea Set"},{"floor":7,"key":"Toy Ornithopter"},{"floor":9,"key":"Bottled Flame"},{"floor":10,"key":"infinitespire:Midas Blood"},{"floor":14,"key":"Replay:Baseball"},{"floor":23,"key":"Frozen Egg 2"},{"floor":26,"key":"MawBank"},{"floor":27,"key":"Thread and Needle"},{"floor":43,"key":"Bronze Scales"},{"floor":44,"key":"Omamori"}],"event_choices":[{"damage_healed":0,"gold_gain":0,"player_choice":"Entered Light","damage_taken":14,"max_hp_gain":0,"max_hp_loss":0,"event_name":"Shining Light","floor":2,"gold_loss":0,"cards_upgraded":["Defend_G","Neutralize"]},{"damage_healed":0,"gold_gain":0,"cards_transformed":["Defend_G"],"player_choice":"Transformed","damage_taken":0,"max_hp_gain":0,"max_hp_loss":0,"event_name":"Transmorgrifier","floor":21,"gold_loss":0,"cards_obtained":["Phantasmal Killer"]},{"damage_healed":0,"gold_gain":999,"player_choice":"Gold","damage_taken":0,"max_hp_gain":0,"max_hp_loss":0,"event_name":"MindBloom","floor":36,"gold_loss":0,"cards_obtained":["Normality","Normality"]},{"damage_healed":66,"gold_gain":0,"player_choice":"Heal","damage_taken":0,"max_hp_gain":0,"max_hp_loss":9,"event_name":"The Moai Head","floor":47,"gold_loss":0}],"is_beta":false,"boss_relics":[{"not_picked":["Replay:Ancient Bell","hubris:CrackedHourglass"],"picked":"Busted Crown"},{"not_picked":["Replay:Grab Bag","WristBlade"],"picked":"Velvet Choker"}],"items_purged_floors":[4,8,39],"is_endless":false,"potions_floor_spawned":[1,7,14,24,27,30,35,38,41],"killed_by":"Donu and Deca","ascension_level":4}}