{"host":"vrsxkkch9ccrec7k","time":1611207858,"event":{"mods":["Act Like it!","BaseMod","Bestiary","Better Altar","Better Match","Better Note","Better Sensory Stone","Better Skull","Better Third Choice","Better Vampires","Downfall","Minty Spire (QoL Compilation)","Permanent Neow","Relic Stats","Spicy Shops","StSLib"],"gold_per_floor":[99,99,99,99,129,129,181,207,207,224,224,255,22,34,45,144,144,144,158,178,178,178,192,192,192,229,17,17,31,31,63,78,183,183,183,200,31,44,44,78,78,78,107,124,124,159,159,159,174,174],"floor_reached":51,"language":"ENG","playtime":6136,"items_purged":["downfall:Malfunctioning"],"score":961,"play_id":"820ef07c-248b-4043-9222-a0257502b23c","local_time":"20210121004418","is_ascension_mode":true,"campfire_choices":[{"data":"sneckomod:SnekBite","floor":1,"key":"SMITH"},{"data":"sneckomod:UnknownBlock","floor":11,"key":"SMITH"},{"data":"sneckomod:SerpentMind","floor":18,"key":"SMITH"},{"floor":30,"key":"REST"},{"floor":42,"key":"REST"},{"floor":47,"key":"REST"}],"circlet_count":0,"master_deck":["sneckomod:Strike+1","sneckomod:Defend","sneckomod:Defend","sneckomod:Defend+1","sneckomod:TailWhip+1","sneckomod:SnekBite+1","sneckomod:Unknown","sneckomod:RainOfDice","sneckomod:PureSnecko","sneckomod:Transmogrify","Flash of Steel+1","sneckomod:Nope","sneckomod:SoulRoll","sneckomod:SerpentMind+1","sneckomod:SoulRoll","Madness+1","Hologram","sneckomod:SoulDraw","sneckomod:UnknownX","sneckomod:UnknownRareSkill","sneckomod:UnknownRarePower","sneckomod:QuickMove","sneckomod:UnlimitedRolls","sneckomod:SoulRoll+1","Core Surge","sneckomod:Restock","Acrobatics+1","sneckomod:UnknownRareAttack","sneckomod:UnknownRareSkill","sneckomod:UnknownRarePower","sneckomod:SoulRoll+1","sneckomod:WideSting+1","sneckomod:PureSnecko+1","sneckomod:SlitherStrike+1","expansioncontent:PrepareCrush+1","sneckomod:UnknownX+1","sneckomod:SoulDraw+1"],"relics":["sneckomod:SneckoSoul","downfall:HeartsMalice","Whetstone","Anchor","SlaversCollar","Fusion Hammer","sneckomod:RareBoosterPack","Mummified Hand","Bird Faced Urn","Bronze Scales","Calipers","Shuriken","Happy Flower","Bag of Marbles","Nunchaku"],"acts_visited":["Exordium","TheCity","TheBeyond"],"potions_floor_usage":[16,22,26,29,31,32,38,40,46,50,50],"damage_taken":[{"damage":0,"enemies":"2 Louse","floor":2,"turns":1},{"damage":0,"enemies":"Small Slimes","floor":3,"turns":1},{"damage":0,"enemies":"Cultist","floor":6,"turns":1},{"damage":12,"enemies":"Gremlin Nob","floor":8,"turns":4},{"damage":8,"enemies":"Blue Slaver","floor":10,"turns":2},{"damage":20,"enemies":"Lagavulin","floor":12,"turns":7},{"damage":0,"enemies":"downfall:FleeingMerchant","floor":13,"turns":4},{"damage":0,"enemies":"Red Slaver","floor":14,"turns":2},{"damage":4,"enemies":"3 Louse","floor":15,"turns":5},{"damage":15,"enemies":"DF_ARCHETYPE_STREAMLINE","floor":16,"turns":12},{"damage":9,"enemies":"3 Byrds","floor":19,"turns":4},{"damage":27,"enemies":"Spheric Guardian","floor":20,"turns":7},{"damage":0,"enemies":"Snake Plant","floor":22,"turns":2},{"damage":28,"enemies":"Centurion and Healer","floor":23,"turns":8},{"damage":16,"enemies":"Chosen and Byrds","floor":26,"turns":10},{"damage":7,"enemies":"downfall:FleeingMerchant","floor":27,"turns":4},{"damage":3,"enemies":"Snake Plant","floor":29,"turns":5},{"damage":19,"enemies":"Slavers","floor":31,"turns":2},{"damage":5,"enemies":"Cultist and Chosen","floor":32,"turns":5},{"damage":23,"enemies":"SI_MIRROR_ARCHETYPE","floor":33,"turns":15},{"damage":0,"enemies":"3 Shapes","floor":36,"turns":5},{"damage":7,"enemies":"downfall:FleeingMerchant","floor":37,"turns":4},{"damage":1,"enemies":"Orb Walker","floor":38,"turns":2},{"damage":25,"enemies":"Reptomancer","floor":40,"turns":7},{"damage":19,"enemies":"Nemesis","floor":43,"turns":5},{"damage":30,"enemies":"Sphere and 2 Shapes","floor":44,"turns":5},{"damage":50,"enemies":"Reptomancer","floor":46,"turns":6},{"damage":0,"enemies":"Jaw Worm Horde","floor":49,"turns":3},{"damage":52,"enemies":"WA_ARCHETYPE_DIVINITY","floor":50,"turns":14}],"seed_played":"2689350243706199227","potions_obtained":[{"floor":8,"key":"Strength Potion"},{"floor":10,"key":"SmokeBomb"},{"floor":16,"key":"sneckomod:CheatPotion"},{"floor":23,"key":"Slimebound:ThreeZeroPotion"},{"floor":26,"key":"sneckomod:DiceRollPotion"},{"floor":29,"key":"Regen Potion"},{"floor":31,"key":"hexamod:SoulburnPotion"},{"floor":36,"key":"GamblersBrew"},{"floor":38,"key":"Guardian:BlockOnCardUsePotion"},{"floor":44,"key":"LiquidMemories"},{"floor":46,"key":"Block Potion"}],"is_trial":false,"path_per_floor":["R","M","M","?","?","M","T","E","?","M","R","E","$","M","M","B",null,"R","M","M","?","M","M","T","R","M","$","?","M","R","E","M","B",null,"R","M","$","M","?","E","T","R","E","M","?","E","R","?","M","B",null],"character_chosen":"THE_SNECKO","items_purchased":["Anchor","sneckomod:RareBoosterPack","PowerPotion","Mummified Hand","Shuriken"],"campfire_rested":3,"item_purchase_floors":[13,27,27,37,37],"current_hp_per_floor":[90,90,90,90,90,90,90,78,78,70,70,50,50,50,46,31,90,90,81,54,54,54,36,36,36,20,13,13,10,37,27,26,9,90,90,90,83,82,82,65,65,90,75,55,55,13,40,40,42,2],"gold":174,"neow_bonus":"THREE_ENEMY_KILL","is_daily":false,"chose_seed":false,"campfire_upgraded":3,"win_rate":0.0,"timestamp":1611207858,"path_taken":["R","M","M","?","?","M","T","E","?","M","R","E","$","?","M","BOSS","R","M","M","?","?","M","T","R","M","$","?","M","R","E","M","BOSS","R","M","$","M","?","E","T","R","E","M","?","E","R","?","M","BOSS"],"items_purchased_type":["Relic","Relic","Potion","Relic","Relic"],"build_version":"2020-12-22","purchased_purges":1,"victory":true,"max_hp_per_floor":[90,90,90,90,90,90,90,90,90,90,90,90,90,90,90,90,90,90,90,90,90,90,90,90,90,90,90,90,90,90,90,90,90,90,90,90,90,90,90,90,90,90,90,90,90,90,90,90,90,90],"relic_stats":{"Nunchaku":[3],"Happy Flower":[9],"counters":[29,149],"Mummified Hand":[26],"Shuriken":[18],"Bird Faced Urn":[54],"Bronze Scales":[66],"Whetstone":["sneckomod:Strike","Flash of Steel"],"obtain_stats":[{"Calipers":41,"Happy Flower":43,"Oddly Smooth Stone":5,"downfall:HeartsMalice":0,"PreservedInsect":12,"Whetstone":23,"sneckomod:SneckoSoul":0,"Cursed Key":17,"Question Card":29,"SlaversCollar":19,"Anchor":13,"Nunchaku":46,"Mummified Hand":37,"Shuriken":37,"Bird Faced Urn":31,"Bronze Scales":40,"Molten Egg 2":24,"Fusion Hammer":34,"Bag of Marbles":8,"sneckomod:RareBoosterPack":27},{"Calipers":24,"Happy Flower":25,"Oddly Smooth Stone":2,"downfall:HeartsMalice":0,"PreservedInsect":6,"Whetstone":14,"sneckomod:SneckoSoul":0,"Cursed Key":10,"Question Card":17,"SlaversCollar":11,"Anchor":7,"Nunchaku":27,"Mummified Hand":22,"Shuriken":22,"Bird Faced Urn":18,"Bronze Scales":24,"Molten Egg 2":14,"Fusion Hammer":20,"Bag of Marbles":4,"sneckomod:RareBoosterPack":16},{"Calipers":116,"Happy Flower":121,"Oddly Smooth Stone":0,"downfall:HeartsMalice":0,"PreservedInsect":13,"Whetstone":57,"sneckomod:SneckoSoul":0,"Cursed Key":36,"Question Card":76,"SlaversCollar":40,"Anchor":17,"Nunchaku":132,"Mummified Hand":107,"Shuriken":107,"Bird Faced Urn":78,"Bronze Scales":116,"Molten Egg 2":57,"Fusion Hammer":98,"Bag of Marbles":4,"sneckomod:RareBoosterPack":71}]},"card_choices":[{"not_picked":["sneckomod:SoulRoll","sneckomod:Nope"],"picked":"sneckomod:RainOfDice","floor":2},{"not_picked":["sneckomod:UnknownVulnerable","sneckomod:UnknownCommonAttack"],"picked":"sneckomod:PureSnecko","floor":3},{"not_picked":["sneckomod:UnknownBlock","sneckomod:Nope"],"picked":"sneckomod:Transmogrify","floor":6},{"not_picked":["sneckomod:Memorize","sneckomod:MixItUp"],"picked":"sneckomod:UnknownBlock","floor":8},{"not_picked":["Deep Breath","Secret Weapon"],"picked":"Flash of Steel","floor":9},{"not_picked":["sneckomod:DiceCrush","sneckomod:CheapStock"],"picked":"sneckomod:Nope","floor":10},{"not_picked":["sneckomod:MixItUp","sneckomod:RainOfDice"],"picked":"sneckomod:SoulRoll","floor":12},{"not_picked":["sneckomod:UnknownUncommonAttack","sneckomod:UnknownBlock","sneckomod:Unknown1Cost"],"picked":"SKIP","floor":13},{"not_picked":["sneckomod:UnknownDexterity","sneckomod:UnknownCommonSkill","sneckomod:UnknownDraw"],"picked":"SKIP","floor":14},{"not_picked":["sneckomod:UnknownBlock","sneckomod:UnknownStrike","sneckomod:SnekBeam"],"picked":"SKIP","floor":15},{"not_picked":["sneckomod:UnknownBoss","sneckomod:Cheat"],"picked":"sneckomod:SerpentMind","floor":16},{"not_picked":["sneckomod:UnknownClassHEXA_GHOST_PURPLE","sneckomod:DiceCrush"],"picked":"sneckomod:SoulRoll","floor":19},{"not_picked":["sneckomod:UnknownCommonSkill","sneckomod:IronFang+1"],"picked":"sneckomod:UnknownBoss","floor":20},{"not_picked":["sneckomod:IronFang+1","sneckomod:Unknown1Cost"],"picked":"sneckomod:Memorize","floor":23},{"not_picked":["sneckomod:RainOfDice+1","sneckomod:TrashToTreasure"],"picked":"sneckomod:SoulDraw","floor":26},{"not_picked":["sneckomod:UnknownCommonSkill","sneckomod:MasterEye"],"picked":"sneckomod:UnknownX","floor":27},{"not_picked":["sneckomod:DiceCrush","sneckomod:UnknownClassBLUE"],"picked":"sneckomod:SoulRoll+1","floor":29},{"not_picked":["sneckomod:UnknownRareAttack","sneckomod:UnknownUncommonAttack","sneckomod:DefensiveFlair","sneckomod:QuickMove"],"picked":"SKIP","floor":31},{"not_picked":["sneckomod:UnknownStrike","sneckomod:UnknownCommonAttack","sneckomod:Nope+1"],"picked":"sneckomod:Memorize+1","floor":32},{"not_picked":["sneckomod:Transmogrify","sneckomod:GlitteringGambit","sneckomod:UnlimitedRolls"],"picked":"sneckomod:Restock","floor":33},{"not_picked":["sneckomod:UnknownCommonAttack+1","sneckomod:UnknownColorless","sneckomod:UnknownClassBLUE+1","sneckomod:UnknownX+1"],"picked":"SKIP","floor":36},{"not_picked":["sneckomod:QuickMove+1","sneckomod:MixItUp+1","sneckomod:Unknown2Cost+1"],"picked":"sneckomod:SoulRoll+1","floor":37},{"not_picked":["sneckomod:Memorize+1","sneckomod:UnknownClassBLUE","sneckomod:UnknownClassGREEN+1"],"picked":"sneckomod:WideSting+1","floor":38},{"not_picked":["sneckomod:UnknownDexterity","sneckomod:UnknownCommonAttack+1","sneckomod:Unknown0Cost"],"picked":"sneckomod:PureSnecko+1","floor":40},{"not_picked":["sneckomod:UnknownVulnerable+1","sneckomod:UnknownColorless+1","sneckomod:QuickMove+1","sneckomod:DefensiveFlair+1"],"picked":"SKIP","floor":43},{"not_picked":["sneckomod:SoulCleanse+1","sneckomod:UnknownStrike+1","sneckomod:IronFang"],"picked":"sneckomod:SlitherStrike+1","floor":44},{"not_picked":["expansioncontent:HyperBeam","expansioncontent:LastStand","expansioncontent:Hexaburn"],"picked":"expansioncontent:PrepareCrush","floor":45},{"not_picked":["sneckomod:UnknownClassBLUE+1","sneckomod:Unknown1Cost","sneckomod:UnknownCommonSkill"],"picked":"sneckomod:UnknownX+1","floor":46},{"not_picked":["sneckomod:Restock","sneckomod:QuickMove","sneckomod:TrashToTreasure"],"picked":"sneckomod:SoulDraw+1","floor":49}],"player_experience":1658304,"relics_obtained":[{"floor":8,"key":"Oddly Smooth Stone"},{"floor":8,"key":"Bag of Marbles"},{"floor":12,"key":"Oddly Smooth Stone"},{"floor":12,"key":"PreservedInsect"},{"floor":16,"key":"Bag of Marbles"},{"floor":19,"key":"SlaversCollar"},{"floor":23,"key":"Whetstone"},{"floor":24,"key":"Molten Egg 2"},{"floor":26,"key":"Anchor"},{"floor":29,"key":"Question Card"},{"floor":31,"key":"Bird Faced Urn"},{"floor":33,"key":"SlaversCollar"},{"floor":36,"key":"sneckomod:RareBoosterPack"},{"floor":38,"key":"Bird Faced Urn"},{"floor":40,"key":"Shuriken"},{"floor":40,"key":"Bronze Scales"},{"floor":41,"key":"Calipers"},{"floor":43,"key":"Shuriken"},{"floor":43,"key":"Happy Flower"},{"floor":44,"key":"Bag of Marbles"},{"floor":46,"key":"Nunchaku"}],"event_choices":[{"damage_healed":0,"gold_gain":1,"player_choice":"1","damage_taken":0,"max_hp_gain":0,"max_hp_loss":0,"event_name":"betterStone:BetterStone","floor":9,"gold_loss":0},{"damage_healed":0,"gold_gain":0,"cards_transformed":["sneckomod:Strike","sneckomod:Strike"],"player_choice":"Became Test Subject","damage_taken":0,"max_hp_gain":0,"max_hp_loss":0,"event_name":"Drug Dealer","floor":28,"gold_loss":0,"cards_obtained":["sneckomod:QuickMove","sneckomod:UnlimitedRolls"]},{"damage_healed":0,"gold_gain":0,"player_choice":"Ignored","damage_taken":0,"max_hp_gain":0,"max_hp_loss":0,"event_name":"Mysterious Sphere","floor":48,"gold_loss":0}],"is_beta":false,"boss_relics":[{"not_picked":["Velvet Choker","Sozu"],"picked":"Cursed Key"},{"not_picked":["expansioncontent:StudyCardRelic","Astrolabe"],"picked":"Fusion Hammer"}],"items_purged_floors":[13],"is_endless":false,"potions_floor_spawned":[8,10,16,23,26,29,31,36,38,44,46],"ascension_level":4}}