{"host":"w2kjv12xyhtt0cv2","time":1611247254,"event":{"mods":["Act Like it!","BaseMod","Colored Map","Friendly Minions","Gensokyo","Highlight Path","Hubris","Kiyohime（清姬）","Marisa（F雨　魔理沙）","Minty Spire (QoL Compilation)","Quick Restart","Reimu（博丽灵梦）","Relic Stats","Replay The Spire","RumiaBox-露米娅的神秘盒子","Shop Mod","Spicy Shops","StSLib","The Cursed","The Servant 0.9.4","UnlockEverythingMod","Waifu the Spire","[功能]功能增强和修复MOD","vexMod","【功能Mod】Neow奖励","【遗物卡牌】REMEMod","没有小屋子和绿帽子啦"],"gold_per_floor":[359,359,17,35,35,61,61,91,116,116,116],"floor_reached":10,"playtime":1807,"items_purged":["TheCursedMod:Defend_TheCursed"],"score":77,"play_id":"9c6f66f6-d2c4-42ee-b896-eacbcd9a6ff4","local_time":"20210122004054","is_ascension_mode":true,"campfire_choices":[{"data":"Dark Embrace","floor":7,"key":"SMITH"}],"circlet_count":0,"master_deck":["TheCursedMod:Strike_TheCursed","TheCursedMod:Strike_TheCursed","TheCursedMod:Strike_TheCursed","TheCursedMod:Strike_TheCursed","TheCursedMod:Defend_TheCursed","TheCursedMod:Defend_TheCursed","TheCursedMod:CursedWand","TheCursedMod:CleanUpWorkshop","TheCursedMod:Dregs","Dark Embrace+1","TheCursedMod:CursedBlade","TheCursedMod:SpitefulStrike","TheCursedMod:ShockAndAwe"],"relics":["TheCursedMod:BlackMagic101","REME_ComplimentaryCards","Prayer Wheel","hubris:Towel","Quantum Egg","Art of War","Blue Doll"],"acts_visited":["Gensokyo:Gensokyo"],"potions_floor_usage":[6],"damage_taken":[{"damage":3.0,"enemies":"Gensokyo:2_Kodama","floor":1.0,"turns":3.0},{"damage":0.0,"enemies":"Gensokyo:3_Fairies","floor":4.0,"turns":5.0},{"damage":10,"enemies":"Gensokyo:Cirno","floor":6,"turns":6},{"damage":15,"enemies":"Gensokyo:Mamizou","floor":8,"turns":6},{"damage":15,"enemies":"Gensokyo:Cirno","floor":10,"turns":4}],"seed_played":"6236730165966307248","potions_obtained":[{"floor":1.0,"key":"Milkshake"}],"is_trial":false,"path_per_floor":["M","?","$","M","?","E","R","E","T","E"],"character_chosen":"THE_CURSED","items_purchased":["Prayer Wheel"],"campfire_rested":0,"item_purchase_floors":[3],"current_hp_per_floor":[51,51,51,51,51,41,41,26,26,11,11],"gold":116,"neow_bonus":"TWO_FIFTY_GOLD","is_daily":false,"chose_seed":false,"campfire_upgraded":1,"win_rate":0.0,"timestamp":1611247254,"path_taken":["M","?","$","M","?","E","R","E","T","E"],"items_purchased_type":["Relic"],"build_version":"2020-12-22","purchased_purges":1,"victory":false,"max_hp_per_floor":[75,75,75,75,75,75,75,75,75,75,75],"relic_stats":{"counters":[5,24],"Prayer Wheel":1,"Art of War":[0],"obtain_stats":[{"TheCursedMod:BlackMagic101":0,"Quantum Egg":6,"Prayer Wheel":3,"Blue Doll":9,"Art of War":8,"hubris:Towel":5,"REME_ComplimentaryCards":0},{"TheCursedMod:BlackMagic101":0,"Quantum Egg":3,"Prayer Wheel":1,"Blue Doll":4,"Art of War":4,"hubris:Towel":2,"REME_ComplimentaryCards":0},{"TheCursedMod:BlackMagic101":0,"Quantum Egg":14,"Prayer Wheel":3,"Blue Doll":20,"Art of War":20,"hubris:Towel":8,"REME_ComplimentaryCards":0}]},"card_choices":[{"not_picked":["TheCursedMod:EmpowerCircles","TheCursedMod:WearCloak","TheCursedMod:CursedAmulet"],"picked":"SKIP","floor":1.0},{"not_picked":["TheCursedMod:RapidMovement","TheCursedMod:CursedMace"],"picked":"TheCursedMod:CursedBlade","floor":4.0},{"not_picked":["TheCursedMod:CircleOfCorruption","TheCursedMod:SurpriseAttack"],"picked":"TheCursedMod:SpitefulStrike","floor":4.0},{"not_picked":["TheCursedMod:CursedAmulet","TheCursedMod:CursedBoomerang"],"picked":"TheCursedMod:ShockAndAwe","floor":6},{"not_picked":["TheCursedMod:CircleOfCorruption","TheCursedMod:CursedAmulet","TheCursedMod:Obscuration"],"picked":"SKIP","floor":8}],"player_experience":174226,"relics_obtained":[{"floor":6,"key":"Quantum Egg"},{"floor":8,"key":"Art of War"},{"floor":9,"key":"Blue Doll"}],"event_choices":[],"is_beta":false,"boss_relics":[],"items_purged_floors":[3],"is_endless":false,"potions_floor_spawned":[1],"killed_by":"Gensokyo:Cirno","ascension_level":1}}