{"host":"0j49nvi4cbm626s8","time":1611223112,"event":{"mods":["AchievementEnabler","BaseMod","Highlight Path","Marisa????????","Minty Spire (QoL Compilation)"],"gold_per_floor":[115,115,115,64,81,114,114,147,172,188,188,198,198,198],"floor_reached":13,"language":"ENG","playtime":331,"items_purged":[],"score":257,"play_id":"bca414fc-9f4a-4a80-bb19-e0f915c4cc37","local_time":"20210121105832","is_ascension_mode":true,"campfire_choices":[{"data":"GalacticHalo","floor":7,"key":"SMITH"},{"data":"GalacticHalo","floor":11,"key":"SMITH"}],"circlet_count":0,"master_deck":["AscendersBane","Strike_MRS","Strike_MRS","Strike_MRS","Strike_MRS","Defend_MRS+1","Defend_MRS","Defend_MRS+1","Defend_MRS","MasterSpark","UpSweep","GalacticHalo+1","SprinkleStarSeal","GalacticHalo+1"],"relics":["MiniHakkero","NeowsBlessing","Centennial Puzzle","Bottled Lightning","Sundial","War Paint"],"acts_visited":["Exordium"],"potions_floor_usage":[],"damage_taken":[{"damage":0,"enemies":"2 Louse","floor":1,"turns":1},{"damage":0,"enemies":"Small Slimes","floor":5,"turns":1},{"damage":0,"enemies":"3 Sentries","floor":6,"turns":1},{"damage":12,"enemies":"Lagavulin","floor":8,"turns":13},{"damage":0,"enemies":"Cultist","floor":10,"turns":6},{"damage":9,"enemies":"2 Fungi Beasts","floor":12,"turns":3},{"damage":56,"enemies":"Gremlin Nob","floor":13,"turns":6}],"seed_played":"-3750439787138139324","potions_obtained":[{"floor":8,"key":"LiquidBronze"},{"floor":10,"key":"EssenceOfSteel"},{"floor":12,"key":"PowerPotion"}],"is_trial":false,"path_per_floor":["M","?","?","$","M","E","R","E","T","M","R","M","E"],"character_chosen":"MARISA","items_purchased":["GalacticHalo"],"campfire_rested":0,"item_purchase_floors":[4],"current_hp_per_floor":[63,63,63,63,63,63,63,51,51,51,51,42,0,0],"gold":198,"neow_bonus":"THREE_ENEMY_KILL","is_daily":false,"chose_seed":false,"campfire_upgraded":2,"win_rate":0.0,"timestamp":1611223112,"path_taken":["M","?","?","$","M","E","R","E","T","?","R","M","E"],"items_purchased_type":["Card"],"build_version":"2020-12-22","purchased_purges":0,"victory":false,"max_hp_per_floor":[70,70,70,70,70,70,70,70,70,70,70,70,70,70],"card_choices":[{"not_picked":["DoubleSpark","PowerUp"],"picked":"EarthLightRay","floor":1},{"not_picked":["MilkyWay","Acceleration"],"picked":"SprinkleStarSeal","floor":5},{"not_picked":["SuperNova","SuperPerseids","DoubleSpark"],"picked":"SKIP","floor":6},{"not_picked":["LuminesStrike","SporeBomb"],"picked":"GalacticHalo","floor":8},{"not_picked":["PowerUp","ShootingEcho","UnstableBomb"],"picked":"SKIP","floor":10},{"not_picked":["GalacticHalo","IllusionStar","WitchOfGreed"],"picked":"SKIP","floor":12}],"player_experience":258375,"relics_obtained":[{"floor":6,"key":"Bottled Lightning"},{"floor":8,"key":"Sundial"},{"floor":9,"key":"War Paint"}],"event_choices":[{"damage_healed":0,"gold_gain":0,"player_choice":"Ignored","damage_taken":0,"max_hp_gain":0,"max_hp_loss":0,"event_name":"Liars Game","floor":2,"gold_loss":0},{"cards_removed":["EarthLightRay"],"damage_healed":0,"gold_gain":0,"player_choice":"Gave Card","damage_taken":0,"relics_obtained":["Centennial Puzzle"],"max_hp_gain":0,"max_hp_loss":0,"event_name":"WeMeetAgain","floor":3,"gold_loss":0}],"is_beta":false,"boss_relics":[],"items_purged_floors":[],"is_endless":false,"potions_floor_spawned":[8,10,12],"killed_by":"Gremlin Nob","ascension_level":16}}