{"host":"7fyy23rucerupe6i","time":1611219162,"event":{"mods":["AchievementEnabler","Act Like it!","BaseMod","BetterRewards","Colored Map","Colored Powertips","Conspire","Custom Start","Downfall","Mad Scientist","Marisa£®ÏF”Í°°ƒß¿Ì…≥£©","Minty Spire (QoL Compilation)","Pale of the Ancients","Quick Restart","Shop Mod","ShortenTheSpire","Spicy Shops","StSLib","SuperFastMode","The Bug Knight","The Construct","The Cursed","The Factory","The Jungle","The Servant 0.9.4","UnlockEverythingMod"],"gold_per_floor":[117,132,132,132,145,145,179,229,229,254,19,44,44,59,59,163,163,178,203,244,264,21,55,55,55,81,95,120,120,147,160,160,256,256,256,256],"floor_reached":35,"language":"ZHS","playtime":6430,"items_purged":["Defend_S"],"score":915,"play_id":"2a3f2732-b527-40f6-9c7e-e1ec207bcaf0","local_time":"20210121165242","is_ascension_mode":true,"campfire_choices":[{"data":"Solidify","floor":6,"key":"SMITH"},{"data":"TheWorld","floor":15,"key":"SMITH"},{"data":"PendulumOfEternity","floor":25,"key":"SMITH"},{"data":"Moondial","floor":32,"key":"SMITH"}],"circlet_count":0,"master_deck":["Strike_S","Strike_S","Strike_S","Defend_S","Defend_S","Defend_S","KidneyShot","Exchange","Gouge","PendulumOfEternity+1","TimeWarp","BottledTime","TimeWarp","MurderousAura","TimeWarp","InstantArmor","Moondial+1","Solidify+1","TheWorld+1","Defy","Deny","Dilation","Rewind+1","Luminosity+1","Replace+1","Desolation","Desolation+1","Misdirection+1","Starlight"],"relics":["SplendidAttire","Anchor","Prayer Wheel","Juzu Bracelet","Boot","HollowMod:PaleOreRelic","Strawberry","Akabeko","Pan","Guardian:GemstoneGun","Bottled Lightning","SacredBark","Red Mask","MerchantsRug","Tiny Chest","Omamori","Necronomicon","Lantern","PaperSwan","Bag of Preparation"],"acts_visited":["Exordium","TheCity","TheBeyond"],"potions_floor_usage":[16,16,33],"damage_taken":[{"damage":2,"enemies":"Jaw Worm","floor":1,"turns":2},{"damage":0,"enemies":"Cultist","floor":2,"turns":3},{"damage":0,"enemies":"Small Slimes","floor":5,"turns":1},{"damage":0,"enemies":"Gremlin Nob","floor":7,"turns":2},{"damage":0,"enemies":"Lagavulin","floor":10,"turns":5},{"damage":0,"enemies":"Gremlin Nob","floor":12,"turns":2},{"damage":0,"enemies":"3 Louse","floor":14,"turns":1},{"damage":23,"enemies":"The Guardian","floor":16,"turns":8},{"damage":2,"enemies":"2 Thieves","floor":18,"turns":3},{"damage":0,"enemies":"Masked Bandits","floor":19,"turns":3},{"damage":11,"enemies":"conspire:MimicChest","floor":20,"turns":5},{"damage":0,"enemies":"3 Byrds","floor":21,"turns":4},{"damage":0,"enemies":"HollowMod:Nosk","floor":23,"turns":4},{"damage":0,"enemies":"Sentry and Sphere","floor":27,"turns":3},{"damage":0,"enemies":"Gremlin Leader","floor":28,"turns":1},{"damage":0,"enemies":"conspire:Head Lice","floor":30,"turns":1},{"damage":0,"enemies":"Snake Plant","floor":31,"turns":2},{"damage":0,"enemies":"Automaton","floor":33,"turns":4},{"damage":0,"enemies":"3 Darklings","floor":35,"turns":1}],"seed_played":"-6056102290332422710","potions_obtained":[{"floor":1,"key":"DuplicationPotion"},{"floor":12,"key":"Block Potion"},{"floor":16,"key":"champ:CounterPotion"},{"floor":19,"key":"Weak Potion"},{"floor":23,"key":"SkillPotion"},{"floor":27,"key":"Explosive Potion"},{"floor":30,"key":"EssenceOfSteel"}],"is_trial":false,"path_per_floor":["M","M","?","?","M","R","E","T","T","E","$","E","$","M","R","B",null,"M","?","?","M","$","E","?","R","T","M","E","?","E","M","R","B",null,"M"],"character_chosen":"THE_SERVANT","items_purchased":["Anchor","Gouge","Prayer Wheel","Juzu Bracelet","Orrery","Pan","Guardian:GemstoneGun","MerchantsRug","Tiny Chest"],"campfire_rested":0,"item_purchase_floors":[0,0,0,0,0,11,11,22,22],"current_hp_per_floor":[26,26,26,26,26,26,26,26,33,33,33,33,33,33,33,10,57,55,55,44,44,44,44,28,28,28,28,28,28,28,28,28,28,61,61,61],"gold":256,"neow_bonus":"","is_daily":false,"chose_seed":false,"campfire_upgraded":4,"win_rate":0.0,"timestamp":1611219162,"path_taken":["M","M","?","?","M","R","E","?","T","E","?","E","$","M","R","BOSS","M","?","?","M","$","E","?","R","T","M","E","?","E","M","R","BOSS","M"],"items_purchased_type":["Relic","Card","Relic","Relic","Relic","Relic","Relic","Relic","Relic"],"build_version":"2020-12-22","purchased_purges":1,"victory":false,"max_hp_per_floor":[65,65,65,65,65,65,65,65,72,72,72,72,72,72,72,72,72,72,72,72,72,72,72,72,72,72,72,72,72,72,72,72,72,72,72,72],"card_choices":[{"not_picked":["Desolation","Gouge"],"picked":"PendulumOfEternity","floor":0},{"not_picked":["Potential","BottledTime"],"picked":"TimeWarp","floor":0},{"not_picked":["Potential","Spin"],"picked":"BottledTime","floor":0},{"not_picked":["Rearm","Snipe"],"picked":"TimeWarp","floor":0},{"not_picked":["ShatteredReality","Misdirection"],"picked":"MurderousAura","floor":0},{"not_picked":["DoubleEdge","Alleviate"],"picked":"TimeWarp","floor":1},{"not_picked":["Defy","Spin"],"picked":"InstantArmor","floor":1},{"not_picked":["ShatteredReality","Potential"],"picked":"Moondial","floor":2},{"not_picked":["Revamp","Ricochet","Spin"],"picked":"SKIP","floor":2},{"not_picked":["Revamp","Ricochet","Spin"],"picked":"SKIP","floor":2},{"not_picked":["Revamp","Potential"],"picked":"Solidify","floor":5},{"not_picked":["Ricochet","Defy","InstantArmor"],"picked":"SKIP","floor":5},{"not_picked":["Defy","Read"],"picked":"TheWorld","floor":7},{"not_picked":["ShatteredReality","Spin"],"picked":"Defy","floor":10},{"not_picked":["Spin","Contraction"],"picked":"Deny","floor":12},{"not_picked":["Unruled","Starlight","StarChef"],"picked":"SKIP","floor":14},{"not_picked":["Starlight","Reset","Rewind"],"picked":"SKIP","floor":14},{"not_picked":["SilverMatrix","Duplication"],"picked":"Dilation","floor":16},{"not_picked":["Read","Starlight"],"picked":"Rewind+1","floor":18},{"not_picked":["TimeTheft","Deadline","DancingSilver"],"picked":"SKIP","floor":18},{"not_picked":["Replace","FastForward"],"picked":"Luminosity+1","floor":19},{"not_picked":["ShatteredReality","Rewind"],"picked":"Replace+1","floor":21},{"not_picked":["Deadline","Defy","Sabotage"],"picked":"SKIP","floor":21},{"not_picked":["Alleviate","Shuttle","Potential"],"picked":"SKIP","floor":23},{"not_picked":["SurpressingFire","FastForward+1"],"picked":"Desolation","floor":27},{"not_picked":["Rearm+1","Alleviate"],"picked":"Desolation+1","floor":27},{"not_picked":["TimeWarp","Replace+1","PendulumOfEternity"],"picked":"SKIP","floor":28},{"not_picked":["BottledTime","Comet"],"picked":"Misdirection+1","floor":30},{"not_picked":["Ricochet","Replace+1"],"picked":"Starlight","floor":31},{"not_picked":["Misdirection","Snipe+1","Revamp"],"picked":"SKIP","floor":31}],"player_experience":535938,"relics_obtained":[{"floor":7,"key":"HollowMod:PaleOreRelic"},{"floor":8,"key":"Dream Catcher"},{"floor":9,"key":"Strawberry"},{"floor":10,"key":"Akabeko"},{"floor":12,"key":"Bottled Lightning"},{"floor":19,"key":"Red Mask"},{"floor":20,"key":"conspire:DeflatedDodgeball"},{"floor":23,"key":"Omamori"},{"floor":24,"key":"Necronomicon"},{"floor":26,"key":"Lantern"},{"floor":28,"key":"PaperSwan"},{"floor":30,"key":"Bag of Preparation"}],"event_choices":[{"damage_healed":0,"gold_gain":0,"cards_transformed":["Strike_S"],"player_choice":"Transformed","damage_taken":0,"max_hp_gain":0,"max_hp_loss":0,"event_name":"Transmorgrifier","floor":3,"gold_loss":0,"cards_obtained":["Defy"]},{"cards_removed":["Defy"],"damage_healed":0,"gold_gain":0,"player_choice":"Gave Card","damage_taken":0,"relics_obtained":["Boot"],"max_hp_gain":0,"max_hp_loss":0,"event_name":"WeMeetAgain","floor":4,"gold_loss":0},{"damage_healed":0,"gold_gain":0,"player_choice":"Fought Bandits","damage_taken":0,"max_hp_gain":0,"max_hp_loss":0,"event_name":"Masked Bandits","floor":19,"gold_loss":0},{"damage_healed":0,"gold_gain":0,"player_choice":"Obtained Book","damage_taken":16,"max_hp_gain":0,"max_hp_loss":0,"event_name":"Cursed Tome","floor":24,"gold_loss":0},{"damage_healed":0,"gold_gain":0,"player_choice":"Ignored","damage_taken":0,"max_hp_gain":0,"max_hp_loss":0,"event_name":"Vampires","floor":29,"gold_loss":0}],"is_beta":false,"boss_relics":[{"not_picked":["Pandora\u0027s Box","Empty Cage"],"picked":"SacredBark"},{"not_picked":["conspire:SpecialSausage","Runic Pyramid"],"picked":"SplendidAttire"}],"items_purged_floors":[22],"is_endless":false,"potions_floor_spawned":[1,12,14,16,19,23,27,30],"killed_by":"3 Darklings","ascension_level":9}}