{"host":"qekv59dthhdg54sz","time":1611200737,"event":{"mods":["AchievementEnabler","BaseMod","Colored Map","DeckTracker","KOR Keyword Fix","Minty Spire (QoL Compilation)","Rare Cards Sparkle","StSLib","SuperFastMode"],"gold_per_floor":[116,136,149,160,1,1,1,15,15,15,15,56,56,131,131,131,131],"floor_reached":16,"language":"KOR","playtime":318,"items_purged":["Strike_P"],"score":200,"play_id":"b38d7791-67fc-49dc-9f59-c9693403e94b","local_time":"20210121124537","is_ascension_mode":true,"campfire_choices":[{"data":"Eruption","floor":6.0,"key":"SMITH"},{"floor":11.0,"key":"REST"},{"data":"Meditate","floor":13.0,"key":"SMITH"},{"data":"Tantrum","floor":15.0,"key":"SMITH"}],"circlet_count":0,"master_deck":["AscendersBane","Strike_P","Strike_P","Defend_P","Defend_P","Defend_P","Eruption+1","Vigilance","FollowUp","InnerPeace+1","FearNoEvil","Indignation","Tantrum+1","Swivel+1","Meditate+1"],"relics":["Empty Cage","Strawberry","Golden Idol","War Paint"],"acts_visited":["Exordium"],"potions_floor_usage":[],"damage_taken":[{"damage":1.0,"enemies":"Cultist","floor":1.0,"turns":4.0},{"damage":17.0,"enemies":"2 Louse","floor":2.0,"turns":4.0},{"damage":1.0,"enemies":"Small Slimes","floor":3.0,"turns":4.0},{"damage":13.0,"enemies":"Exordium Thugs","floor":4.0,"turns":4.0},{"damage":14.0,"enemies":"Large Slime","floor":8.0,"turns":4.0},{"damage":12.0,"enemies":"Lagavulin","floor":12.0,"turns":5.0},{"damage":6,"enemies":"Hexaghost","floor":16,"turns":7}],"seed_played":"5748681758674168187","potions_obtained":[{"floor":3.0,"key":"LiquidMemories"},{"floor":4.0,"key":"Weak Potion"}],"is_trial":false,"path_per_floor":["M","M","M","M","$","R","?","M","T","?","R","E","R","?","R","B"],"character_chosen":"WATCHER","items_purchased":["Tantrum"],"campfire_rested":1,"item_purchase_floors":[5],"current_hp_per_floor":[60,43,42,29,29,29,29,15,22,22,42,30,30,19,19,13,13],"gold":131,"neow_bonus":"BOSS_RELIC","is_daily":false,"chose_seed":false,"campfire_upgraded":3,"win_rate":0.0,"timestamp":1611200737,"path_taken":["M","M","M","?","$","R","?","M","T","?","R","E","R","?","R","BOSS"],"items_purchased_type":["Card"],"build_version":"2020-12-22","purchased_purges":1,"victory":false,"max_hp_per_floor":[68,68,68,68,68,68,68,68,75,68,68,68,68,68,68,68,68],"card_choices":[{"not_picked":["InnerPeace","ClearTheMind"],"picked":"FollowUp","floor":1.0},{"not_picked":["FlyingSleeves","PathToVictory"],"picked":"InnerPeace","floor":2.0},{"not_picked":["BowlingBash","Wireheading"],"picked":"FearNoEvil","floor":3.0},{"not_picked":["PathToVictory","Prostrate"],"picked":"Indignation","floor":4.0},{"not_picked":["BowlingBash","CrushJoints"],"picked":"Swivel","floor":8.0},{"not_picked":["Alpha","ClearTheMind"],"picked":"Meditate","floor":12.0}],"player_experience":789748,"relics_obtained":[{"floor":9.0,"key":"Strawberry"},{"floor":12.0,"key":"War Paint"}],"event_choices":[{"damage_healed":0.0,"max_hp_gain":0.0,"max_hp_loss":0.0,"gold_gain":0.0,"event_name":"Liars Game","player_choice":"Ignored","floor":7.0,"gold_loss":0.0,"damage_taken":0.0},{"damage_healed":0.0,"max_hp_gain":0.0,"max_hp_loss":7.0,"gold_gain":0.0,"event_name":"Golden Idol","player_choice":"Lose Max HP","floor":10.0,"gold_loss":0.0,"damage_taken":0.0,"relics_obtained":["Golden Idol"]},{"damage_healed":0.0,"max_hp_gain":0.0,"max_hp_loss":0.0,"gold_gain":75.0,"event_name":"World of Goop","player_choice":"Gather Gold","floor":14.0,"gold_loss":0.0,"damage_taken":11.0}],"is_beta":false,"boss_relics":[],"items_purged_floors":[5],"is_endless":false,"potions_floor_spawned":[3,4],"killed_by":"Hexaghost","ascension_level":20}}