{"host":"54vghy6hfkyy1r39","time":1611223927,"event":{"mods":["AchievementEnabler","BaseMod","Minty Spire (QoL Compilation)","StSLib","SuperFastMode","everything is the same but u backflip on backflip"],"gold_per_floor":[112,27,27,27,40,81,106,106,106,130,80,130,130,130,130,250,250,269,23,47,47,47,47,62,79,102,102,102],"floor_reached":27,"language":"KOR","playtime":749,"items_purged":[],"score":211,"play_id":"ba5c41e7-9b7e-40a9-8455-2e5492ae1723","local_time":"20210121191207","is_ascension_mode":false,"campfire_choices":[{"floor":8,"key":"REST"},{"data":"Perfected Strike","floor":13,"key":"SMITH"},{"floor":15,"key":"REST"},{"data":"Power Through","floor":23,"key":"SMITH"}],"circlet_count":0,"master_deck":["Strike_R","Strike_R","Strike_R","Strike_R","Strike_R","Defend_R","Defend_R","Defend_R","Defend_R","Bash+1","Corruption","Power Through+1","Flash of Steel","Sword Boomerang","Ghostly Armor","Perfected Strike+1","Evolve+1","Barricade+1","Pommel Strike","Pommel Strike+1","Rage","Entrench+1"],"relics":["Burning Blood","Mango","Bloody Idol","Frozen Egg 2","Question Card","Blood Vial","Mark of Pain","Molten Egg 2","Lantern"],"acts_visited":["Exordium","TheCity"],"potions_floor_usage":[16,16,16,27],"damage_taken":[{"damage":11,"enemies":"Small Slimes","floor":1,"turns":5},{"damage":1,"enemies":"2 Louse","floor":5,"turns":3},{"damage":60,"enemies":"3 Sentries","floor":6,"turns":14},{"damage":12,"enemies":"Cultist","floor":7,"turns":4},{"damage":10,"enemies":"3 Louse","floor":10,"turns":5},{"damage":57,"enemies":"The Guardian","floor":16,"turns":11},{"damage":7,"enemies":"Spheric Guardian","floor":18,"turns":4},{"damage":31,"enemies":"Shell Parasite","floor":20,"turns":7},{"damage":50,"enemies":"3 Cultists","floor":24,"turns":8},{"damage":16,"enemies":"Shelled Parasite and Fungi","floor":25,"turns":5},{"damage":29,"enemies":"Slavers","floor":27,"turns":4}],"seed_played":"-4082683135832679284","potions_obtained":[{"floor":1,"key":"Strength Potion"},{"floor":6,"key":"Block Potion"},{"floor":10,"key":"FearPotion"},{"floor":18,"key":"GamblersBrew"},{"floor":20,"key":"Ancient Potion"},{"floor":24,"key":"BlessingOfTheForge"}],"is_trial":false,"path_per_floor":["M","$","?","?","M","E","M","R","T","M","?","T","R","?","R","B",null,"M","$","M","$","?","R","M","M","T","E"],"character_chosen":"IRONCLAD","items_purchased":["Flash of Steel","Molten Egg 2"],"campfire_rested":2,"item_purchase_floors":[2,19],"current_hp_per_floor":[75,75,77,77,82,28,22,48,48,44,44,44,44,44,70,21,87,86,86,62,62,62,62,25,22,27,0,0],"gold":102,"neow_bonus":"THREE_RARE_CARDS","is_daily":false,"chose_seed":false,"campfire_upgraded":2,"win_rate":0.0,"timestamp":1611223927,"path_taken":["M","$","?","?","M","E","M","R","T","M","?","?","R","?","R","BOSS","M","$","M","$","?","R","M","M","T","E"],"items_purchased_type":["Card","Relic"],"build_version":"2020-12-22","purchased_purges":0,"victory":false,"max_hp_per_floor":[80,80,94,87,87,87,87,87,87,87,87,87,87,87,87,87,87,87,87,87,87,87,87,87,87,87,87,87],"card_choices":[{"not_picked":["Offering","Impervious"],"picked":"Corruption","floor":0},{"not_picked":["Seeing Red","Cleave"],"picked":"Power Through","floor":1},{"not_picked":["Heavy Blade","Reckless Charge"],"picked":"Sword Boomerang","floor":5},{"not_picked":["Iron Wave","Thunderclap"],"picked":"Ghostly Armor","floor":6},{"not_picked":["Flex","Twin Strike"],"picked":"Perfected Strike","floor":7},{"not_picked":["Whirlwind","Iron Wave","Clothesline"],"picked":"Evolve+1","floor":10},{"not_picked":["Offering","Reaper","Juggernaut+1"],"picked":"Barricade+1","floor":16},{"not_picked":["Intimidate","Warcry","Shockwave"],"picked":"Pommel Strike","floor":18},{"not_picked":["Headbutt+1","Pummel+1","Clash+1"],"picked":"Pommel Strike+1","floor":20},{"not_picked":["Anger+1","Shrug It Off","Berserk+1"],"picked":"Rage","floor":24},{"not_picked":["Ghostly Armor","Seeing Red","Rampage+1"],"picked":"Entrench+1","floor":25}],"player_experience":206205,"relics_obtained":[{"floor":6,"key":"Frozen Egg 2"},{"floor":9,"key":"Question Card"},{"floor":12,"key":"Blood Vial"},{"floor":26,"key":"Lantern"}],"event_choices":[{"damage_healed":0,"gold_gain":0,"player_choice":"Success","damage_taken":12,"relics_obtained":["Mango"],"max_hp_gain":0,"max_hp_loss":0,"event_name":"Scrap Ooze","floor":3,"gold_loss":0},{"damage_healed":0,"gold_gain":0,"player_choice":"Lose Max HP","damage_taken":0,"relics_obtained":["Golden Idol"],"max_hp_gain":0,"max_hp_loss":7,"event_name":"Golden Idol","floor":4,"gold_loss":0},{"cards_removed":["Decay"],"damage_healed":0,"gold_gain":0,"player_choice":"Card Removal","damage_taken":0,"max_hp_gain":0,"max_hp_loss":0,"event_name":"The Cleric","floor":11,"gold_loss":50},{"damage_healed":0,"gold_gain":0,"player_choice":"Forge","damage_taken":0,"max_hp_gain":0,"max_hp_loss":0,"event_name":"Accursed Blacksmith","floor":14,"gold_loss":0,"cards_upgraded":["Bash"]},{"damage_healed":0,"gold_gain":0,"player_choice":"Gave Idol","damage_taken":0,"relics_obtained":["Bloody Idol"],"max_hp_gain":0,"max_hp_loss":0,"event_name":"Forgotten Altar","floor":22,"relics_lost":["Golden Idol"],"gold_loss":0}],"is_beta":false,"boss_relics":[{"not_picked":["Velvet Choker","Pandora\u0027s Box"],"picked":"Mark of Pain"}],"items_purged_floors":[],"is_endless":false,"potions_floor_spawned":[1,6,10,18,20,24],"killed_by":"Slavers","ascension_level":0}}