{"host":"1c7jotkkc04esl4v","time":1611201948,"event":{"mods":["BaseMod","Downfall","Minty Spire (QoL Compilation)","StSLib","The Alterego"],"gold_per_floor":[218,218,293,293,18,18,51,51,78,78,97,122,122,135,135,231,231,248,260,260,291,301,330,330,360,385,420,420,432,464,334,334,435,435,455,65,81,91,141,141,173,191,243,287,313,547,102,119,119,119,119,119,65,92,92],"floor_reached":56,"language":"ENG","playtime":3823,"items_purged":["Bite"],"score":1440,"play_id":"393b5e12-ca0d-4a71-912e-d1c8cb3fbda7","local_time":"20210120220548","is_ascension_mode":true,"campfire_choices":[{"data":"alterego_mod:BrynhildrsRune","floor":6,"key":"SMITH"},{"data":"alterego_mod:Impale","floor":8,"key":"SMITH"},{"data":"alterego_mod:1TonWallop","floor":10,"key":"SMITH"},{"data":"alterego_mod:Mirror","floor":15,"key":"SMITH"},{"data":"alterego_mod:BrynhildrRomantia","floor":24,"key":"SMITH"},{"data":"alterego_mod:ClassAdvantage","floor":32,"key":"SMITH"},{"floor":40,"key":"RECALL"},{"data":"Secret Weapon","floor":49,"key":"SMITH"},{"data":"alterego_mod:Nekomimi","floor":52,"key":"SMITH"}],"circlet_count":0,"master_deck":["alterego_mod:Defend+1","alterego_mod:Defend+1","alterego_mod:Defend+1","alterego_mod:Defend+1","alterego_mod:Impale+1","alterego_mod:BrynhildrsRune+1","alterego_mod:SakuraFive","alterego_mod:1TonWallop+1","alterego_mod:Mirror+1","alterego_mod:BrynhildrRomantia+1","alterego_mod:Undulate+1","Bite","Bite","Bite","Bite","alterego_mod:Pet+1","alterego_mod:ClassAdvantage+1","alterego_mod:BeGentle+1","alterego_mod:Pet","alterego_mod:PainIsPleasure","alterego_mod:Nekomimi+1","Panache","alterego_mod:HighServant+1","alterego_mod:Undulate+1","alterego_mod:PainIsPleasure","alterego_mod:Birthday+1","Flash of Steel","alterego_mod:Birthday","Secret Weapon+1","alterego_mod:Birthday"],"relics":["alterego_mod:MasochisticConstitution","Letter Opener","Pocketwatch","Matryoshka","Coffee Dripper","Red Mask","Toy Ornithopter","Blue Candle","Kunai","Boot","Ornamental Fan","Dream Catcher","Black Star","Bronze Scales","StoneCalendar","Gambling Chip","Anchor","MawBank","Lantern","Orichalcum","War Paint","alterego_mod:SistersRibbon","InkBottle","Bottled Tornado"],"acts_visited":["Exordium","TheCity","TheBeyond","TheEnding"],"potions_floor_usage":[7,16,27,33,33,35,35,37,38,45,50,50],"damage_taken":[{"damage":11,"enemies":"2 Louse","floor":1,"turns":5},{"damage":28,"enemies":"Lagavulin","floor":7,"turns":7},{"damage":3,"enemies":"Small Slimes","floor":11,"turns":3},{"damage":16,"enemies":"Gremlin Nob","floor":12,"turns":3},{"damage":2,"enemies":"Jaw Worm","floor":14,"turns":7},{"damage":17,"enemies":"Hexaghost","floor":16,"turns":11},{"damage":5,"enemies":"3 Byrds","floor":18,"turns":7},{"damage":17,"enemies":"2 Thieves","floor":19,"turns":5},{"damage":11,"enemies":"Masked Bandits","floor":21,"turns":3},{"damage":7,"enemies":"Sentry and Sphere","floor":22,"turns":6},{"damage":25,"enemies":"Gremlin Leader","floor":23,"turns":7},{"damage":39,"enemies":"Slavers","floor":25,"turns":8},{"damage":19,"enemies":"Book of Stabbing","floor":27,"turns":5},{"damage":25,"enemies":"Snecko","floor":29,"turns":4},{"damage":25,"enemies":"Slavers","floor":30,"turns":8},{"damage":14,"enemies":"Champ","floor":33,"turns":12},{"damage":6,"enemies":"Orb Walker","floor":35,"turns":3},{"damage":10,"enemies":"3 Darklings","floor":37,"turns":2},{"damage":11,"enemies":"Writhing Mass","floor":38,"turns":9},{"damage":0,"enemies":"Mind Bloom Boss Battle","floor":39,"turns":16},{"damage":0,"enemies":"Nemesis","floor":41,"turns":7},{"damage":8,"enemies":"4 Shapes","floor":42,"turns":7},{"damage":33,"enemies":"Giant Head","floor":44,"turns":14},{"damage":20,"enemies":"3 Darklings","floor":45,"turns":5},{"damage":12,"enemies":"Spire Growth","floor":48,"turns":5},{"damage":29,"enemies":"Donu and Deca","floor":50,"turns":10},{"damage":3,"enemies":"Shield and Spear","floor":54,"turns":7},{"damage":78,"enemies":"The Heart","floor":55,"turns":16}],"seed_played":"-1904230017673817728","potions_obtained":[{"floor":1,"key":"DuplicationPotion"},{"floor":7,"key":"Block Potion"},{"floor":19,"key":"Regen Potion"},{"floor":27,"key":"hexamod:SoulburnPotion"},{"floor":29,"key":"SpeedPotion"},{"floor":30,"key":"EntropicBrew"},{"floor":35,"key":"DuplicationPotion"},{"floor":41,"key":"SkillPotion"},{"floor":42,"key":"Block Potion"},{"floor":45,"key":"Energy Potion"}],"is_trial":false,"path_per_floor":["M","?","?","?","$","R","E","R","T","R","M","E","?","M","R","B",null,"M","M","?","?","M","E","R","E","T","E","?","M","E","$","R","B",null,"M","$","M","M","?","R","E","M","T","E","M","?","$","M","R","B",null,"R","$","E","B",null],"character_chosen":"The_Alterego","items_purchased":["Letter Opener","alterego_mod:1TonWallop","alterego_mod:BeGentle","alterego_mod:Pet","Panache","Bronze Scales","alterego_mod:SistersRibbon","Flash of Steel","alterego_mod:Birthday","Secret Weapon","alterego_mod:Birthday"],"campfire_rested":0,"item_purchase_floors":[5,5,31,31,36,36,47,47,47,47,53],"current_hp_per_floor":[67,72,61,54,54,54,34,34,34,34,39,31,31,37,37,28,81,88,88,64,62,67,61,61,68,68,69,69,58,73,73,73,105,108,109,109,100,115,127,127,127,136,136,129,146,146,146,146,146,154,156,156,156,157,149],"gold":92,"neow_bonus":"HUNDRED_GOLD","is_daily":false,"chose_seed":false,"campfire_upgraded":8,"win_rate":0.0,"timestamp":1611201948,"path_taken":["M","?","?","?","$","R","E","R","T","R","M","E","?","M","R","BOSS","M","M","?","?","M","E","R","E","T","E","?","M","E","$","R","BOSS","M","$","M","M","?","R","E","M","T","E","M","?","$","M","R","BOSS","R","$","E","BOSS"],"items_purchased_type":["Relic","Card","Card","Card","Card","Relic","Relic","Card","Card","Card","Card"],"build_version":"2020-12-22","purchased_purges":1,"victory":true,"max_hp_per_floor":[71,76,76,76,76,76,77,77,77,77,78,79,79,80,80,81,81,88,92,64,64,67,71,71,84,84,85,85,90,103,103,103,108,108,109,109,110,115,127,127,127,136,136,141,146,146,146,151,151,156,156,156,156,157,158],"card_choices":[{"not_picked":["alterego_mod:BoobPocket","alterego_mod:Undulate"],"picked":"alterego_mod:SakuraFive","floor":1},{"not_picked":["alterego_mod:MagicResistance","alterego_mod:Tantrum","alterego_mod:Stockings"],"picked":"SKIP","floor":7},{"not_picked":["alterego_mod:BiFurious","alterego_mod:Punishment","alterego_mod:Bloomers"],"picked":"SKIP","floor":11},{"not_picked":["alterego_mod:BreastValley","alterego_mod:GachaTicket","alterego_mod:1TonWallop"],"picked":"SKIP","floor":12},{"not_picked":["alterego_mod:Skirt","alterego_mod:PerceptionDisorder"],"picked":"alterego_mod:Mirror","floor":14},{"not_picked":["alterego_mod:AlterEgo","alterego_mod:STier"],"picked":"alterego_mod:BrynhildrRomantia","floor":16},{"not_picked":["alterego_mod:GoddessCore","alterego_mod:Bounce"],"picked":"alterego_mod:Undulate+1","floor":18},{"not_picked":["alterego_mod:PerceptionDisorder","alterego_mod:DestructionOfProperty","alterego_mod:DustData"],"picked":"SKIP","floor":19},{"not_picked":["alterego_mod:Schoolgirl","alterego_mod:Valentines"],"picked":"alterego_mod:Pet","floor":21},{"not_picked":["alterego_mod:DustData","alterego_mod:MagicResistance","alterego_mod:BiFurious"],"picked":"SKIP","floor":22},{"not_picked":["alterego_mod:PresenceConcealment","alterego_mod:VirginLaserPalladion","alterego_mod:Punishment+1"],"picked":"SKIP","floor":23},{"not_picked":["alterego_mod:Bounce","alterego_mod:Lingerie","alterego_mod:Punishment"],"picked":"SKIP","floor":25},{"not_picked":["alterego_mod:PerceptionDisorder","alterego_mod:TrashNCrash+1"],"picked":"alterego_mod:ClassAdvantage","floor":27},{"not_picked":["alterego_mod:Stockings+1","alterego_mod:MagicResistance","alterego_mod:Punishment"],"picked":"SKIP","floor":29},{"not_picked":["alterego_mod:Stockings+1","alterego_mod:MagicResistance","alterego_mod:Punishment"],"picked":"SKIP","floor":29},{"not_picked":["alterego_mod:AlterEgo","alterego_mod:Exercise","alterego_mod:MagicResistance+1"],"picked":"SKIP","floor":30},{"not_picked":["alterego_mod:Valkyrie","alterego_mod:Lift"],"picked":"alterego_mod:PainIsPleasure","floor":33},{"not_picked":["alterego_mod:Maid+1","alterego_mod:BustOut+1"],"picked":"alterego_mod:Nekomimi","floor":35},{"not_picked":["alterego_mod:DiscoLights+1","alterego_mod:Mirror+1"],"picked":"alterego_mod:HighServant+1","floor":37},{"not_picked":["alterego_mod:GoddessCore+1","alterego_mod:SuperDuperMasochism+1","alterego_mod:PurpleHair+1"],"picked":"SKIP","floor":38},{"not_picked":["alterego_mod:1TonWallop","alterego_mod:Mirror"],"picked":"alterego_mod:Undulate+1","floor":39},{"not_picked":["alterego_mod:GachaTicket+1","alterego_mod:BoobPocket+1","alterego_mod:Exercise"],"picked":"SKIP","floor":41},{"not_picked":["alterego_mod:Antipathy","alterego_mod:Lingerie+1","alterego_mod:DestructionOfProperty+1"],"picked":"SKIP","floor":42},{"not_picked":["alterego_mod:Cooking+1","alterego_mod:Maid"],"picked":"alterego_mod:PainIsPleasure","floor":44},{"not_picked":["alterego_mod:Support+1","alterego_mod:Punishment"],"picked":"alterego_mod:Birthday+1","floor":45},{"not_picked":["alterego_mod:Cooking","alterego_mod:GoddessCore+1","alterego_mod:Maid+1"],"picked":"SKIP","floor":48},{"not_picked":["alterego_mod:Table","alterego_mod:Bounce","alterego_mod:GoddessCore"],"picked":"SKIP","floor":54}],"player_experience":346979,"relics_obtained":[{"floor":7,"key":"Pocketwatch"},{"floor":12,"key":"Matryoshka"},{"floor":21,"key":"Red Mask"},{"floor":23,"key":"Toy Ornithopter"},{"floor":25,"key":"Blue Candle"},{"floor":26,"key":"Kunai"},{"floor":26,"key":"Boot"},{"floor":27,"key":"Ornamental Fan"},{"floor":30,"key":"Dream Catcher"},{"floor":39,"key":"StoneCalendar"},{"floor":41,"key":"Gambling Chip"},{"floor":41,"key":"Anchor"},{"floor":43,"key":"MawBank"},{"floor":43,"key":"Lantern"},{"floor":44,"key":"Orichalcum"},{"floor":44,"key":"War Paint"},{"floor":54,"key":"InkBottle"},{"floor":54,"key":"Bottled Tornado"}],"event_choices":[{"damage_healed":0,"gold_gain":0,"player_choice":"Donut","damage_taken":0,"max_hp_gain":5,"max_hp_loss":0,"event_name":"Big Fish","floor":2,"gold_loss":0},{"damage_healed":0,"gold_gain":75,"player_choice":"Gather Gold","damage_taken":11,"max_hp_gain":0,"max_hp_loss":0,"event_name":"World of Goop","floor":3,"gold_loss":0},{"cards_removed":["alterego_mod:BigMeatyClaws"],"damage_healed":0,"gold_gain":0,"player_choice":"Card Removal","damage_taken":7,"max_hp_gain":0,"max_hp_loss":0,"event_name":"Golden Wing","floor":4,"gold_loss":0},{"damage_healed":0,"gold_gain":0,"player_choice":"Ignored","damage_taken":0,"max_hp_gain":0,"max_hp_loss":0,"event_name":"Liars Game","floor":13,"gold_loss":0},{"damage_healed":0,"gold_gain":0,"player_choice":"Became a vampire","damage_taken":0,"max_hp_gain":0,"max_hp_loss":28,"event_name":"Vampires","floor":20,"gold_loss":0,"cards_obtained":["Bite","Bite","Bite","Bite","Bite"]},{"damage_healed":0,"gold_gain":0,"player_choice":"Fought Bandits","damage_taken":0,"max_hp_gain":0,"max_hp_loss":0,"event_name":"Masked Bandits","floor":21,"gold_loss":0},{"damage_healed":0,"gold_gain":0,"player_choice":"Simplicity","damage_taken":0,"max_hp_gain":0,"max_hp_loss":0,"event_name":"Back to Basics","floor":28,"gold_loss":0,"cards_upgraded":["alterego_mod:Defend","alterego_mod:Defend","alterego_mod:Defend","alterego_mod:Defend"]},{"damage_healed":0,"gold_gain":0,"player_choice":"Fight","damage_taken":0,"max_hp_gain":0,"max_hp_loss":0,"event_name":"MindBloom","floor":39,"gold_loss":0},{"damage_healed":0,"gold_gain":222,"player_choice":"Wore Mask","damage_taken":0,"max_hp_gain":0,"max_hp_loss":0,"event_name":"Tomb of Lord Red Mask","floor":46,"gold_loss":0}],"is_beta":false,"boss_relics":[{"not_picked":["Cursed Key","Calling Bell"],"picked":"Coffee Dripper"},{"not_picked":["Empty Cage","Fusion Hammer"],"picked":"Black Star"}],"items_purged_floors":[36],"is_endless":false,"potions_floor_spawned":[1,7,19,27,29,30,35,41,42,45],"ascension_level":2}}