{"host":"tw3e7b7j2s56am8k","time":1611218682,"event":{"mods":["Abigail Mod","Arknights The Spire","BaseMod","Friendly Minions","Koishi","Minty Spire (QoL Compilation)","Prisma Mod","StSLib","SuperFastMode","The Gatherer","WarShipGirlsR/??á´Ò³R mod"],"gold_per_floor":[1990014,1989254,1989274,1989293,1989307,1989337,1989392,1989392,1989438,1988575,1988606,1988624,1988635,1988653,1988653,1988752,1988752,1988767,1988767,1988782,1987993,1987993,1987993,1987993,1988023,1988072,1988100,1988132,1988132,1988146,1988161,1988161,1988264,1988264,1988277,1988277,1987899,1987912,1987925,1987957,1988007,1988038,1988065,1988079,1988096,1988111,1988111,1988130,1988130,1988130,1988130,1988130,1987516,1987545,1987545,1987545],"floor_reached":55,"language":"KOR","playtime":2542,"items_purged":[],"score":856,"play_id":"bc58d82c-ba03-4a09-bfdb-b66519514ff5","local_time":"20210121174442","is_ascension_mode":false,"campfire_choices":[{"data":"Impatience","floor":8,"key":"SMITH"},{"data":"ats:Thorns","floor":15,"key":"SMITH"},{"floor":23,"key":"RECALL"},{"data":"ats:Serious Mode","floor":29,"key":"SMITH"},{"data":"ats:Burning Ground","floor":32,"key":"SMITH"},{"data":"ats:Neurotoxin","floor":49,"key":"SMITH"},{"data":"ats:Composite Medical Shells","floor":52,"key":"SMITH"}],"circlet_count":0,"master_deck":["ats:Strike C","ats:Strike G","ats:Strike S","ats:Strike V","ats:Armor Crushing Shot","ats:Defend","ats:Defend+1","ats:Defend","ats:Defend","ats:Emotion Absorption","ats:Revitalization+1","ats:Cat Scratch","Impatience+1","ats:Curse Doll","ats:Very Hot Blade","ats:Spore Proliferation","ats:Sashimi Platter","ats:Very Hot Blade","ats:Ignite","ats:Encircling Forest","ats:Closed Bolt Burst Fire","ats:Leaping Hammer","Panache","ats:Explosion Area Strengthen","ats:Ignite","ats:Thorns+1","ats:Ambush","ats:Volcano","ats:Demon Strength+1","ats:Blood Oath","ats:Red Shift","Impatience+1","ats:Burning Ground+1","ats:Shell Defense","ats:Serious Mode+1","ats:Neurotoxin+1","ats:Revitalization","ats:Dogmatic Field","ats:Automatic Cover","ats:Counter Healing Mode","ats:Poison Spread","ats:Composite Medical Shells+1","ats:Thorns+1","ats:Shell Defense+1","ats:Healing Drone+1","ats:Shell Defense+1","ats:Phantom+1","ats:Hook Shot","ats:Song Of Battle","Flash of Steel","ats:Charging Defense"],"relics":["ats:Sanity","Medical Kit","Kunai","Ancient Tea Set","ats:Originium","Eternal Feather","ats:Berate","War Paint","Darkstone Periapt","Bronze Scales","Sling","ats:Ability Aura","Black Star","TungstenRod","ats:Industrial Water Cannon","DollysMirror","ats:Hidden Killer","FossilizedHelix","Bottled Tornado","Vajra","Red Mask","Gambling Chip","InkBottle","Art of War","ats:Arts","MealTicket","Blue Candle","Shovel","ats:Military Tradition","Oddly Smooth Stone","ats:Spiritual Recovery","ats:Special","Pen Nib","Strawberry","Bottled Flame","Lantern"],"acts_visited":["Exordium","TheCity","TheBeyond","TheEnding"],"potions_floor_usage":[16,25,50,50,50],"damage_taken":[{"damage":0,"enemies":"Small Slimes","floor":1,"turns":4},{"damage":2,"enemies":"Jaw Worm","floor":3,"turns":3},{"damage":0,"enemies":"2 Louse","floor":4,"turns":2},{"damage":7,"enemies":"Looter","floor":5,"turns":2},{"damage":26,"enemies":"Lagavulin","floor":6,"turns":6},{"damage":13,"enemies":"3 Sentries","floor":7,"turns":7},{"damage":2,"enemies":"Gremlin Nob","floor":11,"turns":3},{"damage":1,"enemies":"Blue Slaver","floor":12,"turns":2},{"damage":0,"enemies":"Large Slime","floor":13,"turns":3},{"damage":10,"enemies":"Lots of Slimes","floor":14,"turns":2},{"damage":12,"enemies":"The Guardian","floor":16,"turns":8},{"damage":6,"enemies":"3 Byrds","floor":18,"turns":3},{"damage":3,"enemies":"Chosen","floor":20,"turns":3},{"damage":31,"enemies":"Slavers","floor":25,"turns":4},{"damage":3,"enemies":"Masked Bandits","floor":27,"turns":3},{"damage":10,"enemies":"Gremlin Leader","floor":28,"turns":3},{"damage":0,"enemies":"Snecko","floor":30,"turns":3},{"damage":5,"enemies":"Centurion and Healer","floor":31,"turns":3},{"damage":4,"enemies":"Champ","floor":33,"turns":7},{"damage":15,"enemies":"3 Darklings","floor":35,"turns":4},{"damage":13,"enemies":"3 Shapes","floor":38,"turns":6},{"damage":2,"enemies":"Transient","floor":39,"turns":5},{"damage":46,"enemies":"Nemesis","floor":40,"turns":5},{"damage":0,"enemies":"Mind Bloom Boss Battle","floor":41,"turns":4},{"damage":24,"enemies":"Reptomancer","floor":42,"turns":3},{"damage":0,"enemies":"Sphere and 2 Shapes","floor":44,"turns":3},{"damage":2,"enemies":"3 Darklings","floor":45,"turns":3},{"damage":10,"enemies":"4 Shapes","floor":46,"turns":4},{"damage":15,"enemies":"Transient","floor":48,"turns":5},{"damage":45,"enemies":"Awakened One","floor":50,"turns":7},{"damage":71,"enemies":"Shield and Spear","floor":54,"turns":5},{"damage":59,"enemies":"The Heart","floor":55,"turns":2}],"seed_played":"-5560239701698304093","potions_obtained":[{"floor":3,"key":"Strength Potion"},{"floor":5,"key":"ColorlessPotion"},{"floor":6,"key":"DuplicationPotion"},{"floor":20,"key":"SkillPotion"},{"floor":27,"key":"DistilledChaos"},{"floor":54,"key":"Strength Potion"}],"is_trial":false,"path_per_floor":["M","$","M","M","M","E","?","R","T","$","E","M","M","M","R","B",null,"M","?","M","$","?","R","T","E","T","?","E","R","M","M","R","B",null,"M","?","$","M","M","E","?","E","T","M","M","M","?","M","R","B",null,"R","$","E","B"],"character_chosen":"DOCTOR_CLASS","items_purchased":["Medical Kit","Kunai","Ancient Tea Set","ats:Cat Scratch","Impatience","ats:Curse Doll","Darkstone Periapt","Bronze Scales","Sling","ats:Encircling Forest","ats:Closed Bolt Burst Fire","ats:Leaping Hammer","Panache","TungstenRod","ats:Industrial Water Cannon","DollysMirror","ats:Burning Ground","Art of War","ats:Arts","ats:Counter Healing Mode","ats:Poison Spread","ats:Special","Pen Nib","Strawberry","ats:Song Of Battle","Flash of Steel"],"campfire_rested":0,"item_purchase_floors":[2,2,2,2,2,2,10,10,10,10,10,10,10,21,21,21,21,37,37,37,37,53,53,53,53,53],"current_hp_per_floor":[72,72,70,70,65,62,71,72,72,72,70,72,72,62,72,63,72,72,72,72,72,72,72,72,49,49,46,45,66,72,72,72,68,72,72,72,72,67,72,40,43,40,40,47,72,68,68,57,72,72,72,72,79,12,0,0],"gold":1987545,"neow_bonus":"HUNDRED_GOLD","is_daily":false,"chose_seed":false,"campfire_upgraded":6,"win_rate":0.0,"timestamp":1611218682,"path_taken":["M","$","M","M","M","E","?","R","T","$","E","M","M","M","R","BOSS","M","?","M","$","?","R","?","E","T","?","E","R","M","M","R","BOSS","M","?","$","?","M","E","?","E","T","M","M","M","?","?","R","BOSS","R","$","E","BOSS"],"items_purchased_type":["Relic","Relic","Relic","Card","Card","Card","Relic","Relic","Relic","Card","Card","Card","Card","Relic","Relic","Relic","Card","Relic","Relic","Card","Card","Relic","Relic","Relic","Card","Card"],"build_version":"2020-12-22","purchased_purges":0,"victory":false,"max_hp_per_floor":[72,72,72,72,72,72,72,72,72,72,72,72,72,72,72,72,72,72,72,72,72,72,72,72,72,72,72,72,72,72,72,72,72,72,72,72,72,72,72,72,72,72,72,72,72,72,72,72,72,72,72,72,79,79,79,79],"card_choices":[{"not_picked":["ats:Hammer On","ats:Red Shift"],"picked":"ats:Revitalization","floor":1},{"not_picked":["ats:Consecutive Shot Auto","ats:Flame Of Heaven"],"picked":"ats:Very Hot Blade","floor":3},{"not_picked":["ats:Shell Defense","ats:Consecutive Shot Auto"],"picked":"ats:Spore Proliferation","floor":4},{"not_picked":["ats:Blood Oath","ats:Overload"],"picked":"ats:Sashimi Platter","floor":5},{"not_picked":["ats:Curse Doll","ats:Sword Rain"],"picked":"ats:Very Hot Blade","floor":6},{"not_picked":["ats:Powerful Strike","ats:Hammer On"],"picked":"ats:Ignite","floor":7},{"not_picked":["ats:Thermite Blade","ats:Steam Pump"],"picked":"ats:Explosion Area Strengthen","floor":11},{"not_picked":["ats:Automatic Cover","ats:Closed Bolt Burst Fire"],"picked":"ats:Ignite","floor":12},{"not_picked":["ats:Curse Doll","ats:Blood Oath"],"picked":"ats:Thorns","floor":13},{"not_picked":["ats:Blood Oath","ats:Ignite"],"picked":"ats:Ambush","floor":14},{"not_picked":["ats:Durian","ats:Echo Reverb"],"picked":"ats:Volcano","floor":16},{"not_picked":["ats:Powerful Strike+1","ats:Poison Spread"],"picked":"ats:Demon Strength+1","floor":18},{"not_picked":[],"picked":"ats:Blood Oath","floor":19},{"not_picked":["ats:Revitalization+1","ats:Thorns+1"],"picked":"ats:Red Shift","floor":20},{"not_picked":["ats:Demon Strength","ats:Cat Scratch","ats:Sword Rain"],"picked":"SKIP","floor":25},{"not_picked":["ats:Curse Doll","ats:Collapsing Strike+1"],"picked":"ats:Shell Defense","floor":27},{"not_picked":["ats:Curse Doll+1","ats:Collapsing Strike"],"picked":"ats:Serious Mode","floor":28},{"not_picked":["ats:Cat Scratch","ats:Shell Defense"],"picked":"ats:Neurotoxin","floor":30},{"not_picked":["ats:Consecutive Shot Auto","ats:Explosion Area Strengthen"],"picked":"ats:Revitalization","floor":31},{"not_picked":["ats:Wolf Pack","ats:Echo Reverb"],"picked":"ats:Dogmatic Field","floor":33},{"not_picked":["ats:Shell Defense","ats:Assault Order"],"picked":"ats:Automatic Cover","floor":35},{"not_picked":["ats:Curse Doll+1","ats:Healing Strengthening+1"],"picked":"ats:Composite Medical Shells","floor":38},{"not_picked":["ats:Childhood Dance","ats:Curse Doll","ats:Flexible Camouflage"],"picked":"SKIP","floor":39},{"not_picked":["ats:Collapsing Strike+1","ats:Apocalypse+1"],"picked":"ats:Thorns","floor":40},{"not_picked":["ats:Consecutive Shot Auto","ats:Healing Strengthening+1"],"picked":"ats:Shell Defense+1","floor":41},{"not_picked":["ats:Closed Bolt Burst Fire+1","ats:Wolf Pack"],"picked":"ats:Healing Drone+1","floor":42},{"not_picked":["ats:Cat Scratch+1","ats:Blood Oath+1"],"picked":"ats:Shell Defense+1","floor":44},{"not_picked":["ats:Directed Diagnosis","ats:Healing Strengthening"],"picked":"ats:Phantom+1","floor":45},{"not_picked":["ats:Assault Order","ats:True Silver Slash","ats:Blood Oath"],"picked":"SKIP","floor":46},{"not_picked":["ats:Explosion Area Strengthen","ats:Consecutive Shot Auto+1"],"picked":"ats:Hook Shot","floor":48},{"not_picked":["ats:Flexible Camouflage+1","ats:Song Of Battle+1"],"picked":"ats:Charging Defense","floor":54}],"player_experience":341326,"relics_obtained":[{"floor":6,"key":"ats:Originium"},{"floor":6,"key":"Eternal Feather"},{"floor":9,"key":"War Paint"},{"floor":11,"key":"ats:Originium"},{"floor":11,"key":"ats:Ability Aura"},{"floor":25,"key":"ats:Originium"},{"floor":25,"key":"FossilizedHelix"},{"floor":25,"key":"Bottled Tornado"},{"floor":26,"key":"Vajra"},{"floor":27,"key":"Red Mask"},{"floor":28,"key":"ats:Originium"},{"floor":28,"key":"Gambling Chip"},{"floor":28,"key":"InkBottle"},{"floor":40,"key":"MealTicket"},{"floor":40,"key":"Blue Candle"},{"floor":41,"key":"Shovel"},{"floor":42,"key":"ats:Military Tradition"},{"floor":42,"key":"Oddly Smooth Stone"},{"floor":43,"key":"ats:Spiritual Recovery"},{"floor":54,"key":"Bottled Flame"},{"floor":54,"key":"Lantern"}],"event_choices":[{"damage_healed":0,"gold_gain":0,"player_choice":"Searched \u00272\u0027 times","damage_taken":0,"relics_obtained":["ats:Berate"],"max_hp_gain":0,"max_hp_loss":0,"event_name":"Dead Adventurer","floor":7,"gold_loss":0},{"damage_healed":0,"gold_gain":0,"player_choice":"Opened","damage_taken":0,"relics_obtained":["ats:Hidden Killer"],"max_hp_gain":0,"max_hp_loss":0,"event_name":"The Mausoleum","floor":22,"gold_loss":0},{"damage_healed":0,"gold_gain":0,"player_choice":"Fought Bandits","damage_taken":0,"max_hp_gain":0,"max_hp_loss":0,"event_name":"Masked Bandits","floor":27,"gold_loss":0},{"damage_healed":0,"gold_gain":0,"player_choice":"Ignored","damage_taken":0,"max_hp_gain":0,"max_hp_loss":0,"event_name":"SecretPortal","floor":36,"gold_loss":0},{"damage_healed":0,"gold_gain":0,"player_choice":"Fight","damage_taken":0,"max_hp_gain":0,"max_hp_loss":0,"event_name":"MindBloom","floor":41,"gold_loss":0},{"damage_healed":0,"gold_gain":0,"player_choice":"Forge","damage_taken":0,"max_hp_gain":0,"max_hp_loss":0,"event_name":"Accursed Blacksmith","floor":47,"gold_loss":0,"cards_upgraded":["ats:Thorns"]}],"is_beta":false,"boss_relics":[{"not_picked":["ats:Sanity Plus","ats:Tactical Delivery"],"picked":"Black Star"},{"not_picked":["Cursed Key","Busted Crown","Fusion Hammer"]}],"items_purged_floors":[],"is_endless":false,"potions_floor_spawned":[3,5,6,7,20,27,35,42,46,54],"killed_by":"The Heart","ascension_level":0}}