{"host":"hf83sijwe64ts2lm","time":1611197583,"event":{"mods":["2.2 Compatiblity","BaseMod","Better Altar","Better Match","Better Note","Better Sensory Stone","Better Skull","Better Third Choice","Colored Map","Colored Powertips","Highlight Path","Hubris","Infinite Spire","Minty Spire (QoL Compilation)","Quick Restart","Rare Cards Sparkle","Relic Stats","Replay The Spire","Shop Mod","Spicy Shops","StSLib","Thieving Mod"],"gold_per_floor":[111,126,126,138,152,152,36,53,99,99,99,117,176,192,192,192,192],"floor_reached":16,"language":"ENG","playtime":307,"items_purged":[],"score":113,"play_id":"08aec349-efba-48f7-b89d-f24fb630f0a4","local_time":"20210120215303","is_ascension_mode":true,"campfire_choices":[{"floor":6,"key":"REST"},{"floor":10,"key":"RECALL"},{"data":"ReplayTheSpireMod:Muscle Training","floor":15,"key":"SMITH"}],"circlet_count":0,"master_deck":["Strike_R","Strike_R","Strike_R","Strike_R","Strike_R","Defend_R","Defend_R","Defend_R","Defend_R","Bash+1","Wild Strike","ReplayTheSpireMod:Muscle Training+1","Decay","infinitespire:OneForAll","ReplayTheSpireMod:LeadingStrike","hubris:CleavingFinish+1","ReplayTheSpireMod:LeadingStrike","Headbutt","Self Repair+1","Defragment","ReplayReversal"],"relics":["Art of War","Iron Core"],"acts_visited":["Exordium"],"potions_floor_usage":[5,8,14,16],"damage_taken":[{"damage":1,"enemies":"Cultist","floor":1,"turns":3},{"damage":6,"enemies":"2 Louse","floor":2,"turns":2},{"damage":18,"enemies":"Small Slimes","floor":4,"turns":3},{"damage":20,"enemies":"3 Louse","floor":5,"turns":3},{"damage":4,"enemies":"Large Slime","floor":8,"turns":5},{"damage":9,"enemies":"Lots of Slimes","floor":12,"turns":4},{"damage":7,"enemies":"3 Louse","floor":14,"turns":3},{"damage":84,"enemies":"Hexaghost","floor":16,"turns":9}],"seed_played":"-4383030305696539947","potions_obtained":[{"floor":2,"key":"GamblersBrew"},{"floor":4,"key":"Block Potion"},{"floor":8,"key":"EssenceOfSteel"},{"floor":12,"key":"Energy Potion"}],"is_trial":false,"path_per_floor":["M","M","?","M","M","R","$","M","T","R","?","M","?","M","R","B"],"character_chosen":"IRONCLAD","items_purchased":["hubris:CleavingFinish+1","ReplayTheSpireMod:LeadingStrike"],"campfire_rested":1,"item_purchase_floors":[7,7],"current_hp_per_floor":[80,80,80,68,54,78,78,80,80,80,80,80,80,80,80,0,0],"gold":192,"neow_bonus":"UPGRADE_CARD","is_daily":false,"chose_seed":false,"campfire_upgraded":1,"win_rate":0.0,"timestamp":1611197583,"path_taken":["M","?","?","M","M","R","$","?","T","R","?","M","?","M","R","BOSS"],"items_purchased_type":["Card","Card"],"build_version":"2020-12-22","purchased_purges":0,"victory":false,"max_hp_per_floor":[80,80,80,80,80,80,80,80,80,80,80,80,80,80,80,80,80],"relic_stats":{"counters":[8,32],"Art of War":[1],"obtain_stats":[{"Iron Core":11,"Art of War":9,"Burning Blood":0},{"Iron Core":5,"Art of War":5,"Burning Blood":0},{"Iron Core":16,"Art of War":16,"Burning Blood":0}]},"card_choices":[{"not_picked":["ReplayTheSpireMod:Strike From Hell","Power Through"],"picked":"Wild Strike","floor":1},{"not_picked":["Twin Strike","hubris:ReadiedAction"],"picked":"ReplayTheSpireMod:Muscle Training","floor":2},{"not_picked":["Dark Embrace","Sentinel"],"picked":"infinitespire:OneForAll","floor":4},{"not_picked":["Shrug It Off","Fire Breathing"],"picked":"ReplayTheSpireMod:LeadingStrike","floor":5},{"not_picked":["Abandon","hubris:ReadiedAction"],"picked":"Headbutt","floor":8},{"not_picked":["Pommel Strike","Clothesline"],"picked":"Defragment","floor":12},{"not_picked":["Clash","Force Field"],"picked":"ReplayReversal","floor":14}],"player_experience":131414,"relics_obtained":[{"floor":9,"key":"Art of War"}],"event_choices":[{"damage_healed":0,"gold_gain":0,"player_choice":"Cursed","damage_taken":0,"max_hp_gain":0,"max_hp_loss":0,"event_name":"Wheel of Change","floor":3,"gold_loss":0,"cards_obtained":["Decay"]},{"damage_healed":0,"gold_gain":59,"player_choice":"Gained Gold","damage_taken":0,"max_hp_gain":0,"max_hp_loss":0,"event_name":"Golden Wing","floor":13,"gold_loss":0}],"is_beta":false,"boss_relics":[],"items_purged_floors":[],"is_endless":false,"potions_floor_spawned":[2,4,8,12],"killed_by":"Hexaghost","ascension_level":4}}