{"host":"oeotdbd679q6m6vu","time":1611227679,"event":{"mods":["Act Like it!","BaseMod","Colored Map","Decade(Õı–°√˜)","Downfall","Friendly Minions","Gensokyo","GifTheSpireLib","Highlight Path","Lobotomy","Marisa£®ÏF”Í°°ƒß¿Ì…≥£©","Minty Spire (QoL Compilation)","Rare Cards Sparkle","Reimu£®≤©¿ˆ¡È√Œ£©","StSLib","The Animator","The Bug Knight","Youmu£®ªÍ∆«—˝√Œ£©"],"gold_per_floor":[99,127,33,63,79,406,406,206,228,268,282,295,295,295,321,321,321],"floor_reached":16,"language":"ZHS","playtime":1205,"items_purged":[],"score":116,"play_id":"d71e57c1-a2e0-4e1c-a343-3174485d4645","local_time":"20210121061439","is_ascension_mode":true,"campfire_choices":[{"floor":1,"key":"RECALL"},{"data":"animator:Megumin+3","floor":8,"key":"SMITH"},{"floor":13,"key":"REST"}],"circlet_count":0,"master_deck":["animator:Strike_Konosuba","animator:Defend_Konosuba","animator:Strike","animator:Strike","animator:Strike","animator:Defend","animator:Defend","animator:Defend","animator:Kazuma","animator:Aqua","PunishingBird","animator:Megumin+8","CrumblingArmor","animator:Shalltear","LaLuna","SpiderBud","animator:Darkness","animator:YunYun","ShyLook","animator:Mitsurugi","animator:Vanir","UniverseFragment","Wellcheers","animator:Millim","animator:Gluttony","animator:Darkness","animator:Guy","LongBird","animator:Aisha","animator:Entoma","OldLady"],"relics":["animator:LivingPicture","animator:TheMissingPiece","animator:PurgingStone","CogitoBucket","Prayer Wheel","downfall:HeartBlessingBlue","downfall:HeartBlessingRed","Charon\u0027s Ashes","ChangeAnything","Gensokyo:CelestialsFlawlessClothing"],"acts_visited":["Exordium"],"potions_floor_usage":[6,15],"damage_taken":[{"damage":12,"enemies":"Gensokyo:Gryphon","floor":2,"turns":6},{"damage":16,"enemies":"Gensokyo:Python","floor":4,"turns":6},{"damage":2,"enemies":"Gensokyo:3_Fairies","floor":5,"turns":3},{"damage":27,"enemies":"Gensokyo:Mamizou","floor":6,"turns":9},{"damage":7,"enemies":"Gensokyo:Kitsune","floor":9,"turns":3},{"damage":4,"enemies":"Gensokyo:Python_and_Kodama","floor":10,"turns":2},{"damage":5,"enemies":"Gensokyo:LivingMonolith","floor":11,"turns":2},{"damage":23,"enemies":"Gensokyo:Kitsune","floor":12,"turns":3},{"damage":10,"enemies":"Gensokyo:Gryphon_and_Rabbit","floor":15,"turns":1},{"damage":109,"enemies":"SI_SHIV_ARCHETYPE","floor":16,"turns":7}],"seed_played":"-5908843313450823789","potions_obtained":[{"floor":5,"key":"ColorlessPotion"},{"floor":12,"key":"Fire Potion"}],"is_trial":false,"path_per_floor":["R","M","COS","M","M","E","T","R","M","M","M","M","R","?","M","B"],"character_chosen":"THE_ANIMATOR","items_purchased":[],"campfire_rested":1,"item_purchase_floors":[],"current_hp_per_floor":[66,56,56,50,52,36,36,46,41,40,35,14,37,18,13,0,0],"gold":321,"neow_bonus":"","is_daily":false,"chose_seed":false,"campfire_upgraded":1,"win_rate":0.0,"timestamp":1611227679,"path_taken":["R","M","COS","M","M","E","T","R","M","M","M","?","R","?","M","BOSS"],"items_purchased_type":[],"build_version":"2020-12-22","purchased_purges":0,"victory":false,"max_hp_per_floor":[66,66,66,66,66,67,67,77,77,78,78,78,78,78,79,79,79],"card_choices":[{"not_picked":["MHz","MeatLantern"],"picked":"PunishingBird","floor":2},{"not_picked":["animator:UneriGinkaku","animator:Togame"],"picked":"animator:Megumin","floor":2},{"not_picked":["DreamingCurrent","Porccubus"],"picked":"CrumblingArmor","floor":4},{"not_picked":["animator:Demiurge","animator:Greed"],"picked":"animator:Shalltear","floor":4},{"not_picked":["NakedNest","Wellcheers"],"picked":"LaLuna","floor":5},{"not_picked":["animator:Geryuganshoop","animator:EmiyaShirou","animator:Shuna"],"picked":"SKIP","floor":5},{"not_picked":["animator:Geryuganshoop","animator:EmiyaShirou","animator:Shuna"],"picked":"SKIP","floor":5},{"not_picked":["CherryBlossoms","Bloodbath"],"picked":"SpiderBud","floor":6},{"not_picked":["animator:Kazuma","animator:Verdia"],"picked":"animator:Darkness","floor":6},{"not_picked":["animator:Shion","animator:Berserker"],"picked":"animator:YunYun","floor":9},{"not_picked":["Scorched","QueenBee"],"picked":"ShyLook","floor":9},{"not_picked":["animator:Viivi","animator:Aisha","animator:Sonic"],"picked":"SKIP","floor":9},{"not_picked":["animator:Viivi","animator:Aisha","animator:Sonic"],"picked":"SKIP","floor":9},{"not_picked":["animator:AcuraAkari","animator:ShinjiMatou"],"picked":"animator:Mitsurugi","floor":10},{"not_picked":["animator:MumenRider","animator:Add"],"picked":"animator:Vanir","floor":10},{"not_picked":["MHz","RedShoes"],"picked":"UniverseFragment","floor":10},{"not_picked":["MeatLantern","CherryBlossoms"],"picked":"Wellcheers","floor":11},{"not_picked":["animator:WinryRockbell","animator:RoyMustang"],"picked":"animator:Millim","floor":11},{"not_picked":["animator:RoyMustang","animator:Vanir"],"picked":"animator:Gluttony","floor":11},{"not_picked":["animator:Kazuma","animator:Aqua"],"picked":"animator:Darkness","floor":12},{"not_picked":["animator:Illya","animator:Assassin"],"picked":"animator:Guy","floor":12},{"not_picked":["OSAHOGD","MHz"],"picked":"LongBird","floor":12},{"not_picked":["animator:Benimaru","animator:Aqua"],"picked":"animator:Aisha","floor":15},{"not_picked":["animator:Shuna","animator:EmiyaShirou"],"picked":"animator:Entoma","floor":15},{"not_picked":["Scorched","FairyFestival"],"picked":"OldLady","floor":15}],"player_experience":362866,"relics_obtained":[{"floor":6,"key":"Prayer Wheel"}],"event_choices":[],"is_beta":false,"boss_relics":[],"items_purged_floors":[],"is_endless":false,"potions_floor_spawned":[5,12],"killed_by":"SI_SHIV_ARCHETYPE","ascension_level":2}}