{"host":"vlqejv0notyktumz","time":1611211876,"event":{"mods":["AchievementEnabler","BaseMod","Colored Map","Colored Powertips","Downfall","Googly Eyes","Minty Spire (QoL Compilation)","StSLib"],"gold_per_floor":[113,113,132,143,157,157,184,203,257,113,123,123,41,74,74,174,174,191,191,91,110,128,128,128,146,146,165,180,200,200,125,125,125,125],"floor_reached":33,"language":"ENG","playtime":1072,"items_purged":["Strike_B","Defend_B"],"score":365,"play_id":"87d3516c-ead6-484f-b7ec-05b6090690f1","local_time":"20210121005116","is_ascension_mode":true,"campfire_choices":[{"data":"Chill","floor":6,"key":"SMITH"},{"data":"Go for the Eyes","floor":12,"key":"SMITH"},{"data":"Conserve Battery","floor":15,"key":"SMITH"},{"data":"Self Repair","floor":23,"key":"SMITH"},{"data":"Defragment","floor":30,"key":"SMITH"},{"floor":32,"key":"REST"}],"circlet_count":0,"master_deck":["Defend_B","Defend_B","Defend_B","Zap","Dualcast","Leap","Chill+1","Ball Lightning","Go for the Eyes+1","Conserve Battery+1","Tempest","Recycle","FTL","Defragment+1","Leap","Echo Form","Static Discharge+1","Chill","Self Repair+1","Defragment"],"relics":["Cracked Core","Akabeko","NlothsMask","Dead Branch","Question Card","Empty Cage","Bag of Preparation","Ancient Tea Set"],"acts_visited":["Exordium","TheCity"],"potions_floor_usage":[10,25,33],"damage_taken":[{"damage":1,"enemies":"Cultist","floor":1,"turns":3},{"damage":0,"enemies":"Jaw Worm","floor":3,"turns":4},{"damage":0,"enemies":"Small Slimes","floor":4,"turns":2},{"damage":0,"enemies":"Exordium Thugs","floor":5,"turns":4},{"damage":13,"enemies":"3 Sentries","floor":7,"turns":7},{"damage":0,"enemies":"Exordium Wildlife","floor":8,"turns":3},{"damage":0,"enemies":"2 Fungi Beasts","floor":11,"turns":4},{"damage":2,"enemies":"Lagavulin","floor":14,"turns":4},{"damage":29,"enemies":"Hexaghost","floor":16,"turns":9},{"damage":7,"enemies":"2 Thieves","floor":18,"turns":5},{"damage":2,"enemies":"Shell Parasite","floor":21,"turns":5},{"damage":26,"enemies":"Snake Plant","floor":22,"turns":4},{"damage":0,"enemies":"Shelled Parasite and Fungi","floor":25,"turns":7},{"damage":31,"enemies":"Cultist and Chosen","floor":27,"turns":6},{"damage":6,"enemies":"Snake Plant","floor":28,"turns":4},{"damage":5,"enemies":"Centurion and Healer","floor":29,"turns":6},{"damage":63,"enemies":"Automaton","floor":33,"turns":10}],"seed_played":"-5700549193830614944","potions_obtained":[{"floor":7,"key":"Fruit Juice"},{"floor":8,"key":"FearPotion"},{"floor":11,"key":"SpeedPotion"},{"floor":18,"key":"Block Potion"},{"floor":29,"key":"SneckoOil"}],"is_trial":false,"path_per_floor":["M","?","M","M","M","R","E","M","T","$","M","R","$","E","R","B",null,"M","?","$","M","M","R","?","M","T","M","M","M","R","?","R","B"],"character_chosen":"DEFECT","items_purchased":["Recycle","Defragment"],"campfire_rested":1,"item_purchase_floors":[10,13],"current_hp_per_floor":[67,67,67,67,67,67,54,54,54,59,59,59,59,57,57,28,67,60,60,60,58,32,32,32,42,42,21,25,30,30,30,54,0,0],"gold":125,"neow_bonus":"RANDOM_COMMON_RELIC","is_daily":false,"chose_seed":false,"campfire_upgraded":5,"win_rate":0.0,"timestamp":1611211876,"path_taken":["M","?","M","?","?","R","E","M","T","$","M","R","?","E","R","BOSS","M","?","$","M","M","R","?","M","T","?","M","M","R","?","R","BOSS"],"items_purchased_type":["Card","Card"],"build_version":"2020-12-22","purchased_purges":2,"victory":false,"max_hp_per_floor":[75,75,75,75,75,75,75,75,75,80,80,80,80,80,80,80,80,80,80,80,80,80,80,80,80,80,80,80,80,80,80,80,80,80],"card_choices":[{"not_picked":["Stack","Steam"],"picked":"Leap","floor":1},{"not_picked":["Rebound","Heatsinks"],"picked":"Chill","floor":3},{"not_picked":["Coolheaded","Genetic Algorithm"],"picked":"Ball Lightning","floor":4},{"not_picked":["Heatsinks","Doom and Gloom"],"picked":"Go for the Eyes","floor":5},{"not_picked":["Sweeping Beam","Biased Cognition"],"picked":"Conserve Battery","floor":7},{"not_picked":["Blizzard","Beam Cell"],"picked":"Tempest","floor":8},{"not_picked":["Lockon","Ball Lightning"],"picked":"FTL","floor":11},{"not_picked":["Go for the Eyes","Steam"],"picked":"Leap","floor":14},{"not_picked":["Amplify","Creative AI","Meteor Strike"],"picked":"Echo Form","floor":16},{"not_picked":["Stack+1","Go for the Eyes+1","Turbo"],"picked":"Static Discharge+1","floor":18},{"not_picked":["Sweeping Beam","Cold Snap","Darkness"],"picked":"Chill","floor":21},{"not_picked":["Rip and Tear+1","Sweeping Beam","Steam Power"],"picked":"Self Repair","floor":22},{"not_picked":["Steam","Heatsinks+1","Cold Snap","Sweeping Beam+1"],"picked":"SKIP","floor":25},{"not_picked":["Rip and Tear","Undo","Consume+1","Sunder"],"picked":"SKIP","floor":27},{"not_picked":["Doom and Gloom","Redo","Cold Snap"],"picked":"Defragment","floor":28},{"not_picked":["Redo","Creative AI","Sweeping Beam","Ball Lightning"],"picked":"SKIP","floor":29}],"player_experience":361997,"relics_obtained":[{"floor":7,"key":"Dead Branch"},{"floor":14,"key":"Question Card"},{"floor":26,"key":"Ancient Tea Set"}],"event_choices":[{"damage_healed":0,"gold_gain":0,"player_choice":"Trade","damage_taken":0,"relics_obtained":["NlothsMask"],"max_hp_gain":0,"max_hp_loss":0,"event_name":"FaceTrader","floor":2,"gold_loss":0},{"damage_healed":0,"gold_gain":0,"player_choice":"Ignored","damage_taken":0,"max_hp_gain":0,"max_hp_loss":0,"event_name":"Ghosts","floor":19,"gold_loss":0},{"damage_healed":0,"gold_gain":0,"player_choice":"Opened","damage_taken":0,"relics_obtained":["Bag of Preparation"],"max_hp_gain":0,"max_hp_loss":0,"event_name":"The Mausoleum","floor":24,"gold_loss":0},{"cards_removed":["Strike_B"],"damage_healed":0,"gold_gain":0,"player_choice":"Gave Gold","damage_taken":0,"max_hp_gain":0,"max_hp_loss":0,"event_name":"Beggar","floor":31,"gold_loss":75}],"is_beta":false,"boss_relics":[{"not_picked":["Snecko Eye","Pandora\u0027s Box"],"picked":"Empty Cage"}],"items_purged_floors":[10,20],"is_endless":false,"potions_floor_spawned":[7,8,11,18,21,22,29],"killed_by":"Automaton","ascension_level":8}}