{"host":"oigynbtg272c19pw","time":1611218920,"event":{"mods":["BaseMod","Colored Map","Minty Spire (QoL Compilation)","Relic Stats","Slay the Relics Exporter","StSLib"],"gold_per_floor":[115,132,27,45,45,45,79,79,79,107,107,107,107,127,127,205,205,164,183,183,183],"floor_reached":20,"playtime":870,"items_purged":["Parasite"],"score":364,"play_id":"3d1a05cb-f34d-4e79-aec6-3ac3f2446fc2","local_time":"20210121094840","is_ascension_mode":true,"campfire_choices":[{"data":"Defragment","floor":6.0,"key":"SMITH"},{"data":"Buffer","floor":8.0,"key":"SMITH"},{"floor":11.0,"key":"REST"},{"floor":15.0,"key":"REST"}],"circlet_count":0,"master_deck":["AscendersBane","Strike_B","Strike_B","Strike_B","Strike_B","Defend_B","Defend_B","Defend_B","Defend_B","Zap","Dualcast","Buffer+1","Capacitor","Doom and Gloom","Hologram","Defragment+1","Undo","Sunder+1","Darkness","Creative AI","Loop"],"relics":["Cracked Core","Gambling Chip","WingedGreaves","Omamori","Snecko Eye"],"acts_visited":["Exordium","TheCity"],"potions_floor_usage":[16,18],"damage_taken":[{"damage":6.0,"enemies":"Cultist","floor":1.0,"turns":3.0},{"damage":1.0,"enemies":"Small Slimes","floor":2.0,"turns":4.0},{"damage":3.0,"enemies":"2 Louse","floor":4.0,"turns":2.0},{"damage":26.0,"enemies":"Lagavulin","floor":7.0,"turns":8.0},{"damage":22.0,"enemies":"3 Sentries","floor":10.0,"turns":7.0},{"damage":10.0,"enemies":"Lots of Slimes","floor":14.0,"turns":4.0},{"damage":32,"enemies":"Hexaghost","floor":16,"turns":8},{"damage":17,"enemies":"2 Thieves","floor":18,"turns":5},{"damage":30,"enemies":"Shell Parasite","floor":19,"turns":5},{"damage":31,"enemies":"3 Cultists","floor":20,"turns":4}],"seed_played":"-603201662746315289","potions_obtained":[{"floor":4.0,"key":"LiquidMemories"},{"floor":14.0,"key":"SkillPotion"},{"floor":16,"key":"Regen Potion"}],"is_trial":false,"path_per_floor":["M","M","$","M","$","R","E","R","T","E","R","?","?","M","R","B",null,"M","M","M"],"character_chosen":"DEFECT","items_purchased":["Hologram"],"campfire_rested":2,"item_purchase_floors":[3],"current_hp_per_floor":[58,57,57,54,54,54,28,28,28,6,26,26,26,16,36,4,52,50,20,0,0],"gold":183,"neow_bonus":"THREE_RARE_CARDS","is_daily":false,"chose_seed":false,"campfire_upgraded":2,"win_rate":0.0,"timestamp":1611218920,"path_taken":["M","M","$","?","?","R","E","R","T","E","R","?","?","?","R","BOSS","M","M","M"],"items_purchased_type":["Card"],"build_version":"2020-12-13","purchased_purges":1,"victory":false,"max_hp_per_floor":[71,71,68,68,68,68,68,68,68,68,68,68,68,68,68,68,68,68,68,68,68],"relic_stats":{"counters":[10,50],"Gambling Chip":[23],"Snecko Eye":[18,26,31,25],"obtain_stats":[{"Gambling Chip":7,"Snecko Eye":17,"WingedGreaves":9,"Omamori":10,"Cracked Core":0},{"Gambling Chip":4,"Snecko Eye":7,"WingedGreaves":4,"Omamori":5,"Cracked Core":0},{"Gambling Chip":17,"Snecko Eye":36,"WingedGreaves":17,"Omamori":24,"Cracked Core":0}]},"card_choices":[{"not_picked":["Machine Learning","Thunder Strike"],"picked":"Buffer","floor":0.0},{"not_picked":["Compile Driver","Rebound"],"picked":"Capacitor","floor":1.0},{"not_picked":["Barrage","Self Repair"],"picked":"Doom and Gloom","floor":2.0},{"not_picked":["Leap","Steam"],"picked":"Defragment","floor":4.0},{"not_picked":["Auto Shields","Beam Cell"],"picked":"Undo","floor":7.0},{"not_picked":["Rebound","All For One"],"picked":"Sunder","floor":10.0},{"not_picked":["Turbo","Blizzard"],"picked":"Darkness","floor":14.0},{"not_picked":["Hyperbeam","Machine Learning"],"picked":"Creative AI","floor":16},{"not_picked":["Steam","Rebound"],"picked":"Loop","floor":18},{"not_picked":["Rebound","Ball Lightning","Streamline"],"picked":"SKIP","floor":19}],"player_experience":1455728,"relics_obtained":[{"floor":7.0,"key":"Gambling Chip"},{"floor":9.0,"key":"WingedGreaves"},{"floor":10.0,"key":"Omamori"}],"event_choices":[{"damage_healed":0.0,"max_hp_gain":0.0,"max_hp_loss":0.0,"gold_gain":0.0,"event_name":"Shining Light","player_choice":"Ignored","floor":12.0,"gold_loss":0.0,"damage_taken":0.0},{"damage_healed":0.0,"max_hp_gain":0.0,"max_hp_loss":0.0,"gold_gain":0.0,"event_name":"Upgrade Shrine","player_choice":"Upgraded","floor":13.0,"gold_loss":0.0,"damage_taken":0.0,"cards_upgraded":["Sunder"]}],"is_beta":false,"boss_relics":[{"not_picked":["Philosopher\u0027s Stone","Fusion Hammer"],"picked":"Snecko Eye"}],"items_purged_floors":[3],"is_endless":false,"potions_floor_spawned":[4,14,16],"killed_by":"3 Cultists","ascension_level":20}}