{"host":"627up2rvtmm0cf0r","time":1611232106,"event":{"mods":["100% Spire Juice","ATMod(阿瑾Mod)","Act Like it!","BaseMod","Better Vampires","CapriCore","Card Filter","Card Forge","Colored Powertips","DeckTracker","Dota2Spire","Downfall","Energized Spire","Friendly Minions","Highlight Path","Infinite Spire","Jedi Mod","Marked Mod","Mimic Mod","Minty Spire (QoL Compilation)","MostiFishMod","Permanent Neow","Practice Mode","Quick Restart","Relic Stats","Shop Mod","Spicy Shops","StSLib","SuperFastMode","TestMod","The Blackbeard","The Marked","【遗物卡牌】REMEMod","残留之物","篝火指南"],"gold_per_floor":[99,116,116,49,61,78,78,78,78,109,124,141,141,178,197,293,293,293,315,339,48,48,48,88,111,221,221,221,221,221,221,221,221,221,221,249,649,675,706,735,735,876,469,491,632,654,329,466,525,661],"floor_reached":51,"language":"ZHS","playtime":2102,"items_purged":["champ:Strike","champ:Defend","champ:Defend","champ:Defend","champ:Strike","champ:Defend"],"score":1088,"play_id":"7600d2c5-1aa2-4067-b061-a26fa380c4dc","local_time":"20210121202826","is_ascension_mode":false,"campfire_choices":[{"data":"AT_Dispersion","floor":1,"key":"SMITH"},{"data":"AT_ShadowStep","floor":9,"key":"SMITH"},{"data":"champ:StanceDance","floor":13,"key":"SMITH"},{"data":"champ:StrikeOfGenius","floor":18,"key":"SMITH"},{"data":"champ:Taunt","floor":23,"key":"SMITH"},{"data":"champ:UltimateStance","floor":35,"key":"SMITH"}],"circlet_count":0,"master_deck":["champ:Strike","champ:Strike","champ:Execute+1","champ:Taunt+1","AT_ShadowStep+1","AT_Dispersion+1","champ:FancyFootwork+1","AT_ShadowStep+1","champ:StanceDance+1","champ:ArenaPreparation+1","champ:ShieldSlam+1","champ:StrikeOfGenius+1","infinitespire:Collect+1","champ:GladiatorForm","champ:UltimateStance+1","champ:HoldFirm"],"relics":["champ:ChampionCrown","Hammer of Thor","Seething Fire","Anvil of the Gods","DaveBox","REME_ComplimentaryCards","AT_ATBox","testmod-IntensifyImprint","ChiXiaoBlade","AT_SilvercatRing","Dream Catcher","Happy Flower","testmod-DeterminationOfClimber","AT_SunfireAegis","Dota2Spire:DivineRapier","Vajra","MutagenicStrength","jedi:HeartOfTheCards","jedi:ominousloannote","AT_TheCollector","Dota2Spire:EchoSabre","Toy Ornithopter","REME_ArchaeologicalTools","testmod-Fanaticism","MostiFishMod:Haymaker","Membership Card","Shuriken","testmod-BlackFramedGlasses","AT_BladeRuinedKing","SynthV:C4","StrikeDummy","Dota2Spire:HandOfMidas"],"acts_visited":["Exordium","TheCity","TheBeyond"],"potions_floor_usage":[16,16,33],"damage_taken":[{"damage":10,"enemies":"Jaw Worm","floor":2,"turns":4},{"damage":10,"enemies":"downfall:FleeingMerchant","floor":4,"turns":4},{"damage":24,"enemies":"infinitespire:Voidling","floor":5,"turns":4},{"damage":17,"enemies":"Small Slimes","floor":6,"turns":3},{"damage":39,"enemies":"3 Sentries","floor":10,"turns":5},{"damage":20,"enemies":"Blue Slaver","floor":11,"turns":2},{"damage":15,"enemies":"Red Slaver","floor":12,"turns":4},{"damage":20,"enemies":"3 Louse","floor":14,"turns":3},{"damage":31,"enemies":"3 Louse","floor":15,"turns":3},{"damage":54,"enemies":"IC_STATUS_ARCHETYPE","floor":16,"turns":10},{"damage":10,"enemies":"3 Byrds","floor":19,"turns":2},{"damage":0,"enemies":"Chosen","floor":20,"turns":2},{"damage":25,"enemies":"downfall:FleeingMerchant","floor":21,"turns":4},{"damage":30,"enemies":"Centurion and Healer","floor":24,"turns":2},{"damage":10,"enemies":"Centurion and Healer","floor":25,"turns":1},{"damage":10,"enemies":"Shelled Parasite and Fungi","floor":27,"turns":1},{"damage":5,"enemies":"Gremlin Leader","floor":28,"turns":1},{"damage":10,"enemies":"Snecko","floor":31,"turns":1},{"damage":10,"enemies":"3 Cultists","floor":32,"turns":1},{"damage":20,"enemies":"DF_ARCHETYPE_CLAW","floor":33,"turns":1},{"damage":28,"enemies":"3 Shapes","floor":36,"turns":1},{"damage":5,"enemies":"3 Darklings","floor":38,"turns":1},{"damage":45,"enemies":"Transient","floor":39,"turns":1},{"damage":15,"enemies":"Writhing Mass","floor":40,"turns":1},{"damage":25,"enemies":"Giant Head","floor":42,"turns":1},{"damage":5,"enemies":"Sphere and 2 Shapes","floor":44,"turns":1},{"damage":15,"enemies":"Reptomancer","floor":45,"turns":1},{"damage":30,"enemies":"4 Shapes","floor":46,"turns":1},{"damage":5,"enemies":"Nemesis","floor":48,"turns":1},{"damage":15,"enemies":"Jaw Worm Horde","floor":49,"turns":1},{"damage":30,"enemies":"SI_POISON_ARCHETYPE","floor":50,"turns":1}],"seed_played":"7548400442498043103","potions_obtained":[{"floor":5,"key":"SkillPotion"},{"floor":6,"key":"champ:CounterPotion"},{"floor":10,"key":"PowerPotion"},{"floor":19,"key":"SteroidPotion"},{"floor":25,"key":"bronze:BurnAndBuffPotion"},{"floor":33,"key":"REME_GoldPotion"},{"floor":36,"key":"LiquidMemories"}],"is_trial":false,"path_per_floor":["R","M","?","$","M","M","T","?","R","E","M","M","R","MIM","M","B",null,"R","M","M","$","?","R","MIM","M","$","M","E","AVR","T","M","M","B",null,"R","M","?","M","M","M","T","E","R","M","E","M","R","E","M","B",null],"character_chosen":"THE_CHAMP","items_purchased":["champ:StanceDance","AT_SunfireAegis","Dota2Spire:DivineRapier","Vajra","jedi:ominousloannote","AT_TheCollector","Membership Card","Shuriken","AT_BladeRuinedKing","SynthV:C4","StrikeDummy"],"campfire_rested":0,"item_purchase_floors":[4,21,21,21,26,26,43,43,47,47,47],"current_hp_per_floor":[90,90,90,90,81,79,79,79,79,50,50,45,45,45,24,4,90,90,90,90,90,90,90,90,86,86,89,90,90,90,80,84,90,90,90,85,85,90,90,90,90,90,90,90,90,90,90,90,90,90],"gold":661,"neow_bonus":"THREE_CARDS","is_daily":false,"chose_seed":false,"campfire_upgraded":6,"win_rate":0.0,"timestamp":1611232106,"path_taken":["R","M","?","$","?","M","T","?","R","E","M","M","R","?","M","BOSS","R","M","M","$","?","R","MIM","M","?","M","E","AVR","?","?","M","BOSS","R","M","?","M","M","M","T","E","R","M","E","M","R","E","M","BOSS"],"items_purchased_type":["Card","Relic","Relic","Relic","Relic","Relic","Relic","Relic","Relic","Relic","Relic"],"build_version":"2020-12-22","purchased_purges":6,"victory":true,"max_hp_per_floor":[90,90,90,90,90,90,90,90,90,90,90,90,90,90,90,90,90,90,90,90,90,90,90,90,90,90,90,90,90,90,90,90,90,90,90,90,90,90,90,90,90,90,90,90,90,90,90,90,90,90],"relic_stats":{"Dream Catcher":0,"Happy Flower":[13],"counters":[31,69],"Shuriken":[4],"obtain_stats":[{"Dota2Spire:EchoSabre":28,"AT_ATBox":0,"DaveBox":0,"MostiFishMod:Haymaker":42,"Vajra":21,"champ:ChampionCrown":0,"Hammer of Thor":0,"testmod-BlackFramedGlasses":45,"SynthV:C4":47,"testmod-Fanaticism":34,"Dream Catcher":10,"Dota2Spire:DivineRapier":21,"testmod-DeterminationOfClimber":17,"REME_ArchaeologicalTools":30,"testmod-IntensifyImprint":0,"Dota2Spire:HandOfMidas":48,"testmod-TestBox":0,"Happy Flower":14,"AT_BladeRuinedKing":47,"Seething Fire":0,"AT_SilvercatRing":7,"jedi:HeartOfTheCards":24,"Anvil of the Gods":0,"jedi:ominousloannote":26,"AT_TheCollector":26,"Shuriken":43,"MutagenicStrength":22,"ChiXiaoBlade":0,"Membership Card":43,"AT_SunfireAegis":21,"StrikeDummy":47,"Toy Ornithopter":29,"REME_ComplimentaryCards":0},{"Dota2Spire:EchoSabre":17,"AT_ATBox":0,"DaveBox":0,"MostiFishMod:Haymaker":25,"Vajra":13,"champ:ChampionCrown":0,"Hammer of Thor":0,"testmod-BlackFramedGlasses":27,"SynthV:C4":28,"testmod-Fanaticism":20,"Dream Catcher":5,"Dota2Spire:DivineRapier":13,"testmod-DeterminationOfClimber":10,"REME_ArchaeologicalTools":17,"testmod-IntensifyImprint":0,"Dota2Spire:HandOfMidas":29,"testmod-TestBox":0,"Happy Flower":8,"AT_BladeRuinedKing":28,"Seething Fire":0,"AT_SilvercatRing":4,"jedi:HeartOfTheCards":14,"Anvil of the Gods":0,"jedi:ominousloannote":15,"AT_TheCollector":15,"Shuriken":25,"MutagenicStrength":13,"ChiXiaoBlade":0,"Membership Card":25,"AT_SunfireAegis":13,"StrikeDummy":28,"Toy Ornithopter":17,"REME_ComplimentaryCards":0},{"Dota2Spire:EchoSabre":55,"AT_ATBox":0,"DaveBox":0,"MostiFishMod:Haymaker":63,"Vajra":50,"champ:ChampionCrown":0,"Hammer of Thor":0,"testmod-BlackFramedGlasses":65,"SynthV:C4":66,"testmod-Fanaticism":58,"Dream Catcher":20,"Dota2Spire:DivineRapier":50,"testmod-DeterminationOfClimber":42,"REME_ArchaeologicalTools":55,"testmod-IntensifyImprint":0,"Dota2Spire:HandOfMidas":67,"testmod-TestBox":0,"Happy Flower":29,"AT_BladeRuinedKing":66,"Seething Fire":0,"AT_SilvercatRing":15,"jedi:HeartOfTheCards":52,"Anvil of the Gods":0,"jedi:ominousloannote":53,"AT_TheCollector":53,"Shuriken":63,"MutagenicStrength":50,"ChiXiaoBlade":0,"Membership Card":63,"AT_SunfireAegis":50,"StrikeDummy":66,"Toy Ornithopter":55,"REME_ComplimentaryCards":0}],"Toy Ornithopter":0},"card_choices":[{"not_picked":["champ:CrownThrow","champ:BladeFlurry"],"picked":"champ:FancyFootwork","floor":2},{"not_picked":["champ:BerserkersShout","champ:DefensiveShout","champ:DeathBlow"],"picked":"SKIP","floor":4},{"not_picked":["champ:EnragedBash","champ:RapidStrikes"],"picked":"champ:ArenaPreparation","floor":5},{"not_picked":["champ:Haymaker","champ:FanOfKnives","champ:BerserkersShout"],"picked":"SKIP","floor":6},{"not_picked":["champ:FlashCut","champ:StanceDance","champ:CalledShot"],"picked":"SKIP","floor":10},{"not_picked":["champ:Shatter","champ:PerfectedStrike"],"picked":"champ:ShieldSlam","floor":11},{"not_picked":["champ:PerfectedStrike","champ:Circumvent","champ:FanOfKnives"],"picked":"SKIP","floor":12},{"not_picked":["champ:ShieldWall","champ:SkillfulDodge","champ:ArenaPreparation"],"picked":"SKIP","floor":15},{"not_picked":["champ:ShieldWall","champ:SkillfulDodge","champ:ArenaPreparation"],"picked":"SKIP","floor":15},{"not_picked":["champ:Devastate","champ:DancingMaster"],"picked":"champ:StrikeOfGenius","floor":16},{"not_picked":["champ:FalseCounter+1","champ:Circumvent+1","champ:ShieldWall"],"picked":"SKIP","floor":19},{"not_picked":["champ:CrownThrow","champ:ArenaPreparation+1","champ:Parry+1"],"picked":"SKIP","floor":20},{"not_picked":["champ:FanOfKnives","champ:GutPunch+1","champ:HeartStrike"],"picked":"SKIP","floor":21},{"not_picked":["champ:GutPunch","champ:FanOfKnives","champ:PreemptiveStrike+1"],"picked":"SKIP","floor":25},{"not_picked":["champ:CrookedStrike","champ:TornadoPunch","champ:BringItOn+1"],"picked":"SKIP","floor":27},{"not_picked":["champ:PreciseThrust","champ:BringItOn+1","champ:AdrenalArmor"],"picked":"SKIP","floor":28},{"not_picked":["champ:PerfectedStrike","champ:Duel","champ:FanOfKnives+1"],"picked":"SKIP","floor":31},{"not_picked":["champ:FanOfKnives","champ:CrookedStrike"],"picked":"champ:GladiatorForm","floor":32},{"not_picked":["champ:IgnorePain","champ:Improvising"],"picked":"champ:UltimateStance","floor":33},{"not_picked":["champ:PreciseThrust+1","champ:Shatter","champ:StanceDance+1"],"picked":"SKIP","floor":36},{"not_picked":["champ:GutPunch","champ:Circumvent","champ:RecklessLeap+1"],"picked":"SKIP","floor":38},{"not_picked":["champ:Encircle+1","champ:SetATrap+1","champ:PreciseThrust+1"],"picked":"SKIP","floor":39},{"not_picked":["champ:EnragedBash+1","champ:DefensiveShout+1","champ:TornadoPunch+1"],"picked":"SKIP","floor":40},{"not_picked":["champ:Haymaker","champ:StanceDance","champ:PreciseThrust"],"picked":"SKIP","floor":42},{"not_picked":["champ:BringItOn","champ:IgnorePain","champ:SkillfulDodge+1"],"picked":"SKIP","floor":44},{"not_picked":["champ:GutPunch","champ:BringItOn+1","champ:DefensiveShout+1"],"picked":"SKIP","floor":45},{"not_picked":["champ:FalseCounter+1","champ:IronFortress","champ:RecklessLeap"],"picked":"SKIP","floor":46},{"not_picked":["champ:PreemptiveStrike","champ:FlashCut+1"],"picked":"champ:HoldFirm","floor":48},{"not_picked":["champ:CrookedStrike","champ:Haymaker+1","champ:ShieldSlam"],"picked":"SKIP","floor":49}],"player_experience":134396,"relics_obtained":[{"floor":7,"key":"AT_SilvercatRing"},{"floor":10,"key":"Dream Catcher"},{"floor":14,"key":"Happy Flower"},{"floor":24,"key":"jedi:HeartOfTheCards"},{"floor":28,"key":"Dota2Spire:EchoSabre"},{"floor":30,"key":"REME_ArchaeologicalTools"},{"floor":42,"key":"MostiFishMod:Haymaker"},{"floor":45,"key":"testmod-BlackFramedGlasses"},{"floor":48,"key":"Dota2Spire:HandOfMidas"}],"event_choices":[{"damage_healed":0,"gold_gain":0,"player_choice":"Ignored","damage_taken":0,"max_hp_gain":0,"max_hp_loss":0,"event_name":"给自己的盒子","floor":8,"gold_loss":0},{"damage_healed":0,"gold_gain":0,"player_choice":"Inject Mutagens","damage_taken":0,"relics_obtained":["MutagenicStrength"],"max_hp_gain":0,"max_hp_loss":0,"event_name":"Drug Dealer","floor":22,"gold_loss":0},{"damage_healed":0,"gold_gain":400,"player_choice":"Sell","damage_taken":0,"max_hp_gain":0,"max_hp_loss":0,"event_name":"恩洛斯的盘子","floor":37,"relics_lost":["testmod-TestBox"],"gold_loss":0}],"is_beta":false,"boss_relics":[{"not_picked":["MostiFishMod:Hod","SlaversCollar"],"picked":"testmod-DeterminationOfClimber"},{"not_picked":["REME_ChargedStone","PatriotShield"],"picked":"testmod-Fanaticism"}],"items_purged_floors":[21,21,29,43,43,47],"is_endless":false,"potions_floor_spawned":[5,6,10,11,15,19,25,27,33,36,42,45,48],"ascension_level":0}}