{"host":"sc0o2qwpf9j16a4i","time":1611246925,"event":{"mods":["AchievementEnabler","BaseMod","BetterRewards","Block Reminder","Colored Map","Colored Powertips","Custom Start","Highlight Path","Minty Spire (QoL Compilation)","Relic Stats"],"gold_per_floor":[115,131,151,151,151,151,185,199,199,214,214,239,239,274,274,363,363,386,311,311,335,373,373,412,412,458,458,348,112,151,151,151,241,241,261,276,300,0,13,13,57,57,57,57,95,109,134,165,165,165,165,165,165,5,5,5],"floor_reached":55,"language":"ENG","playtime":2418,"items_purged":["Strike_B","Defend_B","Defend_B"],"score":2843,"play_id":"f37cce9a-63bd-473f-9d50-5b214991ffc8","local_time":"20210121183525","is_ascension_mode":true,"campfire_choices":[{"floor":6.0,"key":"REST"},{"floor":11.0,"key":"REST"},{"floor":15.0,"key":"REST"},{"data":"Biased Cognition","floor":23.0,"key":"SMITH"},{"floor":25.0,"key":"REST"},{"data":"Hologram","floor":32.0,"key":"SMITH"},{"floor":40,"key":"RECALL"},{"data":"Buffer","floor":44,"key":"SMITH"},{"data":"Hologram","floor":49,"key":"SMITH"},{"data":"Loop","floor":53,"key":"SMITH"}],"circlet_count":0,"master_deck":["AscendersBane","Defend_B","Defend_B","Zap","Dualcast","Defragment","FTL","Doom and Gloom+1","Defragment+1","Leap","Ball Lightning","Beam Cell","Biased Cognition+1","Sweeping Beam","Hologram+1","Chill","White Noise","Echo Form","CurseOfTheBell","Stack","Ghostly","Ghostly","Ghostly","Hologram+1","Buffer+1","Heatsinks","Conserve Battery","Recycle","Self Repair+1","Glacier","Hologram+1","Echo Form","Loop+1","Barrage","Loop","Turbo","Go for the Eyes","Darkness+1","Core Surge","Stack+1","Barrage"],"relics":["Cracked Core","Sling","Pen Nib","Ornamental Fan","Runic Capacitor","Gremlin Horn","Kunai","DataDisk","Chemical X","Akabeko","Shuriken","WingedGreaves","Golden Idol","Whetstone","Calling Bell","PreservedInsect","Singing Bowl","Thread and Needle","Juzu Bracelet","Red Mask","Anchor","Art of War","Orrery","Smiling Mask","Snecko Eye","Strange Spoon","Toxic Egg 2","Oddly Smooth Stone","Ancient Tea Set"],"acts_visited":["Exordium","TheCity","TheBeyond","TheEnding"],"potions_floor_usage":[46],"damage_taken":[{"damage":0.0,"enemies":"Cultist","floor":1.0,"turns":2.0},{"damage":2.0,"enemies":"Jaw Worm","floor":2.0,"turns":3.0},{"damage":0.0,"enemies":"2 Louse","floor":3.0,"turns":2.0},{"damage":8.0,"enemies":"Gremlin Nob","floor":7.0,"turns":3.0},{"damage":6.0,"enemies":"Looter","floor":8.0,"turns":3.0},{"damage":0.0,"enemies":"Large Slime","floor":10.0,"turns":2.0},{"damage":0.0,"enemies":"Lagavulin","floor":12.0,"turns":4.0},{"damage":8.0,"enemies":"Gremlin Nob","floor":14.0,"turns":3.0},{"damage":16.0,"enemies":"Slime Boss","floor":16.0,"turns":6.0},{"damage":24.0,"enemies":"Shell Parasite","floor":18.0,"turns":5.0},{"damage":0.0,"enemies":"Masked Bandits","floor":22.0,"turns":4.0},{"damage":15.0,"enemies":"Gremlin Leader","floor":24.0,"turns":6.0},{"damage":0.0,"enemies":"Book of Stabbing","floor":30.0,"turns":6.0},{"damage":0.0,"enemies":"Collector","floor":33.0,"turns":8.0},{"damage":3.0,"enemies":"3 Darklings","floor":35.0,"turns":5.0},{"damage":0.0,"enemies":"3 Shapes","floor":36.0,"turns":5.0},{"damage":0,"enemies":"Sphere and 2 Shapes","floor":37,"turns":6},{"damage":6,"enemies":"Transient","floor":39,"turns":6},{"damage":6,"enemies":"Giant Head","floor":41,"turns":7},{"damage":0,"enemies":"Reptomancer","floor":45,"turns":5},{"damage":0,"enemies":"Spire Growth","floor":46,"turns":6},{"damage":0,"enemies":"Maw","floor":47,"turns":10},{"damage":0,"enemies":"Giant Head","floor":48,"turns":8},{"damage":10,"enemies":"Donu and Deca","floor":50,"turns":8},{"damage":18,"enemies":"Awakened One","floor":51,"turns":14},{"damage":50,"enemies":"Shield and Spear","floor":55,"turns":5}],"seed_played":"-864373701683420415","potions_obtained":[{"floor":3.0,"key":"Strength Potion"},{"floor":10.0,"key":"BlessingOfTheForge"},{"floor":16.0,"key":"EssenceOfDarkness"},{"floor":18.0,"key":"PowerPotion"},{"floor":30.0,"key":"PowerPotion"},{"floor":37,"key":"PotionOfCapacity"},{"floor":45,"key":"Fruit Juice"},{"floor":46,"key":"Explosive Potion"}],"is_trial":false,"path_per_floor":["M","M","M","?","?","R","E","M","T","M","R","E","?","E","R","B",null,"M","?","?","T","?","R","E","R","T","?","?","$","E","?","R","B",null,"M","M","M","$","M","R","E","?","T","R","E","M","M","E","R","B","B",null,"R","$","E"],"character_chosen":"DEFECT","items_purchased":["Sling","Defragment","Pen Nib","Ornamental Fan","FTL","Runic Capacitor","Gremlin Horn","Doom and Gloom","Kunai","DataDisk","Lockon","Chemical X","Defragment","Orrery","Glacier","Strange Spoon","Loop","Stack+1","Barrage"],"campfire_rested":4,"item_purchase_floors":[0,0,0,0,0,0,0,0,0,0,0,0,0,29,29,38,38,54,54],"current_hp_per_floor":[22,20,20,20,20,41,33,27,27,27,48,48,48,40,59,43,59,35,35,32,32,32,32,17,26,26,26,26,30,36,36,36,36,36,36,36,38,38,38,38,38,38,38,38,40,45,45,47,47,47,47,47,47,47,0,0],"gold":5,"neow_bonus":"","is_daily":false,"chose_seed":false,"campfire_upgraded":5,"win_rate":0.0,"timestamp":1611246925,"path_taken":["M","M","?","?","?","R","E","M","T","M","R","E","?","E","R","BOSS","M","?","?","?","?","R","E","R","T","?","?","$","E","?","R","BOSS","M","M","M","$","M","R","E","?","T","R","E","M","M","E","R","BOSS","BOSS","R","$","E"],"items_purchased_type":["Relic","Card","Relic","Relic","Card","Relic","Relic","Card","Relic","Relic","Card","Relic","Card","Relic","Card","Relic","Card","Card","Card"],"build_version":"2020-12-22","purchased_purges":3,"victory":false,"max_hp_per_floor":[71,71,71,71,71,71,71,71,71,71,71,71,64,64,64,64,64,64,64,32,32,32,32,32,32,32,32,32,36,36,36,36,36,36,36,36,38,38,38,38,38,38,38,38,40,45,45,47,47,47,47,47,47,47,47,47],"relic_stats":{"Gremlin Horn":[23,23],"Singing Bowl":14,"counters":[72,383],"Golden Idol":159,"Pen Nib":[19],"PreservedInsect":487,"Juzu Bracelet":6,"Whetstone":["Strike_B","Doom and Gloom"],"Smiling Mask":175,"Strange Spoon":[24],"Ornamental Fan":[100],"Shuriken":[23],"Snecko Eye":[167,174,171,171],"Art of War":[37],"Kunai":[25],"Chemical X":[1],"obtain_stats":[{"Darkstone Periapt":21,"Ice Cream":10,"Singing Bowl":42,"Gremlin Horn":55,"Runic Capacitor":36,"Juzu Bracelet":21,"Whetstone":14,"Smiling Mask":43,"Sling":0,"Ancient Tea Set":48,"Sozu":17,"Centennial Puzzle":0,"Dream Catcher":20,"Mummified Hand":27,"Gambling Chip":7,"Strawberry":40,"MealTicket":0,"WingedGreaves":12,"Red Mask":24,"Kunai":0,"Chemical X":0,"Toxic Egg 2":41,"Cracked Core":0,"Runic Pyramid":34,"Lee\u0027s Waffle":11,"Golden Idol":2,"Astrolabe":34,"Oddly Smooth Stone":45,"Thread and Needle":17,"Pen Nib":0,"PreservedInsect":17,"Letter Opener":9,"Frozen Egg 2":36,"Question Card":9,"MawBank":13,"Akabeko":7,"Calling Bell":17,"OrangePellets":0,"Strange Spoon":38,"Anchor":45,"DataDisk":0,"Ornamental Fan":0,"Shuriken":9,"Bronze Scales":12,"Orrery":29,"Snecko Eye":34,"Art of War":7,"Bag of Marbles":26},{"Darkstone Periapt":9,"Ice Cream":24,"Singing Bowl":40,"Gremlin Horn":45,"Runic Capacitor":37,"Juzu Bracelet":56,"Whetstone":54,"Smiling Mask":40,"Sling":46,"Ancient Tea Set":69,"Sozu":8,"Centennial Puzzle":17,"Dream Catcher":29,"Mummified Hand":32,"Gambling Chip":22,"Strawberry":39,"MealTicket":17,"WingedGreaves":53,"Red Mask":31,"Kunai":46,"Chemical X":46,"Toxic Egg 2":65,"Cracked Core":0,"Runic Pyramid":36,"Lee\u0027s Waffle":24,"Golden Idol":1,"Astrolabe":15,"Oddly Smooth Stone":66,"Thread and Needle":55,"Pen Nib":46,"PreservedInsect":55,"Letter Opener":23,"Frozen Egg 2":37,"Question Card":4,"MawBank":26,"Akabeko":50,"Calling Bell":55,"OrangePellets":17,"Strange Spoon":63,"Anchor":40,"DataDisk":46,"Ornamental Fan":46,"Shuriken":51,"Bronze Scales":6,"Orrery":58,"Snecko Eye":60,"Art of War":4,"Bag of Marbles":10},{"Darkstone Periapt":32,"Ice Cream":104,"Singing Bowl":179,"Gremlin Horn":229,"Runic Capacitor":164,"Juzu Bracelet":274,"Whetstone":263,"Smiling Mask":179,"Sling":241,"Ancient Tea Set":356,"Sozu":29,"Centennial Puzzle":69,"Dream Catcher":129,"Mummified Hand":143,"Gambling Chip":90,"Strawberry":172,"MealTicket":69,"WingedGreaves":260,"Red Mask":137,"Kunai":241,"Chemical X":241,"Toxic Egg 2":327,"Cracked Core":0,"Runic Pyramid":162,"Lee\u0027s Waffle":104,"Golden Idol":3,"Astrolabe":62,"Oddly Smooth Stone":332,"Thread and Needle":269,"Pen Nib":241,"PreservedInsect":269,"Letter Opener":96,"Frozen Egg 2":164,"Question Card":13,"MawBank":112,"Akabeko":251,"Calling Bell":269,"OrangePellets":69,"Strange Spoon":314,"Anchor":179,"DataDisk":241,"Ornamental Fan":241,"Shuriken":254,"Bronze Scales":21,"Orrery":284,"Snecko Eye":298,"Art of War":13,"Bag of Marbles":33}]},"card_choices":[{"not_picked":["Hello World","Steam"],"picked":"Leap","floor":1.0},{"not_picked":["Streamline","Sweeping Beam"],"picked":"Ball Lightning","floor":2.0},{"not_picked":["White Noise","Coolheaded"],"picked":"Beam Cell","floor":3.0},{"not_picked":["Barrage","Hologram"],"picked":"Biased Cognition","floor":7.0},{"not_picked":["Skim","Lockon"],"picked":"Sweeping Beam","floor":8.0},{"not_picked":["Stack","Ball Lightning"],"picked":"Hologram","floor":10.0},{"not_picked":["Beam Cell","White Noise"],"picked":"Chill","floor":12.0},{"not_picked":["Doom and Gloom","Force Field"],"picked":"White Noise","floor":14.0},{"not_picked":["Thunder Strike","Fission"],"picked":"Echo Form","floor":16.0},{"not_picked":["Beam Cell","Sunder"],"picked":"Stack","floor":18.0},{"not_picked":["Stack","Leap"],"picked":"Hologram","floor":22.0},{"not_picked":["Beam Cell","Coolheaded"],"picked":"Buffer","floor":24.0},{"not_picked":["Ball Lightning","Blizzard","Gash"],"picked":"Singing Bowl","floor":29.0},{"not_picked":["Rebound","Undo","Hello World+1"],"picked":"Singing Bowl","floor":29.0},{"not_picked":["Beam Cell","Rebound"],"picked":"Conserve Battery","floor":29.0},{"not_picked":["Aggregate","Hologram"],"picked":"Recycle","floor":29.0},{"not_picked":["Blizzard","Steam"],"picked":"Self Repair+1","floor":29.0},{"not_picked":["Chill","Steam"],"picked":"Hologram+1","floor":30.0},{"not_picked":["Meteor Strike","Thunder Strike"],"picked":"Echo Form","floor":33.0},{"not_picked":["Stack","Beam Cell+1"],"picked":"Loop","floor":35.0},{"not_picked":["Consume","Compile Driver"],"picked":"Barrage","floor":36},{"not_picked":["Leap","Sweeping Beam","Heatsinks+1"],"picked":"Singing Bowl","floor":37},{"not_picked":["Storm+1","Ball Lightning"],"picked":"Turbo","floor":39},{"not_picked":["Ball Lightning","Beam Cell+1"],"picked":"Go for the Eyes","floor":41},{"not_picked":["Sweeping Beam","Consume+1","Blizzard+1"],"picked":"Singing Bowl","floor":45},{"not_picked":["Gash+1","Steam Power+1"],"picked":"Darkness+1","floor":46},{"not_picked":["Rebound","Ball Lightning+1"],"picked":"Core Surge","floor":47},{"not_picked":["Skim+1","Compile Driver","Ball Lightning"],"picked":"Singing Bowl","floor":48}],"player_experience":844940,"relics_obtained":[{"floor":7.0,"key":"Akabeko"},{"floor":9.0,"key":"Shuriken"},{"floor":12.0,"key":"WingedGreaves"},{"floor":14.0,"key":"Whetstone"},{"floor":17.0,"key":"PreservedInsect"},{"floor":17.0,"key":"Singing Bowl"},{"floor":17.0,"key":"Thread and Needle"},{"floor":21.0,"key":"Juzu Bracelet"},{"floor":22.0,"key":"Red Mask"},{"floor":24.0,"key":"Anchor"},{"floor":26.0,"key":"Art of War"},{"floor":30.0,"key":"Smiling Mask"},{"floor":41,"key":"Toxic Egg 2"},{"floor":45,"key":"Oddly Smooth Stone"},{"floor":48,"key":"Ancient Tea Set"}],"event_choices":[{"damage_healed":0.0,"max_hp_gain":0.0,"max_hp_loss":0.0,"gold_gain":0.0,"event_name":"Shining Light","player_choice":"Ignored","floor":4.0,"gold_loss":0.0,"damage_taken":0.0},{"damage_healed":0.0,"max_hp_gain":0.0,"max_hp_loss":0.0,"gold_gain":0.0,"event_name":"Scrap Ooze","player_choice":"Fled","floor":5.0,"gold_loss":0.0,"damage_taken":0.0},{"damage_healed":0.0,"max_hp_gain":0.0,"max_hp_loss":7.0,"gold_gain":0.0,"event_name":"Golden Idol","player_choice":"Lose Max HP","floor":13.0,"gold_loss":0.0,"damage_taken":0.0,"relics_obtained":["Golden Idol"]},{"cards_removed":["Strike_B"],"damage_healed":0.0,"max_hp_gain":0.0,"max_hp_loss":0.0,"gold_gain":0.0,"event_name":"Beggar","player_choice":"Gave Gold","floor":19.0,"gold_loss":75.0,"damage_taken":0.0},{"damage_healed":0.0,"max_hp_gain":0.0,"max_hp_loss":32.0,"gold_gain":0.0,"event_name":"Ghosts","player_choice":"Became a Ghost","floor":20.0,"gold_loss":0.0,"damage_taken":0.0,"cards_obtained":["Ghostly","Ghostly","Ghostly"]},{"damage_healed":0.0,"max_hp_gain":0.0,"max_hp_loss":0.0,"gold_gain":0.0,"event_name":"Masked Bandits","player_choice":"Fought Bandits","floor":22.0,"gold_loss":0.0,"damage_taken":0.0},{"damage_healed":0.0,"max_hp_gain":0.0,"max_hp_loss":0.0,"gold_gain":0.0,"event_name":"The Library","player_choice":"Read","floor":27.0,"gold_loss":0.0,"damage_taken":0.0,"cards_obtained":["Heatsinks"]},{"cards_removed":["Strike_B"],"damage_healed":0.0,"max_hp_gain":0.0,"max_hp_loss":0.0,"gold_gain":0.0,"event_name":"Designer","player_choice":"Upgrade and Remove","floor":28.0,"gold_loss":110.0,"damage_taken":0.0,"cards_upgraded":["Defragment"]},{"cards_removed":["Strike_B"],"damage_healed":0.0,"max_hp_gain":0.0,"max_hp_loss":0.0,"gold_gain":0.0,"event_name":"Back to Basics","player_choice":"Elegance","floor":31.0,"gold_loss":0.0,"damage_taken":0.0},{"cards_removed":["Lockon"],"damage_healed":0,"gold_gain":0,"player_choice":"Removed Attack","damage_taken":0,"max_hp_gain":0,"max_hp_loss":0,"event_name":"Falling","floor":42,"gold_loss":0}],"is_beta":false,"boss_relics":[{"not_picked":["Coffee Dripper","Velvet Choker"],"picked":"Calling Bell"},{"not_picked":["Runic Pyramid","FrozenCore"],"picked":"Snecko Eye"}],"items_purged_floors":[0,38,54],"is_endless":false,"potions_floor_spawned":[3,10,16,18,30,37,39,45,46],"killed_by":"Shield and Spear","ascension_level":20}}