{"host":"n7qae4nmj9vc7syj","time":1611204150,"event":{"mods":["Act Like it!","BaseMod","Better Third Choice","BetterRewards","Colored Map","Colored Powertips","Custom Start","Googly Eyes","Highlight Path","Minty Spire (QoL Compilation)","Quick Restart","StSLib","SuperFastMode","Transform Curses"],"gold_per_floor":[112,112,37,47,62,94,94,94,94],"floor_reached":8,"language":"ENG","playtime":244,"items_purged":["Strike_R"],"score":81,"play_id":"9f8f55f1-863b-44cb-9aa2-87b49835a7a0","local_time":"20210121024230","is_ascension_mode":true,"campfire_choices":[{"data":"Searing Blow","floor":7,"key":"SMITH"}],"circlet_count":0,"master_deck":["Strike_R","Strike_R","Strike_R","Defend_R","Defend_R+1","Defend_R+1","Defend_R","Bash","Searing Blow+1","Clothesline","Cleave","Pommel Strike"],"relics":["Burning Blood","Gremlin Horn","War Paint"],"acts_visited":[],"potions_floor_usage":[6],"damage_taken":[{"damage":15,"enemies":"2 Louse","floor":1,"turns":3},{"damage":11,"enemies":"Cultist","floor":4,"turns":4},{"damage":4,"enemies":"Jaw Worm","floor":5,"turns":3},{"damage":35,"enemies":"3 Sentries","floor":6,"turns":7},{"damage":39,"enemies":"Gremlin Nob","floor":8,"turns":4}],"seed_played":"-1375845177666942795","potions_obtained":[{"floor":1,"key":"Energy Potion"}],"is_trial":false,"path_per_floor":["M","?","$","M","M","E","R","E"],"character_chosen":"IRONCLAD","items_purchased":[],"campfire_rested":0,"item_purchase_floors":[],"current_hp_per_floor":[63,63,63,58,60,31,31,0,0],"gold":94,"neow_bonus":"REMOVE_CARD","is_daily":false,"chose_seed":false,"campfire_upgraded":1,"win_rate":0.0,"timestamp":1611204150,"path_taken":["M","?","?","M","?","E","R","E"],"items_purchased_type":[],"build_version":"2020-12-22","purchased_purges":1,"victory":false,"max_hp_per_floor":[80,80,80,80,80,80,80,80,80],"card_choices":[{"not_picked":["Dual Wield","Fire Breathing"],"picked":"Searing Blow","floor":1},{"not_picked":["Wild Strike","Thunderclap"],"picked":"Clothesline","floor":4},{"not_picked":["Clash","Barricade"],"picked":"Cleave","floor":5},{"not_picked":["Rampage","Second Wind"],"picked":"Pommel Strike","floor":6}],"player_experience":183290,"relics_obtained":[{"floor":2,"key":"Gremlin Horn"},{"floor":6,"key":"War Paint"}],"event_choices":[{"damage_healed":0,"gold_gain":0,"player_choice":"Relic","damage_taken":0,"max_hp_gain":0,"max_hp_loss":0,"event_name":"Wheel of Change","floor":2,"gold_loss":0}],"is_beta":false,"boss_relics":[],"items_purged_floors":[3],"is_endless":false,"potions_floor_spawned":[1],"killed_by":"Gremlin Nob","ascension_level":9}}