{"host":"atu1skz5iq69e5lr","time":1611262209,"event":{"mods":["AchievementEnabler","Aspiration","BaseMod","Better Third Choice","Colored Map","Conspire","Evolution","Friendly Minions","Halation","Highlight Path","Hubris","Infinite Spire","Keyboard Shortcuts","Lobotomy","Minty Spire (QoL Compilation)","Replay The Spire","Shop Mod","StSLib"],"gold_per_floor":[117,117,117,117,133,159,159,159,159,159,159],"floor_reached":10,"language":"ENG","playtime":289,"items_purged":[],"score":64,"play_id":"79f3220e-0d71-49d7-ae9e-b1b4c3d1ff54","local_time":"20210121215009","is_ascension_mode":false,"campfire_choices":[],"circlet_count":0,"master_deck":["SpecialBullet","SpecialBullet","SpecialBullet","SpecialBullet","SpecialBullet","SpecialBullet","SpecialBullet","SpecialBullet","InformationCode","CentralCode","SecurityCode","Pinks","LittleHelper","FairyFestival"],"relics":["CogitoBucket","EVO:Axolotl","aspiration:DSix","hubris:MobiusCoin","NlothsMask"],"acts_visited":["Exordium"],"potions_floor_usage":[],"damage_taken":[{"damage":11,"enemies":"Small Slimes","floor":1,"turns":3},{"damage":14,"enemies":"2 Louse","floor":5,"turns":2},{"damage":33,"enemies":"3 Sentries","floor":6,"turns":6},{"damage":49,"enemies":"Gremlin Nob","floor":10,"turns":4}],"seed_played":"3312792005378001718","potions_obtained":[{"floor":5,"key":"Weak Potion"}],"is_trial":false,"path_per_floor":["M","$","?","?","M","E","?","?","T","E"],"character_chosen":"Angela","items_purchased":[],"campfire_rested":0,"item_purchase_floors":[],"current_hp_per_floor":[73,73,73,73,67,42,42,42,42,0,0],"gold":159,"neow_bonus":"DSIX","is_daily":false,"chose_seed":false,"campfire_upgraded":0,"win_rate":0.0,"timestamp":1611262209,"path_taken":["M","$","?","?","M","E","?","?","T","E"],"items_purchased_type":[],"build_version":"2020-12-22","purchased_purges":0,"victory":false,"max_hp_per_floor":[76,76,76,76,76,76,76,76,76,76,76],"card_choices":[{"not_picked":["Horn"],"picked":"Pinks","floor":1},{"not_picked":["CherryBlossoms","Bloodbath"],"picked":"LittleHelper","floor":5},{"not_picked":["Regret_ego","Beak"],"picked":"SKIP","floor":5},{"not_picked":["Regret_ego","Beak"],"picked":"SKIP","floor":5},{"not_picked":["PunishingBird","MHz"],"picked":"FairyFestival","floor":6},{"not_picked":["Pinks","SwordSharpenedByTears"],"picked":"SKIP","floor":6}],"player_experience":33176,"relics_obtained":[{"floor":6,"key":"hubris:MobiusCoin"}],"event_choices":[{"damage_healed":0,"gold_gain":0,"player_choice":"Leave","damage_taken":0,"max_hp_gain":0,"max_hp_loss":0,"event_name":"conspire:Investor","floor":3,"gold_loss":0},{"damage_healed":73,"gold_gain":0,"player_choice":"Embrace Burn","damage_taken":0,"max_hp_gain":0,"max_hp_loss":76,"event_name":"betterThird:BetterShining","floor":4,"gold_loss":0},{"damage_healed":0,"gold_gain":0,"player_choice":"Trade","damage_taken":0,"relics_obtained":["NlothsMask"],"max_hp_gain":0,"max_hp_loss":0,"event_name":"FaceTrader","floor":8,"gold_loss":0}],"is_beta":false,"boss_relics":[],"items_purged_floors":[],"is_endless":false,"potions_floor_spawned":[5],"killed_by":"Gremlin Nob","ascension_level":0}}