{"host":"r5cycnjhcbwgkpkf","time":1611255215,"event":{"mods":["2.2 Compatiblity","AchievementEnabler","BaseMod","Bestiary","Better Match","Better Note","Better Skull","Better Third Choice","BetterRewards","Colored Map","Colored Powertips","Downfall","Infinite Spire","Minty Spire (QoL Compilation)","Spicy Shops","StSLib"],"gold_per_floor":[114,189,189,208,223,223,242,267,267,267,283,283,283,314,314,417,417,435,16,16,31,31,31],"floor_reached":22,"language":"ENG","playtime":1071,"items_purged":["Strike_G"],"score":223,"play_id":"4671ed0e-f572-4816-b63b-9e9bf6d0aa87","local_time":"20210121105335","is_ascension_mode":true,"campfire_choices":[{"data":"Neutralize","floor":6,"key":"SMITH"},{"floor":10,"key":"REST"},{"data":"Poisoned Stab","floor":12,"key":"SMITH"},{"floor":15,"key":"REST"}],"circlet_count":0,"master_deck":["Strike_G","Strike_G","Strike_G","Defend_G","Defend_G","Defend_G","Defend_G","Defend_G","Survivor","Neutralize+1","Prepared","Deadly Poison","Quick Slash","Poisoned Stab+1","Acrobatics","Grand Finale","Terror","infinitespire:Neurotoxin","Corpse Explosion","infinitespire:Neurotoxin","Dagger Throw"],"relics":["Ring of the Serpent","PreservedInsect","infinitespire:EmpoweringShard","Gremlin Horn","Frozen Egg 2","Eternal Feather"],"acts_visited":["Exordium","TheCity"],"potions_floor_usage":[8,21],"damage_taken":[{"damage":4,"enemies":"Jaw Worm","floor":1,"turns":7},{"damage":7,"enemies":"2 Louse","floor":4,"turns":3},{"damage":2,"enemies":"Cultist","floor":5,"turns":4},{"damage":0,"enemies":"Large Slime","floor":7,"turns":5},{"damage":10,"enemies":"Lagavulin","floor":8,"turns":5},{"damage":7,"enemies":"Red Slaver","floor":11,"turns":3},{"damage":27,"enemies":"3 Sentries","floor":14,"turns":6},{"damage":23,"enemies":"The Guardian","floor":16,"turns":9},{"damage":19,"enemies":"3 Byrds","floor":18,"turns":5},{"damage":20,"enemies":"Shell Parasite","floor":21,"turns":3},{"damage":41,"enemies":"Sentry and Sphere","floor":22,"turns":4}],"seed_played":"1221819052449143831","potions_obtained":[{"floor":4,"key":"DistilledChaos"},{"floor":7,"key":"Dexterity Potion"},{"floor":11,"key":"Energy Potion"},{"floor":16,"key":"Fire Potion"}],"is_trial":false,"path_per_floor":["M","?","?","M","M","R","M","E","T","R","M","R","?","E","R","B",null,"M","$","?","M","M"],"character_chosen":"THE_SILENT","items_purchased":["Corpse Explosion","Eternal Feather"],"campfire_rested":2,"item_purchase_floors":[19,19],"current_hp_per_floor":[66,55,55,48,46,46,46,36,36,57,50,50,50,23,44,21,70,51,51,51,31,0,0],"gold":31,"neow_bonus":"RANDOM_COMMON_RELIC","is_daily":false,"chose_seed":false,"campfire_upgraded":2,"win_rate":0.0,"timestamp":1611255215,"path_taken":["M","?","?","M","M","R","?","E","T","R","M","R","?","E","R","BOSS","M","$","?","?","M"],"items_purchased_type":["Card","Relic"],"build_version":"2020-12-22","purchased_purges":1,"victory":false,"max_hp_per_floor":[70,70,70,70,70,70,70,70,70,70,70,70,70,70,70,70,70,70,70,70,70,70,70],"card_choices":[{"not_picked":["Backflip","Dash"],"picked":"Prepared","floor":1},{"not_picked":["Flechettes","Caltrops"],"picked":"Deadly Poison","floor":4},{"not_picked":["Setup","Accuracy"],"picked":"Quick Slash","floor":5},{"not_picked":["Dodge and Roll","Underhanded Strike"],"picked":"Poisoned Stab","floor":7},{"not_picked":["Dagger Spray","Skewer"],"picked":"Acrobatics","floor":8},{"not_picked":["Riddle With Holes","Blade Dance","Acrobatics"],"picked":"SKIP","floor":11},{"not_picked":["Well Laid Plans+1","Cloak And Dagger"],"picked":"Terror","floor":14},{"not_picked":["Wraith Form v2+1","Storm of Steel"],"picked":"infinitespire:Neurotoxin","floor":16},{"not_picked":["Endless Agony","Cloak And Dagger","Sucker Punch"],"picked":"SKIP","floor":18},{"not_picked":["Well Laid Plans+1","Quick Slash+1"],"picked":"Dagger Throw","floor":21}],"player_experience":444262,"relics_obtained":[{"floor":8,"key":"infinitespire:EmpoweringShard"},{"floor":9,"key":"Gremlin Horn"},{"floor":14,"key":"Frozen Egg 2"}],"event_choices":[{"damage_healed":0,"gold_gain":75,"player_choice":"Gold","damage_taken":11,"max_hp_gain":0,"max_hp_loss":0,"event_name":"betterThird:BetterGoop","floor":2,"gold_loss":0},{"damage_healed":0,"gold_gain":0,"player_choice":"Ignored","damage_taken":0,"max_hp_gain":0,"max_hp_loss":0,"event_name":"Purifier","floor":3,"gold_loss":0},{"damage_healed":0,"gold_gain":0,"cards_transformed":["Strike_G"],"player_choice":"Transformed","damage_taken":0,"max_hp_gain":0,"max_hp_loss":0,"event_name":"Transmorgrifier","floor":13,"gold_loss":0,"cards_obtained":["Grand Finale"]},{"damage_healed":0,"gold_gain":0,"player_choice":"Copied","damage_taken":0,"max_hp_gain":0,"max_hp_loss":0,"event_name":"Duplicator","floor":20,"gold_loss":0,"cards_obtained":["infinitespire:Neurotoxin"]}],"is_beta":false,"boss_relics":[{"not_picked":["Ectoplasm","SlaversCollar"],"picked":"Ring of the Serpent"}],"items_purged_floors":[19],"is_endless":false,"potions_floor_spawned":[4,7,11,16,18],"killed_by":"Sentry and Sphere","ascension_level":3}}