{"host":"kh6fvhxn285ncg0o","time":1611198289,"event":{"mods":["Act Like it!","BaseMod","Colored Map","Friendly Minions","Keyboard Shortcuts","Minty Spire (QoL Compilation)","Quick Restart","Relic Stats","StSLib","SuperFastMode"],"gold_per_floor":[110,123,135,148,20,20,45,45,45,45,45,61,80,103,103,103,103],"floor_reached":16,"language":"KOR","playtime":372,"items_purged":["Strike_R"],"score":208,"play_id":"ecf211e7-9449-4aeb-995d-3417c94a0caf","local_time":"20210121120449","is_ascension_mode":true,"campfire_choices":[{"data":"Bash","floor":6,"key":"SMITH"},{"data":"Feed","floor":8,"key":"SMITH"},{"data":"Disarm","floor":15,"key":"SMITH"}],"circlet_count":0,"master_deck":["AscendersBane","Strike_R","Strike_R","Strike_R","Strike_R","Defend_R","Defend_R","Defend_R","Defend_R","Bash+1","Feed+1","Disarm+1","Dual Wield","Feed","Burning Pact","Burning Pact"],"relics":["Burning Blood","HornCleat","Sundial","Golden Idol","Darkstone Periapt"],"acts_visited":["Exordium"],"potions_floor_usage":[7,14],"damage_taken":[{"damage":1,"enemies":"Cultist","floor":1,"turns":3},{"damage":4,"enemies":"Small Slimes","floor":2,"turns":3},{"damage":4,"enemies":"Jaw Worm","floor":3,"turns":5},{"damage":16,"enemies":"Blue Slaver","floor":4,"turns":8},{"damage":32,"enemies":"Gremlin Nob","floor":7,"turns":4},{"damage":0,"enemies":"Exordium Wildlife","floor":12,"turns":3},{"damage":5,"enemies":"Looter","floor":13,"turns":5},{"damage":21,"enemies":"Exordium Thugs","floor":14,"turns":7},{"damage":0,"enemies":"Hexaghost","floor":16,"turns":1}],"seed_played":"6583118193467699199","potions_obtained":[{"floor":12,"key":"DistilledChaos"},{"floor":14,"key":"Explosive Potion"}],"is_trial":false,"path_per_floor":["M","M","M","M","$","R","E","R","T","?","?","M","M","M","R","B"],"character_chosen":"IRONCLAD","items_purchased":["SteroidPotion"],"campfire_rested":0,"item_purchase_floors":[5],"current_hp_per_floor":[76,81,84,77,77,77,51,51,51,51,16,26,31,20,20,20,20],"gold":103,"neow_bonus":"ONE_RANDOM_RARE_CARD","is_daily":false,"chose_seed":false,"campfire_upgraded":3,"win_rate":0.0,"timestamp":1611198289,"path_taken":["M","M","M","M","?","R","E","R","T","?","?","M","M","M","R","BOSS"],"items_purchased_type":["Potion"],"build_version":"2020-12-22","purchased_purges":1,"victory":false,"max_hp_per_floor":[78,81,84,87,87,87,87,87,87,79,79,83,87,91,91,91,91],"relic_stats":{"Darkstone Periapt":0,"counters":[9,38],"Sundial":[4],"Golden Idol":12,"obtain_stats":[{"Darkstone Periapt":11,"HornCleat":7,"Sundial":9,"Golden Idol":10,"Burning Blood":0},{"Darkstone Periapt":5,"HornCleat":5,"Sundial":5,"Golden Idol":5,"Burning Blood":0},{"Darkstone Periapt":23,"HornCleat":23,"Sundial":23,"Golden Idol":23,"Burning Blood":0}],"Burning Blood":46},"card_choices":[{"not_picked":["Pommel Strike","Iron Wave","Clash"],"picked":"SKIP","floor":1},{"not_picked":["Body Slam","Clothesline"],"picked":"Disarm","floor":3},{"not_picked":["Sentinel","Flex"],"picked":"Dual Wield","floor":4},{"not_picked":["Shrug It Off","Dual Wield"],"picked":"Feed","floor":7},{"not_picked":["Perfected Strike","Cleave"],"picked":"Burning Pact","floor":12},{"not_picked":["Cleave","True Grit","Rampage"],"picked":"SKIP","floor":13},{"not_picked":["Burning Pact","Havoc","Warcry"],"picked":"SKIP","floor":14},{"not_picked":["Havoc","Warcry"],"picked":"Burning Pact","floor":14}],"player_experience":3482163,"relics_obtained":[{"floor":7,"key":"HornCleat"},{"floor":9,"key":"Sundial"}],"event_choices":[{"damage_healed":0,"gold_gain":0,"player_choice":"Lose Max HP","damage_taken":0,"relics_obtained":["Golden Idol"],"max_hp_gain":0,"max_hp_loss":8,"event_name":"Golden Idol","floor":10,"gold_loss":0},{"damage_healed":0,"gold_gain":0,"player_choice":"Success","damage_taken":35,"relics_obtained":["Darkstone Periapt"],"max_hp_gain":0,"max_hp_loss":0,"event_name":"Scrap Ooze","floor":11,"gold_loss":0}],"is_beta":false,"boss_relics":[],"items_purged_floors":[5],"is_endless":false,"potions_floor_spawned":[12,14],"killed_by":"Hexaghost","ascension_level":20}}