{"host":"nnt34ungdh9fkcmy","time":1611203236,"event":{"mods":["BaseMod","Downfall","Minty Spire (QoL Compilation)","StSLib","SuperFastMode"],"gold_per_floor":[99,113,124,140,157,190,213,276,310,210,227,262,262,262,281,380,380,280,295,313,74,92,124,124,158,158,158,189,189,220,253,268,372,372,372,392,408,427,97,122,122,148,48,48,64,64,64,92,106,106,106,137,37,37,37,37,37,37],"floor_reached":56,"language":"ENG","playtime":4236,"items_purged":["bronze:Replicate","bronze:Defend"],"score":1057,"play_id":"d13560ed-1ef4-470f-9969-e27927327b97","local_time":"20210120212716","is_ascension_mode":true,"campfire_choices":[{"data":"bronze:Goto","floor":1.0,"key":"SMITH"},{"floor":10.0,"key":"REST"},{"floor":13.0,"key":"RECALL"},{"data":"bronze:Iterate","floor":18.0,"key":"SMITH"},{"floor":26.0,"key":"REST"},{"data":"bronze:Iterate","floor":35,"key":"SMITH"},{"data":"bronze:Boost","floor":43,"key":"SMITH"},{"data":"bronze:Constructor","floor":46,"key":"SMITH"},{"floor":54,"key":"REST"}],"circlet_count":0,"master_deck":["bronze:Defend","bronze:Defend","bronze:Defend","bronze:Goto+1","bronze:Separator","bronze:Refactor","bronze:InfiniteBeams","bronze:FineTuning","bronze:FineTuning","bronze:ItsAFeature","bronze:Iterate+1","bronze:Iterate+1","bronze:Constructor+1","bronze:Invalidate","bronze:Repulsor","bronze:FindAndReplace","bronze:Iterate","bronze:Separator","bronze:Boost+1","bronze:Terminator","bronze:Constructor+1","bronze:Branch+1","bronze:Assembly","bronze:AlphaBuild","bronze:Library+1","bronze:Deprecate+1","bronze:Turbo+1","bronze:Terminator","Parasite","bronze:FineTuning"],"relics":["Busted Crown","Bag of Preparation","Vajra","Lantern","Gremlin Horn","downfall:HeartBlessingGreen","Ancient Tea Set","Philosopher\u0027s Stone","downfall:HeartBlessingRed","MealTicket","Bottled Lightning","Tiny Chest","Singing Bowl","Pear","Orrery","Astrolabe","Ornamental Fan","InkBottle","Molten Egg 2","downfall:HeartBlessingBlue","bronze:BottledCode","Sundial","Question Card","Mummified Hand"],"acts_visited":["Exordium","TheCity","TheBeyond","TheEnding"],"potions_floor_usage":[40,42,50,50,50,50],"damage_taken":[{"damage":0.0,"enemies":"Jaw Worm","floor":2.0,"turns":4.0},{"damage":0.0,"enemies":"Cultist","floor":3.0,"turns":3.0},{"damage":0.0,"enemies":"2 Louse","floor":4.0,"turns":3.0},{"damage":2.0,"enemies":"Blue Slaver","floor":5.0,"turns":3.0},{"damage":18.0,"enemies":"3 Sentries","floor":6.0,"turns":7.0},{"damage":10.0,"enemies":"Lagavulin Event","floor":8.0,"turns":3.0},{"damage":14.0,"enemies":"Lagavulin","floor":9.0,"turns":5.0},{"damage":5.0,"enemies":"3 Louse","floor":11.0,"turns":2.0},{"damage":0.0,"enemies":"3 Sentries","floor":12.0,"turns":5.0},{"damage":0.0,"enemies":"Gremlin Gang","floor":15.0,"turns":2.0},{"damage":21.0,"enemies":"SI_SHIV_ARCHETYPE","floor":16.0,"turns":6.0},{"damage":6.0,"enemies":"Chosen","floor":19.0,"turns":2.0},{"damage":0.0,"enemies":"Spheric Guardian","floor":20.0,"turns":3.0},{"damage":0.0,"enemies":"downfall:FleeingMerchant","floor":21.0,"turns":4.0},{"damage":16.0,"enemies":"Snecko","floor":22.0,"turns":5.0},{"damage":0.0,"enemies":"Gremlin Leader","floor":23.0,"turns":3.0},{"damage":25.0,"enemies":"Book of Stabbing","floor":25.0,"turns":4.0},{"damage":6.0,"enemies":"Gremlin Leader","floor":28.0,"turns":4.0},{"damage":0,"enemies":"Book of Stabbing","floor":30,"turns":4},{"damage":0,"enemies":"downfall:FleeingMerchant","floor":31,"turns":2},{"damage":0,"enemies":"Snake Plant","floor":32,"turns":3},{"damage":11,"enemies":"DF_ARCHETYPE_CLAW","floor":33,"turns":7},{"damage":0,"enemies":"Orb Walker","floor":36,"turns":2},{"damage":0,"enemies":"3 Shapes","floor":37,"turns":4},{"damage":4,"enemies":"Sphere and 2 Shapes","floor":38,"turns":7},{"damage":0,"enemies":"Reptomancer","floor":40,"turns":6},{"damage":0,"enemies":"Nemesis","floor":42,"turns":7},{"damage":11,"enemies":"Transient","floor":45,"turns":5},{"damage":7,"enemies":"Giant Head","floor":48,"turns":8},{"damage":5,"enemies":"Writhing Mass","floor":49,"turns":5},{"damage":1,"enemies":"WA_ARCHETYPE_DIVINITY","floor":50,"turns":14},{"damage":59,"enemies":"downfall:CharBossMerchant","floor":52,"turns":7},{"damage":24,"enemies":"downfall:NeowBoss","floor":55,"turns":9},{"damage":73,"enemies":"downfall:NeowBossFinal","floor":56,"turns":5}],"seed_played":"-3184180507623744218","potions_obtained":[{"floor":3.0,"key":"Energy Potion"},{"floor":4.0,"key":"Block Potion"},{"floor":9.0,"key":"bronze:FreeFunctionsPotion"},{"floor":11.0,"key":"Guardian:BlockOnCardUsePotion"},{"floor":25.0,"key":"Block Potion"},{"floor":28.0,"key":"FearPotion"},{"floor":30,"key":"PowerPotion"},{"floor":32,"key":"EntropicBrew"},{"floor":36,"key":"Guardian:BlockOnCardUsePotion"},{"floor":40,"key":"LiquidMemories"},{"floor":48,"key":"Swift Potion"}],"is_trial":false,"path_per_floor":["R","M","M","M","M","E","T","?","E","R","M","E","R","?","M","B",null,"R","M","M","$","M","E","T","E","R","?","E","?","E","$","M","B",null,"R","M","M","M","$","E","T","E","R","?","M","R","T","E","M","B",null,"E","$","R","B","B"],"character_chosen":"THE_AUTOMATON","items_purchased":["bronze:Repulsor","bronze:FindAndReplace","bronze:Boost","bronze:Terminator","Orrery","Ornamental Fan"],"campfire_rested":3,"item_purchase_floors":[21,21,31,31,31,39],"current_hp_per_floor":[70,70,70,70,68,50,50,40,26,47,42,42,42,42,42,21,70,70,64,64,64,48,48,48,23,44,44,40,40,50,71,73,62,90,90,92,92,90,94,96,96,98,108,98,89,89,89,84,81,80,104,45,60,91,67,0,0,0],"gold":37,"neow_bonus":"BOSS_RELIC","is_daily":false,"chose_seed":false,"campfire_upgraded":5,"win_rate":0.0,"timestamp":1611203236,"path_taken":["R","M","M","M","M","E","T","?","E","R","M","E","R","?","M","BOSS","R","M","M","$","?","E","T","E","R","?","E","?","E","$","M","BOSS","R","M","M","M","$","E","T","E","R","?","M","R","?","E","M","BOSS","E","$","R","BOSS","BOSS"],"items_purchased_type":["Card","Card","Card","Card","Relic","Relic"],"build_version":"2020-12-22","purchased_purges":2,"victory":false,"max_hp_per_floor":[70,70,70,70,70,70,70,70,70,70,70,70,70,70,70,70,70,70,70,70,70,70,70,70,70,70,70,72,72,82,88,90,90,90,90,92,92,94,94,96,96,98,108,98,100,100,100,102,104,104,104,104,104,104,104,104,104,104],"card_choices":[{"not_picked":[],"picked":"bronze:Separator","floor":2.0},{"not_picked":[],"picked":"bronze:Refactor","floor":3.0},{"not_picked":["bronze:ForceShield"],"picked":"SKIP","floor":4.0},{"not_picked":[],"picked":"bronze:InfiniteBeams","floor":5.0},{"not_picked":[],"picked":"bronze:FineTuning","floor":6.0},{"not_picked":[],"picked":"bronze:FineTuning","floor":8.0},{"not_picked":[],"picked":"bronze:ItsAFeature","floor":9.0},{"not_picked":[],"picked":"bronze:Iterate","floor":11.0},{"not_picked":["bronze:Overheat"],"picked":"SKIP","floor":12.0},{"not_picked":["bronze:BugBarrage"],"picked":"SKIP","floor":15.0},{"not_picked":[],"picked":"bronze:Constructor+1","floor":19.0},{"not_picked":[],"picked":"bronze:Invalidate","floor":20.0},{"not_picked":["bronze:OilSpill"],"picked":"SKIP","floor":21.0},{"not_picked":[],"picked":"bronze:Iterate","floor":22.0},{"not_picked":["bronze:WildBeam"],"picked":"SKIP","floor":23.0},{"not_picked":["bronze:BitShift"],"picked":"SKIP","floor":25.0},{"not_picked":["bronze:WildBeam"],"picked":"Singing Bowl","floor":28.0},{"not_picked":[],"picked":"bronze:Separator","floor":30},{"not_picked":["bronze:Deprecate"],"picked":"Singing Bowl","floor":31},{"not_picked":[],"picked":"bronze:Constructor","floor":31},{"not_picked":[],"picked":"bronze:Branch+1","floor":31},{"not_picked":[],"picked":"bronze:Assembly","floor":31},{"not_picked":["bronze:BugBarrage+1"],"picked":"Singing Bowl","floor":31},{"not_picked":["bronze:Turbo"],"picked":"Singing Bowl","floor":31},{"not_picked":["bronze:Repair"],"picked":"Singing Bowl","floor":32},{"not_picked":[],"picked":"bronze:AlphaBuild","floor":33},{"not_picked":["bronze:CloningBeam+1"],"picked":"Singing Bowl","floor":36},{"not_picked":[],"picked":"bronze:Terminator","floor":37},{"not_picked":["bronze:Constructor+1"],"picked":"Singing Bowl","floor":38},{"not_picked":["bronze:BugBarrage"],"picked":"Singing Bowl","floor":40},{"not_picked":["bronze:Shell"],"picked":"Singing Bowl","floor":42},{"not_picked":["bronze:NullPointer+1"],"picked":"Singing Bowl","floor":45},{"not_picked":["bronze:BronzeArmor+1"],"picked":"Singing Bowl","floor":48},{"not_picked":["bronze:BugBarrage+1","bronze:ItsAFeature"],"picked":"Singing Bowl","floor":49},{"not_picked":["bronze:Separator+1"],"picked":"bronze:FineTuning","floor":52}],"player_experience":230488,"relics_obtained":[{"floor":6.0,"key":"Bag of Preparation"},{"floor":7.0,"key":"Vajra"},{"floor":9.0,"key":"Gremlin Horn"},{"floor":12.0,"key":"Ancient Tea Set"},{"floor":23.0,"key":"MealTicket"},{"floor":24.0,"key":"Bottled Lightning"},{"floor":25.0,"key":"Tiny Chest"},{"floor":28.0,"key":"Singing Bowl"},{"floor":30,"key":"Pear"},{"floor":40,"key":"InkBottle"},{"floor":42,"key":"Molten Egg 2"},{"floor":47,"key":"Sundial"},{"floor":48,"key":"Question Card"},{"floor":52,"key":"Mummified Hand"}],"event_choices":[{"damage_healed":0.0,"max_hp_gain":0.0,"max_hp_loss":0.0,"gold_gain":0.0,"event_name":"Vampires","player_choice":"Ignored","floor":29.0,"gold_loss":0.0,"damage_taken":0.0}],"is_beta":false,"boss_relics":[{"not_picked":["bronze:MakeshiftBattery","Calling Bell"],"picked":"Philosopher\u0027s Stone"},{"not_picked":["Tiny House","Velvet Choker"],"picked":"Astrolabe"}],"items_purged_floors":[39,53],"is_endless":false,"potions_floor_spawned":[3,4,9,11,16,25,28,30,32,36,40,48,49],"killed_by":"downfall:NeowBossFinal","ascension_level":1}}