{"host":"f0gpob8hq9vgebej","time":1611196845,"event":{"mods":["AchievementEnabler","BaseMod","Minty Spire (QoL Compilation)","Quick Restart","SuperFastMode"],"gold_per_floor":[20,20,37,37,47,47,63,63,142,67,84,96,108,119,119,221,230,211,221,85,98,125,125,167,186,186,186,197,207,207,228,228,228,228],"floor_reached":33,"language":"KOR","playtime":889,"items_purged":["Strike_G","Strike_G"],"score":334,"play_id":"bddc137b-c7fa-4f60-9b3c-689441cc0959","local_time":"20210121114045","is_ascension_mode":true,"campfire_choices":[{"data":"Crippling Poison","floor":6,"key":"SMITH"},{"floor":8,"key":"DIG"},{"floor":15,"key":"DIG"},{"data":"Blade Dance","floor":23,"key":"SMITH"},{"floor":32,"key":"REST"}],"circlet_count":0,"master_deck":["Strike_G","Strike_G","Defend_G","Defend_G","Defend_G","Defend_G","Survivor","Neutralize","Backflip","Crippling Poison+1","Deadly Poison","Cloak And Dagger","CurseOfTheBell","Blade Dance","Blade Dance+1","After Image","Escape Plan","PiercingWail+1"],"relics":["Ring of the Snake","Shovel","Bronze Scales","Kunai","CeramicFish","Calling Bell","Tiny Chest","Blue Candle","FossilizedHelix","Centennial Puzzle","Turnip"],"acts_visited":["Exordium","TheCity"],"potions_floor_usage":[16,24,25,28],"damage_taken":[{"damage":0,"enemies":"2 Louse","floor":1,"turns":2},{"damage":0,"enemies":"Small Slimes","floor":3,"turns":3},{"damage":0,"enemies":"Jaw Worm","floor":5,"turns":5},{"damage":3,"enemies":"Looter","floor":7,"turns":4},{"damage":7,"enemies":"3 Louse","floor":11,"turns":3},{"damage":2,"enemies":"Red Slaver","floor":12,"turns":3},{"damage":3,"enemies":"Looter","floor":13,"turns":4},{"damage":0,"enemies":"2 Fungi Beasts","floor":14,"turns":3},{"damage":13,"enemies":"Hexaghost","floor":16,"turns":10},{"damage":13,"enemies":"2 Thieves","floor":18,"turns":4},{"damage":5,"enemies":"Shell Parasite","floor":19,"turns":6},{"damage":1,"enemies":"Centurion and Healer","floor":21,"turns":11},{"damage":13,"enemies":"Snake Plant","floor":22,"turns":6},{"damage":8,"enemies":"Book of Stabbing","floor":24,"turns":6},{"damage":6,"enemies":"Snecko","floor":25,"turns":7},{"damage":0,"enemies":"Centurion and Healer","floor":28,"turns":8},{"damage":7,"enemies":"3 Cultists","floor":29,"turns":6},{"damage":14,"enemies":"Snake Plant","floor":31,"turns":5},{"damage":50,"enemies":"Automaton","floor":33,"turns":6}],"seed_played":"-6601745740349601710","potions_obtained":[{"floor":3,"key":"SpeedPotion"},{"floor":7,"key":"BlessingOfTheForge"},{"floor":19,"key":"Block Potion"},{"floor":22,"key":"Swift Potion"},{"floor":31,"key":"Fire Potion"}],"is_trial":false,"path_per_floor":["M","?","M","?","M","R","M","R","T","$","M","M","M","M","R","B",null,"M","M","$","M","M","R","E","M","T","?","M","M","?","M","R","B"],"character_chosen":"THE_SILENT","items_purchased":["Blade Dance"],"campfire_rested":1,"item_purchase_floors":[20],"current_hp_per_floor":[70,70,70,75,75,75,72,72,72,72,65,63,60,60,60,47,68,55,50,50,49,36,36,28,22,22,22,22,15,15,1,23,0,0],"gold":228,"neow_bonus":"ONE_RARE_RELIC","is_daily":false,"chose_seed":false,"campfire_upgraded":2,"win_rate":0.0,"timestamp":1611196845,"path_taken":["M","?","M","?","M","R","M","R","T","?","M","M","M","M","R","BOSS","M","M","$","M","M","R","E","M","T","?","M","M","?","M","R","BOSS"],"items_purchased_type":["Card"],"build_version":"2020-12-22","purchased_purges":2,"victory":false,"max_hp_per_floor":[70,70,70,75,75,75,75,75,75,75,75,75,75,75,75,75,75,75,75,75,75,75,75,75,75,75,75,75,75,75,75,75,75,75],"card_choices":[{"not_picked":["Heel Hook","Sucker Punch"],"picked":"Backflip","floor":1},{"not_picked":["Prepared","Deadly Poison"],"picked":"Crippling Poison","floor":3},{"not_picked":["Slice","Sucker Punch","Deflect"],"picked":"SKIP","floor":5},{"not_picked":["Slice","Choke","Sucker Punch"],"picked":"SKIP","floor":7},{"not_picked":["Sucker Punch","Dagger Spray","Deflect"],"picked":"SKIP","floor":11},{"not_picked":["Dagger Throw","Backstab"],"picked":"Deadly Poison","floor":12},{"not_picked":["Slice","Bane","Choke"],"picked":"SKIP","floor":13},{"not_picked":["Outmaneuver","Dagger Spray"],"picked":"Cloak And Dagger","floor":14},{"not_picked":["Outmaneuver","Deflect","Leg Sweep+1"],"picked":"SKIP","floor":18},{"not_picked":["Deflect+1","Sucker Punch","Heel Hook"],"picked":"SKIP","floor":19},{"not_picked":["Leg Sweep+1","Backstab","Sucker Punch"],"picked":"SKIP","floor":21},{"not_picked":["Backstab","Endless Agony+1"],"picked":"Blade Dance","floor":22},{"not_picked":["Endless Agony","Noxious Fumes+1"],"picked":"After Image","floor":24},{"not_picked":["Caltrops+1","Flying Knee+1"],"picked":"Escape Plan","floor":25},{"not_picked":["Dagger Spray","Setup+1","Endless Agony"],"picked":"SKIP","floor":28},{"not_picked":["Setup+1","Dagger Spray","Deadly Poison"],"picked":"SKIP","floor":29},{"not_picked":["Footwork+1","Deadly Poison"],"picked":"PiercingWail+1","floor":31}],"player_experience":193693,"relics_obtained":[{"floor":8,"key":"Bronze Scales"},{"floor":9,"key":"Kunai"},{"floor":15,"key":"CeramicFish"},{"floor":17,"key":"Tiny Chest"},{"floor":17,"key":"Blue Candle"},{"floor":17,"key":"FossilizedHelix"},{"floor":24,"key":"Centennial Puzzle"},{"floor":26,"key":"Turnip"}],"event_choices":[{"cards_removed":["Strike_G"],"damage_healed":0,"gold_gain":0,"player_choice":"Forget","damage_taken":0,"max_hp_gain":0,"max_hp_loss":0,"event_name":"Living Wall","floor":2,"gold_loss":0},{"damage_healed":0,"gold_gain":0,"player_choice":"Donut","damage_taken":0,"max_hp_gain":5,"max_hp_loss":0,"event_name":"Big Fish","floor":4,"gold_loss":0},{"damage_healed":0,"gold_gain":0,"player_choice":"Ignored","damage_taken":0,"max_hp_gain":0,"max_hp_loss":0,"event_name":"Cursed Tome","floor":27,"gold_loss":0},{"cards_removed":["Defend_G"],"damage_healed":0,"gold_gain":0,"player_choice":"Purged","damage_taken":0,"max_hp_gain":0,"max_hp_loss":0,"event_name":"Purifier","floor":30,"gold_loss":0}],"is_beta":false,"boss_relics":[{"not_picked":["HoveringKite","Coffee Dripper"],"picked":"Calling Bell"}],"items_purged_floors":[10,20],"is_endless":false,"potions_floor_spawned":[3,7,19,22,31],"killed_by":"Automaton","ascension_level":5}}