{"host":"h51tltv0izczgxti","time":1611261613,"event":{"mods":["2.2 Compatiblity","AchievementEnabler","Act Like it!","Aspiration","BaseMod","Beaked The Cultist","Better Altar","Better Match","Better Note","Better Sensory Stone","Better Skull","Better Third Choice","Better Vampires","BetterRewards","Clockwork Mod","Gensokyo","Halation","Hallownest","Hermit","HololiveMod","Hubris","Infinite Spire","Koishi","Mad Scientist","Magitek Elite","Marisa????????","Melee Mod","Minty Spire (QoL Compilation)","Pale of the Ancients","Poor People Problems","Prisma Mod","Random Character Button","Remilia??????","Replay The Spire","Retaliation","Robot Space Explorer","Shade Mod","Spicy Shops","Spire Arcade","StS++","StSLib","Strawberry Spire","The Animator","The Bug Knight","The Gatherer","The Kombatant","The Poker Player","The Servant 0.9.4","The Wild Card","TheBandit","WarShipGirlsR/????R mod","Yuyuko"],"gold_per_floor":[110,130,355,254,25,56,56,76,76,89,89,35,69,69,69,95,95,190,190,204,223,67,67,67,92,92,105,158,232,246,260,260,286,286,389,389,408,408,232,242,257,282,282,282,282,24,34,34,66,81,81,81],"floor_reached":53,"language":"ENG","playtime":2977,"items_purged":["meleeMod_Jab","meleeMod_Shield"],"score":1010,"play_id":"b19e994d-bd38-40b5-9c0a-133cdd4f5bdc","local_time":"20210121144013","is_ascension_mode":true,"campfire_choices":[{"data":"meleeMod_ShieldPoke","floor":7,"key":"SMITH"},{"data":"meleeMod_UpSmash","floor":17,"key":"SMITH"},{"data":"meleeMod_DownTilt","floor":26,"key":"SMITH"},{"data":"meleeMod_Jab","floor":34,"key":"PURGE"},{"data":"ManaRampage","floor":44,"key":"SMITH"},{"data":"Wraith","floor":51,"key":"SMITH"}],"circlet_count":0,"master_deck":["meleeMod_Jab","meleeMod_Shield","meleeMod_Shield","meleeMod_Shield+1","meleeMod_NeutralAir","meleeMod_BackAir","Defend_L","animator:Strike_Konosuba+1","PrismaMod:ChloeCommonAttack","PrismaMod:MiyuCommonDefend+1","meleeMod_DownSmash","meleeMod_FalconDive","meleeMod_BMoveSpecialist+1","meleeMod_ShieldPoke+1","meleeMod_CommandGrab+1","Forethought+1","meleeMod_Knee","meleeMod_CrouchCancel","meleeMod_DashDance","meleeMod_UpSmash+1","meleeMod_L_Cancel+1","meleeMod_SuperSpicyCurry","meleeMod_VCancel","meleeMod_ForwardTilt","meleeMod_Pause","Shame","meleeMod_DownTilt+1","meleeMod_SoftKnee","meleeMod_SoftKnee","meleeMod_FalconPunch","meleeMod_AmsahTech","GravityBeat+1","Singularity+1","ShootingEcho","meleeMod_BabActivated+1","ManaRampage+1","Madness","Madness","meleeMod_NeutralAir+1","PowerUp+1"],"relics":["meleeMod_LosersMang0","Guard_Bracelet","strawberrySpire:GlyphStone","meleeMod_NoKnee","Frozen Egg 2","Turnip","aspiration:RitualDagger","halation:LettersToHer","aspiration:HiddenCompartment","ReplayTheSpireMod:Lightbulb","Quantum Egg","aspiration:Stabinomicon","hubris:PeanutButter","aspiration:MarisaSkillbook","Replay:Accelerometer","hubris:MedicalManual","aspiration:SeaSaltIceCream","halation:PrussianBluePaint","strawberrySpire:BonfireDress"],"acts_visited":["Exordium","TheCity","TheBeyond"],"potions_floor_usage":[6,31,33,33,33,49,49,50,52],"damage_taken":[{"damage":0,"enemies":"2 Louse","floor":1,"turns":3},{"damage":0,"enemies":"Cultist","floor":2,"turns":2},{"damage":5,"enemies":"Replay:BlueRogue","floor":6,"turns":4},{"damage":18,"enemies":"Jaw Worm","floor":8,"turns":4},{"damage":0,"enemies":"Exordium Thugs","floor":10,"turns":4},{"damage":14,"enemies":"Lagavulin","floor":13,"turns":3},{"damage":21,"enemies":"3 Sentries","floor":16,"turns":6},{"damage":24,"enemies":"Hexaghost","floor":18,"turns":6},{"damage":14,"enemies":"Spheric Guardian","floor":20,"turns":3},{"damage":6,"enemies":"Shell Parasite","floor":21,"turns":2},{"damage":41,"enemies":"Gremlin Leader","floor":25,"turns":5},{"damage":32,"enemies":"Snecko","floor":27,"turns":4},{"damage":17,"enemies":"Chosen and Byrds","floor":30,"turns":3},{"damage":21,"enemies":"Shelled Parasite and Fungi","floor":31,"turns":4},{"damage":15,"enemies":"Replay:Snechameleon","floor":33,"turns":2},{"damage":31,"enemies":"Collector","floor":35,"turns":5},{"damage":17,"enemies":"3 Darklings","floor":37,"turns":3},{"damage":12,"enemies":"3 Shapes","floor":40,"turns":3},{"damage":8,"enemies":"Sphere and 2 Shapes","floor":41,"turns":4},{"damage":17,"enemies":"Giant Head","floor":42,"turns":4},{"damage":21,"enemies":"Jaw Worm Horde","floor":47,"turns":4},{"damage":29,"enemies":"Nemesis","floor":49,"turns":5},{"damage":18,"enemies":"Transient","floor":50,"turns":5},{"damage":58,"enemies":"Donu and Deca","floor":52,"turns":6}],"seed_played":"8054744729207343684","potions_obtained":[{"floor":1,"key":"DDmod:CleansePotion"},{"floor":2,"key":"Toxic Potion"},{"floor":6,"key":"FairyPotion"},{"floor":18,"key":"Adrenaline Potion"},{"floor":25,"key":"SpeedPotion"},{"floor":31,"key":"StSpp:ScatteredPotion"},{"floor":33,"key":"Weak Potion"},{"floor":40,"key":"StSpp:ScatteredPotion"},{"floor":49,"key":"AttackPotion"}],"is_trial":false,"path_per_floor":["M","M","?","$","$","E","R","M","T","M","?","$","E","PTL","PTL","E","R","B",null,"M","M","$","?","?","E","R","M","T","T","M","M","?","E","R","B",null,"M","?","$","M","M","E","?","R","T","$","M","?","E","M","R","B",null],"character_chosen":"FALCON","items_purchased":["meleeMod_BMoveSpecialist","meleeMod_ShieldPoke","strawberrySpire:GlyphStone","meleeMod_UpSmash","meleeMod_Pause","halation:LettersToHer","Singularity+1","aspiration:SeaSaltIceCream"],"campfire_rested":0,"item_purchase_floors":[4,4,5,12,22,22,39,46],"current_hp_per_floor":[101,101,23,23,23,18,18,30,30,30,101,101,87,87,87,66,66,42,86,72,66,66,66,66,25,25,98,98,98,94,82,66,69,69,62,91,87,87,87,88,91,99,99,99,99,99,88,75,64,101,101,76],"gold":81,"neow_bonus":"TWENTY_PERCENT_HP_BONUS","is_daily":false,"chose_seed":false,"campfire_upgraded":5,"win_rate":0.0,"timestamp":1611261613,"path_taken":["M","M","?","?","$","E","R","M","T","M","?","$","E","PTL","PTL","E","R","BOSS","M","?","$","?","?","E","R","M","T","?","M","?","?","E","R","BOSS","M","?","$","?","M","E","?","R","T","?","M","?","E","M","R","BOSS"],"items_purchased_type":["Card","Card","Relic","Card","Card","Relic","Card","Relic"],"build_version":"2020-12-22","purchased_purges":2,"victory":true,"max_hp_per_floor":[101,101,101,101,101,101,101,101,101,101,101,101,101,101,101,101,101,101,101,101,101,101,101,101,101,101,101,101,101,101,101,101,101,101,101,101,101,101,101,101,101,101,101,101,101,101,101,101,101,101,101,101],"card_choices":[{"not_picked":["meleeMod_FalconKick","meleeMod_ForwardTilt"],"picked":"meleeMod_DownSmash","floor":1},{"not_picked":["meleeMod_TeamAttackOn","meleeMod_Cautious"],"picked":"meleeMod_FalconDive","floor":2},{"not_picked":["meleeMod_WaveLand","meleeMod_SuperMushroom"],"picked":"meleeMod_Knee","floor":6},{"not_picked":["meleeMod_FalconDive","meleeMod_BlueFalcon"],"picked":"meleeMod_CrouchCancel","floor":8},{"not_picked":["meleeMod_Taunt","meleeMod_SweetSpot"],"picked":"meleeMod_DashDance","floor":10},{"not_picked":["meleeMod_DashDance","meleeMod_SoftKnee"],"picked":"meleeMod_L_Cancel+1","floor":13},{"not_picked":["meleeMod_UpAir","meleeMod_RapidJabs"],"picked":"meleeMod_SuperSpicyCurry","floor":16},{"not_picked":["meleeMod_HomieStock","meleeMod_EdgeGuard"],"picked":"meleeMod_VCancel","floor":18},{"not_picked":["meleeMod_BackAir","meleeMod_BabActivated+1"],"picked":"meleeMod_ForwardTilt","floor":20},{"not_picked":["meleeMod_BackAir","meleeMod_Wildfire","meleeMod_Gentleman"],"picked":"SKIP","floor":21},{"not_picked":["meleeMod_IKilledMufasa+1","meleeMod_DIMixUp"],"picked":"meleeMod_DownTilt","floor":25},{"not_picked":["meleeMod_DashDance","meleeMod_DownSmash+1"],"picked":"meleeMod_SoftKnee","floor":27},{"not_picked":["meleeMod_CrouchCancel+1","meleeMod_WallJump"],"picked":"meleeMod_SoftKnee","floor":30},{"not_picked":["meleeMod_ShieldPoke","meleeMod_UpTilt+1"],"picked":"meleeMod_FalconPunch","floor":31},{"not_picked":["meleeMod_Pause+1","meleeMod_ForwardSmash","meleeMod_UpSmash+1"],"picked":"SKIP","floor":33},{"not_picked":["meleeMod_HomieStock","meleeMod_SomebodyClipThat"],"picked":"meleeMod_AmsahTech","floor":35},{"not_picked":["IllusionStar+1","meleeMod_ForwardTilt+1","GrandCross"],"picked":"GravityBeat+1","floor":37},{"not_picked":["MagicAbsorber+1","AsteroidBelt+1","meleeMod_BackAir"],"picked":"ShootingEcho","floor":40},{"not_picked":["MagicAbsorber","meleeMod_UpTilt","LuminesStrike+1"],"picked":"meleeMod_BabActivated+1","floor":41},{"not_picked":["meleeMod_WaveLand+1","meleeMod_BackAir+1","SporeBomb+1"],"picked":"ManaRampage","floor":42},{"not_picked":["meleeMod_DownTilt","NonDirectionalLaser","meleeMod_ShieldPoke","Acceleration"],"picked":"SKIP","floor":47},{"not_picked":["meleeMod_Pause","meleeMod_FalconPunch+1","meleeMod_WaveDash+1"],"picked":"meleeMod_NeutralAir+1","floor":49},{"not_picked":["meleeMod_Knee","meleeMod_UpTilt+1","meleeMod_SweetSpot+1"],"picked":"PowerUp+1","floor":50}],"player_experience":911989,"relics_obtained":[{"floor":6,"key":"meleeMod_NoKnee"},{"floor":13,"key":"Frozen Egg 2"},{"floor":16,"key":"Turnip"},{"floor":25,"key":"aspiration:HiddenCompartment"},{"floor":28,"key":"halation:LettersToHer"},{"floor":28,"key":"ReplayTheSpireMod:Lightbulb"},{"floor":29,"key":"halation:LettersToHer"},{"floor":29,"key":"Quantum Egg"},{"floor":32,"key":"aspiration:Stabinomicon"},{"floor":33,"key":"hubris:PeanutButter"},{"floor":42,"key":"Replay:Accelerometer"},{"floor":45,"key":"halation:LettersToHer"},{"floor":45,"key":"hubris:MedicalManual"},{"floor":49,"key":"strawberrySpire:BonfireDress"}],"event_choices":[{"damage_healed":0,"gold_gain":225,"player_choice":"GO UP UP RE GO ","damage_taken":86,"relics_obtained":["Guard_Bracelet"],"max_hp_gain":0,"max_hp_loss":0,"event_name":"betterSkull:BetterSkull","floor":3,"gold_loss":0,"cards_upgraded":["PrismaMod:MiyuCommonDefend","animator:Strike_Konosuba"]},{"cards_removed":["meleeMod_BMoveSpecialist"],"damage_healed":71,"gold_gain":0,"player_choice":"Offered Uncommon","damage_taken":0,"max_hp_gain":0,"max_hp_loss":0,"event_name":"Bonfire Elementals","floor":11,"gold_loss":0},{"cards_removed":["meleeMod_ShieldPoke"],"damage_healed":0,"gold_gain":0,"player_choice":"Give","damage_taken":0,"max_hp_gain":0,"max_hp_loss":0,"event_name":"betterNote:BetterNote","floor":23,"gold_loss":0,"cards_obtained":["None"]},{"damage_healed":0,"gold_gain":0,"player_choice":"Obtained Book","damage_taken":16,"max_hp_gain":0,"max_hp_loss":0,"event_name":"Cursed Tome","floor":32,"gold_loss":0},{"damage_healed":0,"gold_gain":0,"player_choice":"Forge","damage_taken":0,"max_hp_gain":0,"max_hp_loss":0,"event_name":"Accursed Blacksmith","floor":38,"gold_loss":0,"cards_upgraded":["meleeMod_BMoveSpecialist"]},{"damage_healed":0,"gold_gain":0,"player_choice":"Ignored","damage_taken":0,"max_hp_gain":0,"max_hp_loss":0,"event_name":"OrinTheCat","floor":43,"gold_loss":0},{"damage_healed":0,"gold_gain":0,"player_choice":"Embrace Madness","damage_taken":13,"max_hp_gain":0,"max_hp_loss":0,"event_name":"Winding Halls","floor":48,"gold_loss":0,"cards_obtained":["Madness","Madness"]}],"is_beta":false,"boss_relics":[{"not_picked":["Calling Bell","hubris:RunicObelisk"],"picked":"aspiration:RitualDagger"},{"not_picked":["halation:Risk","hubris:BlackHole"],"picked":"aspiration:MarisaSkillbook"}],"items_purged_floors":[5,39],"is_endless":false,"potions_floor_spawned":[1,2,6,18,25,27,31,33,40,49],"ascension_level":5}}