{"host":"lsq35p0sdkx2xifo","time":1611210500,"event":{"mods":["AchievementEnabler","BaseMod","Highlight Path","Minty Spire (QoL Compilation)","StSLib","The Senshi"],"gold_per_floor":[361,377,389,389,16,16,33,58,58,98,98,98,98],"floor_reached":12,"language":"ENG","playtime":624,"items_purged":[],"score":140,"play_id":"4a3ccf3a-8578-4076-8013-709c39f69b5a","local_time":"20210120222820","is_ascension_mode":true,"campfire_choices":[{"floor":6,"key":"REST"},{"floor":11,"key":"REST"}],"circlet_count":0,"master_deck":["AscendersBane","Strike_G","Strike_G","Strike_G","Strike_G","Strike_G","Defend_G","Defend_G","Defend_G","Defend_G","Defend_G","Survivor","Neutralize","Deadly Poison","Bane","Bane","Noxious Fumes","Poisoned Stab","Crippling Poison","Deadly Poison","Leg Sweep"],"relics":["Ring of the Snake","Pantograph","Ornamental Fan","Letter Opener"],"acts_visited":["Exordium"],"potions_floor_usage":[8,10],"damage_taken":[{"damage":27,"enemies":"Cultist","floor":1,"turns":7},{"damage":2,"enemies":"2 Louse","floor":2,"turns":3},{"damage":4,"enemies":"Small Slimes","floor":3,"turns":4},{"damage":8,"enemies":"Blue Slaver","floor":7,"turns":3},{"damage":24,"enemies":"Gremlin Nob","floor":8,"turns":4},{"damage":5,"enemies":"3 Louse","floor":10,"turns":3},{"damage":20,"enemies":"3 Sentries","floor":12,"turns":7}],"seed_played":"5137321612062268210","potions_obtained":[{"floor":7,"key":"ColorlessPotion"},{"floor":8,"key":"ColorlessPotion"}],"is_trial":false,"path_per_floor":["M","M","M","?","$","R","M","E","T","M","R","E"],"character_chosen":"THE_SILENT","items_purchased":["Pantograph","Noxious Fumes","Poisoned Stab"],"campfire_rested":2,"item_purchase_floors":[5,5,5],"current_hp_per_floor":[32,30,26,19,19,38,30,6,6,1,20,0,0],"gold":98,"neow_bonus":"TWO_FIFTY_GOLD","is_daily":false,"chose_seed":false,"campfire_upgraded":0,"win_rate":0.0,"timestamp":1611210500,"path_taken":["M","?","M","?","$","R","M","E","T","M","R","E"],"items_purchased_type":["Relic","Card","Card"],"build_version":"2020-12-22","purchased_purges":0,"victory":false,"max_hp_per_floor":[66,66,66,66,66,66,66,66,66,66,66,66,66],"card_choices":[{"not_picked":["Sucker Punch","Dagger Spray"],"picked":"Deadly Poison","floor":1},{"not_picked":["Cloak And Dagger","Prepared"],"picked":"Bane","floor":2},{"not_picked":["Reflex","Crippling Poison"],"picked":"Bane","floor":3},{"not_picked":["All Out Attack","Flying Knee"],"picked":"Crippling Poison","floor":7},{"not_picked":["Glass Knife","Prepared"],"picked":"Deadly Poison","floor":8},{"not_picked":["Masterful Stab","Blade Dance"],"picked":"Leg Sweep","floor":10}],"player_experience":1355287,"relics_obtained":[{"floor":8,"key":"Ornamental Fan"},{"floor":9,"key":"Letter Opener"}],"event_choices":[{"cards_removed":["Decay"],"damage_healed":0,"gold_gain":0,"player_choice":"Card Removal","damage_taken":7,"max_hp_gain":0,"max_hp_loss":0,"event_name":"Golden Wing","floor":4,"gold_loss":0}],"is_beta":false,"boss_relics":[],"items_purged_floors":[],"is_endless":false,"potions_floor_spawned":[7,8],"killed_by":"3 Sentries","ascension_level":15}}