{"host":"3vww328me7evlv6h","time":1611272265,"event":{"mods":["BaseMod","BetterRewards","Minty Spire (QoL Compilation)","Relic Stats","StSLib","SuperFastMode"],"gold_per_floor":[113,113,113,123,123,154,170,205,232,232,267,284,16,33,33,109,109,126,41,75,75,85,85,112,112,112,144,157,183,282,313,313,384,384,403,403,403,102,115,149,164,191,191,241,463,497,508,528,528,528],"floor_reached":51,"language":"ENG","playtime":4402,"items_purged":["Strike_P","Strike_P","Strike_P","ReachHeaven"],"score":2214,"play_id":"424a6535-5693-4e81-bc24-d402eee6d9af","local_time":"20210122003745","is_ascension_mode":true,"campfire_choices":[{"data":"Eruption","floor":10.0,"key":"SMITH"},{"data":"DeusExMachina","floor":15.0,"key":"SMITH"},{"data":"Vault","floor":23.0,"key":"SMITH"},{"data":"ClearTheMind","floor":25.0,"key":"SMITH"},{"data":"CrushJoints","floor":32.0,"key":"SMITH"},{"data":"Wireheading","floor":49,"key":"SMITH"}],"circlet_count":0,"master_deck":["AscendersBane","Eruption+1","Vigilance","CutThroughFate","Dramatic Entrance+1","CrushJoints+1","DeceiveReality","CarveReality","Wireheading+1","Protect","Halt+1","DeusExMachina+1","Vault+1","FlurryOfBlows","Vengeance","InnerPeace","SandsOfTime","FlurryOfBlows","ClearTheMind+1","Meditate","DeusExMachina"],"relics":["PureWater","TungstenRod","ClockworkSouvenir","Bird Faced Urn","Gambling Chip","Dead Branch","Orichalcum","Happy Flower","Strawberry","Incense Burner","Pandora\u0027s Box","CloakClasp","Red Mask","Ginger","Pocketwatch","Dream Catcher","StrikeDummy","HornCleat","Runic Pyramid","Frozen Eye","Letter Opener","Molten Egg 2","Bottled Lightning","FossilizedHelix","Ice Cream"],"acts_visited":["Exordium","TheCity","TheBeyond"],"potions_floor_usage":[],"damage_taken":[{"damage":0.0,"enemies":"2 Louse","floor":1.0,"turns":1.0},{"damage":0.0,"enemies":"Small Slimes","floor":4.0,"turns":1.0},{"damage":0.0,"enemies":"3 Sentries","floor":6.0,"turns":2.0},{"damage":0.0,"enemies":"Cultist","floor":7.0,"turns":2.0},{"damage":0.0,"enemies":"Lagavulin","floor":8.0,"turns":6.0},{"damage":9.0,"enemies":"Gremlin Nob","floor":11.0,"turns":3.0},{"damage":0.0,"enemies":"Exordium Wildlife","floor":12.0,"turns":2.0},{"damage":5.0,"enemies":"Red Slaver","floor":14.0,"turns":2.0},{"damage":1.0,"enemies":"The Guardian","floor":16.0,"turns":8.0},{"damage":0.0,"enemies":"Spheric Guardian","floor":18.0,"turns":2.0},{"damage":0.0,"enemies":"Masked Bandits","floor":20.0,"turns":2.0},{"damage":0.0,"enemies":"Chosen","floor":22.0,"turns":2.0},{"damage":0.0,"enemies":"Slavers","floor":24.0,"turns":3.0},{"damage":0.0,"enemies":"Gremlin Leader","floor":27.0,"turns":3.0},{"damage":0.0,"enemies":"Centurion and Healer","floor":28.0,"turns":3.0},{"damage":0.0,"enemies":"Slavers","floor":29.0,"turns":3.0},{"damage":0.0,"enemies":"Gremlin Leader","floor":31.0,"turns":2.0},{"damage":0.0,"enemies":"Collector","floor":33.0,"turns":5.0},{"damage":0.0,"enemies":"3 Shapes","floor":35.0,"turns":9.0},{"damage":0.0,"enemies":"Orb Walker","floor":39.0,"turns":2.0},{"damage":0.0,"enemies":"Giant Head","floor":40.0,"turns":7.0},{"damage":0.0,"enemies":"4 Shapes","floor":41.0,"turns":2.0},{"damage":1.0,"enemies":"Reptomancer","floor":42.0,"turns":3.0},{"damage":0,"enemies":"2 Orb Walkers","floor":44,"turns":3},{"damage":0,"enemies":"Nemesis","floor":46,"turns":6},{"damage":0,"enemies":"Writhing Mass","floor":47,"turns":5},{"damage":0,"enemies":"Maw","floor":48,"turns":3},{"damage":0,"enemies":"Time Eater","floor":50,"turns":5}],"seed_played":"4479644595029255655","potions_obtained":[{"floor":5.0,"key":"Swift Potion"},{"floor":5.0,"key":"BlessingOfTheForge"},{"floor":6.0,"key":"DistilledChaos"},{"floor":11.0,"key":"LiquidBronze"}],"is_trial":false,"path_per_floor":["M","?","?","M","?","E","M","E","T","R","E","M","$","M","R","B",null,"M","?","?","?","M","R","E","R","T","E","M","E","?","E","R","B",null,"M","?","?","$","M","E","M","E","T","?","?","E","M","M","R","B",null],"character_chosen":"WATCHER","items_purchased":["TungstenRod","ClockworkSouvenir","CutThroughFate","Gambling Chip","Dramatic Entrance","CrushJoints","DeusExMachina","Frozen Eye"],"campfire_rested":0,"item_purchase_floors":[0,0,0,0,0,0,13,38],"current_hp_per_floor":[65,65,59,59,59,59,59,61,68,68,61,61,61,58,58,63,75,75,75,77,79,79,79,79,79,79,79,79,79,79,79,79,79,79,79,75,75,75,75,75,75,74,74,74,74,75,75,75,75,75],"gold":528,"neow_bonus":"","is_daily":false,"chose_seed":false,"campfire_upgraded":6,"win_rate":0.0,"timestamp":1611272265,"path_taken":["M","?","?","?","?","E","?","E","T","R","E","M","$","M","R","BOSS","M","?","?","?","?","R","E","R","T","E","M","E","?","E","R","BOSS","M","?","?","$","M","E","?","E","T","?","?","E","M","M","R","BOSS"],"items_purchased_type":["Relic","Relic","Card","Relic","Card","Card","Card","Relic"],"build_version":"2020-12-22","purchased_purges":4,"victory":true,"max_hp_per_floor":[72,72,72,72,72,72,72,72,79,79,79,79,79,79,79,79,79,79,79,79,79,79,79,79,79,79,79,79,79,79,79,79,79,79,79,75,75,75,75,75,75,75,75,75,75,75,75,75,75,75],"relic_stats":{"Happy Flower":[28],"counters":[104,432],"Dead Branch":[388],"CloakClasp":[313],"Ginger":[10],"Letter Opener":[127],"Orichalcum":[156],"Dream Catcher":0,"Bird Faced Urn":[15],"Gambling Chip":[57],"Pandora\u0027s Box":["ReachHeaven","FlurryOfBlows","Vengeance","InnerPeace","SandsOfTime"],"obtain_stats":[{"Ice Cream":46,"Calipers":0,"Gremlin Horn":21,"CeramicFish":42,"Vajra":26,"Ginger":0,"Whetstone":40,"Sozu":17,"Centennial Puzzle":45,"HornCleat":8,"Sundial":44,"DollysMirror":0,"Strawberry":36,"MealTicket":9,"Happy Flower":8,"Dead Branch":0,"Astrolabe":17,"Oddly Smooth Stone":19,"Eternal Feather":23,"Pen Nib":19,"Letter Opener":40,"Shuriken":0,"Bronze Scales":0,"Bird Faced Urn":0,"Pandora\u0027s Box":17,"Molten Egg 2":42,"StrikeDummy":29,"Pocketwatch":26,"Darkstone Periapt":40,"Regal Pillow":25,"Lantern":28,"Torii":6,"Enchiridion":21,"StoneCalendar":0,"Mango":10,"CloakClasp":0,"Incense Burner":11,"TeardropLocket":54,"Empty Cage":17,"Ancient Tea Set":6,"Smiling Mask":24,"ClockworkSouvenir":19,"Frozen Eye":38,"Dream Catcher":43,"Nunchaku":27,"Gambling Chip":0,"Red Mask":20,"Cracked Core":0,"Runic Pyramid":34,"Potion Belt":45,"PreservedInsect":0,"Frozen Egg 2":26,"Orichalcum":6,"MawBank":25,"Mercury Hourglass":9,"Art of War":12,"Coffee Dripper":34,"Bottled Lightning":26,"PureWater":0,"Toy Ornithopter":6,"TungstenRod":0,"FossilizedHelix":44},{"Ice Cream":101,"Calipers":0,"Gremlin Horn":56,"CeramicFish":70,"Vajra":42,"Ginger":0,"Whetstone":68,"Sozu":38,"Centennial Puzzle":24,"HornCleat":5,"Sundial":24,"DollysMirror":28,"Strawberry":19,"MealTicket":34,"Happy Flower":81,"Dead Branch":44,"Astrolabe":54,"Oddly Smooth Stone":39,"Eternal Feather":13,"Pen Nib":39,"Letter Opener":97,"Shuriken":44,"Bronze Scales":0,"Bird Faced Urn":76,"Pandora\u0027s Box":85,"Molten Egg 2":99,"StrikeDummy":92,"Pocketwatch":89,"Darkstone Periapt":22,"Regal Pillow":14,"Lantern":61,"Torii":4,"Enchiridion":11,"StoneCalendar":0,"Mango":6,"CloakClasp":28,"Incense Burner":82,"TeardropLocket":75,"Empty Cage":9,"Ancient Tea Set":34,"Smiling Mask":58,"ClockworkSouvenir":39,"Frozen Eye":95,"Dream Catcher":23,"Nunchaku":43,"Gambling Chip":76,"Red Mask":87,"Cracked Core":0,"Runic Pyramid":94,"Potion Belt":71,"PreservedInsect":0,"Frozen Egg 2":59,"Orichalcum":79,"MawBank":42,"Mercury Hourglass":5,"Art of War":6,"Coffee Dripper":18,"Bottled Lightning":14,"PureWater":0,"Toy Ornithopter":48,"TungstenRod":76,"FossilizedHelix":100},{"Ice Cream":419,"Calipers":0,"Gremlin Horn":275,"CeramicFish":312,"Vajra":240,"Ginger":0,"Whetstone":305,"Sozu":209,"Centennial Puzzle":139,"HornCleat":24,"Sundial":139,"DollysMirror":163,"Strawberry":109,"MealTicket":180,"Happy Flower":347,"Dead Branch":247,"Astrolabe":271,"Oddly Smooth Stone":215,"Eternal Feather":75,"Pen Nib":215,"Letter Opener":405,"Shuriken":247,"Bronze Scales":0,"Bird Faced Urn":335,"Pandora\u0027s Box":362,"Molten Egg 2":410,"StrikeDummy":380,"Pocketwatch":371,"Darkstone Periapt":123,"Regal Pillow":82,"Lantern":288,"Torii":17,"Enchiridion":61,"StoneCalendar":0,"Mango":28,"CloakClasp":163,"Incense Burner":350,"TeardropLocket":325,"Empty Cage":48,"Ancient Tea Set":180,"Smiling Mask":281,"ClockworkSouvenir":215,"Frozen Eye":396,"Dream Catcher":132,"Nunchaku":246,"Gambling Chip":335,"Red Mask":366,"Cracked Core":0,"Runic Pyramid":387,"Potion Belt":315,"PreservedInsect":0,"Frozen Egg 2":286,"Orichalcum":339,"MawBank":240,"Mercury Hourglass":24,"Art of War":28,"Coffee Dripper":106,"Bottled Lightning":82,"PureWater":0,"Toy Ornithopter":258,"TungstenRod":335,"FossilizedHelix":413}],"TungstenRod":9,"Pocketwatch":[0]},"card_choices":[{"not_picked":["Prostrate","JustLucky","Evaluate"],"picked":"SKIP","floor":1.0},{"not_picked":["EmptyBody","FlurryOfBlows"],"picked":"DeceiveReality","floor":4.0},{"not_picked":["Study","Sanctity","FlurryOfBlows"],"picked":"SKIP","floor":6.0},{"not_picked":["Study","Collect"],"picked":"CarveReality","floor":7.0},{"not_picked":["SandsOfTime","MentalFortress"],"picked":"Wireheading","floor":8.0},{"not_picked":["Wireheading","PathToVictory"],"picked":"Protect","floor":11.0},{"not_picked":["JustLucky","Consecrate"],"picked":"Halt","floor":12.0},{"not_picked":["Indignation","Consecrate","CrushJoints"],"picked":"SKIP","floor":14.0},{"not_picked":["Devotion","Wish"],"picked":"Vault","floor":16.0},{"not_picked":["Wireheading","EmptyFist"],"picked":"FlurryOfBlows","floor":18.0},{"not_picked":["SashWhip","CrushJoints"],"picked":"ClearTheMind","floor":20.0},{"not_picked":["EmptyFist","Protect","CutThroughFate"],"picked":"SKIP","floor":22.0},{"not_picked":["EmptyFist","Protect","CutThroughFate"],"picked":"SKIP","floor":22.0},{"not_picked":["SpiritShield","BattleHymn","Evaluate"],"picked":"SKIP","floor":24.0},{"not_picked":["SignatureMove","SashWhip","Halt"],"picked":"SKIP","floor":27.0},{"not_picked":["BowlingBash","Conclude+1","EmptyBody"],"picked":"SKIP","floor":28.0},{"not_picked":["PathToVictory","Consecrate"],"picked":"Meditate","floor":29.0},{"not_picked":["EmptyFist+1","ReachHeaven","CutThroughFate"],"picked":"SKIP","floor":31.0},{"not_picked":["LessonLearned","Scrawl"],"picked":"DeusExMachina","floor":33.0},{"not_picked":["LikeWater","Fasting2","Sanctity"],"picked":"SKIP","floor":35.0},{"not_picked":["Protect","EmptyMind","FlurryOfBlows+1"],"picked":"SKIP","floor":39.0},{"not_picked":["Protect","EmptyMind","FlurryOfBlows+1"],"picked":"SKIP","floor":39.0},{"not_picked":["Vengeance+1","Tantrum+1","FlyingSleeves"],"picked":"SKIP","floor":40.0},{"not_picked":["Consecrate","SashWhip","LikeWater"],"picked":"SKIP","floor":41.0},{"not_picked":["Sanctity","Halt","JustLucky+1"],"picked":"SKIP","floor":42.0},{"not_picked":["FlyingSleeves+1","LessonLearned+1","Perseverance"],"picked":"SKIP","floor":46},{"not_picked":["Meditate","Prostrate","Consecrate+1"],"picked":"SKIP","floor":47},{"not_picked":["Evaluate","CrushJoints+1","EmptyBody"],"picked":"SKIP","floor":48}],"player_experience":323267,"relics_obtained":[{"floor":6.0,"key":"Orichalcum"},{"floor":8.0,"key":"Happy Flower"},{"floor":9.0,"key":"Strawberry"},{"floor":11.0,"key":"Incense Burner"},{"floor":20.0,"key":"Red Mask"},{"floor":24.0,"key":"Ginger"},{"floor":26.0,"key":"Pocketwatch"},{"floor":27.0,"key":"Dream Catcher"},{"floor":29.0,"key":"StrikeDummy"},{"floor":31.0,"key":"HornCleat"},{"floor":40.0,"key":"Letter Opener"},{"floor":42.0,"key":"Molten Egg 2"},{"floor":43.0,"key":"Bottled Lightning"},{"floor":44,"key":"FossilizedHelix"},{"floor":46,"key":"Ice Cream"}],"event_choices":[{"damage_healed":0.0,"max_hp_gain":0.0,"max_hp_loss":0.0,"gold_gain":0.0,"event_name":"Living Wall","player_choice":"Grow","floor":2.0,"gold_loss":0.0,"damage_taken":0.0,"cards_upgraded":["Dramatic Entrance"]},{"damage_healed":0.0,"max_hp_gain":0.0,"max_hp_loss":0.0,"gold_gain":0.0,"event_name":"Wheel of Change","player_choice":"Damaged","floor":3.0,"gold_loss":0.0,"damage_taken":7.0},{"damage_healed":0.0,"max_hp_gain":0.0,"max_hp_loss":0.0,"gold_gain":0.0,"event_name":"Lab","player_choice":"Got Potions","floor":5.0,"gold_loss":0.0,"damage_taken":0.0},{"damage_healed":0.0,"max_hp_gain":0.0,"max_hp_loss":0.0,"gold_gain":0.0,"event_name":"Addict","player_choice":"Obtained Relic","floor":19.0,"gold_loss":85.0,"damage_taken":0.0,"relics_obtained":["CloakClasp"]},{"damage_healed":0.0,"max_hp_gain":0.0,"max_hp_loss":0.0,"gold_gain":0.0,"event_name":"Masked Bandits","player_choice":"Fought Bandits","floor":20.0,"gold_loss":0.0,"damage_taken":0.0},{"damage_healed":2.0,"max_hp_gain":0.0,"max_hp_loss":0.0,"gold_gain":0.0,"event_name":"Wheel of Change","player_choice":"Full Heal","floor":21.0,"gold_loss":0.0,"damage_taken":0.0},{"damage_healed":0.0,"max_hp_gain":0.0,"max_hp_loss":0.0,"gold_gain":99.0,"event_name":"Nest","player_choice":"Stole From Cult","floor":30.0,"gold_loss":0.0,"damage_taken":0.0},{"damage_healed":0.0,"max_hp_gain":0.0,"max_hp_loss":4.0,"gold_gain":0.0,"event_name":"Winding Halls","player_choice":"Max HP","floor":36.0,"gold_loss":0.0,"damage_taken":0.0},{"damage_healed":0.0,"max_hp_gain":0.0,"max_hp_loss":0.0,"gold_gain":0.0,"event_name":"Upgrade Shrine","player_choice":"Upgraded","floor":37.0,"gold_loss":0.0,"damage_taken":0.0,"cards_upgraded":["Halt"]},{"damage_healed":0,"gold_gain":0,"player_choice":"Fight","damage_taken":0,"max_hp_gain":0,"max_hp_loss":0,"event_name":"Mysterious Sphere","floor":44,"gold_loss":0},{"damage_healed":0,"gold_gain":222,"player_choice":"Wore Mask","damage_taken":0,"max_hp_gain":0,"max_hp_loss":0,"event_name":"Tomb of Lord Red Mask","floor":45,"gold_loss":0}],"is_beta":false,"boss_relics":[{"not_picked":["Cursed Key","SacredBark"],"picked":"Pandora\u0027s Box"},{"not_picked":["Empty Cage","Black Star"],"picked":"Runic Pyramid"}],"items_purged_floors":[0,0,13,38],"is_endless":false,"potions_floor_spawned":[6,7,11,12,16,27,31,33,40,42,46,48],"ascension_level":13}}