{"host":"ko40t1o51xotjt2v","time":1611239521,"event":{"mods":["2.2 Compatiblity","AchievementEnabler","Aspiration","BaseMod","Better Match","Better Third Choice","Better Vampires","Conspire","Downfall","Energized Spire","GifTheSpireLib","Halation","Hubris","Jedi Mod","Minty Spire (QoL Compilation)","MostiFishMod","Spicy Shops","Spikes Relics","StSLib","Stuff the Spire","TestMod","vexMod","??????REMEMod"],"gold_per_floor":[99,99,499,499,499,499,499,499,499,510,525,525,560,560,571,571,571,571],"floor_reached":16,"language":"SPA","playtime":706,"items_purged":[],"score":96,"play_id":"7fe11278-4c70-46a8-b10a-bca78552ee22","local_time":"20210121153201","is_ascension_mode":false,"campfire_choices":[{"data":"Slimebound:Split","floor":1,"key":"SMITH"},{"data":"Slimebound:Gluttony","floor":8,"key":"SMITH"},{"data":"Slimebound:AcidTongue","floor":12,"key":"SMITH"}],"circlet_count":0,"master_deck":["Slimebound:Strike_Slimebound","Slimebound:Strike_Slimebound","Slimebound:Tackle","Slimebound:Defend_Slimebound","Slimebound:Defend_Slimebound","Slimebound:Defend_Slimebound","Slimebound:Defend_Slimebound","Slimebound:Split+1","Slimebound:CorrosiveSpit","Slimebound:Gluttony+1","Slimebound:GoopSpray","Slimebound:SplitBruiser","Slimebound:AcidTongue+1","Slimebound:SplotMire","Slimebound:SamplingLick","Slimebound:ViciousTackle"],"relics":["Slimebound:AbsorbEndCombat","testmod-TestBox","REME_ComplimentaryCards","downfall:HeartsMalice","ShockBauble","ZombieTooth"],"acts_visited":["Exordium"],"potions_floor_usage":[16,16],"damage_taken":[{"damage":0,"enemies":"2 Louse","floor":2,"turns":1},{"damage":0,"enemies":"Jaw Worm","floor":6,"turns":1},{"damage":0,"enemies":"conspire:RoseBush","floor":9,"turns":1},{"damage":8,"enemies":"Exordium Wildlife","floor":10,"turns":4},{"damage":0,"enemies":"3 Louse","floor":11,"turns":3},{"damage":49,"enemies":"Gremlin Nob","floor":13,"turns":5},{"damage":5,"enemies":"2 Fungi Beasts","floor":15,"turns":3},{"damage":48,"enemies":"DF_ARCHETYPE_STREAMLINE","floor":16,"turns":6}],"seed_played":"-944419210632530081","potions_obtained":[{"floor":11,"key":"sneckomod:MuddlingPotion"},{"floor":13,"key":"testmod-EscapePotion"},{"floor":15,"key":"Block Potion"}],"is_trial":false,"path_per_floor":["R","M","?","?","T","M","T","R","M","M","M","R","E","?","M","B"],"character_chosen":"SLIMEBOUND","items_purchased":[],"campfire_rested":0,"item_purchase_floors":[],"current_hp_per_floor":[65,65,65,65,65,65,65,65,65,63,65,65,20,41,40,0,0,0],"gold":571,"neow_bonus":"THREE_ENEMY_KILL","is_daily":false,"chose_seed":false,"campfire_upgraded":3,"win_rate":0.0,"timestamp":1611239521,"path_taken":["R","M","?","?","?","M","T","R","M","M","?","R","E","?","M","BOSS"],"items_purchased_type":[],"build_version":"2020-12-22","purchased_purges":0,"victory":false,"max_hp_per_floor":[65,65,65,65,65,65,65,65,65,65,65,65,65,65,65,65,65,65],"card_choices":[{"not_picked":["Slimebound:PressTheAttack","Slimebound:SplitBruiser"],"picked":"Slimebound:Gluttony","floor":2},{"not_picked":["Slimebound:RollThrough","Slimebound:FinishingTackle"],"picked":"Slimebound:GoopSpray","floor":6},{"not_picked":["Slimebound:LevelUp","Slimebound:LeechEnergy"],"picked":"Slimebound:SplitBruiser","floor":9},{"not_picked":["Slimebound:Prepare","Slimebound:Replication","Slimebound:ComboTackle"],"picked":"SKIP","floor":10},{"not_picked":["Slimebound:ItLooksTasty","Slimebound:MassFeed"],"picked":"Slimebound:AcidTongue","floor":11},{"not_picked":["Slimebound:Equalize","Slimebound:Replication"],"picked":"Slimebound:SamplingLick","floor":13},{"not_picked":["Slimebound:RollThrough","Slimebound:Grow"],"picked":"Slimebound:ViciousTackle","floor":15}],"player_experience":429226,"relics_obtained":[{"floor":7,"key":"ShockBauble"},{"floor":13,"key":"ZombieTooth"}],"event_choices":[{"damage_healed":0,"gold_gain":400,"player_choice":"Sell","damage_taken":0,"max_hp_gain":0,"max_hp_loss":0,"event_name":"Plate Of N\u0027loth","floor":3,"relics_lost":["DaveBox"],"gold_loss":0},{"damage_healed":21,"gold_gain":0,"player_choice":"Banana","damage_taken":0,"max_hp_gain":0,"max_hp_loss":0,"event_name":"Big Fish","floor":14,"gold_loss":0}],"is_beta":false,"boss_relics":[],"items_purged_floors":[],"is_endless":false,"potions_floor_spawned":[11,13,15],"killed_by":"DF_ARCHETYPE_STREAMLINE","ascension_level":0}}