{"host":"bf9sa99gaumonoeu","time":1611267111,"event":{"mods":["AchievementEnabler","Act Like it!","Aspiration","BaseMod","Bestiary","Better Note","Block Reminder","Colored Map","Colored Powertips","Fox Events","Friendly Minions","Gensokyo","GifTheSpireLib","Googly Eyes","Hallownest","Hermit","Highlight Path","Jorbs\u0027s Wanderer Trilogy","KinomotoSakuraMod(????)","Koishi","Marisa????????","Minty Spire (QoL Compilation)","Rare Cards Sparkle","Relic Stats","Spire Arcade","StS++","StSLib","The Administrix","The Animator","The Bug Knight","The Construct","The Cursed","The Hierophant","The Mystic","The Necromancer","The Poker Player","The Runesmith","The Senshi","The Servant 0.9.4","ojb\u0027s Info Mod"],"gold_per_floor":[111,128,138,138,153,179,41,41,65,65,65,65,65],"floor_reached":12,"language":"ENG","playtime":680,"items_purged":[],"score":156,"play_id":"f61ead30-ee84-4830-8b56-43b852552028","local_time":"20210121201151","is_ascension_mode":true,"campfire_choices":[{"floor":8,"key":"REST"}],"circlet_count":0,"master_deck":["AscendersBane","Strike_G","Strike_G","Strike_G","Strike_G","Defend_G","Defend_G+1","Defend_G","Defend_G","Defend_G","Survivor","Neutralize","Deflect+1","Bane","Blade Dance","Flechettes","Dagger Spray","Infinite Blades","Riddle With Holes"],"relics":["Ring of the Snake","Bird Faced Urn","War Paint","Pen Nib"],"acts_visited":["Exordium"],"potions_floor_usage":[5,6,12],"damage_taken":[{"damage":0,"enemies":"Small Slimes","floor":1,"turns":4},{"damage":0,"enemies":"Jaw Worm","floor":2,"turns":6},{"damage":4,"enemies":"2 Louse","floor":3,"turns":4},{"damage":14,"enemies":"Gremlin Gang","floor":5,"turns":6},{"damage":41,"enemies":"Lagavulin","floor":6,"turns":7},{"damage":28,"enemies":"Gremlin Nob","floor":12,"turns":3}],"seed_played":"2563582776433592152","potions_obtained":[{"floor":1,"key":"SkillPotion"},{"floor":5,"key":"Strength Potion"}],"is_trial":false,"path_per_floor":["M","M","M","?","M","E","$","R","T","?","?","E"],"character_chosen":"THE_SILENT","items_purchased":["SteroidPotion","Riddle With Holes"],"campfire_rested":1,"item_purchase_floors":[7,7],"current_hp_per_floor":[65,65,61,61,47,6,6,27,27,16,16,0,0],"gold":65,"neow_bonus":"TEN_PERCENT_HP_BONUS","is_daily":false,"chose_seed":false,"campfire_upgraded":0,"win_rate":0.0,"timestamp":1611267111,"path_taken":["M","M","M","?","M","E","$","R","T","?","?","E"],"items_purchased_type":["Potion","Card"],"build_version":"2020-12-22","purchased_purges":0,"victory":false,"max_hp_per_floor":[72,72,72,72,72,72,72,72,72,72,72,72,72],"relic_stats":{"counters":[6,30],"Bird Faced Urn":[0],"Pen Nib":[0],"War Paint":["Defend_G","Deflect"],"obtain_stats":[{"Bird Faced Urn":6,"Pen Nib":10,"War Paint":9,"Ring of the Snake":0},{"Bird Faced Urn":5,"Pen Nib":5,"War Paint":5,"Ring of the Snake":0},{"Bird Faced Urn":27,"Pen Nib":27,"War Paint":27,"Ring of the Snake":0}],"Ring of the Snake":[12]},"card_choices":[{"not_picked":["Tactician","Dodge and Roll"],"picked":"Deflect","floor":1},{"not_picked":["Backflip","Eviscerate"],"picked":"Bane","floor":2},{"not_picked":["Sucker Punch","StSpp:PoisonousPunch"],"picked":"Blade Dance","floor":3},{"not_picked":["Distraction","Caltrops"],"picked":"Dagger Spray","floor":5},{"not_picked":["StSpp:ChainedTrap","StSpp:Throw"],"picked":"Infinite Blades","floor":6}],"player_experience":1080368,"relics_obtained":[{"floor":6,"key":"Bird Faced Urn"},{"floor":9,"key":"War Paint"}],"event_choices":[{"damage_healed":0,"gold_gain":0,"cards_transformed":["Strike_G"],"player_choice":"Change","damage_taken":0,"max_hp_gain":0,"max_hp_loss":0,"event_name":"Living Wall","floor":4,"gold_loss":0,"cards_obtained":["Flechettes"]},{"damage_healed":0,"gold_gain":0,"player_choice":"Success","damage_taken":11,"relics_obtained":["Pen Nib"],"max_hp_gain":0,"max_hp_loss":0,"event_name":"Scrap Ooze","floor":10,"gold_loss":0},{"damage_healed":0,"gold_gain":0,"player_choice":"Ignored","damage_taken":0,"max_hp_gain":0,"max_hp_loss":0,"event_name":"Liars Game","floor":11,"gold_loss":0}],"is_beta":false,"boss_relics":[],"items_purged_floors":[],"is_endless":false,"potions_floor_spawned":[1,5],"killed_by":"Gremlin Nob","ascension_level":20}}