{"host":"rgcz6yx3duq0lh14","time":1611231216,"event":{"mods":["100% Spire Juice","ATMod(à¢‡ıMod)","AchievementEnabler","Act Like it!","Aspiration","Astrologer","BaseMod","CapriCore","Chen","Colored Map","Decade(â§è¨ñæ)","Friendly Minions","Gensokyo","GungeonMod","Hallownest","Hermit","Jedi Mod","KinomotoSakuraMod(ñÿîVñ{?)","Koishi","Mari Mod (Legacy)","Mari\u0027s V1 Patch","MarisaÅiñ∂âJÅ@ñÇóùçπÅj","Minty Spire (QoL Compilation)","MostiFishMod","Pale of the Ancients","Permanent Neow","Potionbrewer","Prisma Mod","Quarter Circle Forward PUNCH!","Quick Restart","ReimuÅiîé??öÎÅj","Replay The Spire","Robot Space Explorer","RumiaBox-òIïƒ?ìIê_îÈ·¥éq","SIMod","Spicy Shops","StSLib","The Alterego","The Animator","The Bug Knight","The Cursed","The Dragon Tamer","The Forsaken","The Gatherer","The Immortal","The Marked","The Mystic","The Poker Player","The Runesmith","The Servant 0.9.4","TheWitcher","Yakumo Yukari mod","YoumuÅiç∞ÈÆódöÎÅj","Åy?ï®?îvÅzREMEMod"],"gold_per_floor":[114,114,10,20,36,69,69,86,135,60,90,90,90,90,107,141,141,245,245,256,1,1,20,20,20,30,58,58,78,78,94,94,94,94,192,192,208,50,0,160,178,178,17,47,47,77,87,87,97,109,109,109,109,109,9,34,34,34],"floor_reached":57,"language":"ZHS","playtime":1940,"items_purged":["mysticmod:Defend_Mystic","mysticmod:Strike_Mystic","mysticmod:Strike_Mystic","mysticmod:Defend_Mystic","mysticmod:Strike_Mystic","mysticmod:Defend_Mystic"],"score":1059,"play_id":"de202938-7d24-471a-8c77-9fc2e321c0a0","local_time":"20210121201336","is_ascension_mode":true,"campfire_choices":[{"data":"mysticmod:SpellRecall","floor":7,"key":"SMITH"},{"data":"mysticmod:ComboCaster","floor":17,"key":"SMITH"},{"data":"mysticmod:Momentum","floor":25,"key":"SMITH"},{"data":"mysticmod:MirrorEntity","floor":30,"key":"SMITH"},{"data":"mysticmod:Flurry","floor":32,"key":"SMITH"},{"data":"mysticmod:Daze","floor":34,"key":"SMITH"},{"data":"mysticmod:Flourish","floor":42,"key":"SMITH"},{"floor":48,"key":"RECALL"},{"floor":51,"key":"DIG"},{"data":"mysticmod:ObscuringMist","floor":54,"key":"SMITH"}],"circlet_count":0,"master_deck":["mysticmod:Strike_Mystic","mysticmod:Defend_Mystic+1","mysticmod:ArcaneDodge","mysticmod:ShockingGrasp","AT_CaressingTears","mysticmod:Flourish+1","mysticmod:FiveFootStep","mysticmod:Fireball+1","mysticmod:SpellRecall+1","mysticmod:Flurry+1","mysticmod:CorrosiveTouch","mysticmod:SpellCombat","mysticmod:PunishingArmor","mysticmod:Riposte","mysticmod:BladedDash+1","mysticmod:ComboCaster+1","mysticmod:Prestidigitation","mysticmod:EnchantedMoulinet","mysticmod:Momentum+1","mysticmod:CorrosiveTouch+1","mysticmod:Daze+1","mysticmod:MirrorEntity+1","mysticmod:MysticalShield","mysticmod:Shield+1","mysticmod:Disengage+1","mysticmod:SpontaneousCaster+1","mysticmod:EbbAndFlow+1","mysticmod:Alacrity+1","mysticmod:Disengage+1","mysticmod:HunkerDown+1","mysticmod:ObscuringMist+1","mysticmod:SummonFamiliar+1","mysticmod:EarthenWall+1","mysticmod:MagicMissile+1","mysticmod:StyleChange"],"relics":["mysticmod:SpellBook","AT_ATBox","DaveBox","REME_ComplimentaryCards","Prayer Wheel","ShadowXiaoBlade","SynthV:TestCard","HollowMod:StagPassRelic","Omamori","ReplayTheSpireMod:Shallot","Replay:Bottled Snecko","Membership Card","WarpedTongs","AT_ChloranthyRing","AT_SilvercatRing","ChiXiaoBlade","HereWithMe","Hallownest:GodTamersBeastRelic","SynthV:C4","Frozen Egg 2","theForsaken:Gavel","AT_EbonyIvory","DemoMod:GlassGuonStoneRelic","DemoMod:ChaffGrenade"],"acts_visited":["Exordium","Hallownest:Greenpath","Hallownest:CityofTears","TheEnding"],"potions_floor_usage":[11,18,35,40,49,50,57,57],"damage_taken":[{"damage":4,"enemies":"Hallownest:2_Tiktiks_and_1_Crawlid","floor":1,"turns":3},{"damage":0,"enemies":"Hallownest:2_MossCreeps","floor":4,"turns":3},{"damage":0,"enemies":"Hallownest:monsterHuskGuard","floor":5,"turns":1},{"damage":3,"enemies":"Hallownest:eliteMossKnight","floor":6,"turns":3},{"damage":0,"enemies":"Hallownest:monsterFoolEater","floor":8,"turns":2},{"damage":0,"enemies":"Hallownest:eliteCrystalGuardian","floor":11,"turns":2},{"damage":0,"enemies":"Hallownest:1_Ooma_and_2_Uuma","floor":15,"turns":2},{"damage":0,"enemies":"Hallownest:eliteMossKnight","floor":16,"turns":2},{"damage":12,"enemies":"Hallownest:BossFalseKnight","floor":18,"turns":5},{"damage":0,"enemies":"Hallownest:2_Mistakes","floor":20,"turns":1},{"damage":0,"enemies":"Hallownest:Guard_and_Sentry","floor":23,"turns":3},{"damage":0,"enemies":"Hallownest:monsterMisterMushroom","floor":26,"turns":3},{"damage":16,"enemies":"Hallownest:eliteWatcherKnight","floor":27,"turns":9},{"damage":9,"enemies":"Hallownest:3_Mistakes","floor":29,"turns":4},{"damage":0,"enemies":"Hallownest:Warrior_and_Youth","floor":31,"turns":3},{"damage":0,"enemies":"Hallownest:BossSoulMaster","floor":35,"turns":4},{"damage":0,"enemies":"Hallownest:Shield_Heavy","floor":37,"turns":3},{"damage":0,"enemies":"Hallownest:Shield_Heavy","floor":40,"turns":2},{"damage":0,"enemies":"Hallownest:Shield_Heavy","floor":40,"turns":2},{"damage":6,"enemies":"Hallownest:Shield_Heavy","floor":40,"turns":2},{"damage":0,"enemies":"Hallownest:Shield_Heavy","floor":40,"turns":2},{"damage":8,"enemies":"Hallownest:2_Littles","floor":41,"turns":2},{"damage":0,"enemies":"Hallownest:StalkingDevout","floor":44,"turns":3},{"damage":0,"enemies":"Hallownest:eliteCollector","floor":46,"turns":3},{"damage":0,"enemies":"Hallownest:2_Great","floor":47,"turns":2},{"damage":0,"enemies":"Hallownest:monsterPrimalAspid","floor":49,"turns":1},{"damage":0,"enemies":"Hallownest:Slobbering_and_Violent","floor":50,"turns":3},{"damage":0,"enemies":"Hallownest:Radiance","floor":52,"turns":4},{"damage":30,"enemies":"Shield and Spear","floor":56,"turns":4},{"damage":50,"enemies":"The Heart","floor":57,"turns":2}],"seed_played":"-3625447915895663285","potions_obtained":[{"floor":4,"key":"potionbrewer:NoxiousPotion"},{"floor":6,"key":"mysticmod:EssenceOfMagic"},{"floor":11,"key":"potionbrewer:AcidPotion"},{"floor":16,"key":"Fire Potion"},{"floor":18,"key":"Elixir"},{"floor":35,"key":"Block Potion"},{"floor":37,"key":"potionbrewer:QuicksilverPotion"},{"floor":46,"key":"potionbrewer:NoxiousPotion"},{"floor":47,"key":"ColorlessPotion"},{"floor":49,"key":"potionbrewer:ToxicPotion"},{"floor":50,"key":"REME_GoldPotion"}],"is_trial":false,"path_per_floor":["M","?","$","M","M","E","R","M","T","$","E","PTL","PTL","$","M","E","R","B",null,"M","$","?","M","?","R","M","E","T","M","R","M","R","?","R","B",null,"M","$","?","?","M","R","$","E","T","E","M","R","M","M","R_BF","B",null,"R","$","E","B"],"character_chosen":"MYSTIC_CLASS","items_purchased":["mysticmod:Fireball+1","Membership Card","mysticmod:Alacrity","SynthV:C4"],"campfire_rested":0,"item_purchase_floors":[3,21,38,43],"current_hp_per_floor":[66,70,70,70,70,67,67,67,67,67,67,67,67,67,67,67,67,55,70,70,70,70,70,70,70,70,54,54,45,45,45,45,45,45,45,53,53,53,53,47,39,39,39,39,39,39,39,39,39,39,39,39,53,53,53,29,0,0],"gold":34,"neow_bonus":"ONE_RARE_RELIC","is_daily":false,"chose_seed":false,"campfire_upgraded":8,"win_rate":0.0,"timestamp":1611231216,"path_taken":["M","?","$","?","?","E","R","M","T","$","E","PTL","PTL","$","M","E","R","BOSS","M","$","?","M","?","R","?","E","T","?","R","M","R","?","R","BOSS","M","$","?","?","M","R","$","E","T","E","?","R","M","M","R_BF","BOSS","R","$","E","BOSS"],"items_purchased_type":["Card","Relic","Card","Relic"],"build_version":"2020-12-22","purchased_purges":6,"victory":false,"max_hp_per_floor":[70,70,70,70,70,70,70,70,70,70,70,70,70,70,70,70,70,70,70,70,70,70,70,70,70,70,70,70,70,70,70,70,53,53,53,53,53,53,53,53,53,53,53,53,53,53,53,53,53,53,53,53,53,53,53,53,53,53],"card_choices":[{"not_picked":["mysticmod:Alacrity","mysticmod:LightningBolt"],"picked":"mysticmod:Flourish","floor":1},{"not_picked":["mysticmod:Grease","mysticmod:Shield"],"picked":"mysticmod:FiveFootStep","floor":1},{"not_picked":["mysticmod:LightningBolt","mysticmod:Stoneskin","mysticmod:TomeOfSpells","mysticmod:SuddenClarity"],"picked":"mysticmod:SpellRecall","floor":4},{"not_picked":["mysticmod:MagicMissile","mysticmod:Disengage","mysticmod:IllusionOfCalm","mysticmod:Alacrity"],"picked":"mysticmod:Flurry","floor":4},{"not_picked":["mysticmod:LightningBolt","mysticmod:Sideswipe","mysticmod:DiviningBlow","mysticmod:Alacrity"],"picked":"mysticmod:CorrosiveTouch","floor":5},{"not_picked":["mysticmod:DiviningBlow","mysticmod:SuddenClarity","mysticmod:SummonFamiliar","mysticmod:AllIn","mysticmod:Flurry"],"picked":"SKIP","floor":5},{"not_picked":["mysticmod:SpellRecall","mysticmod:HunkerDown","mysticmod:BulkUp","mysticmod:SummonFamiliar"],"picked":"mysticmod:SpellCombat","floor":6},{"not_picked":["mysticmod:DiviningBlow","mysticmod:SpellRecall","mysticmod:EbbAndFlow","mysticmod:Daze"],"picked":"mysticmod:PunishingArmor","floor":8},{"not_picked":["mysticmod:EarthenWall","mysticmod:Riposte","mysticmod:MagicMissile","mysticmod:EbbAndFlow","mysticmod:Stoneskin"],"picked":"SKIP","floor":8},{"not_picked":["mysticmod:Disengage","mysticmod:Dedication","mysticmod:SpellCombat","mysticmod:Probe"],"picked":"mysticmod:Riposte","floor":11},{"not_picked":["mysticmod:MagicMissile","mysticmod:Dedication","mysticmod:MightyMagic","mysticmod:ChargedParry"],"picked":"mysticmod:BladedDash","floor":15},{"not_picked":["mysticmod:ComponentsPouch","mysticmod:SummonFamiliar","mysticmod:Grease","mysticmod:TomeOfSpells"],"picked":"mysticmod:ComboCaster","floor":15},{"not_picked":["mysticmod:Riposte","mysticmod:Shield","mysticmod:KeenEdge","mysticmod:Fireball","mysticmod:EbbAndFlow"],"picked":"SKIP","floor":16},{"not_picked":["mysticmod:Lunge","mysticmod:Momentum","mysticmod:Natural20","mysticmod:ClosingBarrage"],"picked":"mysticmod:EnchantedMoulinet","floor":18},{"not_picked":["mysticmod:PowerSlash","mysticmod:LightningBolt+1","mysticmod:Grapple","mysticmod:CorrosiveTouch","mysticmod:AllIn"],"picked":"SKIP","floor":20},{"not_picked":["mysticmod:Grapple","mysticmod:ComponentsPouch","mysticmod:TomeOfSpells","mysticmod:Riposte","mysticmod:Disengage"],"picked":"SKIP","floor":20},{"not_picked":["mysticmod:KeenEdge","mysticmod:SuddenClarity","mysticmod:PureInstinct+1","mysticmod:Stoneskin"],"picked":"mysticmod:Momentum","floor":23},{"not_picked":["mysticmod:SuddenClarity","mysticmod:PowerSlash","mysticmod:MirrorStrike+1","mysticmod:PreparedCaster"],"picked":"mysticmod:CorrosiveTouch+1","floor":23},{"not_picked":["mysticmod:Shield","mysticmod:PowerAttack","mysticmod:MagicWeapon+1","mysticmod:PunishingArmor"],"picked":"mysticmod:Daze","floor":26},{"not_picked":["mysticmod:BulkUp","mysticmod:Grease+1","mysticmod:ChargedParry+1","mysticmod:EnergizedRift+1","mysticmod:HeavyStrike"],"picked":"SKIP","floor":26},{"not_picked":["mysticmod:HeavyStrike","mysticmod:PowerSlash","mysticmod:Flourish+1","mysticmod:BulkUp+1"],"picked":"mysticmod:MirrorEntity","floor":27},{"not_picked":["mysticmod:PowerSlash","mysticmod:ComboCaster+1","mysticmod:SuddenClarity","mysticmod:CorrosiveTouch"],"picked":"mysticmod:MysticalShield","floor":29},{"not_picked":["mysticmod:BulkUp","mysticmod:CorrosiveTouch","mysticmod:Disengage","mysticmod:SummonFamiliar","mysticmod:Alacrity"],"picked":"SKIP","floor":29},{"not_picked":["mysticmod:FiveFootStep","mysticmod:MysticalShield","mysticmod:SuddenClarity","mysticmod:PowerAttack"],"picked":"mysticmod:Shield+1","floor":31},{"not_picked":["mysticmod:CorrosiveTouch","mysticmod:DiviningBlow","mysticmod:PunishingArmor","mysticmod:BulkUp"],"picked":"mysticmod:Disengage+1","floor":31},{"not_picked":["mysticmod:GeminiForm","mysticmod:MysticalShield","mysticmod:Lunge","mysticmod:EnchantedMoulinet"],"picked":"mysticmod:SpontaneousCaster","floor":35},{"not_picked":["mysticmod:Riposte+1","mysticmod:Fireball","mysticmod:LightningBolt+1","mysticmod:PureInstinct"],"picked":"mysticmod:EbbAndFlow+1","floor":37},{"not_picked":["mysticmod:PureInstinct","mysticmod:Probe","mysticmod:DiviningBlow","mysticmod:HeavyStrike","mysticmod:MirrorStrike"],"picked":"SKIP","floor":37},{"not_picked":["mysticmod:Daze","mysticmod:Riposte","mysticmod:CorrosiveTouch+1","mysticmod:Alacrity"],"picked":"mysticmod:Disengage+1","floor":41},{"not_picked":["mysticmod:SuddenClarity","mysticmod:Riposte+1","mysticmod:Grapple","mysticmod:TomeOfSpells","mysticmod:Alacrity"],"picked":"SKIP","floor":41},{"not_picked":["mysticmod:MagicMissile+1","mysticmod:SpontaneousCaster+1","mysticmod:Riposte+1","mysticmod:PowerAttack"],"picked":"mysticmod:HunkerDown+1","floor":44},{"not_picked":["mysticmod:Natural20","mysticmod:Alacrity+1","mysticmod:Probe","mysticmod:PowerSlash+1"],"picked":"mysticmod:ObscuringMist","floor":46},{"not_picked":["mysticmod:PureInstinct","mysticmod:Snowball","mysticmod:Riposte","mysticmod:SpellCombat"],"picked":"mysticmod:SummonFamiliar","floor":47},{"not_picked":["mysticmod:SuddenClarity","mysticmod:Dedication+1","mysticmod:FloatingDisk","mysticmod:DiviningBlow+1","mysticmod:EnergizedRift"],"picked":"SKIP","floor":47},{"not_picked":["mysticmod:CorrosiveTouch","mysticmod:SuddenClarity","mysticmod:PunishingArmor","mysticmod:Daze+1"],"picked":"mysticmod:EarthenWall+1","floor":49},{"not_picked":["mysticmod:Alacrity+1","mysticmod:Disengage+1","mysticmod:DiviningBlow","mysticmod:MightyMagic+1","mysticmod:Flourish"],"picked":"SKIP","floor":49},{"not_picked":["mysticmod:BladedDash+1","mysticmod:Disengage","mysticmod:PowerSlash","mysticmod:BulkUp"],"picked":"mysticmod:MagicMissile+1","floor":50},{"not_picked":["mysticmod:Shield+1","mysticmod:TomeOfSpells+1","mysticmod:MysticalShield+1","mysticmod:SummonFamiliar+1","mysticmod:HeavyStrike"],"picked":"SKIP","floor":50},{"not_picked":["mysticmod:PowerSlash+1","mysticmod:HeavyStrike","mysticmod:Fireball+1","mysticmod:Disintegrate"],"picked":"mysticmod:StyleChange","floor":56}],"player_experience":955395,"relics_obtained":[{"floor":1,"key":"SynthV:TestCard"},{"floor":6,"key":"HollowMod:StagPassRelic"},{"floor":9,"key":"Omamori"},{"floor":11,"key":"ReplayTheSpireMod:Shallot"},{"floor":16,"key":"Replay:Bottled Snecko"},{"floor":27,"key":"AT_ChloranthyRing"},{"floor":28,"key":"AT_SilvercatRing"},{"floor":44,"key":"Frozen Egg 2"},{"floor":46,"key":"theForsaken:Gavel"},{"floor":51,"key":"AT_EbonyIvory"},{"floor":56,"key":"DemoMod:ChaffGrenade"}],"event_choices":[],"is_beta":false,"boss_relics":[{"not_picked":["Replay:Wanted Poster","aspiration:SecretTechniqueScroll","Runesmith:UraniumAnvil"]},{"not_picked":["Snecko Eye","SacredBark"],"picked":"HereWithMe"}],"items_purged_floors":[10,21,38,38,43,55],"is_endless":false,"potions_floor_spawned":[4,6,11,16,18,23,27,31,35,37,40,40,46,47,49,50],"killed_by":"The Heart","ascension_level":2}}