{"host":"9vecvdjkx64cw9bo","time":1611239432,"event":{"mods":["Ascension Unlocker","BaseMod","Custom Start","Keyboard Shortcuts","Minty Spire (QoL Compilation)","Quick Restart","StSLib","SuperFastMode"],"gold_per_floor":[114,114,14,30,50,50,76,76,76,32,32,42,42,42,42,135,135,154,124,147,47,47,47,47,47,47],"floor_reached":25,"language":"KOR","playtime":472,"items_purged":["Defend_B","Defend_B"],"score":394,"play_id":"e83b4f6e-dcfb-4ba6-918b-f229260b0a1a","local_time":"20210121233032","is_ascension_mode":true,"campfire_choices":[{"data":"Coolheaded","floor":6.0,"key":"SMITH"},{"data":"Electrodynamics","floor":8.0,"key":"SMITH"},{"data":"Zap","floor":15.0,"key":"SMITH"},{"floor":24,"key":"REST"}],"circlet_count":0,"master_deck":["AscendersBane","Strike_B","Strike_B","Defend_B","Defend_B","Zap+1","Dualcast","Tempest","Coolheaded+1","Gash","Chill","Electrodynamics+1","Loop","Echo Form","Turbo","Storm+1"],"relics":["Cracked Core","NeowsBlessing","Ginger","Bottled Tornado","Golden Idol","Runic Pyramid"],"acts_visited":["Exordium","TheCity"],"potions_floor_usage":[20],"damage_taken":[{"damage":0.0,"enemies":"Cultist","floor":1.0,"turns":1.0},{"damage":0.0,"enemies":"Jaw Worm","floor":4.0,"turns":1.0},{"damage":0.0,"enemies":"Small Slimes","floor":5.0,"turns":1.0},{"damage":27.0,"enemies":"3 Sentries","floor":7.0,"turns":14.0},{"damage":0.0,"enemies":"2 Fungi Beasts","floor":12.0,"turns":1.0},{"damage":13.0,"enemies":"The Guardian","floor":16.0,"turns":12.0},{"damage":31,"enemies":"Shell Parasite","floor":18,"turns":4},{"damage":16,"enemies":"Chosen","floor":20,"turns":4},{"damage":28,"enemies":"Book of Stabbing","floor":25,"turns":2}],"seed_played":"-3367275009456907718","potions_obtained":[{"floor":1.0,"key":"FearPotion"},{"floor":4.0,"key":"BlessingOfTheForge"},{"floor":18,"key":"ColorlessPotion"},{"floor":19,"key":"SpeedPotion"}],"is_trial":false,"path_per_floor":["M","?","$","M","M","R","E","R","T","$","$","M","?","?","R","B",null,"M","?","M","$","?","$","R","E"],"character_chosen":"DEFECT","items_purchased":["Coolheaded","Loop"],"campfire_rested":1,"item_purchase_floors":[3,10],"current_hp_per_floor":[64,64,64,64,64,64,37,37,37,37,37,37,30,30,30,17,52,21,21,5,5,5,5,24,0,0],"gold":47,"neow_bonus":"THREE_ENEMY_KILL","is_daily":false,"chose_seed":false,"campfire_upgraded":3,"win_rate":0.0,"timestamp":1611239432,"path_taken":["M","?","?","?","M","R","E","R","T","?","$","M","?","?","R","BOSS","M","?","M","?","?","?","R","E"],"items_purchased_type":["Card","Card"],"build_version":"2020-12-22","purchased_purges":2,"victory":false,"max_hp_per_floor":[71,71,71,71,71,71,71,71,71,71,71,71,71,64,64,64,64,64,64,64,64,64,64,64,64,64],"card_choices":[{"not_picked":["Storm","Sweeping Beam","Reprogram"],"picked":"SKIP","floor":1.0},{"not_picked":["Redo","Go for the Eyes"],"picked":"Gash","floor":4.0},{"not_picked":["Conserve Battery","Chaos"],"picked":"Chill","floor":5.0},{"not_picked":["Hologram","Rebound"],"picked":"Electrodynamics","floor":7.0},{"not_picked":["Sweeping Beam","Compile Driver","Scrape"],"picked":"SKIP","floor":12.0},{"not_picked":["Electrodynamics","Creative AI"],"picked":"Echo Form","floor":16.0},{"not_picked":["Gash","Cold Snap"],"picked":"Turbo","floor":18},{"not_picked":["Ball Lightning","Steam+1"],"picked":"Storm+1","floor":20}],"player_experience":784446,"relics_obtained":[{"floor":7.0,"key":"Ginger"},{"floor":9.0,"key":"Bottled Tornado"}],"event_choices":[{"damage_healed":0.0,"max_hp_gain":0.0,"max_hp_loss":0.0,"gold_gain":0.0,"cards_transformed":["Strike_B"],"event_name":"Living Wall","player_choice":"Change","floor":2.0,"gold_loss":0.0,"damage_taken":0.0,"cards_obtained":["Tempest"]},{"cards_removed":["Strike_B"],"damage_healed":0.0,"max_hp_gain":0.0,"max_hp_loss":0.0,"gold_gain":0.0,"event_name":"Golden Wing","player_choice":"Card Removal","floor":13.0,"gold_loss":0.0,"damage_taken":7.0},{"damage_healed":0.0,"max_hp_gain":0.0,"max_hp_loss":7.0,"gold_gain":0.0,"event_name":"Golden Idol","player_choice":"Lose Max HP","floor":14.0,"gold_loss":0.0,"damage_taken":0.0,"relics_obtained":["Golden Idol"]},{"damage_healed":0,"gold_gain":0,"player_choice":"Bought 2 Potions","damage_taken":0,"max_hp_gain":0,"max_hp_loss":0,"event_name":"The Woman in Blue","floor":19,"gold_loss":0}],"is_beta":false,"boss_relics":[{"not_picked":["Coffee Dripper","Velvet Choker"],"picked":"Runic Pyramid"}],"items_purged_floors":[3,21],"is_endless":false,"potions_floor_spawned":[1,4,5,18],"killed_by":"Book of Stabbing","ascension_level":20}}