{"host":"rjbqai8ni6dsiu37","time":1611223388,"event":{"mods":["100% Spire Juice","BaseMod","CapriCore","Lobotomy","Minty Spire (QoL Compilation)","StSLib","The Poker Player","WarShipGirlsR/??á´Ò³R mod"],"gold_per_floor":[121,152,164,195,207,219,247,293,305,332,362,374,398,429,441,556,568,568,568,568,424,424,424,424,414,414,187,187,187,187,97,97,97,97,97,47,47,47,47,47,47,47,47,47,47,47,47,47,47,47],"floor_reached":51,"language":"KOR","playtime":1785,"items_purged":[],"score":1255,"play_id":"6fcec88b-fe24-47d3-b237-2fc431fd52eb","local_time":"20210121190308","is_ascension_mode":true,"campfire_choices":[{"data":"rmod:aviationdawn","floor":6.0,"key":"SMITH"},{"data":"rmod:robin","floor":15.0,"key":"SMITH"},{"data":"rmod:aviationdawn","floor":23.0,"key":"SMITH"},{"data":"rmod:royalracing","floor":30.0,"key":"SMITH"},{"data":"rmod:acesubmarine","floor":32.0,"key":"SMITH"},{"data":"rmod:circuitoustactics","floor":40,"key":"SMITH"},{"data":"rmod:openingtorpedo","floor":44,"key":"SMITH"},{"data":"rmod:basicallowance","floor":49,"key":"SMITH"}],"circlet_count":0,"master_deck":["rmod:strick","rmod:strick","rmod:defend+1","rmod:defend+1","rmod:defend+1","rmod:defend","rmod:basicallowance+1","rmod:maingunfire","rmod:acesubmarine+1","rmod:aviationdawn+1","rmod:intelligenceanalysis","rmod:robin+1","rmod:supportescort+1","rmod:aviationdawn+1","rmod:royalracing+1","rmod:circuitoustactics+1","rmod:openingtorpedo+1","rmod:mineteam","rmod:supportaircraftcarrier+1"],"relics":["rmod:firstchargereward","MawBank","HornCleat","Pear","Ectoplasm","Nunchaku","MutagenicStrength","Pen Nib","Ornamental Fan","rmod:monthlycard","War Paint","Art of War","Letter Opener","Unceasing Top"],"acts_visited":["Exordium","TheCity","TheBeyond"],"potions_floor_usage":[33,33,42,50],"damage_taken":[{"damage":0.0,"enemies":"Small Slimes","floor":1.0,"turns":3.0},{"damage":0.0,"enemies":"2 Louse","floor":2.0,"turns":3.0},{"damage":0.0,"enemies":"Cultist","floor":4.0,"turns":2.0},{"damage":6.0,"enemies":"Blue Slaver","floor":7.0,"turns":2.0},{"damage":28.0,"enemies":"Lagavulin","floor":8.0,"turns":4.0},{"damage":6.0,"enemies":"Lots of Slimes","floor":10.0,"turns":2.0},{"damage":0.0,"enemies":"Large Slime","floor":11.0,"turns":4.0},{"damage":1.0,"enemies":"Blue Slaver","floor":13.0,"turns":2.0},{"damage":3.0,"enemies":"2 Fungi Beasts","floor":14.0,"turns":2.0},{"damage":0.0,"enemies":"Slime Boss","floor":16.0,"turns":2.0},{"damage":7.0,"enemies":"Shell Parasite","floor":18.0,"turns":2.0},{"damage":0.0,"enemies":"Spheric Guardian","floor":20.0,"turns":3.0},{"damage":18.0,"enemies":"Centurion and Healer","floor":22.0,"turns":5.0},{"damage":0.0,"enemies":"Shelled Parasite and Fungi","floor":28.0,"turns":2.0},{"damage":22.0,"enemies":"Book of Stabbing","floor":29.0,"turns":4.0},{"damage":0,"enemies":"Champ","floor":33,"turns":7},{"damage":0,"enemies":"Orb Walker","floor":35,"turns":3},{"damage":0,"enemies":"3 Darklings","floor":37,"turns":4},{"damage":0,"enemies":"Writhing Mass","floor":38,"turns":4},{"damage":3,"enemies":"Sphere and 2 Shapes","floor":39,"turns":4},{"damage":7,"enemies":"Nemesis","floor":42,"turns":5},{"damage":0,"enemies":"Giant Head","floor":45,"turns":3},{"damage":0,"enemies":"2 Orb Walkers","floor":46,"turns":2},{"damage":0,"enemies":"Jaw Worm Horde","floor":47,"turns":1},{"damage":0,"enemies":"Spire Growth","floor":48,"turns":1},{"damage":21,"enemies":"Time Eater","floor":50,"turns":5}],"seed_played":"2792019607082143787","potions_obtained":[{"floor":7.0,"key":"Ancient Potion"},{"floor":11.0,"key":"Strength Potion"},{"floor":13.0,"key":"PowerPotion"},{"floor":28.0,"key":"ColorlessPotion"},{"floor":29.0,"key":"SteroidPotion"},{"floor":37,"key":"GamblersBrew"},{"floor":39,"key":"DuplicationPotion"},{"floor":45,"key":"Weak Potion"},{"floor":47,"key":"CultistPotion"}],"is_trial":false,"path_per_floor":["M","M","?","M","?","R","M","E","T","M","M","?","M","M","R","B",null,"M","$","M","$","M","R","?","?","T","$","M","E","R","?","R","B",null,"M","$","M","M","M","R","?","E","T","R","E","?","M","M","R","B",null],"character_chosen":"PRAEFECT","items_purchased":["Nunchaku","rmod:royalracing","Pen Nib","rmod:circuitoustactics"],"campfire_rested":0,"item_purchase_floors":[21,27,27,36],"current_hp_per_floor":[68,68,68,68,68,68,62,34,44,38,38,38,37,34,34,34,72,65,65,65,65,47,47,47,47,47,47,47,25,25,25,25,25,70,70,70,70,70,67,67,67,60,60,60,60,60,60,60,60,39],"gold":47,"neow_bonus":"RANDOM_COMMON_RELIC","is_daily":false,"chose_seed":false,"campfire_upgraded":8,"win_rate":0.0,"timestamp":1611223388,"path_taken":["M","M","?","M","?","R","M","E","T","?","M","?","M","M","R","BOSS","M","?","M","$","M","R","?","?","T","?","?","E","R","?","R","BOSS","M","$","M","M","?","R","?","E","T","R","E","?","M","M","R","BOSS"],"items_purchased_type":["Relic","Card","Relic","Card"],"build_version":"2020-12-22","purchased_purges":0,"victory":true,"max_hp_per_floor":[75,75,75,75,75,75,75,75,85,85,85,85,85,85,85,85,85,85,85,85,85,85,85,85,85,85,85,85,85,85,85,85,85,85,85,85,85,85,85,85,81,81,81,81,81,81,81,81,81,81],"card_choices":[{"not_picked":["rmod:supportescort","rmod:luckystar","rmod:steelsupply"],"picked":"SKIP","floor":1.0},{"not_picked":["rmod:unsinkable","rmod:combined"],"picked":"rmod:acesubmarine","floor":2.0},{"not_picked":["rmod:aluminumsupply","rmod:steelsupply"],"picked":"rmod:aviationdawn","floor":4.0},{"not_picked":["rmod:spoils","rmod:wife"],"picked":"rmod:intelligenceanalysis","floor":7.0},{"not_picked":["rmod:aluminumsupply","rmod:supriseattacks"],"picked":"rmod:robin","floor":8.0},{"not_picked":["rmod:expedition","rmod:fletcherpendant","rmod:chargemoney"],"picked":"SKIP","floor":10.0},{"not_picked":["rmod:highspeedshooting","rmod:combined","rmod:luckystar"],"picked":"SKIP","floor":11.0},{"not_picked":["rmod:steelsupply","rmod:victimresponsibility","rmod:goodsister"],"picked":"SKIP","floor":13.0},{"not_picked":["rmod:fletcherpendant","rmod:aviationdawn","rmod:fuelsupply"],"picked":"SKIP","floor":14.0},{"not_picked":["rmod:combined","rmod:maintain","rmod:diamondstrike"],"picked":"SKIP","floor":18.0},{"not_picked":["rmod:fletcherpendant","rmod:launchingtorpedo"],"picked":"rmod:supportescort+1","floor":20.0},{"not_picked":["rmod:overbreakdown","rmod:capitalist"],"picked":"rmod:aviationdawn","floor":22.0},{"not_picked":["rmod:ring","rmod:diaomin","rmod:concentratefire"],"picked":"SKIP","floor":28.0},{"not_picked":["rmod:ring","rmod:diaomin","rmod:concentratefire"],"picked":"SKIP","floor":28.0},{"not_picked":["rmod:supportescort+1","rmod:unsinkable","rmod:fletcherpendant"],"picked":"SKIP","floor":29.0},{"not_picked":["rmod:gendarmerie","rmod:ammunitionsupply+1","rmod:supportescort+1"],"picked":"SKIP","floor":35},{"not_picked":["rmod:garrisonisland","rmod:gendarmerie+1","rmod:supportescort+1"],"picked":"SKIP","floor":37},{"not_picked":["rmod:goodfighter+1","rmod:steelsupply+1","rmod:sl"],"picked":"SKIP","floor":38},{"not_picked":["rmod:fletcherpendant+1","rmod:overbreakdown","rmod:wasp+1"],"picked":"SKIP","floor":39},{"not_picked":["rmod:luckystar+1","rmod:highspeedshooting"],"picked":"rmod:openingtorpedo","floor":42},{"not_picked":["rmod:combined+1","rmod:supriseattacks"],"picked":"rmod:mineteam","floor":45},{"not_picked":["rmod:steelsupply","rmod:wolves+1"],"picked":"rmod:supportaircraftcarrier+1","floor":47},{"not_picked":["rmod:wolves+1","rmod:diamondstrike+1","rmod:steelsupply+1"],"picked":"SKIP","floor":48}],"player_experience":194998,"relics_obtained":[{"floor":8.0,"key":"HornCleat"},{"floor":9.0,"key":"Pear"},{"floor":29.0,"key":"Ornamental Fan"},{"floor":42,"key":"War Paint"},{"floor":43,"key":"Art of War"},{"floor":45,"key":"Letter Opener"},{"floor":46,"key":"Unceasing Top"}],"event_choices":[{"damage_healed":0.0,"max_hp_gain":0.0,"max_hp_loss":0.0,"gold_gain":0.0,"event_name":"PokerPlayerMod:ExordiumClub","player_choice":"Ignored","floor":3.0,"gold_loss":0.0,"damage_taken":0.0},{"cards_removed":["rmod:strick"],"damage_healed":0.0,"max_hp_gain":0.0,"max_hp_loss":0.0,"gold_gain":0.0,"event_name":"Bonfire Elementals","player_choice":"Offered Basic","floor":5.0,"gold_loss":0.0,"damage_taken":0.0},{"damage_healed":0.0,"max_hp_gain":0.0,"max_hp_loss":0.0,"gold_gain":0.0,"event_name":"Match and Keep!","player_choice":"0 cards matched","floor":12.0,"gold_loss":0.0,"damage_taken":0.0,"cards_obtained":[]},{"damage_healed":0.0,"max_hp_gain":0.0,"max_hp_loss":0.0,"gold_gain":0.0,"event_name":"Drug Dealer","player_choice":"Inject Mutagens","floor":24.0,"gold_loss":0.0,"damage_taken":0.0,"relics_obtained":["MutagenicStrength"]},{"cards_removed":["rmod:strick"],"damage_healed":0.0,"max_hp_gain":0.0,"max_hp_loss":0.0,"gold_gain":0.0,"event_name":"Designer","player_choice":"Upgrade and Remove","floor":31.0,"gold_loss":90.0,"damage_taken":0.0,"cards_upgraded":["rmod:defend"]},{"damage_healed":0,"gold_gain":0,"player_choice":"Max HP","damage_taken":0,"max_hp_gain":0,"max_hp_loss":4,"event_name":"Winding Halls","floor":41,"gold_loss":0},{"damage_healed":0,"gold_gain":0,"player_choice":"Fight","damage_taken":0,"max_hp_gain":0,"max_hp_loss":0,"event_name":"Mysterious Sphere","floor":46,"gold_loss":0}],"is_beta":false,"boss_relics":[{"not_picked":["Astrolabe","rmod:mogul"],"picked":"Ectoplasm"},{"not_picked":["SlaversCollar","Sozu"],"picked":"rmod:monthlycard"}],"items_purged_floors":[],"is_endless":false,"potions_floor_spawned":[7,11,13,28,29,37,39,45,47,48],"ascension_level":9}}