{"host":"szp1d6dso4pv7ddl","time":1611188826,"event":{"mods":["AchievementEnabler","Alarm Clock","BaseMod","Bestiary","Block Reminder","Colored Map","Colored Powertips","Curses Come First","Dark Map","Displayed Cursed Tome","Highlight Path","Minty Spire (QoL Compilation)","Permanent Neow","Quick Restart","Relic Sorter","Relic Stats","StSLib","Synergy Search"],"gold_per_floor":[117,117,117,117,140,140,140,140,140,173,196,271,315,328,328,422,422,447,447,447,212,225,225,225],"floor_reached":23,"language":"ENG","playtime":804,"items_purged":["Writhe"],"score":389,"play_id":"a3465a31-0044-47aa-8770-9ed2c05f4bad","local_time":"20210120162706","is_ascension_mode":true,"campfire_choices":[{"data":"Perfected Strike","floor":6.0,"key":"SMITH"},{"data":"Defend_R","floor":15.0,"key":"SMITH"}],"circlet_count":0,"master_deck":["AscendersBane","Strike_R","Strike_R","Strike_R","Strike_R","Strike_R","Defend_R","Defend_R","Defend_R","Defend_R+1","Bash","Flame Barrier","Injury","Perfected Strike+1","Reckless Charge","Feel No Pain","Burning Pact","Power Through","Barricade","Uppercut","Madness","Shrug It Off","Armaments","True Grit"],"relics":["Burning Blood","NeowsBlessing","Golden Idol","Self Forming Clay","Pear","Charon\u0027s Ashes","Lizard Tail","Mark of Pain","Regal Pillow"],"acts_visited":["Exordium","TheCity"],"potions_floor_usage":[16,23],"damage_taken":[{"damage":0.0,"enemies":"2 Louse","floor":1.0,"turns":1.0},{"damage":0.0,"enemies":"Jaw Worm","floor":5.0,"turns":1.0},{"damage":0.0,"enemies":"Gremlin Nob","floor":10.0,"turns":1.0},{"damage":1.0,"enemies":"Cultist","floor":11.0,"turns":3.0},{"damage":32.0,"enemies":"Lagavulin","floor":13.0,"turns":7.0},{"damage":10.0,"enemies":"3 Louse","floor":14.0,"turns":3.0},{"damage":68,"enemies":"Slime Boss","floor":16,"turns":14},{"damage":40,"enemies":"Spheric Guardian","floor":18,"turns":8},{"damage":0,"enemies":"Chosen","floor":22,"turns":6},{"damage":54,"enemies":"Book of Stabbing","floor":23,"turns":5}],"seed_played":"-6843873282077998876","potions_obtained":[{"floor":1.0,"key":"SneckoOil"},{"floor":5.0,"key":"PowerPotion"},{"floor":18,"key":"Dexterity Potion"}],"is_trial":false,"path_per_floor":["M","?","?","$","M","R","$","T","T","E","M","?","E","M","R","B",null,"M","?","?","$","M","E"],"character_chosen":"IRONCLAD","items_purchased":["Madness","Shrug It Off","Armaments"],"campfire_rested":0,"item_purchase_floors":[21,21,21],"current_hp_per_floor":[74,79,79,79,80,80,80,80,90,90,90,79,53,49,49,36,77,43,43,43,43,49,0,0],"gold":225,"neow_bonus":"THREE_ENEMY_KILL","is_daily":false,"chose_seed":false,"campfire_upgraded":2,"win_rate":0.0,"timestamp":1611188826,"path_taken":["M","?","?","$","M","R","$","?","T","E","?","?","E","M","R","BOSS","M","?","?","?","M","E"],"items_purchased_type":["Card","Card","Card"],"build_version":"2020-12-22","purchased_purges":1,"victory":false,"max_hp_per_floor":[75,80,80,80,80,80,80,80,90,90,90,90,90,90,90,90,90,90,90,90,90,90,90,90],"relic_stats":{"Lizard Tail":45,"Regal Pillow":0,"counters":[10,49],"Golden Idol":56,"Self Forming Clay":[69],"Charon\u0027s Ashes":[141],"obtain_stats":[{"Lizard Tail":13,"Regal Pillow":19,"Pear":9,"NeowsBlessing":0,"Golden Idol":3,"Self Forming Clay":8,"Charon\u0027s Ashes":10,"Mark of Pain":17,"Burning Blood":0},{"Lizard Tail":5,"Regal Pillow":8,"Pear":2,"NeowsBlessing":0,"Golden Idol":1,"Self Forming Clay":2,"Charon\u0027s Ashes":3,"Mark of Pain":7,"Burning Blood":0},{"Lizard Tail":13,"Regal Pillow":38,"Pear":2,"NeowsBlessing":0,"Golden Idol":1,"Self Forming Clay":2,"Charon\u0027s Ashes":3,"Mark of Pain":30,"Burning Blood":0}],"Burning Blood":38},"card_choices":[{"not_picked":["Bloodletting","Combust"],"picked":"Flame Barrier","floor":1.0},{"not_picked":["True Grit","Thunderclap"],"picked":"Perfected Strike","floor":5.0},{"not_picked":["Heavy Blade","Sword Boomerang"],"picked":"Reckless Charge","floor":10.0},{"not_picked":["Hemokinesis","Uppercut"],"picked":"Feel No Pain","floor":11.0},{"not_picked":["Heavy Blade","Body Slam"],"picked":"Burning Pact","floor":13.0},{"not_picked":["Rupture","Clothesline"],"picked":"Power Through","floor":14.0},{"not_picked":["Offering","Exhume"],"picked":"Barricade","floor":16},{"not_picked":["Iron Wave","Sword Boomerang"],"picked":"Uppercut","floor":18},{"not_picked":["Flex","Headbutt+1"],"picked":"True Grit","floor":22}],"player_experience":1245246,"relics_obtained":[{"floor":8.0,"key":"Self Forming Clay"},{"floor":9.0,"key":"Pear"},{"floor":10.0,"key":"Charon\u0027s Ashes"},{"floor":13.0,"key":"Lizard Tail"}],"event_choices":[{"damage_healed":0.0,"max_hp_gain":5.0,"max_hp_loss":0.0,"gold_gain":0.0,"event_name":"Big Fish","player_choice":"Donut","floor":2.0,"gold_loss":0.0,"damage_taken":0.0},{"damage_healed":0.0,"max_hp_gain":0.0,"max_hp_loss":0.0,"gold_gain":0.0,"event_name":"Golden Idol","player_choice":"Take Wound","floor":3.0,"gold_loss":0.0,"damage_taken":0.0,"relics_obtained":["Golden Idol"],"cards_obtained":["Injury"]},{"damage_healed":0.0,"max_hp_gain":0.0,"max_hp_loss":0.0,"gold_gain":75.0,"event_name":"World of Goop","player_choice":"Gather Gold","floor":12.0,"gold_loss":0.0,"damage_taken":11.0},{"damage_healed":0,"gold_gain":0,"player_choice":"Opened","damage_taken":0,"relics_obtained":["Regal Pillow"],"max_hp_gain":0,"max_hp_loss":0,"event_name":"The Mausoleum","floor":19,"gold_loss":0,"cards_obtained":["Writhe"]},{"damage_healed":0,"gold_gain":0,"player_choice":"Ignored","damage_taken":0,"max_hp_gain":0,"max_hp_loss":0,"event_name":"Vampires","floor":20,"gold_loss":0}],"is_beta":false,"boss_relics":[{"not_picked":["Fusion Hammer","Black Star"],"picked":"Mark of Pain"}],"items_purged_floors":[21],"is_endless":false,"potions_floor_spawned":[1,5,18],"killed_by":"Book of Stabbing","ascension_level":15}}