{"host":"pxmwci5ksxda8grt","time":1611221140,"event":{"mods":["BaseMod","Bestiary","Better Synergies","Better Third Choice","BetterRewards","Block Reminder","Colored Map","Colored Powertips","DeckTracker","Defuse TimeMaze Blight","Energized Spire","GifTheSpireLib","Minty Spire (QoL Compilation)","Quick Restart","Rare Cards Sparkle","Relic Stats","Spire Birthday Party","StSLib","SuperFastMode","Synergy Search","Unceasing Turn Reminder"],"gold_per_floor":[115,115,115,115,115,115,125,159,185,210,224,251,251,261,261,358,358,375,394,406,434,458,458,488,498,525,556,481,497,257,272,272,374,374,393,615,665,734,751,782,798,829,829,857,746,763,763,691,691,691,691,691,284,317,317],"floor_reached":56,"language":"ENG","playtime":2679,"items_purged":["Bash"],"score":2590,"play_id":"d3bb2e1f-c7f7-4e0f-9a5c-1ca1d9d7b712","local_time":"20210121222540","is_ascension_mode":true,"campfire_choices":[{"data":"Apotheosis","floor":6,"key":"SMITH"},{"floor":15,"key":"RECALL"},{"data":"Double Tap","floor":23,"key":"SMITH"},{"data":"Rage","floor":32,"key":"SMITH"},{"data":"Offering","floor":49,"key":"SMITH"},{"data":"Power Through","floor":52,"key":"SMITH"}],"circlet_count":0,"master_deck":["Apotheosis+1","Combust+1","Metallicize+1","Body Slam+1","Cleave+1","Power Through","Immolate+1","Feel No Pain+1","Double Tap+1","Pommel Strike+1","Perfected Strike+1","Evolve+1","Sword Boomerang+1","Sever Soul+1","Carnage+1","Disarm+1","Shockwave+1","Combust+1","Spot Weakness","Rage+1","Combust+1","Flame Barrier","Dark Embrace+1","Offering+1","Pommel Strike+1","Rage","Power Through+1","Feel No Pain+1","Evolve+1","Jack Of All Trades"],"relics":["Burning Blood","Omamori","Medical Kit","Thread and Needle","Chemical X","Shuriken","Happy Flower","Toolbox","Letter Opener","Incense Burner","Pantograph","Tiny Chest","Blood Vial","Membership Card","Bag of Marbles","ClockworkSouvenir","PreservedInsect","Whetstone","Frozen Egg 2","Singing Bowl","Red Skull","Lee\u0027s Waffle","FossilizedHelix","Bag of Preparation","Turnip","Frozen Eye","MealTicket","Potion Belt","Dead Branch","Mango","Cauldron","Prayer Wheel","Vajra","Lantern","Matryoshka","Unceasing Top","Boot","Molten Egg 2","Pear","Blue Candle","HornCleat","Strawberry","Art of War","WarpedTongs","Pandora\u0027s Box","Red Mask","Nunchaku","Bronze Scales","War Paint","Centennial Puzzle","Kunai","Pen Nib","energizedSpire:EnergizedDie","Pocketwatch","Eternal Feather","StoneCalendar","Anchor","Bottled Flame","Juzu Bracelet","Sling","Oddly Smooth Stone","Gremlin Horn","InkBottle","TheAbacus","Paper Frog"],"acts_visited":["Exordium","TheCity","TheBeyond","TheEnding"],"potions_floor_usage":[55,55,55,55,55,55,55],"damage_taken":[{"damage":0,"enemies":"2 Louse","floor":1,"turns":1},{"damage":0,"enemies":"Jaw Worm","floor":7,"turns":2},{"damage":1,"enemies":"3 Sentries","floor":8,"turns":3},{"damage":1,"enemies":"Gremlin Nob","floor":10,"turns":3},{"damage":0,"enemies":"Cultist","floor":11,"turns":3},{"damage":0,"enemies":"3 Sentries","floor":12,"turns":1},{"damage":0,"enemies":"2 Fungi Beasts","floor":14,"turns":1},{"damage":14,"enemies":"Hexaghost","floor":16,"turns":6},{"damage":0,"enemies":"Spheric Guardian","floor":18,"turns":1},{"damage":10,"enemies":"Chosen","floor":19,"turns":3},{"damage":2,"enemies":"Snake Plant","floor":20,"turns":3},{"damage":0,"enemies":"Masked Bandits","floor":21,"turns":1},{"damage":15,"enemies":"Slavers","floor":24,"turns":3},{"damage":1,"enemies":"Sentry and Sphere","floor":25,"turns":2},{"damage":1,"enemies":"Book of Stabbing","floor":27,"turns":3},{"damage":23,"enemies":"Centurion and Healer","floor":29,"turns":4},{"damage":6,"enemies":"Shelled Parasite and Fungi","floor":31,"turns":3},{"damage":13,"enemies":"Collector","floor":33,"turns":8},{"damage":6,"enemies":"3 Darklings","floor":35,"turns":4},{"damage":9,"enemies":"Mind Bloom Boss Battle","floor":37,"turns":3},{"damage":0,"enemies":"3 Shapes","floor":39,"turns":2},{"damage":9,"enemies":"Reptomancer","floor":40,"turns":3},{"damage":15,"enemies":"Spire Growth","floor":41,"turns":3},{"damage":3,"enemies":"Nemesis","floor":42,"turns":3},{"damage":13,"enemies":"Giant Head","floor":44,"turns":2},{"damage":6,"enemies":"Jaw Worm Horde","floor":46,"turns":2},{"damage":33,"enemies":"Awakened One","floor":50,"turns":6},{"damage":6,"enemies":"Shield and Spear","floor":54,"turns":3},{"damage":28,"enemies":"The Heart","floor":55,"turns":5}],"seed_played":"1041553358578282526","potions_obtained":[{"floor":0,"key":"DistilledChaos"},{"floor":0,"key":"SkillPotion"},{"floor":0,"key":"Swift Potion"},{"floor":0,"key":"EntropicBrew"},{"floor":0,"key":"Weak Potion"},{"floor":7,"key":"FairyPotion"}],"is_trial":false,"path_per_floor":["M","?","?","$","T","R","M","E","T","E","M","E","?","M","R","B",null,"M","M","M","?","T","R","E","M","T","E","?","M","$","M","R","B",null,"M","?","?","T","M","E","M","E","T","E","$","M","?","$","R","B",null,"R","$","E","B",null],"character_chosen":"IRONCLAD","items_purchased":["Omamori","Medical Kit","Thread and Needle","Chemical X","Shuriken","Happy Flower","Toolbox","Letter Opener","Incense Burner","Pantograph","Tiny Chest","Blood Vial","Membership Card","Bag of Marbles","ClockworkSouvenir","PreservedInsect","Whetstone","Frozen Egg 2","Singing Bowl","Red Skull","Lee\u0027s Waffle","FossilizedHelix","Bag of Preparation","Turnip","Frozen Eye","MealTicket","Potion Belt","Apotheosis","Dead Branch","Mango","Cauldron","Prayer Wheel","Vajra","Lantern","Matryoshka","Unceasing Top","Dark Embrace+1","Kunai","Pen Nib","Sling","Oddly Smooth Stone","Gremlin Horn","InkBottle","TheAbacus","Evolve+1","Jack Of All Trades"],"campfire_rested":0,"item_purchase_floors":[0,0,0,0,0,0,0,0,0,0,0,0,0,0,0,0,0,0,0,0,0,0,0,0,0,0,0,0,0,0,0,0,0,0,0,0,30,30,30,45,48,53,53,53,53,53],"current_hp_per_floor":[101,94,87,101,111,111,111,111,111,118,120,120,120,124,124,116,122,126,124,132,134,134,134,127,136,136,138,138,123,138,144,144,137,142,146,146,145,145,150,149,146,151,151,146,156,160,152,152,152,125,145,152,152,154,144],"gold":317,"neow_bonus":"","is_daily":false,"chose_seed":false,"campfire_upgraded":5,"win_rate":0.0,"timestamp":1611221140,"path_taken":["M","?","?","?","?","R","M","E","T","E","M","E","?","M","R","BOSS","M","M","?","?","?","R","E","M","T","E","?","M","$","M","R","BOSS","M","?","?","?","?","E","M","E","T","E","$","M","?","?","R","BOSS","R","$","E","BOSS"],"items_purchased_type":["Relic","Relic","Relic","Relic","Relic","Relic","Relic","Relic","Relic","Relic","Relic","Relic","Relic","Relic","Relic","Relic","Relic","Relic","Relic","Relic","Relic","Relic","Relic","Relic","Relic","Relic","Relic","Card","Relic","Relic","Relic","Relic","Relic","Relic","Relic","Relic","Card","Relic","Relic","Relic","Relic","Relic","Relic","Relic","Card","Card"],"build_version":"2020-12-22","purchased_purges":1,"victory":true,"max_hp_per_floor":[101,101,101,101,111,111,111,111,111,118,120,120,120,124,124,124,124,126,128,132,134,134,134,136,138,138,138,138,140,140,144,144,144,144,146,146,148,148,150,152,156,156,156,156,156,160,152,152,152,152,152,152,152,154,154],"relic_stats":{"Singing Bowl":64,"Gremlin Horn":[15,15],"StoneCalendar":[0],"Bag of Preparation":[104],"Juzu Bracelet":3,"Whetstone":["Bash","Strike_R","Strike_R","Strike_R"],"Boot":[32],"Burning Blood":161,"Blood Vial":23,"Nunchaku":[8],"Centennial Puzzle":[42],"TheAbacus":[18],"Pantograph":0,"Tiny Chest":6,"MealTicket":39,"Prayer Wheel":18,"Chemical X":[6],"Kunai":[17],"InkBottle":[8],"Lee\u0027s Waffle":45,"Happy Flower":[46],"counters":[82,207],"Dead Branch":[177],"Blue Candle":[0],"Eternal Feather":7,"PreservedInsect":901,"Pen Nib":[14],"Letter Opener":[312],"War Paint":["Defend_R","Defend_R","Disarm","Shockwave"],"Medical Kit":[34],"WarpedTongs":[53],"Shuriken":[22],"Bronze Scales":[460],"Pandora\u0027s Box":["Pommel Strike","Perfected Strike","Evolve","Sword Boomerang","Sever Soul","Carnage","Disarm","Shockwave"],"Turnip":[9],"Art of War":[15],"obtain_stats":[{"Whetstone":48,"Ginger":54,"Sling":0,"Boot":46,"Blood Vial":0,"Sundial":26,"MealTicket":0,"HandDrill":0,"Kunai":32,"Pear":0,"Blue Candle":0,"Eternal Feather":0,"Pen Nib":0,"Bird Faced Urn":25,"Pandora\u0027s Box":17,"Mark of Pain":17,"energizedSpire:MagnifyingGlass":34,"Unceasing Top":0,"Lantern":0,"Regal Pillow":6,"Torii":44,"Singing Bowl":0,"Magic Flower":7,"StoneCalendar":0,"Bag of Preparation":0,"Smiling Mask":43,"Ancient Tea Set":0,"Burning Blood":0,"Shovel":0,"Matryoshka":0,"Toolbox":0,"Chemical X":48,"InkBottle":0,"Paper Frog":0,"Potion Belt":0,"Lee\u0027s Waffle":0,"Self Forming Clay":0,"energizedSpire:EnergizedDie":34,"Thread and Needle":36,"PreservedInsect":11,"Omamori":27,"Frozen Egg 2":0,"MawBank":23,"Ornamental Fan":0,"Orrery":0,"Turnip":12,"Art of War":0,"Champion Belt":0,"Toy Ornithopter":23,"Ice Cream":28,"Calipers":44,"Gremlin Horn":0,"Vajra":0,"Lizard Tail":0,"Centennial Puzzle":40,"HornCleat":42,"Strawberry":0,"Philosopher\u0027s Stone":17,"Prayer Wheel":34,"Toxic Egg 2":0,"Happy Flower":0,"Dead Branch":0,"Oddly Smooth Stone":0,"Charon\u0027s Ashes":0,"Letter Opener":9,"War Paint":4,"Question Card":30,"WarpedTongs":13,"Du-Vu Doll":0,"OrangePellets":0,"Bottled Flame":43,"Shuriken":0,"Brimstone":0,"Bronze Scales":0,"Molten Egg 2":0,"Nloth\u0027s Gift":19,"Pocketwatch":0,"Meat on the Bone":48,"Darkstone Periapt":0,"Mango":0,"Juzu Bracelet":0,"Incense Burner":0,"ClockworkSouvenir":0,"Frozen Eye":0,"Nunchaku":0,"Dream Catcher":0,"TheAbacus":0,"Mummified Hand":0,"Pantograph":0,"Tiny Chest":31,"Red Mask":21,"Red Skull":28,"Orichalcum":0,"Medical Kit":0,"Mercury Hourglass":34,"Peace Pipe":0,"Calling Bell":34,"Cauldron":0,"CaptainsWheel":0,"Anchor":0,"Bag of Marbles":0,"Membership Card":0,"FossilizedHelix":0,"TungstenRod":37},{"Whetstone":29,"Ginger":52,"Sling":0,"Boot":28,"Blood Vial":0,"Sundial":16,"MealTicket":0,"HandDrill":0,"Kunai":43,"Pear":30,"Blue Candle":30,"Eternal Feather":0,"Pen Nib":0,"Bird Faced Urn":16,"Pandora\u0027s Box":61,"Mark of Pain":10,"energizedSpire:MagnifyingGlass":20,"Unceasing Top":0,"Lantern":0,"Regal Pillow":33,"Torii":27,"Singing Bowl":30,"Magic Flower":33,"StoneCalendar":0,"Bag of Preparation":0,"Smiling Mask":27,"Ancient Tea Set":30,"Burning Blood":0,"Shovel":30,"Matryoshka":30,"Toolbox":0,"Chemical X":29,"InkBottle":30,"Paper Frog":0,"Potion Belt":0,"Lee\u0027s Waffle":0,"Self Forming Clay":30,"energizedSpire:EnergizedDie":71,"Thread and Needle":22,"PreservedInsect":7,"Omamori":17,"Frozen Egg 2":30,"MawBank":15,"Ornamental Fan":0,"Orrery":30,"Turnip":7,"Art of War":30,"Champion Belt":0,"Toy Ornithopter":38,"Ice Cream":17,"Calipers":47,"Gremlin Horn":30,"Vajra":0,"Lizard Tail":0,"Centennial Puzzle":26,"HornCleat":27,"Strawberry":30,"Philosopher\u0027s Stone":37,"Prayer Wheel":44,"Toxic Egg 2":0,"Happy Flower":30,"Dead Branch":30,"Oddly Smooth Stone":30,"Charon\u0027s Ashes":30,"Letter Opener":5,"War Paint":2,"Question Card":18,"WarpedTongs":59,"Du-Vu Doll":30,"OrangePellets":0,"Bottled Flame":77,"Shuriken":0,"Brimstone":0,"Bronze Scales":0,"Molten Egg 2":0,"Nloth\u0027s Gift":38,"Pocketwatch":0,"Meat on the Bone":29,"Darkstone Periapt":30,"Mango":0,"Juzu Bracelet":0,"Incense Burner":0,"ClockworkSouvenir":0,"Frozen Eye":0,"Nunchaku":0,"Dream Catcher":0,"TheAbacus":0,"Mummified Hand":0,"Pantograph":30,"Tiny Chest":19,"Red Mask":65,"Red Skull":17,"Orichalcum":0,"Medical Kit":0,"Mercury Hourglass":44,"Peace Pipe":0,"Calling Bell":44,"Cauldron":0,"CaptainsWheel":0,"Anchor":0,"Bag of Marbles":30,"Membership Card":0,"FossilizedHelix":0,"TungstenRod":23},{"Whetstone":64,"Ginger":112,"Sling":0,"Boot":58,"Blood Vial":0,"Sundial":28,"MealTicket":0,"HandDrill":0,"Kunai":93,"Pear":68,"Blue Candle":68,"Eternal Feather":0,"Pen Nib":0,"Bird Faced Urn":28,"Pandora\u0027s Box":140,"Mark of Pain":18,"energizedSpire:MagnifyingGlass":37,"Unceasing Top":0,"Lantern":0,"Regal Pillow":74,"Torii":55,"Singing Bowl":68,"Magic Flower":74,"StoneCalendar":0,"Bag of Preparation":0,"Smiling Mask":55,"Ancient Tea Set":68,"Burning Blood":0,"Shovel":68,"Matryoshka":68,"Toolbox":0,"Chemical X":64,"InkBottle":68,"Paper Frog":0,"Potion Belt":0,"Lee\u0027s Waffle":0,"Self Forming Clay":68,"energizedSpire:EnergizedDie":171,"Thread and Needle":40,"PreservedInsect":12,"Omamori":29,"Frozen Egg 2":68,"MawBank":27,"Ornamental Fan":0,"Orrery":68,"Turnip":12,"Art of War":68,"Champion Belt":0,"Toy Ornithopter":87,"Ice Cream":29,"Calipers":101,"Gremlin Horn":68,"Vajra":0,"Lizard Tail":0,"Centennial Puzzle":51,"HornCleat":55,"Strawberry":68,"Philosopher\u0027s Stone":85,"Prayer Wheel":96,"Toxic Egg 2":0,"Happy Flower":68,"Dead Branch":68,"Oddly Smooth Stone":68,"Charon\u0027s Ashes":68,"Letter Opener":8,"War Paint":4,"Question Card":32,"WarpedTongs":133,"Du-Vu Doll":68,"OrangePellets":0,"Bottled Flame":189,"Shuriken":0,"Brimstone":0,"Bronze Scales":0,"Molten Egg 2":0,"Nloth\u0027s Gift":87,"Pocketwatch":0,"Meat on the Bone":64,"Darkstone Periapt":68,"Mango":0,"Juzu Bracelet":0,"Incense Burner":0,"ClockworkSouvenir":0,"Frozen Eye":0,"Nunchaku":0,"Dream Catcher":0,"TheAbacus":0,"Mummified Hand":0,"Pantograph":68,"Tiny Chest":33,"Red Mask":148,"Red Skull":29,"Orichalcum":0,"Medical Kit":0,"Mercury Hourglass":96,"Peace Pipe":0,"Calling Bell":96,"Cauldron":0,"CaptainsWheel":0,"Anchor":0,"Bag of Marbles":68,"Membership Card":0,"FossilizedHelix":0,"TungstenRod":42}],"Unceasing Top":[10],"Pocketwatch":[0]},"card_choices":[{"not_picked":["Fire Breathing+1","Clash"],"picked":"Combust+1","floor":1},{"not_picked":["Body Slam","Ghostly Armor"],"picked":"True Grit","floor":1},{"not_picked":["Sever Soul+1","Headbutt+1"],"picked":"Metallicize+1","floor":7},{"not_picked":["Anger+1","Flex"],"picked":"Body Slam+1","floor":7},{"not_picked":["Flex","Wild Strike+1"],"picked":"Cleave+1","floor":8},{"not_picked":["Disarm","Uppercut+1"],"picked":"Power Through","floor":10},{"not_picked":["Headbutt+1","Armaments","Clothesline+1"],"picked":"Singing Bowl","floor":11},{"not_picked":["Anger+1","Warcry"],"picked":"Immolate+1","floor":11},{"not_picked":["Immolate+1","Pommel Strike+1"],"picked":"Feel No Pain+1","floor":12},{"not_picked":["Disarm","Cleave+1","Heavy Blade+1"],"picked":"Singing Bowl","floor":14},{"not_picked":["Flex","Wild Strike+1","Shockwave"],"picked":"Singing Bowl","floor":14},{"not_picked":["Corruption+1","Fiend Fire+1"],"picked":"Double Tap","floor":16},{"not_picked":["Searing Blow+1","Clash+1"],"picked":"Combust+1","floor":18},{"not_picked":["Havoc","Whirlwind+1","Clash+1"],"picked":"Singing Bowl","floor":18},{"not_picked":["True Grit","Flame Barrier+1","Dropkick+1"],"picked":"Singing Bowl","floor":19},{"not_picked":["Perfected Strike+1","Bloodletting"],"picked":"Spot Weakness","floor":19},{"not_picked":["Iron Wave+1","True Grit","Shockwave"],"picked":"Singing Bowl","floor":20},{"not_picked":["Flex","Havoc","Dual Wield"],"picked":"Singing Bowl","floor":20},{"not_picked":["Heavy Blade+1","Intimidate","Pommel Strike+1"],"picked":"Singing Bowl","floor":21},{"not_picked":["Thunderclap+1","Reckless Charge+1","Inflame+1"],"picked":"Singing Bowl","floor":24},{"not_picked":["True Grit","Heavy Blade+1"],"picked":"Rage","floor":25},{"not_picked":["Flex","Burning Pact","Perfected Strike+1"],"picked":"Singing Bowl","floor":25},{"not_picked":["Seeing Red","Wild Strike+1"],"picked":"Combust+1","floor":27},{"not_picked":["Carnage+1","Wild Strike+1","Twin Strike+1"],"picked":"Singing Bowl","floor":29},{"not_picked":["Burning Pact","Flex+1"],"picked":"Flame Barrier","floor":29},{"not_picked":["Shockwave","Clash+1","Burning Pact"],"picked":"Singing Bowl","floor":31},{"not_picked":["Anger+1","Iron Wave+1","Body Slam+1"],"picked":"Singing Bowl","floor":31},{"not_picked":["Exhume","Juggernaut+1"],"picked":"Offering","floor":33},{"not_picked":["Perfected Strike+1","True Grit+1","Cleave+1"],"picked":"Singing Bowl","floor":35},{"not_picked":["Wild Strike+1","Twin Strike+1"],"picked":"Pommel Strike+1","floor":35},{"not_picked":["Reckless Charge+1","Uppercut+1","Burning Pact"],"picked":"Singing Bowl","floor":37},{"not_picked":["Bloodletting","Wild Strike+1"],"picked":"Rage","floor":39},{"not_picked":["Thunderclap+1","Flex","Pommel Strike+1"],"picked":"Singing Bowl","floor":39},{"not_picked":["Perfected Strike+1","Feed+1","Cleave+1"],"picked":"Singing Bowl","floor":40},{"not_picked":["Sword Boomerang+1","Shockwave+1","Reckless Charge+1"],"picked":"Singing Bowl","floor":41},{"not_picked":["Flex","Shockwave","Evolve+1"],"picked":"Singing Bowl","floor":41},{"not_picked":["Warcry","Havoc"],"picked":"Power Through","floor":42},{"not_picked":["Thunderclap+1","Uppercut+1"],"picked":"Feel No Pain+1","floor":44},{"not_picked":["Thunderclap+1","Sever Soul+1","Pommel Strike+1"],"picked":"Singing Bowl","floor":46},{"not_picked":["Fiend Fire+1","Heavy Blade+1","Shrug It Off"],"picked":"Singing Bowl","floor":46},{"not_picked":["Heavy Blade+1","Burning Pact+1","Havoc+1"],"picked":"Singing Bowl","floor":54}],"player_experience":578407,"relics_obtained":[{"floor":5,"key":"Molten Egg 2"},{"floor":5,"key":"Pear"},{"floor":8,"key":"Blue Candle"},{"floor":9,"key":"HornCleat"},{"floor":10,"key":"Strawberry"},{"floor":12,"key":"Art of War"},{"floor":21,"key":"Red Mask"},{"floor":22,"key":"Nunchaku"},{"floor":24,"key":"Bronze Scales"},{"floor":26,"key":"War Paint"},{"floor":27,"key":"Centennial Puzzle"},{"floor":37,"key":"Pocketwatch"},{"floor":38,"key":"Eternal Feather"},{"floor":40,"key":"StoneCalendar"},{"floor":42,"key":"Anchor"},{"floor":43,"key":"Bottled Flame"},{"floor":44,"key":"Juzu Bracelet"},{"floor":54,"key":"Paper Frog"}],"event_choices":[{"damage_healed":0,"gold_gain":0,"player_choice":"Relic ","damage_taken":7,"max_hp_gain":0,"max_hp_loss":0,"event_name":"betterThird:BetterScrap","floor":2,"gold_loss":0,"cards_obtained":["Sanctity"]},{"cards_removed":["Strike_R"],"damage_healed":0,"gold_gain":0,"player_choice":"Card Removal","damage_taken":7,"max_hp_gain":0,"max_hp_loss":0,"event_name":"Golden Wing","floor":3,"gold_loss":0},{"damage_healed":0,"gold_gain":0,"player_choice":"Rummage","damage_taken":0,"relics_obtained":["WarpedTongs"],"max_hp_gain":0,"max_hp_loss":0,"event_name":"Accursed Blacksmith","floor":13,"gold_loss":0,"cards_obtained":["Pain"]},{"damage_healed":0,"gold_gain":0,"player_choice":"Fought Bandits","damage_taken":0,"max_hp_gain":0,"max_hp_loss":0,"event_name":"Masked Bandits","floor":21,"gold_loss":0},{"cards_removed":["True Grit"],"damage_healed":0,"gold_gain":0,"player_choice":"Gave Gold","damage_taken":0,"max_hp_gain":0,"max_hp_loss":0,"event_name":"Beggar","floor":28,"gold_loss":75},{"damage_healed":0,"gold_gain":222,"player_choice":"Wore Mask","damage_taken":0,"max_hp_gain":0,"max_hp_loss":0,"event_name":"Tomb of Lord Red Mask","floor":36,"gold_loss":0},{"damage_healed":0,"gold_gain":0,"player_choice":"Fight","damage_taken":0,"max_hp_gain":0,"max_hp_loss":0,"event_name":"MindBloom","floor":37,"gold_loss":0},{"damage_healed":0,"gold_gain":0,"player_choice":"Max HP","damage_taken":0,"max_hp_gain":0,"max_hp_loss":8,"event_name":"Winding Halls","floor":47,"gold_loss":0}],"is_beta":false,"boss_relics":[{"not_picked":["Runic Pyramid","Astrolabe"],"picked":"Pandora\u0027s Box"},{"not_picked":["energizedSpire:StickyHand","energizedSpire:SpiderWeb"],"picked":"energizedSpire:EnergizedDie"}],"items_purged_floors":[45],"is_endless":false,"potions_floor_spawned":[7,11,12,16,20,21,24,25,31,39,41,46],"ascension_level":8}}