{"host":"b7mawubrjc2hdxhd","time":1611261091,"event":{"mods":["AchievementEnabler","Aspiration","BaseMod","BetterRewards","Conspire","Hubris","Minty Spire (QoL Compilation)","Relic Stats","Replay The Spire","Small Relic Pack","Spicy Shops","Spire Arcade","StS++","StSLib"],"gold_per_floor":[110,110,110,123,123,153,153,153,153,221,259,273,295,316,316,434,434,464,493,523,547,578,578,623,623,623,651,651,675,675,269,269,380,380,410,113,113,113,138,138,192,212,212,212,236,265,310,341,341,361],"floor_reached":51,"language":"ENG","playtime":2959,"items_purged":[],"score":791,"play_id":"74713786-1d49-4295-8b1d-ba729bd76771","local_time":"20210121203131","is_ascension_mode":false,"campfire_choices":[{"floor":7,"key":"REST"},{"floor":15,"key":"REST"},{"data":"Buffer","floor":23,"key":"SMITH"},{"floor":25,"key":"REST"},{"data":"Sunder","floor":28,"key":"SMITH"},{"data":"Genetic Algorithm","floor":30,"key":"SMITH"},{"floor":32,"key":"REST"},{"floor":40,"key":"REST"},{"data":"BasicCrystalCard","floor":44,"key":"SMITH"},{"floor":49,"key":"DIG"}],"circlet_count":0,"master_deck":["Strike_B","Strike_B","Strike_B+1","Strike_B","Defend_B","Defend_B","Defend_B+1","Defend_B","Zap+1","Dualcast","BasicCrystalCard+1","Genetic Algorithm+1","Glacier","Ball Lightning","Go for the Eyes","Gash","Ball Lightning","Buffer+1","Sweeping Beam","Stack","Ball Lightning+1","Sunder+1","Loop+1","Coolheaded","Sweeping Beam","ReplayTheSpireMod:Calculation Training","Impervious","hubris:PowerSurge","Rage+1","Feed","Go for the Eyes+1","Crystallizer+1","Loop","Thunder Strike","Conserve Battery+1"],"relics":["Cracked Core","relicPack:AllForOne","Replay:Bandana","Replay:Ringing Soul","Meat on the Bone","ReplayTheSpireMod:Ninjato","Replay:Grab Bag","Painkiller Herb","Velvet Choker","aspiration:IroncladSkillbook","Happy Flower","Iron Hammer","hubris:Metronome","HandDrill","SlaversCollar","Replay:Frozen Program","StSpp:WoodenStick","hubris:Towel","Ancient Tea Set","War Paint","Blood Vial","hubris:Spice","Durian"],"acts_visited":["Exordium","TheCity","TheBeyond"],"potions_floor_usage":[16,16,16,33,33,33,50,50,50],"damage_taken":[{"damage":1,"enemies":"Jaw Worm","floor":1,"turns":3},{"damage":0,"enemies":"conspire:RoseBush","floor":4,"turns":2},{"damage":55,"enemies":"Gremlin Nob","floor":6,"turns":5},{"damage":12,"enemies":"Replay:BlueRogue","floor":11,"turns":9},{"damage":1,"enemies":"2 Louse","floor":12,"turns":3},{"damage":6,"enemies":"Exordium Thugs","floor":13,"turns":4},{"damage":4,"enemies":"Large Slime","floor":14,"turns":5},{"damage":47,"enemies":"Slime Boss","floor":16,"turns":10},{"damage":17,"enemies":"Shell Parasite","floor":18,"turns":5},{"damage":0,"enemies":"3 Byrds","floor":19,"turns":5},{"damage":1,"enemies":"Snecko","floor":20,"turns":6},{"damage":13,"enemies":"conspire:HollyBat","floor":21,"turns":7},{"damage":0,"enemies":"Sentry and Sphere","floor":22,"turns":5},{"damage":6,"enemies":"conspire:Head Lice","floor":24,"turns":7},{"damage":0,"enemies":"Centurion and Healer","floor":27,"turns":5},{"damage":24,"enemies":"Snake Plant","floor":29,"turns":3},{"damage":22,"enemies":"Collector","floor":33,"turns":7},{"damage":0,"enemies":"3 Shapes","floor":35,"turns":3},{"damage":17,"enemies":"3 Darklings","floor":39,"turns":5},{"damage":7,"enemies":"Giant Head","floor":41,"turns":8},{"damage":0,"enemies":"Writhing Mass","floor":42,"turns":5},{"damage":0,"enemies":"Jaw Worm Horde","floor":45,"turns":5},{"damage":21,"enemies":"Spire Growth","floor":46,"turns":4},{"damage":6,"enemies":"Nemesis","floor":47,"turns":9},{"damage":0,"enemies":"Transient","floor":48,"turns":5},{"damage":20,"enemies":"conspire:OrnateMirror","floor":50,"turns":9}],"seed_played":"6591441538688166962","potions_obtained":[{"floor":6,"key":"BlessingOfTheForge"},{"floor":11,"key":"Weak Potion"},{"floor":12,"key":"SpeedPotion"},{"floor":16,"key":"FocusPotion"},{"floor":22,"key":"Strength Potion"},{"floor":24,"key":"Weak Potion"},{"floor":35,"key":"ColorlessPotion"},{"floor":45,"key":"SteroidPotion"},{"floor":46,"key":"Adrenaline Potion"},{"floor":47,"key":"PotionOfCapacity"}],"is_trial":false,"path_per_floor":["M","$","?","M","?","E","R","?","T","T","E","M","M","M","R","B",null,"?","?","?","?","?","T","E","T","T","?","T","?","T","T","T","B",null,"?","T","?","?","?","T","E","?","T","T","?","?","E","?","T","B",null],"character_chosen":"DEFECT","items_purchased":["hubris:Metronome","HandDrill","Replay:Frozen Program","StSpp:WoodenStick"],"campfire_rested":5,"item_purchase_floors":[31,31,36,36],"current_hp_per_floor":[77,77,77,77,77,22,45,45,45,45,48,50,47,58,85,53,93,83,90,96,90,97,97,98,111,111,114,114,97,97,97,117,102,120,123,123,123,123,113,126,126,132,132,132,135,121,132,141,146,132],"gold":361,"neow_bonus":"RANDOM_EVENT","is_daily":false,"chose_seed":false,"campfire_upgraded":4,"win_rate":0.0,"timestamp":1611261091,"path_taken":["M","$","?","M","?","E","R","?","T","?","E","M","?","M","R","BOSS","?","?","?","?","?","T","E","T","T","?","T","?","T","T","T","BOSS","?","T","?","?","?","T","E","?","T","T","?","?","E","?","T","BOSS"],"items_purchased_type":["Relic","Relic","Relic","Relic"],"build_version":"2020-12-22","purchased_purges":0,"victory":true,"max_hp_per_floor":[78,78,78,78,78,78,78,78,78,78,81,84,87,90,90,93,93,96,99,102,105,108,108,111,111,111,114,114,117,117,117,117,120,120,123,123,123,123,126,126,129,132,132,132,135,138,149,152,157,157],"relic_stats":{"Blood Vial":6,"Happy Flower":[22],"counters":[119,537],"HandDrill":[48],"War Paint":["Zap","Defend_B"],"obtain_stats":[{"hubris:BallOfYels":8,"Golden Egg":7,"relicPack:OneForAll":22,"Blood Vial":43,"Replay:Ringing Soul":9,"Replay:Frozen Program":36,"conspire:DecoderRing":40,"Strawberry":25,"Prayer Wheel":16,"MealTicket":39,"Iron Hammer":26,"HandDrill":31,"relicPack:AllForOne":3,"Replay:Wax Seal":11,"StSpp:WoodenStick":36,"aspiration:DSix":6,"conspire:Dentures":23,"hubris:DuctTape":12,"Happy Flower":24,"aspiration:Nostalgia":0,"hubris:SoftwareUpdate":9,"Replay:Grab Bag":17,"Velvet Choker":17,"Pen Nib":11,"Letter Opener":43,"War Paint":11,"aspiration:IroncladSkillbook":17,"WarpedTongs":10,"OrangePellets":4,"SlaversCollar":34,"Shuriken":11,"Molten Egg 2":10,"Onion Ring":13,"Grinning Jar":6,"conspire:IceCreamScoop":14,"Meat on the Bone":10,"ReplayFunnel":9,"Solar Panel":20,"hubris:Metronome":9,"conspire:SpecialSausage":17,"Painkiller Herb":17,"Juzu Bracelet":7,"Smiling Mask":7,"Ancient Tea Set":38,"conspire:TopHat":7,"conspire:InfiniteJournal":0,"Replay:Rubber Ducky":20,"SsserpentHead":5,"Replay:Bandana":6,"hubris:Icosahedron":13,"Replay:M_SmolderingBlood":14,"Pantograph":5,"hubris:CuriousFeather":0,"WingedGreaves":0,"Red Mask":19,"aspiration:FutureDiary":17,"Cracked Core":0,"InkBottle":6,"Ring of the Snake":20,"Gremlin Food":9,"Potion Belt":26,"Lee\u0027s Waffle":0,"Replay:M_StaffOfTheSnake":0,"ReplayTheSpireMod:Ninjato":11,"NeowsBlessing":0,"Golden Idol":5,"aspiration:FetidBarrel":26,"hubris:64BitClover":36,"aspiration:RunicSpoon":17,"Guide Book":21,"conspire:RunicOctahedron":34,"Geode":21,"Orichalcum":31,"Frozen Egg 2":11,"hubris:Towel":37,"Mercury Hourglass":4,"Ornamental Fan":13,"hubris:Spice":47,"Ring of Misfortune":37,"Ring of Fury":37,"StSpp:BrokenTotem":9,"Art of War":0,"Durian":49,"Membership Card":0,"aspiration:RitualDagger":17,"ReplayTheSpireMod:Lightbulb":26,"hubris:OldNail":4},{"hubris:BallOfYels":24,"Golden Egg":70,"relicPack:OneForAll":90,"Blood Vial":114,"Replay:Ringing Soul":96,"Replay:Frozen Program":111,"conspire:DecoderRing":45,"Strawberry":92,"Prayer Wheel":34,"MealTicket":44,"Iron Hammer":107,"HandDrill":109,"relicPack:AllForOne":94,"Replay:Wax Seal":54,"StSpp:WoodenStick":111,"aspiration:DSix":23,"conspire:Dentures":78,"hubris:DuctTape":72,"Happy Flower":107,"aspiration:Nostalgia":0,"hubris:SoftwareUpdate":24,"Replay:Grab Bag":101,"Velvet Choker":101,"Pen Nib":84,"Letter Opener":46,"War Paint":5,"aspiration:IroncladSkillbook":101,"WarpedTongs":16,"OrangePellets":50,"SlaversCollar":110,"Shuriken":31,"Molten Egg 2":4,"Onion Ring":72,"Grinning Jar":16,"conspire:IceCreamScoop":8,"Meat on the Bone":96,"ReplayFunnel":4,"Solar Panel":36,"hubris:Metronome":84,"conspire:SpecialSausage":34,"Painkiller Herb":101,"Juzu Bracelet":31,"Smiling Mask":4,"Ancient Tea Set":111,"conspire:TopHat":84,"conspire:InfiniteJournal":49,"Replay:Rubber Ducky":89,"SsserpentHead":30,"Replay:Bandana":96,"hubris:Icosahedron":85,"Replay:M_SmolderingBlood":18,"Pantograph":51,"hubris:CuriousFeather":79,"WingedGreaves":79,"Red Mask":36,"aspiration:FutureDiary":87,"Cracked Core":0,"InkBottle":52,"Ring of the Snake":36,"Gremlin Food":16,"Potion Belt":92,"Lee\u0027s Waffle":79,"Replay:M_StaffOfTheSnake":0,"ReplayTheSpireMod:Ninjato":97,"NeowsBlessing":8,"Golden Idol":10,"aspiration:FetidBarrel":39,"hubris:64BitClover":43,"aspiration:RunicSpoon":57,"Guide Book":59,"conspire:RunicOctahedron":42,"Geode":59,"Orichalcum":41,"Frozen Egg 2":71,"hubris:Towel":111,"Mercury Hourglass":50,"Ornamental Fan":32,"hubris:Spice":117,"Ring of Misfortune":43,"Ring of Fury":43,"StSpp:BrokenTotem":70,"Art of War":19,"Durian":118,"Membership Card":49,"aspiration:RitualDagger":74,"ReplayTheSpireMod:Lightbulb":78,"hubris:OldNail":50},{"hubris:BallOfYels":110,"Golden Egg":283,"relicPack:OneForAll":374,"Blood Vial":505,"Replay:Ringing Soul":403,"Replay:Frozen Program":487,"conspire:DecoderRing":193,"Strawberry":387,"Prayer Wheel":136,"MealTicket":188,"Iron Hammer":469,"HandDrill":477,"relicPack:AllForOne":396,"Replay:Wax Seal":230,"StSpp:WoodenStick":487,"aspiration:DSix":102,"conspire:Dentures":319,"hubris:DuctTape":291,"Happy Flower":469,"aspiration:Nostalgia":0,"hubris:SoftwareUpdate":110,"Replay:Grab Bag":434,"Velvet Choker":434,"Pen Nib":341,"Letter Opener":198,"War Paint":30,"aspiration:IroncladSkillbook":434,"WarpedTongs":70,"OrangePellets":213,"SlaversCollar":484,"Shuriken":127,"Molten Egg 2":19,"Onion Ring":291,"Grinning Jar":70,"conspire:IceCreamScoop":54,"Meat on the Bone":403,"ReplayFunnel":19,"Solar Panel":150,"hubris:Metronome":341,"conspire:SpecialSausage":143,"Painkiller Herb":434,"Juzu Bracelet":127,"Smiling Mask":19,"Ancient Tea Set":487,"conspire:TopHat":341,"conspire:InfiniteJournal":211,"Replay:Rubber Ducky":368,"SsserpentHead":120,"Replay:Bandana":403,"hubris:Icosahedron":347,"Replay:M_SmolderingBlood":78,"Pantograph":218,"hubris:CuriousFeather":324,"WingedGreaves":324,"Red Mask":150,"aspiration:FutureDiary":359,"Cracked Core":0,"InkBottle":224,"Ring of the Snake":150,"Gremlin Food":70,"Potion Belt":387,"Lee\u0027s Waffle":324,"Replay:M_StaffOfTheSnake":0,"ReplayTheSpireMod:Ninjato":412,"NeowsBlessing":54,"Golden Idol":56,"aspiration:FetidBarrel":164,"hubris:64BitClover":184,"aspiration:RunicSpoon":242,"Guide Book":248,"conspire:RunicOctahedron":180,"Geode":248,"Orichalcum":172,"Frozen Egg 2":286,"hubris:Towel":487,"Mercury Hourglass":213,"Ornamental Fan":132,"hubris:Spice":523,"Ring of Misfortune":184,"Ring of Fury":184,"StSpp:BrokenTotem":283,"Art of War":84,"Durian":528,"Membership Card":211,"aspiration:RitualDagger":300,"ReplayTheSpireMod:Lightbulb":319,"hubris:OldNail":213}],"Meat on the Bone":36},"card_choices":[{"not_picked":["Coolheaded","Static Discharge"],"picked":"BasicCrystalCard","floor":1},{"not_picked":["Rebound","Heatsinks"],"picked":"Genetic Algorithm","floor":4},{"not_picked":["Stack","Blizzard"],"picked":"Glacier","floor":6},{"not_picked":["ReplayTheSpireMod:Repulse","Coolheaded"],"picked":"Ball Lightning","floor":11},{"not_picked":["Compile Driver","BasicCrystalCard"],"picked":"Go for the Eyes","floor":12},{"not_picked":["Turbo","Hologram"],"picked":"Gash","floor":13},{"not_picked":["Turbo","Conserve Battery"],"picked":"Ball Lightning","floor":14},{"not_picked":["ReplayRNGCard","Seek"],"picked":"Buffer","floor":16},{"not_picked":["Rebound","Scrape","Self Repair"],"picked":"Sweeping Beam","floor":18},{"not_picked":["Cleave","Metallicize","ReplayTheSpireMod:Strike From Hell"],"picked":"Stack","floor":19},{"not_picked":["Anger","Force Field+1","Lockon"],"picked":"Ball Lightning+1","floor":20},{"not_picked":["Havoc","Anger","Heavy Blade"],"picked":"Sunder","floor":21},{"not_picked":["Leap","Ball Lightning","StSpp:Pointer"],"picked":"Loop+1","floor":22},{"not_picked":["Thunderclap","Burning Pact+1","Combust"],"picked":"Coolheaded","floor":24},{"not_picked":["Creative AI","StSpp:Igniter","Rebound"],"picked":"Sweeping Beam","floor":27},{"not_picked":["hubris:SharpeningStone","Clash","Sword Boomerang+1"],"picked":"ReplayTheSpireMod:Calculation Training","floor":29},{"not_picked":["Corruption","conspire:Purge","Eclipse"],"picked":"Impervious","floor":33},{"not_picked":["Warcry+1","Barrage+1","Armaments"],"picked":"hubris:PowerSurge","floor":35},{"not_picked":["Perfected Strike+1","Double Energy","Sword Boomerang+1"],"picked":"Rage+1","floor":39},{"not_picked":["Barrage+1","Twin Strike","Heavy Blade"],"picked":"Feed","floor":41},{"not_picked":["Warcry","Glacier","Hologram"],"picked":"Go for the Eyes+1","floor":42},{"not_picked":["Sweeping Beam+1","Ball Lightning","Machine Learning"],"picked":"Crystallizer+1","floor":45},{"not_picked":["Lockon+1","ReplayTheSpireMod:Limb From Limb+1","Coolheaded"],"picked":"Loop","floor":46},{"not_picked":["Clash","Armaments+1","Darkness+1"],"picked":"Thunder Strike","floor":47},{"not_picked":["Streamline","ReplayTheSpireMod:Strike From Hell","Fire Breathing+1"],"picked":"Conserve Battery+1","floor":48}],"player_experience":46520,"relics_obtained":[{"floor":6,"key":"Replay:Bandana"},{"floor":9,"key":"Replay:Ringing Soul"},{"floor":10,"key":"Meat on the Bone"},{"floor":11,"key":"ReplayTheSpireMod:Ninjato"},{"floor":24,"key":"Happy Flower"},{"floor":26,"key":"Iron Hammer"},{"floor":41,"key":"War Paint"},{"floor":43,"key":"Blood Vial"},{"floor":47,"key":"hubris:Spice"},{"floor":49,"key":"Durian"}],"event_choices":[{"damage_healed":0,"gold_gain":0,"player_choice":"Gave Potion","damage_taken":0,"relics_obtained":["Ancient Tea Set"],"max_hp_gain":0,"max_hp_loss":0,"event_name":"WeMeetAgain","floor":38,"gold_loss":0}],"is_beta":false,"boss_relics":[{"not_picked":["Runic Pyramid","relicPack:StarArrow"],"picked":"Replay:Grab Bag"},{"not_picked":["ReplayTheSpireMod:Onyx Gauntlets","conspire:SeveredTorchhead"],"picked":"Painkiller Herb"},{"not_picked":["Sozu","hubris:RunicObelisk"],"picked":"Velvet Choker"},{"not_picked":["Ring of Chaos","StSpp:FireArrow"],"picked":"aspiration:IroncladSkillbook"},{"not_picked":["relicPack:ShieldShield","aspiration:RitualDagger"],"picked":"SlaversCollar"}],"items_purged_floors":[],"is_endless":false,"potions_floor_spawned":[6,11,12,13,16,22,24,27,35,45,46,47],"ascension_level":0}}