{"host":"6hzrz31j95f2y1pa","time":1611199808,"event":{"mods":["BaseMod","Colored Map","Downfall","Minty Spire (QoL Compilation)","StSLib"],"gold_per_floor":[99,110,110,128,139,166,166,185,214,227,255,255,290,351,366,467,467,367,384,484,484,261,290,290,303,334,334,134,164,164,183,200,299,299,299,317,329,342,387,387,387,406,425,151,184,202,37,53,65,65,65,95,13,13,13,13],"floor_reached":57,"language":"ENG","playtime":5490,"items_purged":["bronze:Defend","bronze:Defend","bronze:Strike","bronze:Strike"],"score":1319,"play_id":"72b9d231-341b-4602-8c6e-d3af128300e6","local_time":"20210120223008","is_ascension_mode":true,"campfire_choices":[{"data":"bronze:Goto","floor":1.0,"key":"SMITH"},{"floor":18.0,"key":"RECALL"},{"floor":28.0,"key":"REST"},{"floor":30.0,"key":"REST"},{"floor":35.0,"key":"REST"},{"floor":40.0,"key":"REST"},{"floor":54.0,"key":"REST"}],"circlet_count":0,"master_deck":["bronze:Strike","bronze:Defend","bronze:Replicate","bronze:Goto+1","Bandage Up","bronze:WhirlingStrike+1","bronze:Branch","bronze:Constructor","bronze:Library","bronze:FollowUp","bronze:Iterate","bronze:Separator","bronze:FindAndReplace+1","bronze:Fortify","bronze:BronzeArmor+1","bronze:Verify","bronze:Return+1","bronze:Invalidate+1","Finesse+1","bronze:Terminator+1","bronze:Turbo+1","bronze:ItsAFeature"],"relics":["bronze:BronzeCore","bronze:CableSpool","Question Card","hexamod:CandleOfCauterizing","The Courier","Bronze Scales","Letter Opener","Fusion Hammer","downfall:HeartBlessingGreen","TungstenRod","Toxic Egg 2","Membership Card","Du-Vu Doll","Smiling Mask","downfall:HeartBlessingBlue","downfall:HeartBlessingRed","Regal Pillow","Runic Pyramid","Turnip","Akabeko","HornCleat","bronze:ProtectiveGoggles","Pen Nib","Lantern","Shuriken","PreservedInsect","TheAbacus","InkBottle","Ginger","Orichalcum"],"acts_visited":["Exordium","TheCity","TheBeyond","TheEnding"],"potions_floor_usage":[],"damage_taken":[{"damage":2.0,"enemies":"2 Louse","floor":2.0,"turns":3.0},{"damage":0.0,"enemies":"Cultist","floor":4.0,"turns":3.0},{"damage":1.0,"enemies":"Jaw Worm","floor":5.0,"turns":4.0},{"damage":9.0,"enemies":"Gremlin Nob","floor":6.0,"turns":3.0},{"damage":2.0,"enemies":"Blue Slaver","floor":8.0,"turns":3.0},{"damage":5.0,"enemies":"3 Sentries","floor":9.0,"turns":4.0},{"damage":8.0,"enemies":"2 Fungi Beasts","floor":10.0,"turns":3.0},{"damage":0.0,"enemies":"Lagavulin","floor":11.0,"turns":7.0},{"damage":8.0,"enemies":"Gremlin Nob","floor":13.0,"turns":4.0},{"damage":0.0,"enemies":"Gremlin Nob","floor":14.0,"turns":3.0},{"damage":5.0,"enemies":"Exordium Thugs","floor":15.0,"turns":3.0},{"damage":39.0,"enemies":"WA_ARCHETYPE_RETAIN","floor":16.0,"turns":6.0},{"damage":0.0,"enemies":"3 Byrds","floor":19.0,"turns":3.0},{"damage":5.0,"enemies":"Colosseum Nobs","floor":20.0,"turns":4.0},{"damage":2.0,"enemies":"downfall:FleeingMerchant","floor":22.0,"turns":4.0},{"damage":12.0,"enemies":"Slavers","floor":23.0,"turns":4.0},{"damage":0.0,"enemies":"Spheric Guardian","floor":25.0,"turns":3.0},{"damage":28.0,"enemies":"Book of Stabbing","floor":26.0,"turns":5.0},{"damage":16.0,"enemies":"Gremlin Leader","floor":29.0,"turns":4.0},{"damage":0.0,"enemies":"Chosen and Byrds","floor":31.0,"turns":4.0},{"damage":7.0,"enemies":"Centurion and Healer","floor":32.0,"turns":4.0},{"damage":67.0,"enemies":"DF_ARCHETYPE_CLAW","floor":33.0,"turns":8.0},{"damage":12.0,"enemies":"3 Shapes","floor":36.0,"turns":3.0},{"damage":8.0,"enemies":"3 Darklings","floor":37.0,"turns":5.0},{"damage":11.0,"enemies":"Maw","floor":38.0,"turns":6.0},{"damage":12.0,"enemies":"2 Orb Walkers","floor":39.0,"turns":4.0},{"damage":2.0,"enemies":"Spire Growth","floor":42.0,"turns":4.0},{"damage":9.0,"enemies":"Jaw Worm Horde","floor":43.0,"turns":3.0},{"damage":1.0,"enemies":"downfall:FleeingMerchant","floor":44.0,"turns":4.0},{"damage":0.0,"enemies":"Giant Head","floor":45.0,"turns":5.0},{"damage":14.0,"enemies":"Sphere and 2 Shapes","floor":46.0,"turns":4.0},{"damage":5.0,"enemies":"4 Shapes","floor":48.0,"turns":3.0},{"damage":4.0,"enemies":"Writhing Mass","floor":49.0,"turns":3.0},{"damage":12.0,"enemies":"SI_POISON_ARCHETYPE","floor":50.0,"turns":7.0},{"damage":6.0,"enemies":"downfall:CharBossMerchant","floor":52.0,"turns":4.0},{"damage":9.0,"enemies":"downfall:NeowBoss","floor":55.0,"turns":10.0},{"damage":0,"enemies":"downfall:NeowBoss","floor":56,"turns":8}],"seed_played":"8479397269683549879","potions_obtained":[{"floor":2.0,"key":"champ:CounterPotion"},{"floor":9.0,"key":"LiquidMemories"},{"floor":10.0,"key":"GamblersBrew"},{"floor":14.0,"key":"SteroidPotion"},{"floor":16.0,"key":"champ:CounterPotion"},{"floor":25.0,"key":"PowerPotion"},{"floor":26.0,"key":"Dexterity Potion"},{"floor":43.0,"key":"bronze:FreeFunctionsPotion"}],"is_trial":false,"path_per_floor":["R","M","?","M","M","E","T","M","E","M","E","?","E","?","M","B",null,"R","M","?","?","$","E","T","M","E","?","R","E","R","M","M","B",null,"R","M","M","M","?","R","T","M","M","$","E","M","$","M","M","B",null,"E","$","R","B","B",null],"character_chosen":"THE_AUTOMATON","items_purchased":["Membership Card","bronze:FindAndReplace+1","HornCleat","bronze:ProtectiveGoggles","Pen Nib","Lantern","Shuriken","PreservedInsect","TheAbacus","Finesse+1","Ginger","bronze:ItsAFeature"],"campfire_rested":5,"item_purchase_floors":[22,22,44,44,44,44,44,44,44,44,47,53],"current_hp_per_floor":[70,70,70,70,70,61,61,63,62,58,62,62,58,58,57,22,70,70,70,69,69,68,60,60,64,40,40,74,62,80,80,77,13,80,80,72,68,61,53,80,80,80,75,74,78,66,66,65,65,57,80,78,78,80,71,75],"gold":13,"neow_bonus":"RANDOM_COLORLESS","is_daily":false,"chose_seed":false,"campfire_upgraded":1,"win_rate":0.0,"timestamp":1611199808,"path_taken":["R","M","?","?","M","E","T","M","E","M","E","?","E","?","M","BOSS","R","M","?","?","$","E","T","?","E","?","R","E","R","?","M","BOSS","R","M","M","M","?","R","T","M","M","$","E","M","$","M","M","BOSS","E","$","R","BOSS","BOSS"],"items_purchased_type":["Relic","Card","Relic","Relic","Relic","Relic","Relic","Relic","Relic","Card","Relic","Card"],"build_version":"2020-12-22","purchased_purges":4,"victory":true,"max_hp_per_floor":[70,70,70,70,70,70,70,70,70,70,70,70,70,70,70,70,70,70,70,70,70,70,70,70,70,70,70,80,80,80,80,80,80,80,80,80,80,80,80,80,80,80,80,80,80,80,80,80,80,80,80,80,80,80,80,80],"card_choices":[{"not_picked":["Deep Breath","Impatience"],"picked":"Bandage Up","floor":0.0},{"not_picked":["bronze:Iterate","bronze:Overheat"],"picked":"bronze:WhirlingStrike","floor":2.0},{"not_picked":["bronze:ClassDefault","bronze:OilSpill"],"picked":"bronze:Branch","floor":4.0},{"not_picked":["bronze:Allocate","bronze:BugBarrage"],"picked":"bronze:Constructor","floor":5.0},{"not_picked":["bronze:BitShift","bronze:Frontload","bronze:Shield"],"picked":"SKIP","floor":6.0},{"not_picked":["bronze:Branch","bronze:WhirlingStrike","bronze:CutThrough"],"picked":"bronze:Library","floor":8.0},{"not_picked":["bronze:Invalidate","bronze:Optimize","bronze:Overload"],"picked":"bronze:FollowUp","floor":9.0},{"not_picked":["bronze:Constructor","bronze:Shield","bronze:DelayedGuard","bronze:FineTuning"],"picked":"SKIP","floor":10.0},{"not_picked":["bronze:Shield","bronze:Break","bronze:Frontload","bronze:BronzeOrb"],"picked":"SKIP","floor":11.0},{"not_picked":["bronze:BuggyMess","bronze:Refactor","bronze:Repair","bronze:InfiniteBeams"],"picked":"SKIP","floor":13.0},{"not_picked":["bronze:BitShift","bronze:Flail","bronze:Overload"],"picked":"bronze:Iterate","floor":14.0},{"not_picked":["bronze:Invalidate","bronze:OilSpill","bronze:FineTuning"],"picked":"bronze:Separator","floor":15.0},{"not_picked":["bronze:NullPointer","bronze:Frontload+1","bronze:Shield","bronze:MaxOutput+1"],"picked":"SKIP","floor":19.0},{"not_picked":["bronze:ChosenStrike","bronze:BuggyMess+1","bronze:Separator+1","bronze:FineTuning+1"],"picked":"SKIP","floor":22.0},{"not_picked":["bronze:Overheat","bronze:Turbo+1","bronze:FindAndReplace+1","bronze:Hardcode"],"picked":"SKIP","floor":23.0},{"not_picked":["bronze:ForceShield+1","bronze:WhirlingStrike","bronze:BuggyMess+1"],"picked":"bronze:Fortify","floor":25.0},{"not_picked":["bronze:Optimize+1","bronze:DelayedGuard+1","bronze:WhirlingStrike","bronze:OilSpill"],"picked":"SKIP","floor":26.0},{"not_picked":["bronze:Iterate","bronze:Separator","bronze:ShipIt","bronze:BuggyMess+1"],"picked":"SKIP","floor":29.0},{"not_picked":["bronze:ItsAFeature+1","bronze:WhirlingStrike+1","bronze:CloningBeam"],"picked":"bronze:BronzeArmor+1","floor":31.0},{"not_picked":["bronze:Invalidate+1","bronze:BugBarrage","bronze:Branch","bronze:Iterate"],"picked":"SKIP","floor":32.0},{"not_picked":["bronze:TinkerersToolbox+1","bronze:CleanCode","bronze:Library"],"picked":"bronze:Verify","floor":33.0},{"not_picked":["bronze:DelayedGuard+1","bronze:ForceShield+1","bronze:BuggyMess+1","bronze:Shield+1"],"picked":"SKIP","floor":36.0},{"not_picked":["bronze:Shield+1","bronze:Repulsor","bronze:Iterate"],"picked":"bronze:Return+1","floor":37.0},{"not_picked":["bronze:Allocate+1","bronze:InfiniteBeams+1","bronze:BugBarrage","bronze:FollowUp"],"picked":"SKIP","floor":38.0},{"not_picked":["bronze:Turbo+1","bronze:FollowUp+1","bronze:Separator+1","bronze:Optimize"],"picked":"SKIP","floor":42.0},{"not_picked":["bronze:WhirlingStrike+1","bronze:DarkDash","bronze:OilSpill"],"picked":"bronze:Invalidate+1","floor":43.0},{"not_picked":["bronze:Shell+1","bronze:FollowUp+1","bronze:OilSpill+1","bronze:BronzeArmor+1"],"picked":"SKIP","floor":44.0},{"not_picked":["bronze:FineTuning+1","bronze:DigitalCarnage","bronze:WhirlingStrike+1"],"picked":"bronze:Terminator+1","floor":45.0},{"not_picked":["bronze:FineTuning+1","bronze:Branch","bronze:Turbo+1","bronze:WhirlingStrike"],"picked":"SKIP","floor":46.0},{"not_picked":["bronze:FineTuning+1","bronze:Branch","bronze:WhirlingStrike"],"picked":"bronze:Turbo+1","floor":46.0},{"not_picked":["bronze:CutThrough+1","bronze:Branch","bronze:BugBarrage","bronze:BitShift+1"],"picked":"SKIP","floor":48.0},{"not_picked":["bronze:NullPointer","bronze:Shield+1","bronze:Library","bronze:WildBeam+1"],"picked":"SKIP","floor":49.0},{"not_picked":["bronze:Library","bronze:CutThrough","bronze:Repulsor","bronze:Iterate"],"picked":"SKIP","floor":52.0}],"player_experience":1372266,"relics_obtained":[{"floor":6.0,"key":"bronze:CableSpool"},{"floor":7.0,"key":"Question Card"},{"floor":9.0,"key":"hexamod:CandleOfCauterizing"},{"floor":11.0,"key":"The Courier"},{"floor":13.0,"key":"Bronze Scales"},{"floor":14.0,"key":"Letter Opener"},{"floor":20.0,"key":"TungstenRod"},{"floor":20.0,"key":"Toxic Egg 2"},{"floor":23.0,"key":"Du-Vu Doll"},{"floor":26.0,"key":"Smiling Mask"},{"floor":29.0,"key":"Regal Pillow"},{"floor":39.0,"key":"Turnip"},{"floor":41.0,"key":"Akabeko"},{"floor":45.0,"key":"InkBottle"},{"floor":52.0,"key":"Orichalcum"}],"event_choices":[{"cards_removed":["bronze:Defend"],"damage_healed":0.0,"max_hp_gain":0.0,"max_hp_loss":0.0,"gold_gain":0.0,"event_name":"The Cleric","player_choice":"Card Removal","floor":12.0,"gold_loss":0.0,"damage_taken":0.0},{"cards_removed":["bronze:Strike"],"damage_healed":0.0,"max_hp_gain":0.0,"max_hp_loss":0.0,"gold_gain":0.0,"event_name":"Bonfire Elementals","player_choice":"Offered Basic","floor":21.0,"gold_loss":0.0,"damage_taken":0.0},{"damage_healed":0.0,"max_hp_gain":0.0,"max_hp_loss":0.0,"gold_gain":0.0,"event_name":"Mysterious Sphere","player_choice":"Fight","floor":39.0,"gold_loss":0.0,"damage_taken":0.0}],"is_beta":false,"boss_relics":[{"not_picked":["Tiny House","SacredBark"],"picked":"Fusion Hammer"},{"not_picked":["Pandora\u0027s Box","Calling Bell"],"picked":"Runic Pyramid"}],"items_purged_floors":[22,44,47,53],"is_endless":false,"potions_floor_spawned":[2,9,10,14,15,16,25,26,31,32,36,37,43,46,48,52],"ascension_level":1}}