{"host":"jrpypersx2nqejuc","time":1611225757,"event":{"mods":["2.2 Compatiblity","AlwaysNeverKeys","BaseMod","Better Sensory Stone","Better Skull","BetterRewards","CapriCore","Card Forge","Colored Map","Colored Powertips","Conspire","Displayed Cursed Tome","Downfall","Energized Spire","Highlight Path","Infinite Spire","Marked Mod","Minty Spire (QoL Compilation)","Shop Mod","StSLib","The Animator","Wandering Minibosses","??????REMEMod"],"gold_per_floor":[99,159,224,224,261,368,368,613,728,292,357,252,252,304,350,527,527,327,385,454,454,495,575,575,751,830,830,908,908,908,908,974,1143,1143,1143,1143],"floor_reached":34,"language":"ENG","playtime":5660,"items_purged":[],"score":837,"play_id":"ece1583a-5a78-4f87-be40-e78c371c9371","local_time":"20210121024237","is_ascension_mode":true,"campfire_choices":[{"floor":1,"key":"REST"},{"floor":18,"key":"REST"},{"floor":27,"key":"REST"},{"floor":30,"key":"REST"}],"circlet_count":0,"master_deck":["champ:Taunt+1","champ:SteelEdge+1","animator:BlackLotus+1","FameAndFortune","Flash of Steel+1","Finesse+1","animator:Defend_Konosuba+1","animator:Defend_GATE+1","Insight+1","Master of Strategy+1","Miracle+1","animator:Yusarin+1","champ:EnGarde+1","champ:FalseCounter+1","champ:Circumvent+1","octo:OctoDefense","champ:StanceDance+1","animator:Strike_TenSura+1","champ:ShieldWall+1","champ:CheapShot+1","champ:DefensiveShout+1","expansioncontent:StudyTheSpire+1","champ:Lariat+1","champ:IronFortress+1","champ:FlashCut+1","champ:DefensiveShout+1","champ:StrikeOfGenius+1","champ:StanceDance+1","champ:FocusedDefense+1","champ:CalledShot+1","champ:Endure+1","champ:CheapShot+1","champ:SetATrap+1","champ:DefensiveShout+1","champ:Parry+1","champ:FlashCut+1","champ:VampiricStrike+1"],"relics":["Hammer of Thor","Seething Fire","Anvil of the Gods","REME_ComplimentaryCards","REME_ArchaeologicalTools","Bronze Scales","Potion Belt","Membership Card","Bottled Lightning","MerchantsRug","Art of War","Anchor","HandDrill","infinitespire:Cubic Diamond","Cursed Key","downfall:HeartBlessingRed","downfall:HeartBlessingGreen","champ:ChampionCrown","wanderingMiniBosses:ThiefScarf","CultistMask","StoneCalendar","Toxic Egg 2","Nunchaku","Pantograph","infinitespire:BottledMercury","MutagenicStrength","Fusion Hammer"],"acts_visited":["Exordium","TheCity","TheBeyond"],"potions_floor_usage":[6,6,10,12,28,33],"damage_taken":[{"damage":10,"enemies":"conspire:RoseBush","floor":2,"turns":2},{"damage":9,"enemies":"Cultist","floor":3,"turns":3},{"damage":8,"enemies":"2 Louse","floor":5,"turns":2},{"damage":6,"enemies":"Lagavulin","floor":6,"turns":6},{"damage":9,"enemies":"downfall:Heads","floor":8,"turns":7},{"damage":9,"enemies":"3 Sentries","floor":9,"turns":4},{"damage":10,"enemies":"downfall:FleeingMerchant","floor":10,"turns":4},{"damage":10,"enemies":"Gremlin Nob","floor":11,"turns":4},{"damage":7,"enemies":"downfall:FleeingMerchant","floor":12,"turns":5},{"damage":10,"enemies":"Large Slime","floor":14,"turns":5},{"damage":0,"enemies":"Exordium Wildlife","floor":15,"turns":4},{"damage":8,"enemies":"WA_ARCHETYPE_RETAIN","floor":16,"turns":5},{"damage":0,"enemies":"conspire:FuzzyDice","floor":19,"turns":3},{"damage":0,"enemies":"Snecko","floor":20,"turns":4},{"damage":0,"enemies":"Snake Plant","floor":22,"turns":3},{"damage":0,"enemies":"conspire:SneckoGhost","floor":23,"turns":6},{"damage":0,"enemies":"downfall:FleeingMerchant","floor":25,"turns":4},{"damage":8,"enemies":"Gremlin Leader","floor":26,"turns":6},{"damage":0,"enemies":"Nightmare","floor":28,"turns":7},{"damage":0,"enemies":"Centurion and Healer","floor":32,"turns":5},{"damage":0,"enemies":"IC_MUSHROOM_ARCHETYPE","floor":33,"turns":4}],"seed_played":"-7867747274476612603","potions_obtained":[{"floor":2,"key":"SkillPotion"},{"floor":3,"key":"Ancient Potion"},{"floor":8,"key":"SkillPotion"},{"floor":11,"key":"Swift Potion"},{"floor":19,"key":"LiquidBronze"},{"floor":26,"key":"AttackPotion"},{"floor":28,"key":"champ:CounterPotion"},{"floor":32,"key":"infinitespire:BlackPotion"}],"is_trial":false,"path_per_floor":["R","M","M","?","M","E","T","?","E","$","E","$","?","M","M","B",null,"R","M","M","?","M","E","T","$","E","R","NM","?","R","?","M","B",null],"character_chosen":"THE_CHAMP","items_purchased":["Membership Card","Bottled Lightning","champ:DefensiveShout","MerchantsRug","expansioncontent:StudyTheSpire","Anchor","HandDrill","Nunchaku","champ:CheapShot","Guardian:BlockOnCardUsePotion","champ:SetATrap+1"],"campfire_rested":4,"item_purchase_floors":[10,10,10,10,10,12,12,25,25,25,25],"current_hp_per_floor":[90,90,90,90,90,90,90,90,90,90,90,90,90,90,90,90,90,90,90,90,90,90,90,90,90,82,90,90,90,90,90,90,90,90,90,90],"gold":1143,"neow_bonus":"ONE_RANDOM_RARE_CARD","is_daily":false,"chose_seed":false,"campfire_upgraded":0,"win_rate":0.0,"timestamp":1611225757,"path_taken":["R","M","M","?","?","E","T","?","E","$","E","$","?","M","M","BOSS","R","M","M","?","?","E","T","$","E","R","NM","?","R","?","M","BOSS"],"items_purchased_type":["Relic","Relic","Card","Relic","Card","Relic","Relic","Relic","Card","Potion","Card"],"build_version":"2020-12-22","purchased_purges":0,"victory":false,"max_hp_per_floor":[90,90,90,90,90,90,90,90,90,90,90,90,90,90,90,90,90,90,90,90,90,90,90,90,90,90,90,90,90,90,90,90,90,90,90,90],"card_choices":[{"not_picked":["champ:ShieldSlam","champ:TornadoPunch"],"picked":"champ:EnGarde","floor":2},{"not_picked":["champ:Shatter","champ:HeartStrike"],"picked":"champ:FalseCounter","floor":3},{"not_picked":["champ:FanOfKnives","champ:Encircle"],"picked":"champ:EndlessRage","floor":5},{"not_picked":["champ:BladeFlurry","champ:GladiatorStyle"],"picked":"champ:Circumvent","floor":6},{"not_picked":["champ:FanOfKnives","champ:BladeFlurry"],"picked":"champ:StanceDance","floor":8},{"not_picked":["champ:DeathBlow","champ:RapidStrikes"],"picked":"champ:ShieldWall","floor":9},{"not_picked":["champ:SkillfulDodge","champ:PreciseThrust"],"picked":"champ:CheapShot","floor":10},{"not_picked":["champ:PerfectedStrike","champ:Circumvent"],"picked":"champ:Lariat","floor":11},{"not_picked":["champ:ShieldWall","champ:EndlessRage"],"picked":"champ:IronFortress","floor":12},{"not_picked":["champ:TornadoPunch","champ:FaceSlap"],"picked":"champ:FlashCut","floor":14},{"not_picked":["champ:VampiricStrike","champ:EnGarde"],"picked":"champ:DefensiveShout","floor":15},{"not_picked":["champ:SteelEdge","champ:SwordThrow"],"picked":"champ:StrikeOfGenius","floor":16},{"not_picked":["champ:Shatter","champ:EnGarde+1"],"picked":"champ:StanceDance","floor":19},{"not_picked":["champ:GutPunch","champ:FlashCut+1"],"picked":"champ:FocusedDefense+1","floor":20},{"not_picked":["champ:Shatter","champ:RecklessLeap"],"picked":"champ:CalledShot","floor":22},{"not_picked":["champ:PerfectedStrike","champ:Circumvent"],"picked":"champ:Endure","floor":23},{"not_picked":["champ:RecklessLeap+1","champ:TornadoPunch","champ:Endure+1"],"picked":"SKIP","floor":25},{"not_picked":["champ:DancingMaster","champ:RisingSlash"],"picked":"champ:DefensiveShout+1","floor":26},{"not_picked":["champ:AdrenalArmor+1","champ:Circumvent+1"],"picked":"champ:Parry+1","floor":28},{"not_picked":["champ:AdrenalArmor+1","champ:FanOfKnives"],"picked":"champ:FlashCut","floor":32},{"not_picked":["champ:LastStand","champ:SwordThrow"],"picked":"champ:VampiricStrike","floor":33}],"player_experience":623731,"relics_obtained":[{"floor":6,"key":"REME_ArchaeologicalTools"},{"floor":7,"key":"Bronze Scales"},{"floor":9,"key":"Potion Belt"},{"floor":11,"key":"Art of War"},{"floor":20,"key":"champ:ChampionCrown"},{"floor":20,"key":"wanderingMiniBosses:ThiefScarf"},{"floor":23,"key":"StoneCalendar"},{"floor":24,"key":"Toxic Egg 2"},{"floor":26,"key":"Pantograph"},{"floor":28,"key":"infinitespire:BottledMercury"}],"event_choices":[{"damage_healed":0,"gold_gain":0,"player_choice":"Trade","damage_taken":0,"relics_obtained":["CultistMask"],"max_hp_gain":0,"max_hp_loss":0,"event_name":"FaceTrader","floor":21,"gold_loss":0},{"damage_healed":0,"gold_gain":0,"player_choice":"Inject Mutagens","damage_taken":0,"relics_obtained":["MutagenicStrength"],"max_hp_gain":0,"max_hp_loss":0,"event_name":"Drug Dealer","floor":31,"gold_loss":0}],"is_beta":false,"boss_relics":[{"not_picked":["Sozu","REME_DuelDisc"],"picked":"Cursed Key"},{"not_picked":["SlaversCollar","Philosopher\u0027s Stone"],"picked":"Fusion Hammer"}],"items_purged_floors":[],"is_endless":false,"potions_floor_spawned":[2,3,8,11,19,26,28,32,33],"ascension_level":1}}