{"host":"lzlnscgb2n0l5w2m","time":1611208386,"event":{"mods":["AchievementEnabler","BaseMod","Block Reminder","Colored Powertips","Googly Eyes","Highlight Path","Minty Spire (QoL Compilation)","Permanent Neow","Relic Stats","StSLib"],"gold_per_floor":[215,215,226,226,75,100,100,125,203,219,238,238,238],"floor_reached":12,"language":"ZHT","playtime":833,"items_purged":["Strike_R"],"score":110,"play_id":"fa0a2c30-b2f8-47cc-9d42-dbdc99ddeb67","local_time":"20210121135306","is_ascension_mode":true,"campfire_choices":[],"circlet_count":0,"master_deck":["Strike_R","Strike_R","Strike_R","Strike_R","Defend_R","Bash","Iron Wave","Flame Barrier","Seeing Red","Demon Form","Flex","Body Slam","Bloodletting"],"relics":["Burning Blood","Happy Flower","Tiny Chest"],"acts_visited":["Exordium"],"potions_floor_usage":[],"damage_taken":[{"damage":6.0,"enemies":"2 Louse","floor":1.0,"turns":3.0},{"damage":1.0,"enemies":"Cultist","floor":3.0,"turns":3.0},{"damage":54.0,"enemies":"3 Sentries","floor":6.0,"turns":11.0},{"damage":11.0,"enemies":"Gremlin Nob","floor":8.0,"turns":4.0},{"damage":0.0,"enemies":"Small Slimes","floor":10.0,"turns":2.0},{"damage":3.0,"enemies":"Red Slaver","floor":11.0,"turns":4.0},{"damage":31,"enemies":"3 Sentries","floor":12,"turns":6}],"seed_played":"3917537609229625693","potions_obtained":[{"floor":3.0,"key":"DuplicationPotion"},{"floor":6.0,"key":"SkillPotion"},{"floor":10.0,"key":"HeartOfIron"}],"is_trial":false,"path_per_floor":["M","?","M","?","$","E","?","E","T","M","M","E"],"character_chosen":"IRONCLAD","items_purchased":["Seeing Red"],"campfire_rested":0,"item_purchase_floors":[5],"current_hp_per_floor":[80,80,80,73,73,25,25,20,20,26,29,0,0],"gold":238,"neow_bonus":"HUNDRED_GOLD","is_daily":false,"chose_seed":false,"campfire_upgraded":0,"win_rate":0.0,"timestamp":1611208386,"path_taken":["M","?","M","?","$","E","?","E","T","M","?","E"],"items_purchased_type":["Card"],"build_version":"2020-12-22","purchased_purges":1,"victory":false,"max_hp_per_floor":[80,80,80,80,80,80,80,80,80,80,80,80,80],"relic_stats":{"Happy Flower":[5],"counters":[7,33],"Tiny Chest":0,"obtain_stats":[{"Happy Flower":6,"Tiny Chest":8,"Burning Blood":0},{"Happy Flower":3,"Tiny Chest":4,"Burning Blood":0},{"Happy Flower":17,"Tiny Chest":21,"Burning Blood":0}],"Burning Blood":31},"card_choices":[{"not_picked":["Sword Boomerang","Flex"],"picked":"Iron Wave","floor":1.0},{"not_picked":["Twin Strike","Shrug It Off"],"picked":"Flame Barrier","floor":3.0},{"not_picked":["Hemokinesis","Anger"],"picked":"Demon Form","floor":6.0},{"not_picked":["Entrench","Twin Strike"],"picked":"Flex","floor":8.0},{"not_picked":["Thunderclap","Intimidate"],"picked":"Body Slam","floor":10.0},{"not_picked":["Headbutt","Thunderclap"],"picked":"Bloodletting","floor":11.0}],"player_experience":217362,"relics_obtained":[{"floor":6.0,"key":"Happy Flower"},{"floor":8.0,"key":"Tiny Chest"}],"event_choices":[{"cards_removed":["Defend_R"],"damage_healed":0.0,"max_hp_gain":0.0,"max_hp_loss":0.0,"gold_gain":0.0,"event_name":"Living Wall","player_choice":"Forget","floor":2.0,"gold_loss":0.0,"damage_taken":0.0},{"cards_removed":["Defend_R"],"damage_healed":0.0,"max_hp_gain":0.0,"max_hp_loss":0.0,"gold_gain":0.0,"event_name":"Golden Wing","player_choice":"Card Removal","floor":4.0,"gold_loss":0.0,"damage_taken":7.0},{"cards_removed":["Defend_R"],"damage_healed":0.0,"max_hp_gain":0.0,"max_hp_loss":0.0,"gold_gain":0.0,"event_name":"Purifier","player_choice":"Purged","floor":7.0,"gold_loss":0.0,"damage_taken":0.0}],"is_beta":false,"boss_relics":[],"items_purged_floors":[5],"is_endless":false,"potions_floor_spawned":[3,6,10],"killed_by":"3 Sentries","ascension_level":5}}