{"host":"z7byfb4bpt09dh7e","time":1611270890,"event":{"mods":["Aspiration","BaseMod","BetterRewards","Displayed Cursed Tome","Downfall","Infinite Spire","Minty Spire (QoL Compilation)","StSLib","The Blue Laboratory","Uncapped"],"gold_per_floor":[99,99,99,199,199,99,99,31,31,51,84,98,0,12,28,132,132,132,143,143,143,155,2,53,53,67,28,28,28,44,63,85,85,85,85],"floor_reached":33,"language":"ENG","playtime":1706,"items_purged":[],"score":270,"play_id":"ab4e62cd-883f-401c-b4af-3a9fe8913185","local_time":"20210121181450","is_ascension_mode":false,"campfire_choices":[{"floor":1,"key":"RECALL"},{"data":"champ:DefensiveShout","floor":6,"key":"SMITH"},{"data":"champ:Taunt","floor":9,"key":"SMITH"},{"data":"champ:UltimateStance","floor":18,"key":"SMITH"}],"circlet_count":0,"master_deck":["champ:Strike","champ:Strike","champ:Strike","champ:Strike","champ:Defend","champ:Defend","champ:Defend","champ:Execute","champ:Taunt+1","champ:DefensiveShout+1","champ:FaceSlap","champ:VampiricStrike","champ:EnragedBash","champ:BringItOn","champ:Shatter","champ:FaceSlap","champ:PreciseThrust","champ:TornadoPunch","champ:Duel","champ:CrownThrow","champ:CrownThrow","champ:UltimateStance+1","champ:FlashCut+1","champ:FalseCounter","champ:StanceDance","Dramatic Entrance","champ:PreciseThrust","infinitespire:SevenWalls+1","infinitespire:DeathsTouch+1","champ:ShieldWall+1","champ:TripleStrike+1","champ:AdrenalArmor","Slimebound:CheckThePlaybook","downfall:Icky","champ:RisingSlash+1","champ:Shatter+1"],"relics":["champ:ChampionCrown","downfall:HeartsMalice","downfall:HeartBlessingRed","Letter Opener","Pen Nib","Philosopher\u0027s Stone","Molten Egg 2","CeramicFish"],"acts_visited":["Exordium","TheCity"],"potions_floor_usage":[33,33],"damage_taken":[{"damage":0,"enemies":"Jaw Worm","floor":2,"turns":1},{"damage":0,"enemies":"2 Louse","floor":3,"turns":1},{"damage":0,"enemies":"downfall:FleeingMerchant","floor":8,"turns":1},{"damage":15,"enemies":"Cultist","floor":10,"turns":2},{"damage":24,"enemies":"3 Sentries","floor":11,"turns":6},{"damage":0,"enemies":"Red Slaver","floor":12,"turns":2},{"damage":20,"enemies":"downfall:FleeingMerchant","floor":13,"turns":4},{"damage":7,"enemies":"Blue Slaver","floor":14,"turns":3},{"damage":14,"enemies":"2 Fungi Beasts","floor":15,"turns":3},{"damage":42,"enemies":"IC_STATUS_ARCHETYPE","floor":16,"turns":5},{"damage":15,"enemies":"Spheric Guardian","floor":19,"turns":2},{"damage":15,"enemies":"Shell Parasite","floor":22,"turns":3},{"damage":53,"enemies":"downfall:FleeingMerchant","floor":23,"turns":4},{"damage":29,"enemies":"Snecko","floor":26,"turns":4},{"damage":18,"enemies":"downfall:FleeingMerchant","floor":27,"turns":4},{"damage":5,"enemies":"Snake Plant","floor":30,"turns":2},{"damage":25,"enemies":"Shelled Parasite and Fungi","floor":31,"turns":2},{"damage":13,"enemies":"Centurion and Healer","floor":32,"turns":2},{"damage":27,"enemies":"WA_ARCHETYPE_CALM","floor":33,"turns":2}],"seed_played":"1180104958609941280","potions_obtained":[{"floor":10,"key":"Block Potion"},{"floor":11,"key":"blueLaboratory:AbyssPotion"},{"floor":14,"key":"blueLaboratory:ImpenetrablePotion"},{"floor":15,"key":"SpeedPotion"},{"floor":19,"key":"champ:CounterPotion"},{"floor":20,"key":"CultistPotion"}],"is_trial":false,"path_per_floor":["R","M","M","?","?","R","T","$","R","M","E","M","$","M","M","B",null,"R","M","?","?","M","$","T","AVR","M","$","?","T","M","M","M","B"],"character_chosen":"THE_CHAMP","items_purchased":["champ:EnragedBash","champ:TornadoPunch","champ:Duel","Dramatic Entrance","champ:PreciseThrust","champ:AdrenalArmor"],"campfire_rested":0,"item_purchase_floors":[8,13,13,23,23,27],"current_hp_per_floor":[90,90,90,90,90,90,90,90,90,90,86,86,81,74,65,28,90,90,90,90,90,85,72,72,72,53,40,40,40,50,35,27,0,0,0],"gold":85,"neow_bonus":"THREE_ENEMY_KILL","is_daily":false,"chose_seed":false,"campfire_upgraded":3,"win_rate":0.0,"timestamp":1611270890,"path_taken":["R","M","M","?","?","R","T","$","R","M","E","?","?","M","M","BOSS","R","M","?","?","M","?","T","AVR","M","$","?","?","?","M","M","BOSS"],"items_purchased_type":["Card","Card","Card","Card","Card","Card"],"build_version":"2020-12-22","purchased_purges":0,"victory":false,"max_hp_per_floor":[90,90,90,90,90,90,90,90,90,90,90,90,90,90,90,90,90,90,90,90,90,90,90,90,90,90,90,90,90,90,90,90,90,90,90],"card_choices":[{"not_picked":["champ:Shatter","champ:BringItOn"],"picked":"champ:DefensiveShout","floor":2},{"not_picked":["champ:BerserkersShout","champ:Lariat"],"picked":"champ:FaceSlap","floor":3},{"not_picked":["champ:CalledShot","champ:IronFortress"],"picked":"champ:VampiricStrike","floor":8},{"not_picked":["champ:Lariat","champ:PerfectedStrike"],"picked":"champ:BringItOn","floor":10},{"not_picked":["champ:Backstep","champ:AdrenalArmor"],"picked":"champ:Shatter","floor":11},{"not_picked":["champ:Duel","champ:BringItOn"],"picked":"champ:FaceSlap","floor":12},{"not_picked":["champ:RecklessLeap","champ:Devastate"],"picked":"champ:PreciseThrust","floor":13},{"not_picked":["champ:Duel","champ:Backstep"],"picked":"champ:CrownThrow","floor":14},{"not_picked":["champ:BladeFlurry","champ:SetATrap"],"picked":"champ:CrownThrow","floor":15},{"not_picked":["champ:HeavySlash","champ:SteelEdge"],"picked":"champ:UltimateStance","floor":16},{"not_picked":["champ:BladeFlurry+1","champ:Haymaker"],"picked":"champ:FlashCut+1","floor":19},{"not_picked":["champ:EnGarde","champ:Haymaker"],"picked":"champ:FalseCounter","floor":22},{"not_picked":["champ:DeathBlow","champ:Haymaker"],"picked":"champ:StanceDance","floor":23},{"not_picked":["champ:Parry","champ:BladeFlurry+1"],"picked":"champ:ShieldWall+1","floor":26},{"not_picked":["champ:CalledShot","champ:PerfectedStrike+1"],"picked":"champ:TripleStrike+1","floor":27},{"not_picked":["champ:FalseCounter","champ:Backstep","champ:BladeFlurry+1"],"picked":"SKIP","floor":30},{"not_picked":["champ:DeathBlow+1","champ:ShieldWall"],"picked":"champ:RisingSlash+1","floor":31},{"not_picked":["champ:Backstep","champ:DefensiveShout"],"picked":"champ:Shatter+1","floor":32}],"player_experience":287991,"relics_obtained":[{"floor":7,"key":"Letter Opener"},{"floor":11,"key":"Pen Nib"},{"floor":29,"key":"CeramicFish"}],"event_choices":[{"cards_removed":["champ:Defend"],"damage_healed":0,"gold_gain":0,"player_choice":"Offered Basic","damage_taken":0,"max_hp_gain":0,"max_hp_loss":0,"event_name":"Bonfire Elementals","floor":5,"gold_loss":0}],"is_beta":false,"boss_relics":[{"not_picked":["infinitespire:Cupcake","aspiration:RitualDagger"],"picked":"Philosopher\u0027s Stone"}],"items_purged_floors":[],"is_endless":false,"potions_floor_spawned":[10,11,14,15,16,19,30,32],"killed_by":"WA_ARCHETYPE_CALM","ascension_level":0}}