{"host":"ji1fk25fd1ga4ji1","time":1611219601,"event":{"mods":["2.2 Compatiblity","BaseMod","Colored Map","DeckTracker","Minty Spire (QoL Compilation)","Permanent Neow","Quick Restart","StSLib","SuperFastMode"],"gold_per_floor":[16,31,51,70,170,170,196,44,44,54,54,69,69,88,88,187,187,203,203,28,39,39,39,70,70,70,99,114,214,89,100,100,202,202,222,172,185,135,155,189,221,252,252,252,252,286,286,286,286,286],"floor_reached":51,"language":"KOR","playtime":971,"items_purged":["Strike_R","Strike_R","Strike_R","Strike_R","Defend_R"],"score":918,"play_id":"761ec2e8-d028-4dd3-96bd-96f315883888","local_time":"20210121180001","is_ascension_mode":true,"campfire_choices":[{"data":"Battle Trance","floor":6.0,"key":"SMITH"},{"data":"1","floor":11.0,"key":"LIFT"},{"data":"2","floor":13.0,"key":"LIFT"},{"data":"Limit Break","floor":15.0,"key":"SMITH"},{"data":"3","floor":23.0,"key":"LIFT"},{"data":"Limit Break","floor":25.0,"key":"SMITH"},{"data":"Limit Break","floor":32.0,"key":"SMITH"},{"data":"Heavy Blade","floor":44,"key":"SMITH"},{"data":"Defend_R","floor":47,"key":"PURGE"},{"data":"Defend_R","floor":49,"key":"PURGE"}],"circlet_count":0,"master_deck":["Bash","Disarm","Limit Break+1","Battle Trance+1","Shrug It Off","Flex","Fire Breathing","Reaper","Offering","Twin Strike+1","Limit Break+1","Limit Break+1","Berserk","Heavy Blade+1"],"relics":["Burning Blood","Lizard Tail","Girya","Black Star","Gambling Chip","WingedGreaves","TungstenRod","Smiling Mask","Omamori","Bird Faced Urn","Singing Bowl","Cursed Key","Unceasing Top","The Courier","Champion Belt","Incense Burner","Magic Flower","Bottled Flame","Turnip","Peace Pipe","Lantern"],"acts_visited":["Exordium","TheCity","TheBeyond"],"potions_floor_usage":[],"damage_taken":[{"damage":12.0,"enemies":"Small Slimes","floor":1.0,"turns":4.0},{"damage":6.0,"enemies":"Cultist","floor":2.0,"turns":3.0},{"damage":1.0,"enemies":"2 Louse","floor":3.0,"turns":3.0},{"damage":7.0,"enemies":"Looter","floor":4.0,"turns":3.0},{"damage":38.0,"enemies":"Lagavulin","floor":7.0,"turns":9.0},{"damage":3.0,"enemies":"Large Slime","floor":10.0,"turns":7.0},{"damage":7.0,"enemies":"Blue Slaver","floor":12.0,"turns":4.0},{"damage":0.0,"enemies":"3 Louse","floor":14.0,"turns":3.0},{"damage":31.0,"enemies":"Slime Boss","floor":16.0,"turns":7.0},{"damage":29.0,"enemies":"Chosen","floor":18.0,"turns":6.0},{"damage":28.0,"enemies":"Spheric Guardian","floor":21.0,"turns":4.0},{"damage":16.0,"enemies":"Book of Stabbing","floor":24.0,"turns":5.0},{"damage":24.0,"enemies":"Gremlin Leader","floor":27.0,"turns":4.0},{"damage":5.0,"enemies":"Snake Plant","floor":28.0,"turns":2.0},{"damage":38.0,"enemies":"Colosseum Slavers","floor":29.0,"turns":5.0},{"damage":39.0,"enemies":"Colosseum Nobs","floor":29.0,"turns":4.0},{"damage":27.0,"enemies":"3 Cultists","floor":31.0,"turns":4.0},{"damage":56.0,"enemies":"Champ","floor":33.0,"turns":6.0},{"damage":29.0,"enemies":"3 Shapes","floor":35.0,"turns":3.0},{"damage":9.0,"enemies":"Orb Walker","floor":37.0,"turns":3.0},{"damage":20.0,"enemies":"3 Darklings","floor":39.0,"turns":2.0},{"damage":33.0,"enemies":"Nemesis","floor":40.0,"turns":3.0},{"damage":12.0,"enemies":"Reptomancer","floor":41.0,"turns":3.0},{"damage":5.0,"enemies":"Giant Head","floor":42.0,"turns":3.0},{"damage":29,"enemies":"Reptomancer","floor":46,"turns":2},{"damage":41,"enemies":"Donu and Deca","floor":50,"turns":3}],"seed_played":"-2455503711478381072","potions_obtained":[{"floor":1.0,"key":"Weak Potion"},{"floor":2.0,"key":"EssenceOfSteel"},{"floor":7.0,"key":"SpeedPotion"},{"floor":18.0,"key":"Ancient Potion"},{"floor":24.0,"key":"Weak Potion"},{"floor":28.0,"key":"HeartOfIron"},{"floor":33.0,"key":"BloodPotion"}],"is_trial":false,"path_per_floor":["M","M","M","M","?","R","E","$","T","M","R","M","R","M","R","B",null,"M","?","$","M","?","R","E","R","T","E","M","?","$","M","R","B",null,"M","$","M","$","M","E","E","E","T","R","?","E","R","?","R","B",null],"character_chosen":"IRONCLAD","items_purchased":["Fire Breathing","Evolve","Limit Break"],"campfire_rested":0,"item_purchase_floors":[8,20,30],"current_hp_per_floor":[74,74,79,78,78,78,46,46,46,49,49,48,48,54,54,57,80,57,80,80,65,65,65,55,55,55,67,68,82,82,84,84,84,84,86,86,86,86,88,67,91,94,94,94,96,98,98,98,98,98],"gold":286,"neow_bonus":"TRANSFORM_TWO_CARDS","is_daily":false,"chose_seed":false,"campfire_upgraded":5,"win_rate":0.0,"timestamp":1611219601,"path_taken":["M","M","M","M","?","R","E","$","T","M","R","M","R","?","R","BOSS","M","?","$","M","?","R","E","R","T","E","M","?","$","M","R","BOSS","M","$","M","$","M","E","E","E","T","R","?","E","R","?","R","BOSS"],"items_purchased_type":["Card","Card","Card"],"build_version":"2020-12-22","purchased_purges":5,"victory":true,"max_hp_per_floor":[80,80,80,80,80,80,80,80,80,80,80,80,80,80,80,80,80,80,80,80,80,80,80,80,80,80,80,80,82,82,84,84,84,84,86,86,86,86,88,90,92,94,94,94,96,98,98,98,98,98],"card_choices":[{"not_picked":["Clash","Sword Boomerang"],"picked":"Battle Trance","floor":1.0},{"not_picked":["Blood for Blood","Clash"],"picked":"Shrug It Off","floor":2.0},{"not_picked":["Anger","Armaments","True Grit"],"picked":"SKIP","floor":3.0},{"not_picked":["Corruption","Shrug It Off","Battle Trance"],"picked":"SKIP","floor":4.0},{"not_picked":["Armaments","Uppercut"],"picked":"Flex","floor":7.0},{"not_picked":["Iron Wave","Pommel Strike","Havoc"],"picked":"SKIP","floor":10.0},{"not_picked":["Thunderclap","Anger","Metallicize"],"picked":"SKIP","floor":12.0},{"not_picked":["Entrench","Fire Breathing"],"picked":"Reaper","floor":14.0},{"not_picked":["Immolate","Exhume"],"picked":"Offering","floor":16.0},{"not_picked":["Anger","Headbutt+1","True Grit"],"picked":"SKIP","floor":18.0},{"not_picked":["Twin Strike+1","Second Wind","Perfected Strike"],"picked":"SKIP","floor":21.0},{"not_picked":["Second Wind","Perfected Strike"],"picked":"Twin Strike+1","floor":21.0},{"not_picked":["Rage","Wild Strike+1"],"picked":"Limit Break","floor":24.0},{"not_picked":["Shrug It Off","Metallicize","Twin Strike"],"picked":"SKIP","floor":27.0},{"not_picked":["True Grit","Twin Strike+1","Perfected Strike"],"picked":"SKIP","floor":28.0},{"not_picked":["Iron Wave","Thunderclap","Anger+1"],"picked":"Singing Bowl","floor":29.0},{"not_picked":["Headbutt+1","Combust","Perfected Strike"],"picked":"Singing Bowl","floor":31.0},{"not_picked":["Feed","Double Tap"],"picked":"Berserk","floor":33.0},{"not_picked":["Cleave+1","Hemokinesis","Thunderclap"],"picked":"Singing Bowl","floor":35.0},{"not_picked":["Cleave+1","Barricade"],"picked":"Heavy Blade","floor":37.0},{"not_picked":["Sword Boomerang","Pummel","Fire Breathing+1"],"picked":"Singing Bowl","floor":39.0},{"not_picked":["Clothesline+1","Havoc","True Grit+1"],"picked":"Singing Bowl","floor":40.0},{"not_picked":["True Grit+1","Thunderclap","Perfected Strike"],"picked":"Singing Bowl","floor":41.0},{"not_picked":["Dark Embrace","True Grit","Cleave+1"],"picked":"Singing Bowl","floor":42},{"not_picked":["Mayhem","Finesse","Panacea"],"picked":"Singing Bowl","floor":45},{"not_picked":["Havoc+1","Searing Blow+1","Rupture"],"picked":"Singing Bowl","floor":46}],"player_experience":473032,"relics_obtained":[{"floor":7.0,"key":"Lizard Tail"},{"floor":9.0,"key":"Girya"},{"floor":24.0,"key":"Gambling Chip"},{"floor":24.0,"key":"WingedGreaves"},{"floor":26.0,"key":"TungstenRod"},{"floor":27.0,"key":"Smiling Mask"},{"floor":27.0,"key":"Omamori"},{"floor":29.0,"key":"Bird Faced Urn"},{"floor":29.0,"key":"Singing Bowl"},{"floor":40.0,"key":"Unceasing Top"},{"floor":40.0,"key":"The Courier"},{"floor":41.0,"key":"Champion Belt"},{"floor":41.0,"key":"Incense Burner"},{"floor":42,"key":"Magic Flower"},{"floor":42,"key":"Bottled Flame"},{"floor":43,"key":"Turnip"},{"floor":46,"key":"Peace Pipe"},{"floor":46,"key":"Lantern"}],"event_choices":[{"damage_healed":0.0,"max_hp_gain":0.0,"max_hp_loss":0.0,"gold_gain":100.0,"event_name":"Golden Shrine","player_choice":"Pray","floor":5.0,"gold_loss":0.0,"damage_taken":0.0},{"damage_healed":26.0,"max_hp_gain":0.0,"max_hp_loss":0.0,"gold_gain":0.0,"event_name":"The Library","player_choice":"Heal","floor":19.0,"gold_loss":0.0,"damage_taken":0.0},{"damage_healed":0.0,"max_hp_gain":0.0,"max_hp_loss":0.0,"gold_gain":0.0,"event_name":"Vampires","player_choice":"Ignored","floor":22.0,"gold_loss":0.0,"damage_taken":0.0},{"damage_healed":0.0,"max_hp_gain":0.0,"max_hp_loss":0.0,"gold_gain":0.0,"event_name":"Colosseum","player_choice":"Fight","floor":29.0,"gold_loss":0.0,"damage_taken":0.0},{"damage_healed":0.0,"max_hp_gain":0.0,"max_hp_loss":0.0,"gold_gain":0.0,"event_name":"Colosseum","player_choice":"Fought Nobs","floor":29.0,"gold_loss":0.0,"damage_taken":0.0},{"damage_healed":0,"gold_gain":0,"player_choice":"Memory 1","damage_taken":0,"max_hp_gain":0,"max_hp_loss":0,"event_name":"SensoryStone","floor":45,"gold_loss":0},{"cards_removed":["Evolve"],"damage_healed":0,"gold_gain":0,"player_choice":"Removed Power","damage_taken":0,"max_hp_gain":0,"max_hp_loss":0,"event_name":"Falling","floor":48,"gold_loss":0}],"is_beta":false,"boss_relics":[{"not_picked":["Tiny House","Calling Bell"],"picked":"Black Star"},{"not_picked":["Astrolabe","Philosopher\u0027s Stone"],"picked":"Cursed Key"}],"items_purged_floors":[8,20,30,36,38],"is_endless":false,"potions_floor_spawned":[1,2,7,18,24,28,33,39,41,42,46],"ascension_level":1}}