{"host":"yfdtuf6ojcxn06xg","time":1611189076,"event":{"mods":["2.2 Compatiblity","AchievementEnabler","BaseMod","Colored Map","Colored Powertips","Curses Come First","Hermit","JesterMod","Jorbs\u0027s Wanderer Trilogy","Minty Spire (QoL Compilation)","Quick Restart","Rare Cards Sparkle","Relic Stats","Replay The Spire","StSLib","The Cursed","The Disciple","The Hierophant","The Jungle","The Marked","The Necromancer","The Servant 0.9.4"],"gold_per_floor":[109,34,50,50,125,125,225,252,252,252,262,262,277,305,305,409,409,423,440,455,455,455],"floor_reached":21,"language":"ENG","playtime":841,"items_purged":["Strike_G"],"score":217,"play_id":"31b7e332-a17c-41c1-9681-be5325f5ebf7","local_time":"20210120193116","is_ascension_mode":true,"campfire_choices":[{"data":"Infinite Blades","floor":6,"key":"SMITH"},{"data":"ReplayTheSpireMod:Speed Training","floor":10,"key":"SMITH"},{"data":"Neutralize","floor":10,"key":"SMITH"},{"floor":12,"key":"REST"},{"floor":15,"key":"REST"}],"circlet_count":0,"master_deck":["Strike_G","Strike_G","Strike_G","Strike_G","Defend_G","Defend_G","Defend_G","Defend_G","Defend_G","Survivor","Neutralize+1","Bandage Up","Infinite Blades+1","ReplayTheSpireMod:Speed Training+1","Accuracy","Choke","Phantasmal Killer","Cloak And Dagger","Endless Agony","Hidden Blade"],"relics":["Ring of the Snake","Strawberry","Replay:Arrowhead","Replay:Mystery Machine","WristBlade"],"acts_visited":["Exordium","TheCity"],"potions_floor_usage":[8,8,13,14,20],"damage_taken":[{"damage":5,"enemies":"Cultist","floor":1,"turns":4},{"damage":0,"enemies":"Jaw Worm","floor":3,"turns":5},{"damage":35,"enemies":"Gremlin Nob","floor":8,"turns":5},{"damage":0,"enemies":"Small Slimes","floor":11,"turns":4},{"damage":16,"enemies":"Gremlin Gang","floor":13,"turns":6},{"damage":25,"enemies":"3 Sentries","floor":14,"turns":9},{"damage":19,"enemies":"The Guardian","floor":16,"turns":14},{"damage":23,"enemies":"Spheric Guardian","floor":18,"turns":4},{"damage":24,"enemies":"2 Thieves","floor":19,"turns":4},{"damage":30,"enemies":"Snake Plant","floor":20,"turns":4},{"damage":27,"enemies":"Centurion and Healer","floor":21,"turns":2}],"seed_played":"-7392851265497254036","potions_obtained":[{"floor":1,"key":"Dexterity Potion"},{"floor":3,"key":"Explosive Potion"},{"floor":8,"key":"Weak Potion"},{"floor":13,"key":"Dexterity Potion"},{"floor":19,"key":"BlessingOfTheForge"}],"is_trial":false,"path_per_floor":["M","$","M","?","?","R","?","E","T","R","M","R","M","E","R","B",null,"M","M","M","M"],"character_chosen":"THE_SILENT","items_purchased":[],"campfire_rested":2,"item_purchase_floors":[],"current_hp_per_floor":[65,65,69,74,63,63,63,35,35,35,39,63,51,30,54,39,82,59,39,15,0,0],"gold":455,"neow_bonus":"RANDOM_COLORLESS","is_daily":false,"chose_seed":false,"campfire_upgraded":3,"win_rate":0.0,"timestamp":1611189076,"path_taken":["M","$","?","?","?","R","?","E","T","R","M","R","?","E","R","BOSS","M","?","M","?"],"items_purchased_type":[],"build_version":"2020-12-22","purchased_purges":1,"victory":false,"max_hp_per_floor":[70,70,70,75,75,75,75,82,82,82,82,82,82,82,82,82,82,82,82,82,82,82],"relic_stats":{"counters":[11,61],"obtain_stats":[{"WristBlade":17,"Strawberry":8,"Replay:Mystery Machine":14,"Replay:Arrowhead":9,"Ring of the Snake":0},{"WristBlade":7,"Strawberry":3,"Replay:Mystery Machine":6,"Replay:Arrowhead":3,"Ring of the Snake":0},{"WristBlade":47,"Strawberry":14,"Replay:Mystery Machine":33,"Replay:Arrowhead":14,"Ring of the Snake":0}],"Ring of the Snake":[22]},"card_choices":[{"not_picked":["Purity","Forethought"],"picked":"Bandage Up","floor":0},{"not_picked":["Poisoned Stab","Riddle With Holes"],"picked":"Infinite Blades","floor":1},{"not_picked":["Dodge and Roll","ReplayTheSpireMod:The Works"],"picked":"ReplayTheSpireMod:Speed Training","floor":3},{"not_picked":["Flying Knee","Sneak Up","Dash"],"picked":"SKIP","floor":8},{"not_picked":["Endless Agony","ReplayTheSpireMod:Shiv Toss"],"picked":"Accuracy","floor":11},{"not_picked":["Sucker Punch","Setup","Noxious Fumes"],"picked":"SKIP","floor":13},{"not_picked":["Dagger Spray","Flying Knee"],"picked":"Choke","floor":14},{"not_picked":["Wraith Form v2","Tools of the Trade"],"picked":"Phantasmal Killer","floor":16},{"not_picked":["Poisoned Stab","Deadly Poison+1"],"picked":"Cloak And Dagger","floor":18},{"not_picked":["Sucker Punch+1","Skewer+1"],"picked":"Endless Agony","floor":19},{"not_picked":["Quick Slash","Dagger Spray"],"picked":"Hidden Blade","floor":20}],"player_experience":210710,"relics_obtained":[{"floor":8,"key":"Strawberry"},{"floor":9,"key":"Replay:Arrowhead"},{"floor":14,"key":"Replay:Mystery Machine"}],"event_choices":[{"damage_healed":0,"gold_gain":0,"player_choice":"Donut","damage_taken":0,"max_hp_gain":5,"max_hp_loss":0,"event_name":"Big Fish","floor":4,"gold_loss":0},{"damage_healed":0,"gold_gain":75,"player_choice":"Gather Gold","damage_taken":11,"max_hp_gain":0,"max_hp_loss":0,"event_name":"World of Goop","floor":5,"gold_loss":0},{"damage_healed":0,"gold_gain":100,"player_choice":"Pray","damage_taken":0,"max_hp_gain":0,"max_hp_loss":0,"event_name":"Golden Shrine","floor":7,"gold_loss":0}],"is_beta":false,"boss_relics":[{"not_picked":["Ectoplasm","Runic Pyramid"],"picked":"WristBlade"}],"items_purged_floors":[2],"is_endless":false,"potions_floor_spawned":[1,3,8,13,19],"killed_by":"Centurion and Healer","ascension_level":3}}