{"host":"l2dnabsh5e0fsksb","time":1611208911,"event":{"mods":["2.2 Compatiblity","BaseMod","Downfall","Minty Spire (QoL Compilation)","Quick Restart","StSLib"],"gold_per_floor":[349,366,386,396,396,396,447,447,465,497,508,208,227,239,250,250,250,250],"floor_reached":16,"language":"ENG","playtime":578,"items_purged":[],"score":138,"play_id":"e04c00bb-89a0-4dd7-8597-82ff1c6ecf9a","local_time":"20210121163151","is_ascension_mode":true,"campfire_choices":[{"floor":1,"key":"RECALL"},{"floor":12,"key":"REST"}],"circlet_count":0,"master_deck":["bronze:Strike","bronze:Strike","bronze:Strike","bronze:Strike","bronze:Defend","bronze:Defend","bronze:Defend","bronze:Defend","bronze:Replicate","bronze:Goto","bronze:BronzeArmor","bronze:Separator","bronze:InfiniteBeams","Regret","bronze:DelayedSlice","bronze:Shell","bronze:OilSpill","bronze:Backtrace","bronze:Constructor","bronze:CutThrough"],"relics":["bronze:BronzeCore","downfall:BrokenWingStatue","Nunchaku","Gambling Chip","downfall:HeartBlessingBlue","downfall:HeartBlessingGreen","downfall:HeartBlessingRed"],"acts_visited":["Exordium"],"potions_floor_usage":[10,10,16,16],"damage_taken":[{"damage":4,"enemies":"Jaw Worm","floor":2,"turns":4},{"damage":11,"enemies":"Small Slimes","floor":3,"turns":3},{"damage":6,"enemies":"Cultist","floor":4,"turns":3},{"damage":3,"enemies":"Large Slime","floor":9,"turns":5},{"damage":22,"enemies":"Lagavulin","floor":10,"turns":5},{"damage":16,"enemies":"Blue Slaver","floor":11,"turns":3},{"damage":14,"enemies":"Exordium Wildlife","floor":13,"turns":3},{"damage":6,"enemies":"2 Fungi Beasts","floor":14,"turns":2},{"damage":9,"enemies":"Blue Slaver","floor":15,"turns":3},{"damage":7,"enemies":"DF_ARCHETYPE_STREAMLINE","floor":16,"turns":3}],"seed_played":"-4610350095951194393","potions_obtained":[{"floor":2,"key":"bronze:BuildAFunctionPotion"},{"floor":4,"key":"hexamod:SoulburnPotion"},{"floor":14,"key":"Swift Potion"},{"floor":15,"key":"Weak Potion"}],"is_trial":false,"path_per_floor":["R","M","M","M","?","?","T","?","M","E","M","R","M","M","M","B"],"character_chosen":"THE_AUTOMATON","items_purchased":[],"campfire_rested":1,"item_purchase_floors":[],"current_hp_per_floor":[63,59,48,42,42,42,42,42,39,17,1,32,18,12,3,0,0,0],"gold":250,"neow_bonus":"TWO_FIFTY_GOLD","is_daily":false,"chose_seed":false,"campfire_upgraded":0,"win_rate":0.0,"timestamp":1611208911,"path_taken":["R","M","M","M","?","?","T","?","?","E","M","R","M","M","M","BOSS"],"items_purchased_type":[],"build_version":"2020-12-22","purchased_purges":0,"victory":false,"max_hp_per_floor":[63,63,63,63,63,63,63,63,63,63,63,73,73,73,73,73,73,73],"card_choices":[{"not_picked":["bronze:DigitalCarnage","bronze:Overload"],"picked":"bronze:BronzeArmor","floor":2},{"not_picked":["bronze:BuggyMess","bronze:Constructor"],"picked":"bronze:Separator","floor":3},{"not_picked":["bronze:Boost","bronze:CloningBeam"],"picked":"bronze:InfiniteBeams","floor":4},{"not_picked":["bronze:Frontload","bronze:OilSpill"],"picked":"bronze:DelayedSlice","floor":9},{"not_picked":["bronze:BugBarrage","bronze:Frontload"],"picked":"bronze:Shell","floor":10},{"not_picked":["bronze:Branch","bronze:Deprecate"],"picked":"bronze:OilSpill","floor":11},{"not_picked":["bronze:Shield","bronze:BitShift"],"picked":"bronze:Backtrace","floor":13},{"not_picked":["bronze:NullPointer","bronze:ItsAFeature"],"picked":"bronze:Constructor","floor":14},{"not_picked":["bronze:ForLoop","bronze:FindAndReplace"],"picked":"bronze:CutThrough","floor":15}],"player_experience":1820623,"relics_obtained":[{"floor":10,"key":"Gambling Chip"}],"event_choices":[{"damage_healed":0,"gold_gain":0,"player_choice":"Fled","damage_taken":0,"max_hp_gain":0,"max_hp_loss":0,"event_name":"Scrap Ooze","floor":6,"gold_loss":0},{"damage_healed":0,"gold_gain":0,"player_choice":"Box","damage_taken":0,"relics_obtained":["Nunchaku"],"max_hp_gain":0,"max_hp_loss":0,"event_name":"Big Fish","floor":8,"gold_loss":0,"cards_obtained":["Regret"]}],"is_beta":false,"boss_relics":[],"items_purged_floors":[],"is_endless":false,"potions_floor_spawned":[2,4,14,15],"killed_by":"DF_ARCHETYPE_STREAMLINE","ascension_level":6}}