{"host":"ci7ivtocgfxh0ueo","time":1611238594,"event":{"mods":["BaseMod","GifTheSpireLib","Minty Spire (QoL Compilation)","StSLib"],"gold_per_floor":[117,117,135,135,135,168,168,201,228,247,258,272,422,422,422,499,499,509,121,140,140,140,140,160,160,239,289,321,321,321,54,54,54,54],"floor_reached":33,"language":"ZHT","playtime":790,"items_purged":["Doubt","Writhe"],"score":562,"play_id":"8462c7b6-6964-4400-987d-7b76c6724b00","local_time":"20210121221634","is_ascension_mode":true,"campfire_choices":[{"data":"Pummel","floor":7,"key":"SMITH"},{"floor":15,"key":"REST"},{"floor":23,"key":"REST"},{"floor":25,"key":"REST"},{"data":"Armaments","floor":29,"key":"SMITH"},{"data":"Infernal Blade","floor":32,"key":"SMITH"}],"circlet_count":0,"master_deck":["AscendersBane","Strike_R","Strike_R","Defend_R","Defend_R","Defend_R","Bash","Feel No Pain+1","Limit Break","Iron Wave+1","Pummel+1","Bludgeon","Spot Weakness","Infernal Blade+1","Juggernaut","CurseOfTheBell","Flex+1","Armaments+1","Rage","Offering","Offering","Disarm","Feel No Pain","Offering"],"relics":["Burning Blood","NeowsBlessing","Anchor","Centennial Puzzle","Happy Flower","Calling Bell","Vajra","StrikeDummy","Ice Cream","Regal Pillow","Pantograph","MealTicket","PreservedInsect","DollysMirror"],"acts_visited":["Exordium","TheCity"],"potions_floor_usage":[8,8,16,20,33],"damage_taken":[{"damage":0,"enemies":"2 Louse","floor":1,"turns":1},{"damage":0,"enemies":"Cultist","floor":3,"turns":1},{"damage":0,"enemies":"3 Sentries","floor":6,"turns":2},{"damage":22,"enemies":"Lagavulin","floor":8,"turns":7},{"damage":0,"enemies":"Small Slimes","floor":10,"turns":3},{"damage":1,"enemies":"3 Louse","floor":11,"turns":3},{"damage":15,"enemies":"Exordium Thugs","floor":12,"turns":4},{"damage":58,"enemies":"Hexaghost","floor":16,"turns":10},{"damage":31,"enemies":"3 Byrds","floor":18,"turns":6},{"damage":18,"enemies":"Shell Parasite","floor":20,"turns":4},{"damage":8,"enemies":"Snake Plant","floor":24,"turns":3},{"damage":24,"enemies":"Gremlin Leader","floor":28,"turns":6},{"damage":80,"enemies":"Collector","floor":33,"turns":8}],"seed_played":"-6292871435717468715","potions_obtained":[{"floor":1,"key":"Strength Potion"},{"floor":3,"key":"ColorlessPotion"},{"floor":8,"key":"Dexterity Potion"},{"floor":18,"key":"Fire Potion"},{"floor":24,"key":"Strength Potion"}],"is_trial":false,"path_per_floor":["M","?","M","?","?","E","R","E","T","M","M","M","?","?","R","B",null,"M","$","M","?","?","R","M","R","T","?","E","R","?","$","R","B"],"character_chosen":"IRONCLAD","items_purchased":["Armaments","Regal Pillow","Ancient Potion","DollysMirror"],"campfire_rested":3,"item_purchase_floors":[19,19,19,31],"current_hp_per_floor":[74,74,75,75,75,75,75,59,59,65,70,61,61,38,60,8,58,33,33,21,21,21,58,56,75,75,75,57,57,57,72,72,0,0],"gold":54,"neow_bonus":"THREE_ENEMY_KILL","is_daily":false,"chose_seed":false,"campfire_upgraded":3,"win_rate":0.0,"timestamp":1611238594,"path_taken":["M","?","?","?","?","E","R","E","T","M","M","?","?","?","R","BOSS","M","$","M","?","?","R","?","R","T","?","E","R","?","$","R","BOSS"],"items_purchased_type":["Card","Relic","Potion","Relic"],"build_version":"2020-12-22","purchased_purges":2,"victory":false,"max_hp_per_floor":[75,75,75,75,75,75,75,75,75,75,75,75,75,75,75,75,75,75,75,75,75,75,75,75,75,75,75,75,75,75,75,75,75,75],"card_choices":[{"not_picked":["Warcry","Dual Wield"],"picked":"Feel No Pain","floor":1},{"not_picked":["Clash","Reckless Charge"],"picked":"Iron Wave","floor":3},{"not_picked":["Entrench","Iron Wave"],"picked":"Pummel","floor":6},{"not_picked":["Bloodletting","Metallicize"],"picked":"Bludgeon","floor":8},{"not_picked":["Dual Wield","Warcry","Sword Boomerang"],"picked":"SKIP","floor":10},{"not_picked":["Shrug It Off","Twin Strike"],"picked":"Spot Weakness","floor":11},{"not_picked":["Metallicize","Warcry"],"picked":"Infernal Blade","floor":12},{"not_picked":["Barricade","Double Tap"],"picked":"Juggernaut","floor":16},{"not_picked":["Second Wind","Anger"],"picked":"Flex+1","floor":18},{"not_picked":["Cleave","Searing Blow","True Grit"],"picked":"SKIP","floor":20},{"not_picked":["Body Slam","Havoc"],"picked":"Disarm","floor":24},{"not_picked":["Armaments","Body Slam"],"picked":"Feel No Pain","floor":28}],"player_experience":1342252,"relics_obtained":[{"floor":6,"key":"Anchor"},{"floor":8,"key":"Centennial Puzzle"},{"floor":9,"key":"Happy Flower"},{"floor":17,"key":"Vajra"},{"floor":17,"key":"StrikeDummy"},{"floor":17,"key":"Ice Cream"},{"floor":26,"key":"Pantograph"},{"floor":28,"key":"MealTicket"}],"event_choices":[{"damage_healed":0,"gold_gain":0,"cards_transformed":["Strike_R"],"player_choice":"Transformed","damage_taken":0,"max_hp_gain":0,"max_hp_loss":0,"event_name":"Transmorgrifier","floor":2,"gold_loss":0,"cards_obtained":["Limit Break"]},{"damage_healed":0,"gold_gain":0,"player_choice":"Ignored","damage_taken":0,"max_hp_gain":0,"max_hp_loss":0,"event_name":"Golden Wing","floor":4,"gold_loss":0},{"cards_removed":["Defend_R"],"damage_healed":0,"gold_gain":0,"player_choice":"Card Removal","damage_taken":0,"max_hp_gain":0,"max_hp_loss":0,"event_name":"Wheel of Change","floor":5,"gold_loss":0},{"damage_healed":0,"gold_gain":150,"player_choice":"AGREE","damage_taken":0,"max_hp_gain":0,"max_hp_loss":0,"event_name":"Liars Game","floor":13,"gold_loss":0,"cards_obtained":["Doubt"]},{"damage_healed":0,"gold_gain":0,"player_choice":"Entered Light","damage_taken":23,"max_hp_gain":0,"max_hp_loss":0,"event_name":"Shining Light","floor":14,"gold_loss":0,"cards_upgraded":["Feel No Pain","Iron Wave"]},{"damage_healed":0,"gold_gain":0,"cards_transformed":["Strike_R","Strike_R"],"player_choice":"Became Test Subject","damage_taken":0,"max_hp_gain":0,"max_hp_loss":0,"event_name":"Drug Dealer","floor":21,"gold_loss":0,"cards_obtained":["Rage","Offering"]},{"damage_healed":0,"gold_gain":0,"player_choice":"Copied","damage_taken":0,"max_hp_gain":0,"max_hp_loss":0,"event_name":"Duplicator","floor":22,"gold_loss":0,"cards_obtained":["Offering"]},{"damage_healed":0,"gold_gain":50,"player_choice":"Stole From Cult","damage_taken":0,"max_hp_gain":0,"max_hp_loss":0,"event_name":"Nest","floor":27,"gold_loss":0},{"damage_healed":0,"gold_gain":0,"player_choice":"Opened","damage_taken":0,"relics_obtained":["PreservedInsect"],"max_hp_gain":0,"max_hp_loss":0,"event_name":"The Mausoleum","floor":30,"gold_loss":0,"cards_obtained":["Writhe"]}],"is_beta":false,"boss_relics":[{"not_picked":["Philosopher\u0027s Stone","Pandora\u0027s Box"],"picked":"Calling Bell"}],"items_purged_floors":[19,31],"is_endless":false,"potions_floor_spawned":[1,3,8,18,24],"killed_by":"Collector","ascension_level":18}}