{"host":"4nqeo0vu1vuav7gg","time":1611247674,"event":{"mods":["AchievementEnabler","BaseMod","Block Reminder","Colored Map","Colored Powertips","Highlight Path","Minty Spire (QoL Compilation)","Quick Restart","Rare Cards Sparkle","Relic Relevance Reorder","StSLib"],"gold_per_floor":[117,117,117,17,17,28,55,75,75,88,88,102,102,102],"floor_reached":13,"language":"ENG","playtime":405,"items_purged":["Decay"],"score":166,"play_id":"bcf2ad00-d606-4fde-8759-3499b6cb3c8b","local_time":"20210121174754","is_ascension_mode":true,"campfire_choices":[],"circlet_count":0,"master_deck":["AscendersBane","Strike_B+1","Strike_B","Strike_B","Strike_B","Defend_B","Defend_B","Defend_B","Defend_B","Zap","Dualcast+1","Defragment","Go for the Eyes","Fission+1","Ball Lightning","Conserve Battery","White Noise","Self Repair+1","Glacier"],"relics":["Cracked Core","Mercury Hourglass","Thread and Needle","DataDisk","Frozen Egg 2"],"acts_visited":["Exordium"],"potions_floor_usage":[7,12,13],"damage_taken":[{"damage":0,"enemies":"Jaw Worm","floor":1,"turns":4},{"damage":3,"enemies":"Small Slimes","floor":6,"turns":3},{"damage":27,"enemies":"3 Sentries","floor":7,"turns":9},{"damage":0,"enemies":"2 Louse","floor":8,"turns":3},{"damage":2,"enemies":"Red Slaver","floor":10,"turns":3},{"damage":2,"enemies":"Looter","floor":12,"turns":2},{"damage":8,"enemies":"Gremlin Nob","floor":13,"turns":2}],"seed_played":"257695237531777075","potions_obtained":[{"floor":1,"key":"SkillPotion"},{"floor":10,"key":"AttackPotion"},{"floor":12,"key":"FocusPotion"}],"is_trial":false,"path_per_floor":["M","?","?","$","?","M","E","M","T","M","?","M","E"],"character_chosen":"DEFECT","items_purchased":["Go for the Eyes"],"campfire_rested":0,"item_purchase_floors":[4],"current_hp_per_floor":[64,59,38,38,38,35,8,8,8,6,6,4,0,0],"gold":102,"neow_bonus":"ONE_RARE_RELIC","is_daily":false,"chose_seed":false,"campfire_upgraded":0,"win_rate":0.0,"timestamp":1611247674,"path_taken":["M","?","?","$","?","M","E","?","T","M","?","?","E"],"items_purchased_type":["Card"],"build_version":"2020-12-22","purchased_purges":1,"victory":false,"max_hp_per_floor":[71,71,71,71,71,71,71,71,71,71,71,71,71,71],"card_choices":[{"not_picked":["Compile Driver","Beam Cell"],"picked":"Defragment","floor":1},{"not_picked":["Rebound","Barrage"],"picked":"Ball Lightning","floor":6},{"not_picked":["White Noise","BootSequence"],"picked":"Conserve Battery","floor":7},{"not_picked":["Rebound","Stack"],"picked":"White Noise","floor":8},{"not_picked":["Sweeping Beam","Beam Cell"],"picked":"Self Repair+1","floor":10},{"not_picked":["Reprogram","Coolheaded"],"picked":"Glacier","floor":12}],"player_experience":1064445,"relics_obtained":[{"floor":7,"key":"DataDisk"},{"floor":9,"key":"Mercury Hourglass"}],"event_choices":[{"damage_healed":0,"gold_gain":0,"player_choice":"Success","damage_taken":5,"relics_obtained":["Frozen Egg 2"],"max_hp_gain":0,"max_hp_loss":0,"event_name":"Scrap Ooze","floor":2,"gold_loss":0},{"damage_healed":0,"gold_gain":0,"player_choice":"Entered Light","damage_taken":21,"max_hp_gain":0,"max_hp_loss":0,"event_name":"Shining Light","floor":3,"gold_loss":0,"cards_upgraded":["Dualcast","Strike_B"]},{"damage_healed":0,"gold_gain":0,"player_choice":"1 cards matched","damage_taken":0,"max_hp_gain":0,"max_hp_loss":0,"event_name":"Match and Keep!","floor":5,"gold_loss":0,"cards_obtained":["Fission"]},{"damage_healed":0,"gold_gain":0,"player_choice":"Upgraded","damage_taken":0,"max_hp_gain":0,"max_hp_loss":0,"event_name":"Upgrade Shrine","floor":11,"gold_loss":0,"cards_upgraded":["Fission"]}],"is_beta":false,"boss_relics":[],"items_purged_floors":[4],"is_endless":false,"potions_floor_spawned":[1,10,12],"killed_by":"Gremlin Nob","ascension_level":19}}