{"host":"axuns55dzq466eei","time":1611241139,"event":{"mods":["BaseMod","Colored Map","Keyboard Shortcuts","Minty Spire (QoL Compilation)","StSLib","SuperFastMode"],"gold_per_floor":[110,124,134,33,47,74,74,102,102,113,113,125,144,144,144,144,144],"floor_reached":16,"language":"KOR","playtime":278,"items_purged":["Strike_B"],"score":228,"play_id":"3d5f48d0-6c12-4a89-b5fd-1aa619dc6e7e","local_time":"20210121235859","is_ascension_mode":true,"campfire_choices":[{"floor":11,"key":"REST"},{"data":"Beam Cell","floor":15,"key":"SMITH"}],"circlet_count":0,"master_deck":["AscendersBane","Strike_B","Strike_B","Defend_B","Defend_B","Defend_B","Defend_B","Zap","Dualcast","Cold Snap","Streamline","Ball Lightning","Beam Cell+1","Electrodynamics","Self Repair"],"relics":["Cracked Core","Question Card","Pen Nib","Gremlin Horn"],"acts_visited":["Exordium"],"potions_floor_usage":[16],"damage_taken":[{"damage":7,"enemies":"Jaw Worm","floor":1,"turns":3},{"damage":1,"enemies":"2 Louse","floor":2,"turns":2},{"damage":2,"enemies":"Small Slimes","floor":3,"turns":3},{"damage":2,"enemies":"2 Fungi Beasts","floor":5,"turns":3},{"damage":29,"enemies":"3 Sentries","floor":6,"turns":7},{"damage":30,"enemies":"Lagavulin","floor":8,"turns":6},{"damage":2,"enemies":"Blue Slaver","floor":10,"turns":3},{"damage":13,"enemies":"Large Slime","floor":12,"turns":3},{"damage":21,"enemies":"Exordium Wildlife","floor":13,"turns":3},{"damage":20,"enemies":"Hexaghost","floor":16,"turns":7}],"seed_played":"2601519886270956299","potions_obtained":[{"floor":1,"key":"FearPotion"},{"floor":6,"key":"PotionOfCapacity"},{"floor":8,"key":"LiquidMemories"}],"is_trial":false,"path_per_floor":["M","M","M","$","M","E","?","E","T","M","R","M","M","?","R","B"],"character_chosen":"DEFECT","items_purchased":["Ball Lightning"],"campfire_rested":1,"item_purchase_floors":[4],"current_hp_per_floor":[57,56,54,54,52,23,46,16,16,14,35,29,15,15,15,0,0],"gold":144,"neow_bonus":"TRANSFORM_CARD","is_daily":false,"chose_seed":false,"campfire_upgraded":1,"win_rate":0.0,"timestamp":1611241139,"path_taken":["M","M","M","$","M","E","?","E","T","M","R","M","M","?","R","BOSS"],"items_purchased_type":["Card"],"build_version":"2020-12-22","purchased_purges":1,"victory":false,"max_hp_per_floor":[71,71,71,71,71,71,71,71,71,71,71,71,71,71,71,71,71],"card_choices":[{"not_picked":["Chill","Steam"],"picked":"Streamline","floor":1},{"not_picked":["Leap","Streamline","Stack"],"picked":"SKIP","floor":2},{"not_picked":["Streamline","Barrage","Gash"],"picked":"SKIP","floor":3},{"not_picked":["Gash","Hologram"],"picked":"Beam Cell","floor":5},{"not_picked":["Redo","Genetic Algorithm"],"picked":"Electrodynamics","floor":6},{"not_picked":["Ball Lightning","Streamline","Rip and Tear","BootSequence"],"picked":"SKIP","floor":8},{"not_picked":["Turbo","Compile Driver","Cold Snap"],"picked":"Self Repair","floor":10},{"not_picked":["Sweeping Beam","Genetic Algorithm","Scrape","Force Field"],"picked":"SKIP","floor":12},{"not_picked":["Beam Cell","Go for the Eyes","Multi-Cast","Cold Snap"],"picked":"SKIP","floor":13}],"player_experience":1096919,"relics_obtained":[{"floor":6,"key":"Question Card"},{"floor":8,"key":"Pen Nib"},{"floor":9,"key":"Gremlin Horn"}],"event_choices":[{"damage_healed":23,"gold_gain":0,"player_choice":"Banana","damage_taken":0,"max_hp_gain":0,"max_hp_loss":0,"event_name":"Big Fish","floor":7,"gold_loss":0},{"damage_healed":0,"gold_gain":0,"player_choice":"Ignored","damage_taken":0,"max_hp_gain":0,"max_hp_loss":0,"event_name":"Golden Idol","floor":14,"gold_loss":0}],"is_beta":false,"boss_relics":[],"items_purged_floors":[4],"is_endless":false,"potions_floor_spawned":[1,6,8,12],"killed_by":"Hexaghost","ascension_level":20}}