{"host":"9pqy5lt7vda52ebm","time":1611199976,"event":{"mods":["BaseMod","Downfall","Minty Spire (QoL Compilation)","Optimize The Spire","Quick Restart","StSLib"],"gold_per_floor":[99,113,113,127,147,165,165,181,181,209,221,221,239,81,101,201,201,201,218,218,233,252,283,283,283,283,168,187,172,203,213,228,327,327,227,237,250,269,269,304,304,204,261,314,331,341,341,281,299,299],"floor_reached":51,"language":"ENG","playtime":18716,"items_purged":["hexamod:Strike","hexamod:Strike","hexamod:Defend"],"score":950,"play_id":"6ea3b230-a467-43c4-96f7-c98d65152f01","local_time":"20210120223256","is_ascension_mode":false,"campfire_choices":[{"data":"hexamod:Float","floor":1.0,"key":"SMITH"},{"data":"hexamod:BacktrackSmack","floor":9.0,"key":"SMITH"},{"data":"hexamod:CatchUp","floor":12.0,"key":"SMITH"},{"data":"hexamod:ForkedFlame","floor":18.0,"key":"SMITH"},{"data":"hexamod:ForkedFlame","floor":35,"key":"SMITH"},{"data":"hexamod:FlameSwitch","floor":42,"key":"SMITH"}],"circlet_count":0,"master_deck":["hexamod:Strike","hexamod:Strike+1","hexamod:Defend","hexamod:Defend","hexamod:Defend","hexamod:Float+1","hexamod:BacktrackSmack+1","hexamod:Hexaguard","hexamod:Hexaguard","hexamod:Haunt+1","hexamod:Again+1","hexamod:RetreatToShadows","hexamod:FirstSeal","hexamod:TurnItUp","hexamod:CatchUp+1","hexamod:Haunt","hexamod:Hexaguard+1","hexamod:StepThrough","hexamod:BacktrackSmack","hexamod:TimeWarp","hexamod:Hexaguard","hexamod:RetreatToShadows","hexamod:ForkedFlame+1","hexamod:Again+1","hexamod:EmpoweredFlame","hexamod:GhostOfSpireFuture+1","hexamod:ThirdSeal","hexamod:ThermalTransfer+1","hexamod:RecurringNightmare","hexamod:TimeWarp","hexamod:RetreatToShadows","hexamod:Hexaguard","hexamod:RecurringNightmare","hexamod:GhostOfSpireFuture+1","hexamod:Hexaguard","hexamod:NightmareGuise+1","hexamod:EtherealExpedition+1","hexamod:ForkedFlame+1","hexamod:RetreatToShadows+1","hexamod:FlameSwitch+1","hexamod:ThirdSeal","hexamod:RetreatToShadows+1","hexamod:RecurringNightmare+1","hexamod:Hexaguard","hexamod:SpectralAdrenaline+1","hexamod:Hexaguard","hexamod:Again+1","hexamod:Rewind+1","hexamod:Haunt","hexamod:EmpoweredFlame+1","hexamod:RetreatToShadows","hexamod:EmpoweredFlame"],"relics":["hexamod:SpiritBrand","Pantograph","Incense Burner","SlaversCollar","Matryoshka","Art of War","Bag of Preparation","Bottled Lightning","Runic Pyramid","downfall:HeartBlessingGreen","Pen Nib","Ancient Tea Set","downfall:HeartBlessingBlue","hexamod:TheBrokenSeal","Happy Flower","Membership Card","HornCleat"],"acts_visited":["Exordium","TheCity","TheBeyond"],"potions_floor_usage":[36,37,50],"damage_taken":[{"damage":0.0,"enemies":"Small Slimes","floor":2.0,"turns":3.0},{"damage":0.0,"enemies":"2 Louse","floor":4.0,"turns":3.0},{"damage":0.0,"enemies":"Cultist","floor":5.0,"turns":3.0},{"damage":0.0,"enemies":"Exordium Wildlife","floor":6.0,"turns":4.0},{"damage":0.0,"enemies":"2 Fungi Beasts","floor":8.0,"turns":3.0},{"damage":12.0,"enemies":"Lagavulin","floor":10.0,"turns":6.0},{"damage":7.0,"enemies":"Red Slaver","floor":11.0,"turns":4.0},{"damage":6.0,"enemies":"Exordium Wildlife","floor":13.0,"turns":3.0},{"damage":5.0,"enemies":"downfall:FleeingMerchant","floor":14.0,"turns":4.0},{"damage":1.0,"enemies":"Blue Slaver","floor":15.0,"turns":3.0},{"damage":39.0,"enemies":"SI_SHIV_ARCHETYPE","floor":16.0,"turns":7.0},{"damage":7.0,"enemies":"Spheric Guardian","floor":19.0,"turns":4.0},{"damage":19.0,"enemies":"Shell Parasite","floor":21.0,"turns":4.0},{"damage":17.0,"enemies":"Cultist and Chosen","floor":22.0,"turns":7.0},{"damage":19.0,"enemies":"Book of Stabbing","floor":23.0,"turns":5.0},{"damage":2.0,"enemies":"downfall:FleeingMerchant","floor":27.0,"turns":4.0},{"damage":7.0,"enemies":"Centurion and Healer","floor":28.0,"turns":5.0},{"damage":6.0,"enemies":"downfall:FleeingMerchant","floor":29.0,"turns":4.0},{"damage":12.0,"enemies":"Slavers","floor":30.0,"turns":4.0},{"damage":3.0,"enemies":"Chosen and Byrds","floor":31.0,"turns":3.0},{"damage":7.0,"enemies":"Sentry and Sphere","floor":32.0,"turns":4.0},{"damage":20.0,"enemies":"WA_ARCHETYPE_CALM","floor":33.0,"turns":9.0},{"damage":12,"enemies":"3 Darklings","floor":36,"turns":4},{"damage":5,"enemies":"Orb Walker","floor":37,"turns":5},{"damage":6,"enemies":"Jaw Worm Horde","floor":38,"turns":10},{"damage":4,"enemies":"Nemesis","floor":40,"turns":1},{"damage":10,"enemies":"Nemesis","floor":43,"turns":3},{"damage":5,"enemies":"4 Shapes","floor":45,"turns":4},{"damage":5,"enemies":"Writhing Mass","floor":46,"turns":5},{"damage":0,"enemies":"downfall:FleeingMerchant","floor":48,"turns":1},{"damage":1,"enemies":"3 Darklings","floor":49,"turns":3},{"damage":9,"enemies":"DF_ARCHETYPE_ORBS","floor":50,"turns":4}],"seed_played":"-1917620435272236604","potions_obtained":[{"floor":4.0,"key":"hexamod:SoulburnPotion"},{"floor":6.0,"key":"Block Potion"},{"floor":13.0,"key":"GamblersBrew"},{"floor":15.0,"key":"DuplicationPotion"},{"floor":22.0,"key":"Swift Potion"},{"floor":23.0,"key":"Ancient Potion"},{"floor":28.0,"key":"Fire Potion"},{"floor":29.0,"key":"Guardian:BlockOnCardUsePotion"},{"floor":32.0,"key":"hexamod:DoubleChargePotion"},{"floor":36,"key":"Strength Potion"},{"floor":36,"key":"Energy Potion"},{"floor":37,"key":"EntropicBrew"}],"is_trial":false,"path_per_floor":["R","M","?","M","M","M","T","M","R","E","M","R","M","$","M","B",null,"R","M","?","M","M","E","T","?","?","$","M","$","E","M","M","B",null,"R","M","M","M","?","E","T","R","?","T","M","M","?","$","M","B",null],"character_chosen":"THE_SPIRIT","items_purchased":["hexamod:TimeWarp","Membership Card","HornCleat","hexamod:RetreatToShadows","hexamod:EmpoweredFlame"],"campfire_rested":0,"item_purchase_floors":[14,48,48,48,48],"current_hp_per_floor":[77,77,70,77,77,77,77,77,77,77,77,77,77,77,77,45,77,77,77,77,72,69,64,64,64,64,69,69,77,77,77,77,57,77,77,72,74,77,77,77,77,87,97,97,92,94,94,94,93,95],"gold":299,"neow_bonus":"TEN_PERCENT_HP_BONUS","is_daily":false,"chose_seed":false,"campfire_upgraded":6,"win_rate":0.0,"timestamp":1611199976,"path_taken":["R","M","?","M","M","M","T","M","R","E","M","R","M","$","M","BOSS","R","M","?","?","M","E","T","?","?","$","M","$","E","M","M","BOSS","R","M","M","M","?","E","T","R","?","?","?","M","?","$","M","BOSS"],"items_purchased_type":["Card","Relic","Relic","Card","Card"],"build_version":"2020-12-22","purchased_purges":3,"victory":true,"max_hp_per_floor":[77,77,77,77,77,77,77,77,77,77,77,77,77,77,77,77,77,77,77,77,77,77,77,77,77,77,77,77,77,77,77,77,77,77,77,77,77,77,77,77,77,87,97,97,97,97,97,97,97,97],"card_choices":[{"not_picked":["hexamod:PhantomFireball","hexamod:HauntingEcho"],"picked":"hexamod:Hexaguard","floor":2.0},{"not_picked":["hexamod:GhostOfSpireFuture","hexamod:AdvancingGuard"],"picked":"hexamod:BacktrackSmack","floor":4.0},{"not_picked":["hexamod:InspiringFlames","hexamod:NightmareGuise"],"picked":"hexamod:Hexaguard","floor":4.0},{"not_picked":["hexamod:InspiringFlames","hexamod:HauntingEcho"],"picked":"hexamod:Hexaguard","floor":5.0},{"not_picked":["hexamod:ShieldOfDarkness","hexamod:ThermalTransfer"],"picked":"hexamod:Haunt","floor":5.0},{"not_picked":["hexamod:SwordOfDarkness","hexamod:DynamicBlow"],"picked":"hexamod:Again","floor":6.0},{"not_picked":["hexamod:TimeOfNeed","hexamod:HeatMetal","hexamod:ThermalTransfer"],"picked":"SKIP","floor":6.0},{"not_picked":["hexamod:TimeOfNeed","hexamod:HeatMetal","hexamod:ThermalTransfer"],"picked":"SKIP","floor":6.0},{"not_picked":["hexamod:GhostShield","hexamod:FastForward"],"picked":"hexamod:RetreatToShadows","floor":8.0},{"not_picked":["hexamod:BurningTouch","hexamod:SpectersWail"],"picked":"hexamod:FirstSeal","floor":8.0},{"not_picked":["hexamod:SwordOfDarkness","hexamod:PhantomCloak"],"picked":"hexamod:TurnItUp","floor":10.0},{"not_picked":["hexamod:DynamicBlow","hexamod:FastForward","hexamod:SpectersWail"],"picked":"SKIP","floor":10.0},{"not_picked":["hexamod:InspiringFlames","hexamod:HeatShield"],"picked":"hexamod:CatchUp","floor":11.0},{"not_picked":["hexamod:Hexaguard","hexamod:HeatCrush"],"picked":"hexamod:Haunt","floor":11.0},{"not_picked":["hexamod:GhostShield","hexamod:BacktrackSmack"],"picked":"hexamod:Hexaguard","floor":13.0},{"not_picked":["hexamod:NightmareGuise","hexamod:ShieldOfDarkness"],"picked":"hexamod:StepThrough","floor":13.0},{"not_picked":["hexamod:HeatMetal","hexamod:SoulSteal"],"picked":"hexamod:BacktrackSmack","floor":14.0},{"not_picked":["hexamod:NightmareStrike","hexamod:DynamicBlow","hexamod:BacktrackSmack"],"picked":"SKIP","floor":14.0},{"not_picked":["hexamod:FastForward","hexamod:BacktrackSmack"],"picked":"hexamod:Hexaguard","floor":15.0},{"not_picked":["hexamod:GhostShield","hexamod:HeatMetal"],"picked":"hexamod:RetreatToShadows","floor":15.0},{"not_picked":["hexamod:FlameSwitch","hexamod:WildfireWeapon"],"picked":"hexamod:ForkedFlame","floor":16.0},{"not_picked":["hexamod:RainOfEmbers","hexamod:ShieldOfDarkness+1"],"picked":"hexamod:Again+1","floor":19.0},{"not_picked":["hexamod:Firestarter+1","hexamod:HeatMetal","hexamod:FastForward"],"picked":"SKIP","floor":19.0},{"not_picked":["hexamod:Firestarter+1","hexamod:HeatMetal","hexamod:FastForward"],"picked":"SKIP","floor":19.0},{"not_picked":["hexamod:HauntingEcho","hexamod:SpectersWail"],"picked":"hexamod:FourthSeal","floor":21.0},{"not_picked":["hexamod:BurningTouch+1","hexamod:NightmareGuise"],"picked":"hexamod:EmpoweredFlame","floor":21.0},{"not_picked":["hexamod:InspiringFlames","hexamod:HauntingEcho"],"picked":"hexamod:GhostOfSpireFuture+1","floor":22.0},{"not_picked":["hexamod:ThermalTransfer","hexamod:BurningTouch","hexamod:HauntingEcho+1"],"picked":"SKIP","floor":22.0},{"not_picked":["hexamod:Firestarter","hexamod:RadiantFlame"],"picked":"hexamod:ThirdSeal","floor":23.0},{"not_picked":["hexamod:ThermalTransfer","hexamod:HexaLevel","hexamod:GhostShield"],"picked":"SKIP","floor":23.0},{"not_picked":["hexamod:ThermalTransfer","hexamod:HexaLevel","hexamod:GhostShield"],"picked":"SKIP","floor":23.0},{"not_picked":["hexamod:EmpoweredFlame","hexamod:Incineration"],"picked":"hexamod:RecurringNightmare","floor":27.0},{"not_picked":["hexamod:BacktrackSmack","hexamod:ShieldOfDarkness"],"picked":"hexamod:TimeWarp","floor":27.0},{"not_picked":["hexamod:AdvancingGuard","hexamod:ShieldOfDarkness+1","hexamod:RadiantFlame"],"picked":"SKIP","floor":27.0},{"not_picked":["hexamod:InspiringFlames","hexamod:ExtraCrispy"],"picked":"hexamod:RetreatToShadows","floor":28.0},{"not_picked":["hexamod:HeatMetal","hexamod:NightmareStrike"],"picked":"hexamod:Hexaguard","floor":28.0},{"not_picked":["hexamod:HauntingEcho+1","hexamod:AdvancingGuard","hexamod:HeatMetal+1"],"picked":"SKIP","floor":28.0},{"not_picked":["hexamod:FirstSeal","hexamod:GhostflameBarrier"],"picked":"hexamod:RecurringNightmare","floor":29.0},{"not_picked":["hexamod:NightmareStrike+1","hexamod:SecondSeal","hexamod:Again"],"picked":"SKIP","floor":29.0},{"not_picked":["hexamod:BurningTouch","hexamod:NightmareStrike","hexamod:GhostLash"],"picked":"SKIP","floor":29.0},{"not_picked":["hexamod:PhantomFireball","hexamod:Firestarter+1"],"picked":"hexamod:GhostOfSpireFuture+1","floor":30.0},{"not_picked":["hexamod:PhantomFireball","hexamod:SoulSteal","hexamod:SearingWound"],"picked":"SKIP","floor":30.0},{"not_picked":["hexamod:AdvancingGuard+1","hexamod:NightmareStrike","hexamod:ExtraCrispy"],"picked":"SKIP","floor":30.0},{"not_picked":["hexamod:SwordOfDarkness","hexamod:GhostShield"],"picked":"hexamod:Hexaguard","floor":31.0},{"not_picked":["hexamod:HeatMetal","hexamod:FourthSeal","hexamod:SoulSteal"],"picked":"SKIP","floor":31.0},{"not_picked":["hexamod:RadiantFlame","hexamod:NightmareGuise","hexamod:SecondSeal"],"picked":"SKIP","floor":31.0},{"not_picked":["hexamod:PhantomFireball","hexamod:InspiringFlames"],"picked":"hexamod:NightmareGuise+1","floor":32.0},{"not_picked":["hexamod:SpectersWail","hexamod:NightmareStrike"],"picked":"hexamod:EtherealExpedition+1","floor":32.0},{"not_picked":["hexamod:BacktrackSmack","hexamod:BurningTouch","hexamod:SoulSteal"],"picked":"SKIP","floor":32.0},{"not_picked":["hexamod:SearingWound","hexamod:VolcanoVisage"],"picked":"hexamod:FifthSeal","floor":33.0},{"not_picked":["hexamod:HexaLevel","hexamod:GhostOfSpirePresent"],"picked":"hexamod:ForkedFlame","floor":33.0},{"not_picked":["hexamod:FirstSeal","hexamod:SecondSeal"],"picked":"hexamod:SixthSeal","floor":36},{"not_picked":["hexamod:SoulSteal","hexamod:NightmareGuise+1"],"picked":"hexamod:RetreatToShadows+1","floor":36},{"not_picked":["hexamod:ChargedBarrage","hexamod:HeatMetal+1"],"picked":"hexamod:FlameSwitch","floor":36},{"not_picked":["hexamod:InspiringFlames","hexamod:FastForward+1","hexamod:ShieldOfDarkness"],"picked":"SKIP","floor":36},{"not_picked":["hexamod:FourthSeal","hexamod:FirstSeal"],"picked":"hexamod:ThirdSeal","floor":37},{"not_picked":["hexamod:HeatCrush+1","hexamod:GhostLash"],"picked":"hexamod:RetreatToShadows+1","floor":37},{"not_picked":["hexamod:ExtraCrispy","hexamod:GhostLash+1","hexamod:Incineration"],"picked":"SKIP","floor":37},{"not_picked":["hexamod:FourthSeal","hexamod:NecessarySacrifice","hexamod:UnleashSpirits"],"picked":"SKIP","floor":37},{"not_picked":["hexamod:HeatShield+1","hexamod:HauntingEcho"],"picked":"hexamod:RecurringNightmare+1","floor":38},{"not_picked":["hexamod:SixthSeal","hexamod:FirstSeal"],"picked":"hexamod:SecondSeal","floor":38},{"not_picked":["hexamod:GhostShield+1","hexamod:ThermalTransfer+1"],"picked":"hexamod:Hexaguard","floor":38},{"not_picked":["hexamod:GhostShield","hexamod:ThermalTransfer+1"],"picked":"hexamod:SpectralAdrenaline+1","floor":38},{"not_picked":["hexamod:GhostLash+1","hexamod:EmpoweredFlame","hexamod:GhostShield"],"picked":"SKIP","floor":38},{"not_picked":["hexamod:PhantomFireball","hexamod:SpectersWail","hexamod:TurnItUp"],"picked":"SKIP","floor":40},{"not_picked":["hexamod:Hexaguard","hexamod:GhostLash","hexamod:NightmareStrike"],"picked":"SKIP","floor":40},{"not_picked":["hexamod:HexaLevel","hexamod:PhantomFireball+1","hexamod:GhostShield+1"],"picked":"SKIP","floor":40},{"not_picked":["hexamod:SecondSeal","hexamod:FirstSeal","hexamod:FourthSeal"],"picked":"SKIP","floor":40},{"not_picked":["hexamod:ExtraCrispy+1","hexamod:SwordOfDarkness+1","hexamod:FourthSeal"],"picked":"SKIP","floor":40},{"not_picked":["hexamod:GhostLash","hexamod:NightmareStrike"],"picked":"hexamod:Hexaguard","floor":40},{"not_picked":["hexamod:PhantomFireball","hexamod:SpectersWail","hexamod:TurnItUp"],"picked":"SKIP","floor":40},{"not_picked":["hexamod:HexaLevel","hexamod:PhantomFireball+1","hexamod:GhostShield+1"],"picked":"SKIP","floor":40},{"not_picked":["hexamod:SecondSeal","hexamod:FirstSeal","hexamod:FourthSeal"],"picked":"SKIP","floor":40},{"not_picked":["hexamod:ExtraCrispy+1","hexamod:SwordOfDarkness+1","hexamod:FourthSeal"],"picked":"SKIP","floor":40},{"not_picked":["hexamod:NightmareStrike+1","hexamod:HeatMetal+1"],"picked":"hexamod:Again+1","floor":43},{"not_picked":["hexamod:FastForward","hexamod:GhostflameBarrier+1"],"picked":"hexamod:Rewind+1","floor":45},{"not_picked":["hexamod:BurningTouch","hexamod:ShieldOfDarkness"],"picked":"hexamod:Haunt","floor":46},{"not_picked":["hexamod:NightmareStrike+1","hexamod:GhostLash+1","hexamod:ExtraCrispy+1"],"picked":"SKIP","floor":46},{"not_picked":["hexamod:GhostLash","hexamod:Firestarter","hexamod:NecessarySacrifice+1"],"picked":"SKIP","floor":46},{"not_picked":["hexamod:ThermalTransfer","hexamod:RadiantFlame+1"],"picked":"hexamod:EmpoweredFlame+1","floor":48},{"not_picked":["hexamod:NecessarySacrifice+1","hexamod:NightmareGuise+1","hexamod:BacktrackSmack+1"],"picked":"SKIP","floor":48},{"not_picked":["hexamod:BacktrackSmack","hexamod:HauntingEcho+1","hexamod:HexaLevel"],"picked":"SKIP","floor":49},{"not_picked":["hexamod:FastForward","hexamod:FirstSeal","hexamod:NecessarySacrifice+1"],"picked":"SKIP","floor":49},{"not_picked":["hexamod:HauntingEcho","hexamod:BacktrackSmack+1","hexamod:NightmareStrike+1"],"picked":"SKIP","floor":49}],"player_experience":317244,"relics_obtained":[{"floor":7.0,"key":"Pantograph"},{"floor":10.0,"key":"Incense Burner"},{"floor":23.0,"key":"Matryoshka"},{"floor":24.0,"key":"Art of War"},{"floor":24.0,"key":"Bag of Preparation"},{"floor":30.0,"key":"Bottled Lightning"},{"floor":40,"key":"Pen Nib"},{"floor":41,"key":"Ancient Tea Set"},{"floor":44,"key":"Happy Flower"}],"event_choices":[{"damage_healed":0,"gold_gain":0,"player_choice":"Ignored","damage_taken":0,"max_hp_gain":0,"max_hp_loss":0,"event_name":"Mysterious Sphere","floor":47,"gold_loss":0}],"is_beta":false,"boss_relics":[{"not_picked":["Runic Dome","Busted Crown"],"picked":"SlaversCollar"},{"not_picked":["Coffee Dripper","Calling Bell"],"picked":"Runic Pyramid"}],"items_purged_floors":[14,27,48],"is_endless":false,"potions_floor_spawned":[4,6,13,15,21,22,30,31,36,45,49],"ascension_level":0}}