{"host":"6e4d2nejd5141r00","time":1611238718,"event":{"mods":["Act Like it!","BaseMod","Better Synergies","Better Third Choice","BetterRewards","CapriCore","Colored Map","Colored Powertips","Elementarium","Evolution","GifTheSpireLib","Infinite Spire","Minty Spire (QoL Compilation)","Pale of the Ancients","Relic Stats","Replay The Spire","StSLib","Wandering Minibosses"],"gold_per_floor":[112,127,127,127,137,165,165,192,218,218,218,243,259,18,18,114,114,130,130,131,56,68,95,95,114,114,140,148,148],"floor_reached":28,"language":"ENG","playtime":1165,"items_purged":[],"score":266,"play_id":"395df9b2-8bfe-4314-a3cf-0468fa58797b","local_time":"20210121151838","is_ascension_mode":false,"campfire_choices":[{"data":"Neutralize","floor":7.0,"key":"SMITH"},{"data":"Choke","floor":15.0,"key":"SMITH"}],"circlet_count":0,"master_deck":["Strike_G","Strike_G","Strike_G","Strike_G","Strike_G","Defend_G","Defend_G","Defend_G","Defend_G","Defend_G","Survivor","Neutralize+1","Sucker Punch","Dash","Accuracy","Bullet Time","Choke+1","Noxious Fumes","A Thousand Cuts+1","Languid","Survivor","ReplayTheSpireMod:Necrosis","Dark Shackles","infinitespire:NeuralNetwork","Bane","Bouncing Flask+1","Fluid Movement","Fluid Movement","Prepared","Footwork"],"relics":["Ring of the Snake","EVO:Axolotl","NeowsBlessing","Strawberry","Blue Doll","infinitespire:Blanks Blanky","Potion Belt","infinitespire:CheckeredPen","ReplayTheSpireMod:SealedPack","ReplayTheSpireMod:Shallot","Smiling Mask","PreservedInsect","Omamori"],"acts_visited":["Exordium","TheCity"],"potions_floor_usage":[28],"damage_taken":[{"damage":0.0,"enemies":"Jaw Worm","floor":1.0,"turns":1.0},{"damage":0.0,"enemies":"Small Slimes","floor":2.0,"turns":1.0},{"damage":0.0,"enemies":"2 Louse","floor":5.0,"turns":1.0},{"damage":6.0,"enemies":"3 Sentries","floor":6.0,"turns":12.0},{"damage":39.0,"enemies":"Gremlin Nob","floor":8.0,"turns":7.0},{"damage":2.0,"enemies":"Exordium Thugs","floor":13.0,"turns":4.0},{"damage":27.0,"enemies":"Slime Boss","floor":16.0,"turns":10.0},{"damage":7.0,"enemies":"3 Byrds","floor":18.0,"turns":5.0},{"damage":14.0,"enemies":"2 Thieves","floor":20.0,"turns":5.0},{"damage":7.0,"enemies":"Cultist and Chosen","floor":22.0,"turns":6.0},{"damage":14.0,"enemies":"Nightmare","floor":23.0,"turns":8.0},{"damage":1.0,"enemies":"Centurion and Healer","floor":25.0,"turns":7.0},{"damage":23,"enemies":"Gremlin Leader","floor":27,"turns":6},{"damage":16,"enemies":"Snecko","floor":28,"turns":5}],"seed_played":"7259633452391684796","potions_obtained":[{"floor":2.0,"key":"AttackPotion"},{"floor":5.0,"key":"Swift Potion"},{"floor":6.0,"key":"DistilledChaos"},{"floor":13.0,"key":"FearPotion"},{"floor":18.0,"key":"Milkshake"},{"floor":20.0,"key":"Dexterity Potion"},{"floor":27,"key":"LifebloodPotion"}],"is_trial":false,"path_per_floor":["M","M","?","?","M","E","R","E","T","?","?","T","M","$","R","B",null,"M","?","M","?","M","NM","?","M","T","E","M"],"character_chosen":"THE_SILENT","items_purchased":["infinitespire:CheckeredPen"],"campfire_rested":0,"item_purchase_floors":[14],"current_hp_per_floor":[70,70,70,70,70,71,71,32,32,32,57,57,55,55,55,28,77,70,70,56,56,49,35,35,34,34,11,0,0],"gold":148,"neow_bonus":"THREE_ENEMY_KILL","is_daily":false,"chose_seed":false,"campfire_upgraded":2,"win_rate":0.0,"timestamp":1611238718,"path_taken":["M","M","?","?","M","E","R","E","T","?","?","?","M","$","R","BOSS","M","?","M","?","M","NM","?","M","T","E","M"],"items_purchased_type":["Relic"],"build_version":"2020-12-22","purchased_purges":0,"victory":false,"max_hp_per_floor":[70,70,70,70,70,77,77,77,77,77,77,77,77,77,77,77,77,77,77,77,77,77,77,77,77,77,77,77,77],"relic_stats":{"counters":[14,78],"PreservedInsect":57,"Smiling Mask":0,"obtain_stats":[{"Potion Belt":12,"Regal Pillow":9,"NeowsBlessing":0,"Blue Doll":8,"ReplayTheSpireMod:SealedPack":17,"PreservedInsect":26,"Omamori":27,"EVO:Axolotl":0,"infinitespire:Blanks Blanky":10,"infinitespire:CheckeredPen":14,"Smiling Mask":23,"ReplayTheSpireMod:Shallot":19,"Strawberry":6,"Ring of the Snake":0},{"Potion Belt":5,"Regal Pillow":5,"NeowsBlessing":0,"Blue Doll":5,"ReplayTheSpireMod:SealedPack":7,"PreservedInsect":12,"Omamori":13,"EVO:Axolotl":0,"infinitespire:Blanks Blanky":5,"infinitespire:CheckeredPen":6,"Smiling Mask":11,"ReplayTheSpireMod:Shallot":8,"Strawberry":4,"Ring of the Snake":0},{"Potion Belt":22,"Regal Pillow":22,"NeowsBlessing":0,"Blue Doll":22,"ReplayTheSpireMod:SealedPack":36,"PreservedInsect":67,"Omamori":73,"EVO:Axolotl":0,"infinitespire:Blanks Blanky":22,"infinitespire:CheckeredPen":26,"Smiling Mask":60,"ReplayTheSpireMod:Shallot":41,"Strawberry":15,"Ring of the Snake":0}],"Ring of the Snake":[30]},"card_choices":[{"not_picked":["Dagger Spray","Flying Knee"],"picked":"Sucker Punch","floor":1.0},{"not_picked":["Dagger Throw","Bane"],"picked":"Dash","floor":2.0},{"not_picked":["Endless Agony","Dagger Spray"],"picked":"Accuracy","floor":5.0},{"not_picked":["Backflip","Deadly Poison"],"picked":"Bullet Time","floor":6.0},{"not_picked":["Backflip","Sucker Punch"],"picked":"Choke","floor":8.0},{"not_picked":["Well Laid Plans","Outmaneuver"],"picked":"Noxious Fumes","floor":13.0},{"not_picked":["Night Terror","Atom Bomb"],"picked":"A Thousand Cuts","floor":16.0},{"not_picked":["Dualcast","Zap"],"picked":"Survivor","floor":17.0},{"not_picked":["Poison Darts","Unload"],"picked":"ReplayTheSpireMod:Necrosis","floor":17.0},{"not_picked":["Mind Blast","Discovery"],"picked":"Dark Shackles","floor":17.0},{"not_picked":["ReplayTheSpireMod:Echoes of Time","infinitespire:Fortify"],"picked":"infinitespire:NeuralNetwork","floor":17.0},{"not_picked":["Flying Knee","Glass Knife"],"picked":"Bane","floor":18.0},{"not_picked":["Dodge and Roll+1","Deflect"],"picked":"Bouncing Flask+1","floor":20.0},{"not_picked":["Flying Knee","Caltrops"],"picked":"Fluid Movement","floor":22.0},{"not_picked":["ReplayTheSpireMod:Shiv Toss","Calculated Gamble+1"],"picked":"Fluid Movement","floor":23.0},{"not_picked":["Deadly Poison","Sucker Punch"],"picked":"Prepared","floor":25.0},{"not_picked":["Glass Knife","Bouncing Flask"],"picked":"Footwork","floor":27}],"player_experience":80000,"relics_obtained":[{"floor":6.0,"key":"Strawberry"},{"floor":8.0,"key":"Blue Doll"},{"floor":9.0,"key":"Regal Pillow"},{"floor":12.0,"key":"Potion Belt"},{"floor":23.0,"key":"Smiling Mask"},{"floor":26.0,"key":"PreservedInsect"},{"floor":27,"key":"Omamori"}],"event_choices":[{"damage_healed":0.0,"max_hp_gain":0.0,"max_hp_loss":0.0,"gold_gain":0.0,"event_name":"The Cleric","player_choice":"Leave","floor":4.0,"gold_loss":0.0,"damage_taken":0.0},{"damage_healed":25.0,"max_hp_gain":0.0,"max_hp_loss":0.0,"gold_gain":0.0,"event_name":"Big Fish","player_choice":"Banana","floor":11.0,"gold_loss":0.0,"damage_taken":0.0},{"damage_healed":0.0,"max_hp_gain":0.0,"max_hp_loss":0.0,"gold_gain":0.0,"event_name":"The Mausoleum","player_choice":"Opened","floor":19.0,"gold_loss":0.0,"damage_taken":0.0,"relics_obtained":["ReplayTheSpireMod:Shallot"],"cards_obtained":["Writhe"]},{"cards_removed":["Writhe"],"damage_healed":0.0,"max_hp_gain":0.0,"max_hp_loss":0.0,"gold_gain":0.0,"event_name":"Beggar","player_choice":"Gave Gold","floor":21.0,"gold_loss":75.0,"damage_taken":0.0},{"damage_healed":0.0,"max_hp_gain":0.0,"max_hp_loss":0.0,"gold_gain":0.0,"event_name":"Upgrade Shrine","player_choice":"Upgraded","floor":24.0,"gold_loss":0.0,"damage_taken":0.0,"cards_upgraded":["A Thousand Cuts"]}],"is_beta":false,"boss_relics":[{"not_picked":["HoveringKite","SacredBark"],"picked":"ReplayTheSpireMod:SealedPack"}],"items_purged_floors":[],"is_endless":true,"potions_floor_spawned":[2,5,6,13,18,20,27],"killed_by":"Snecko","ascension_level":0}}