{"host":"d9m9v0h6vo0edadb","time":1611233701,"event":{"mods":["BaseMod","Hermit","Keyboard Shortcuts","Minty Spire (QoL Compilation)","StSLib","SuperFastMode","The Cursed"],"gold_per_floor":[109,109,122,122,48,77,96,114,114,114,128,128,148,177,177,177,177],"floor_reached":16,"language":"KOR","playtime":187,"items_purged":[],"score":274,"play_id":"653e0a34-3bf2-4ab0-a5d0-177a5fbb2ba2","local_time":"20210121215501","is_ascension_mode":true,"campfire_choices":[{"data":"Glass Knife","floor":10,"key":"SMITH"},{"data":"Prepared","floor":12,"key":"SMITH"},{"data":"Calculated Gamble","floor":15,"key":"SMITH"}],"circlet_count":0,"master_deck":["AscendersBane","Strike_G","Strike_G","Strike_G","Strike_G","Defend_G","Defend_G","Defend_G","Defend_G","Defend_G","Survivor","Neutralize","Well Laid Plans","Die Die Die","Eviscerate","Glass Knife+1","Calculated Gamble+1","Prepared+1","Blade Dance"],"relics":["Ring of the Snake","NeowsBlessing","Tiny Chest","Singing Bowl","Turnip"],"acts_visited":["Exordium"],"potions_floor_usage":[11,16,16],"damage_taken":[{"damage":0,"enemies":"2 Louse","floor":1,"turns":1},{"damage":0,"enemies":"Cultist","floor":3,"turns":1},{"damage":0,"enemies":"Lagavulin","floor":6,"turns":1},{"damage":0,"enemies":"Small Slimes","floor":7,"turns":2},{"damage":4,"enemies":"Blue Slaver","floor":8,"turns":3},{"damage":8,"enemies":"Exordium Wildlife","floor":11,"turns":4},{"damage":0,"enemies":"2 Fungi Beasts","floor":13,"turns":1},{"damage":30,"enemies":"Gremlin Nob","floor":14,"turns":4},{"damage":16,"enemies":"The Guardian","floor":16,"turns":10}],"seed_played":"446315919422363067","potions_obtained":[{"floor":1,"key":"Dexterity Potion"},{"floor":3,"key":"Dexterity Potion"},{"floor":8,"key":"Explosive Potion"},{"floor":13,"key":"SpeedPotion"}],"is_trial":false,"path_per_floor":["M","?","M","$","$","E","M","M","T","R","M","R","M","E","R","B"],"character_chosen":"THE_SILENT","items_purchased":["Eviscerate"],"campfire_rested":0,"item_purchase_floors":[5],"current_hp_per_floor":[59,59,59,59,59,59,59,55,55,55,47,47,49,19,19,3,3],"gold":177,"neow_bonus":"THREE_ENEMY_KILL","is_daily":false,"chose_seed":false,"campfire_upgraded":3,"win_rate":0.0,"timestamp":1611233701,"path_taken":["M","?","M","?","$","E","M","M","T","R","M","R","M","E","R","BOSS"],"items_purchased_type":["Card"],"build_version":"2020-12-22","purchased_purges":0,"victory":false,"max_hp_per_floor":[66,66,66,66,66,66,66,66,66,66,66,66,68,68,68,68,68],"card_choices":[{"not_picked":["Bane","Deflect"],"picked":"Well Laid Plans","floor":1},{"not_picked":["Sucker Punch","Backflip"],"picked":"Die Die Die","floor":3},{"not_picked":["Flying Knee","Heel Hook"],"picked":"Glass Knife","floor":6},{"not_picked":["Underhanded Strike","Backstab","Quick Slash"],"picked":"SKIP","floor":7},{"not_picked":["Dodge and Roll","Deadly Poison"],"picked":"Calculated Gamble","floor":8},{"not_picked":["Deflect","Flying Knee"],"picked":"Prepared","floor":11},{"not_picked":["Choke","Envenom","Leg Sweep"],"picked":"Singing Bowl","floor":13},{"not_picked":["Flying Knee","Phantasmal Killer"],"picked":"Blade Dance","floor":14}],"player_experience":982842,"relics_obtained":[{"floor":6,"key":"Tiny Chest"},{"floor":9,"key":"Singing Bowl"},{"floor":14,"key":"Turnip"}],"event_choices":[{"cards_removed":["Strike_G"],"damage_healed":0,"gold_gain":0,"player_choice":"Offered Basic","damage_taken":0,"max_hp_gain":0,"max_hp_loss":0,"event_name":"Bonfire Elementals","floor":2,"gold_loss":0}],"is_beta":false,"boss_relics":[],"items_purged_floors":[],"is_endless":false,"potions_floor_spawned":[1,3,7,8,13],"killed_by":"The Guardian","ascension_level":20}}