{"host":"agbyy69nq62afhwx","time":1611253325,"event":{"mods":["BaseMod","Colored Map","DeckTracker","Highlight Path","Keyboard Shortcuts","Minty Spire (QoL Compilation)","Quick Restart","StSLib","SuperFastMode","everything is the same but u backflip on backflip"],"gold_per_floor":[112,112,127,38,52,52,83,83,107,126,51,51,71,100,100,205,205,222,222,122,122,122,122,140,140,165,185,204,204,224,250,250,354,354,370,108,126,174,191,222,292,74,99,111,130,9,41,60,60,60],"floor_reached":51,"language":"KOR","playtime":1830,"items_purged":["Defend_P","Defend_P","Strike_P","Defend_P"],"score":1182,"play_id":"5a89eab5-043e-4796-97e8-64d3e4a8217a","local_time":"20210122032205","is_ascension_mode":true,"campfire_choices":[{"data":"Eruption","floor":6.0,"key":"SMITH"},{"data":"ForeignInfluence","floor":8.0,"key":"SMITH"},{"data":"TalkToTheHand","floor":12.0,"key":"SMITH"},{"floor":15.0,"key":"REST"},{"floor":23.0,"key":"REST"},{"floor":25.0,"key":"RECALL"},{"floor":29.0,"key":"REST"},{"floor":32.0,"key":"REST"},{"floor":49,"key":"REST"}],"circlet_count":0,"master_deck":["Strike_P","Eruption+1","Vigilance","CutThroughFate","Flash of Steel","FollowUp","ForeignInfluence+1","TalkToTheHand+1","InnerPeace","FlurryOfBlows","Blasphemy","Perseverance","WheelKick+1","Scrawl","Adaptation+1","Evaluate+1","SandsOfTime+1","Finesse","WaveOfTheHand+1"],"relics":["PureWater","Orichalcum","Tiny Chest","Omamori","Regal Pillow","Fusion Hammer","Blood Vial","Calipers","Anchor","Bag of Preparation","Empty Cage","Bottled Tornado","CloakClasp","Akabeko","Ornamental Fan","Membership Card","Vajra","StrikeDummy"],"acts_visited":["Exordium","TheCity","TheBeyond"],"potions_floor_usage":[50,50],"damage_taken":[{"damage":0.0,"enemies":"2 Louse","floor":1.0,"turns":1.0},{"damage":0.0,"enemies":"Cultist","floor":3.0,"turns":4.0},{"damage":2.0,"enemies":"Jaw Worm","floor":5.0,"turns":4.0},{"damage":12.0,"enemies":"Lagavulin","floor":7.0,"turns":4.0},{"damage":21.0,"enemies":"Exordium Thugs","floor":10.0,"turns":4.0},{"damage":0.0,"enemies":"Exordium Wildlife","floor":13.0,"turns":2.0},{"damage":16.0,"enemies":"3 Sentries","floor":14.0,"turns":7.0},{"damage":12.0,"enemies":"Slime Boss","floor":16.0,"turns":8.0},{"damage":6.0,"enemies":"Chosen","floor":18.0,"turns":4.0},{"damage":0.0,"enemies":"Shell Parasite","floor":24.0,"turns":1.0},{"damage":21.0,"enemies":"Snake Plant","floor":27.0,"turns":5.0},{"damage":0.0,"enemies":"Centurion and Healer","floor":28.0,"turns":2.0},{"damage":0.0,"enemies":"Snecko","floor":30.0,"turns":4.0},{"damage":1.0,"enemies":"Book of Stabbing","floor":31.0,"turns":3.0},{"damage":51.0,"enemies":"Champ","floor":33.0,"turns":9.0},{"damage":0.0,"enemies":"Orb Walker","floor":35.0,"turns":1.0},{"damage":2.0,"enemies":"3 Darklings","floor":37.0,"turns":3.0},{"damage":8.0,"enemies":"2 Orb Walkers","floor":38.0,"turns":3.0},{"damage":4.0,"enemies":"Sphere and 2 Shapes","floor":39.0,"turns":2.0},{"damage":0.0,"enemies":"Reptomancer","floor":40.0,"turns":4.0},{"damage":0.0,"enemies":"Transient","floor":44.0,"turns":5.0},{"damage":0.0,"enemies":"Jaw Worm Horde","floor":45.0,"turns":1.0},{"damage":0.0,"enemies":"Giant Head","floor":47.0,"turns":5.0},{"damage":0,"enemies":"Spire Growth","floor":48,"turns":3},{"damage":73,"enemies":"Time Eater","floor":50,"turns":11}],"seed_played":"-5414390975163705905","potions_obtained":[{"floor":1.0,"key":"ColorlessPotion"},{"floor":5.0,"key":"StancePotion"},{"floor":16.0,"key":"Explosive Potion"},{"floor":27.0,"key":"AttackPotion"},{"floor":28.0,"key":"LiquidMemories"},{"floor":39.0,"key":"Ancient Potion"},{"floor":44.0,"key":"PowerPotion"}],"is_trial":false,"path_per_floor":["M","?","M","$","M","R","E","R","T","M","$","R","M","E","R","B",null,"M","?","$","T","?","R","M","R","T","M","M","R","M","E","R","B",null,"M","$","M","?","M","E","T","$","T","M","M","$","E","M","R","B",null],"character_chosen":"WATCHER","items_purchased":["Flash of Steel","Bottled Tornado","Membership Card","Finesse"],"campfire_rested":5,"item_purchase_floors":[4,36,42,46],"current_hp_per_floor":[65,65,65,65,63,63,51,51,51,30,30,30,30,14,50,38,64,58,45,45,45,45,77,77,77,77,56,58,77,77,76,77,26,64,66,66,66,60,58,60,60,60,60,62,64,64,66,68,77,4],"gold":60,"neow_bonus":"RANDOM_COMMON_RELIC","is_daily":false,"chose_seed":false,"campfire_upgraded":3,"win_rate":0.0,"timestamp":1611253325,"path_taken":["M","?","M","$","M","R","E","R","T","M","?","R","?","E","R","BOSS","M","?","$","?","?","R","M","R","T","?","M","R","M","E","R","BOSS","M","$","M","?","M","E","?","$","T","M","M","$","E","M","R","BOSS"],"items_purchased_type":["Card","Relic","Relic","Card"],"build_version":"2020-12-22","purchased_purges":4,"victory":true,"max_hp_per_floor":[72,72,72,72,72,72,72,72,72,72,72,72,72,72,72,72,72,72,77,77,77,77,77,77,77,77,77,77,77,77,77,77,77,77,77,77,77,77,77,77,77,77,77,77,77,77,77,77,77,77],"card_choices":[{"not_picked":["Vengeance","SashWhip"],"picked":"CutThroughFate","floor":1.0},{"not_picked":["Meditate","Nirvana","JustLucky"],"picked":"SKIP","floor":3.0},{"not_picked":["Crescendo","BowlingBash"],"picked":"FollowUp","floor":5.0},{"not_picked":["Pray","Evaluate"],"picked":"ForeignInfluence","floor":7.0},{"not_picked":["Consecrate","Halt"],"picked":"TalkToTheHand","floor":10.0},{"not_picked":["Fasting2","Sanctity"],"picked":"InnerPeace","floor":13.0},{"not_picked":["EmptyFist","Alpha"],"picked":"FlurryOfBlows","floor":14.0},{"not_picked":["Judgement","DeusExMachina"],"picked":"Blasphemy","floor":16.0},{"not_picked":["JustLucky","EmptyBody+1","SashWhip"],"picked":"SKIP","floor":18.0},{"not_picked":["Sanctity","ThirdEye"],"picked":"Perseverance","floor":24.0},{"not_picked":["FlyingSleeves","SashWhip"],"picked":"WheelKick+1","floor":27.0},{"not_picked":["EmptyBody+1","Crescendo","FlurryOfBlows+1"],"picked":"SKIP","floor":28.0},{"not_picked":["CrushJoints","PathToVictory","Wireheading"],"picked":"SKIP","floor":30.0},{"not_picked":["ThirdEye","FlurryOfBlows","LessonLearned"],"picked":"SKIP","floor":31.0},{"not_picked":["Wish","Omniscience"],"picked":"Scrawl","floor":33.0},{"not_picked":["FollowUp","Protect"],"picked":"Adaptation+1","floor":35.0},{"not_picked":["EmptyFist+1","SignatureMove"],"picked":"Evaluate+1","floor":37.0},{"not_picked":["EmptyBody","Prostrate","CrushJoints"],"picked":"SKIP","floor":39.0},{"not_picked":["EmptyFist","WreathOfFlame+1","ThirdEye+1"],"picked":"SKIP","floor":40.0},{"not_picked":["WindmillStrike","LikeWater+1"],"picked":"SandsOfTime+1","floor":44.0},{"not_picked":["Evaluate","FollowUp","Consecrate+1"],"picked":"SKIP","floor":45.0},{"not_picked":["WaveOfTheHand+1","Conclude","CrushJoints"],"picked":"SKIP","floor":47.0},{"not_picked":["Conclude","CrushJoints"],"picked":"WaveOfTheHand+1","floor":47.0},{"not_picked":["Devotion","ClearTheMind+1","FollowUp+1"],"picked":"SKIP","floor":48}],"player_experience":422435,"relics_obtained":[{"floor":7.0,"key":"Tiny Chest"},{"floor":9.0,"key":"Omamori"},{"floor":14.0,"key":"Regal Pillow"},{"floor":21.0,"key":"Blood Vial"},{"floor":26.0,"key":"Anchor"},{"floor":31.0,"key":"Bag of Preparation"},{"floor":38.0,"key":"CloakClasp"},{"floor":40.0,"key":"Akabeko"},{"floor":41.0,"key":"Ornamental Fan"},{"floor":43.0,"key":"Vajra"},{"floor":47.0,"key":"StrikeDummy"}],"event_choices":[{"cards_removed":["Strike_P"],"damage_healed":0.0,"max_hp_gain":0.0,"max_hp_loss":0.0,"gold_gain":0.0,"event_name":"Purifier","player_choice":"Purged","floor":2.0,"gold_loss":0.0,"damage_taken":0.0},{"damage_healed":0.0,"max_hp_gain":5.0,"max_hp_loss":0.0,"gold_gain":0.0,"event_name":"Forgotten Altar","player_choice":"Shed Blood","floor":19.0,"gold_loss":0.0,"damage_taken":18.0},{"damage_healed":0.0,"max_hp_gain":0.0,"max_hp_loss":0.0,"gold_gain":0.0,"event_name":"The Mausoleum","player_choice":"Opened","floor":22.0,"gold_loss":0.0,"damage_taken":0.0,"relics_obtained":["Calipers"]},{"damage_healed":0.0,"max_hp_gain":0.0,"max_hp_loss":0.0,"gold_gain":0.0,"event_name":"Mysterious Sphere","player_choice":"Fight","floor":38.0,"gold_loss":0.0,"damage_taken":0.0}],"is_beta":false,"boss_relics":[{"not_picked":["SlaversCollar","Philosopher\u0027s Stone"],"picked":"Fusion Hammer"},{"not_picked":["Coffee Dripper","Snecko Eye"],"picked":"Empty Cage"}],"items_purged_floors":[11,20,42,46],"is_endless":false,"potions_floor_spawned":[1,5,16,27,28,31,35,37,39,44,47],"ascension_level":8}}