{"host":"bg8va46pgqgvtzim","time":1611230834,"event":{"mods":["BaseMod","Minty Spire (QoL Compilation)","Quick Restart","StSLib","SuperFastMode"],"gold_per_floor":[154,214,245,321,371,371,431,431,431,381,7,115,154,205,205,305,305,373,413,458,46,154,154,214,129,152,207,207,207,269,41,41,138,138,181,35,73,223,223,252,252,302,329,385,422,461,461,474,474,549,549,549,191,224,224],"floor_reached":56,"language":"ZHS","playtime":1836,"items_purged":["Strike_G","Dagger Spray+1","HandOfGreed+1"],"score":1580,"play_id":"145f504a-dcce-4768-aaec-0257d0415e02","local_time":"20210121200714","is_ascension_mode":true,"campfire_choices":[{"data":"HandOfGreed","floor":6.0,"key":"SMITH"},{"data":"Blade Dance","floor":8.0,"key":"SMITH"},{"data":"Neutralize","floor":15.0,"key":"SMITH"},{"data":"Reflex","floor":23.0,"key":"SMITH"},{"data":"Prepared","floor":29.0,"key":"SMITH"},{"data":"Envenom","floor":32.0,"key":"SMITH"},{"data":"Adrenaline","floor":47,"key":"SMITH"},{"floor":49,"key":"RECALL"},{"data":"Envenom","floor":52,"key":"SMITH"}],"circlet_count":0,"master_deck":["Survivor","Neutralize+1","Reflex+1","Blade Dance+1","Accuracy","Eviscerate","Prepared+1","Envenom+1","Adrenaline+1","Prepared+1","Accuracy","Calculated Gamble+1","Backflip+1","Acrobatics+1","Apotheosis+1","Burst+1","Caltrops","Crippling Poison+1","Envenom+1","Crippling Poison+1","Noxious Fumes","Finisher+1","Bane+1","Deflect+1","Backflip+1","Acrobatics+1","Outmaneuver+1","After Image","Prepared+1","Setup+1"],"relics":["Ring of the Snake","Pear","Mummified Hand","Oddly Smooth Stone","Orichalcum","Molten Egg 2","Runic Dome","Medical Kit","Toxic Egg 2","Red Mask","Eternal Feather","PreservedInsect","Lantern","Pandora\u0027s Box","TungstenRod","Thread and Needle","Blood Vial","Toy Ornithopter","Boot","StoneCalendar","The Specimen"],"acts_visited":["Exordium","TheCity","TheBeyond","TheEnding"],"potions_floor_usage":[45,55,55],"damage_taken":[{"damage":0.0,"enemies":"Small Slimes","floor":1.0,"turns":3.0},{"damage":5.0,"enemies":"2 Louse","floor":2.0,"turns":6.0},{"damage":6.0,"enemies":"Jaw Worm","floor":3.0,"turns":4.0},{"damage":2.0,"enemies":"3 Louse","floor":4.0,"turns":6.0},{"damage":5.0,"enemies":"Large Slime","floor":5.0,"turns":8.0},{"damage":21.0,"enemies":"Lagavulin","floor":7.0,"turns":7.0},{"damage":3.0,"enemies":"3 Sentries","floor":12.0,"turns":6.0},{"damage":0.0,"enemies":"Blue Slaver","floor":13.0,"turns":2.0},{"damage":2.0,"enemies":"Gremlin Nob","floor":14.0,"turns":3.0},{"damage":10.0,"enemies":"The Guardian","floor":16.0,"turns":8.0},{"damage":0.0,"enemies":"3 Byrds","floor":18.0,"turns":4.0},{"damage":0.0,"enemies":"Chosen","floor":19.0,"turns":3.0},{"damage":13.0,"enemies":"Snake Plant","floor":20.0,"turns":4.0},{"damage":25.0,"enemies":"Masked Bandits","floor":22.0,"turns":8.0},{"damage":0.0,"enemies":"Gremlin Leader","floor":24.0,"turns":7.0},{"damage":6.0,"enemies":"Book of Stabbing","floor":27.0,"turns":3.0},{"damage":0.0,"enemies":"Cultist and Chosen","floor":30.0,"turns":5.0},{"damage":6.0,"enemies":"Champ","floor":33.0,"turns":5.0},{"damage":5.0,"enemies":"Orb Walker","floor":35.0,"turns":2.0},{"damage":0.0,"enemies":"3 Darklings","floor":37.0,"turns":4.0},{"damage":0.0,"enemies":"Mind Bloom Boss Battle","floor":38.0,"turns":6.0},{"damage":0.0,"enemies":"Giant Head","floor":40.0,"turns":3.0},{"damage":0.0,"enemies":"Nemesis","floor":42.0,"turns":3.0},{"damage":0.0,"enemies":"Reptomancer","floor":44.0,"turns":3.0},{"damage":0,"enemies":"Sphere and 2 Shapes","floor":45,"turns":3},{"damage":1,"enemies":"Maw","floor":46,"turns":4},{"damage":0,"enemies":"Transient","floor":48,"turns":5},{"damage":15,"enemies":"Awakened One","floor":50,"turns":7},{"damage":0,"enemies":"Shield and Spear","floor":54,"turns":3},{"damage":0,"enemies":"The Heart","floor":55,"turns":6}],"seed_played":"-8893009757884365769","potions_obtained":[{"floor":4.0,"key":"Weak Potion"},{"floor":5.0,"key":"LiquidMemories"},{"floor":7.0,"key":"LiquidBronze"},{"floor":16.0,"key":"LiquidBronze"},{"floor":20.0,"key":"SkillPotion"},{"floor":24.0,"key":"Fire Potion"},{"floor":27.0,"key":"SkillPotion"},{"floor":37.0,"key":"GhostInAJar"},{"floor":44.0,"key":"SkillPotion"},{"floor":46,"key":"LiquidBronze"},{"floor":48,"key":"Swift Potion"},{"floor":54,"key":"GamblersBrew"}],"is_trial":false,"path_per_floor":["M","M","M","M","M","R","E","R","T","?","$","E","M","E","R","B",null,"M","M","M","$","?","R","E","?","T","E","?","R","M","$","R","B",null,"M","$","M","?","?","E","T","E","T","E","M","M","R","M","R","B",null,"R","$","E","B",null],"character_chosen":"THE_SILENT","items_purchased":["Accuracy","Eviscerate","Oddly Smooth Stone","Medical Kit","Toxic Egg 2","Acrobatics+1","Apotheosis+1","Backflip+1","After Image","Prepared+1","Setup+1"],"campfire_rested":0,"item_purchase_floors":[11,11,11,21,21,31,31,36,53,53,53],"current_hp_per_floor":[49,44,38,36,31,31,20,20,20,20,20,17,17,15,15,5,80,80,80,67,67,42,42,42,42,42,36,36,48,48,48,60,54,80,75,75,75,75,75,75,75,77,77,79,80,79,80,80,80,65,80,80,80,80,80],"gold":224,"neow_bonus":"RANDOM_COLORLESS_2","is_daily":false,"chose_seed":false,"campfire_upgraded":8,"win_rate":0.0,"timestamp":1611230834,"path_taken":["M","M","M","M","M","R","E","R","T","?","$","E","M","E","R","BOSS","M","M","M","$","?","R","E","?","T","E","?","R","M","$","R","BOSS","M","$","M","?","?","E","?","E","T","E","M","M","R","M","R","BOSS","R","$","E","BOSS"],"items_purchased_type":["Card","Card","Relic","Relic","Relic","Card","Card","Card","Card","Card","Card"],"build_version":"2020-12-22","purchased_purges":3,"victory":true,"max_hp_per_floor":[70,70,70,70,70,70,80,80,80,80,80,80,80,80,80,80,80,80,80,80,80,80,80,80,80,80,80,80,80,80,80,80,80,80,80,80,80,80,80,80,80,80,80,80,80,80,80,80,80,80,80,80,80,80,80],"card_choices":[{"not_picked":["Violence","Thinking Ahead"],"picked":"HandOfGreed","floor":0.0},{"not_picked":["Riddle With Holes","Expertise","Quick Slash"],"picked":"SKIP","floor":1.0},{"not_picked":["Prepared","Terror"],"picked":"Reflex","floor":2.0},{"not_picked":["Deflect","Distraction"],"picked":"Blade Dance","floor":3.0},{"not_picked":["Outmaneuver","Caltrops","Blur"],"picked":"SKIP","floor":4.0},{"not_picked":["Sucker Punch","Outmaneuver","Cloak And Dagger"],"picked":"SKIP","floor":5.0},{"not_picked":["Riddle With Holes","Quick Slash","Slice"],"picked":"SKIP","floor":7.0},{"not_picked":["Blade Dance","Deadly Poison"],"picked":"Prepared","floor":12.0},{"not_picked":["PiercingWail","Deflect"],"picked":"Envenom","floor":13.0},{"not_picked":["Flying Knee+1","Poisoned Stab+1","Outmaneuver"],"picked":"SKIP","floor":14.0},{"not_picked":["Doppelganger","Malaise"],"picked":"Adrenaline","floor":16.0},{"not_picked":["Bouncing Flask","PiercingWail"],"picked":"Prepared+1","floor":18.0},{"not_picked":["Dagger Spray+1","PiercingWail+1","Backstab+1"],"picked":"SKIP","floor":19.0},{"not_picked":["Outmaneuver+1","Poisoned Stab+1","Prepared"],"picked":"SKIP","floor":20.0},{"not_picked":["Noxious Fumes","Dagger Throw+1"],"picked":"Accuracy","floor":24.0},{"not_picked":["Poisoned Stab+1","Outmaneuver+1"],"picked":"Calculated Gamble+1","floor":27.0},{"not_picked":["Prepared+1","Blur+1"],"picked":"Backflip+1","floor":30.0},{"not_picked":["Corpse Explosion+1","Die Die Die+1"],"picked":"Burst+1","floor":33.0},{"not_picked":["Bane+1","Blade Dance+1"],"picked":"Deflect+1","floor":35.0},{"not_picked":["Grand Finale+1","Slice+1","Underhanded Strike+1"],"picked":"SKIP","floor":37.0},{"not_picked":["Grand Finale+1","Slice+1","Underhanded Strike+1"],"picked":"SKIP","floor":37.0},{"not_picked":["Slice+1","Dagger Throw+1","A Thousand Cuts"],"picked":"SKIP","floor":40.0},{"not_picked":["Deadly Poison+1","Masterful Stab+1"],"picked":"Acrobatics+1","floor":42.0},{"not_picked":["Masterful Stab+1","Heel Hook+1","Backflip+1"],"picked":"SKIP","floor":44.0},{"not_picked":["Escape Plan+1","Dodge and Roll+1","Underhanded Strike+1"],"picked":"SKIP","floor":45},{"not_picked":["Choke+1","Dodge and Roll+1","Backflip+1"],"picked":"SKIP","floor":46},{"not_picked":["Endless Agony+1","Sucker Punch+1"],"picked":"Outmaneuver+1","floor":48},{"not_picked":["PiercingWail+1","Bane+1","Venomology+1"],"picked":"SKIP","floor":54}],"player_experience":2294664,"relics_obtained":[{"floor":7.0,"key":"Pear"},{"floor":9.0,"key":"Mummified Hand"},{"floor":12.0,"key":"Orichalcum"},{"floor":14.0,"key":"Molten Egg 2"},{"floor":22.0,"key":"Red Mask"},{"floor":24.0,"key":"Eternal Feather"},{"floor":27.0,"key":"Lantern"},{"floor":38.0,"key":"TungstenRod"},{"floor":40.0,"key":"Thread and Needle"},{"floor":41.0,"key":"Blood Vial"},{"floor":42.0,"key":"Toy Ornithopter"},{"floor":43.0,"key":"Boot"},{"floor":44.0,"key":"StoneCalendar"},{"floor":54,"key":"The Specimen"}],"event_choices":[{"cards_removed":["Strike_G"],"damage_healed":0.0,"max_hp_gain":0.0,"max_hp_loss":0.0,"gold_gain":0.0,"event_name":"The Cleric","player_choice":"Card Removal","floor":10.0,"gold_loss":50.0,"damage_taken":0.0},{"damage_healed":0.0,"max_hp_gain":0.0,"max_hp_loss":0.0,"gold_gain":0.0,"event_name":"Masked Bandits","player_choice":"Fought Bandits","floor":22.0,"gold_loss":0.0,"damage_taken":0.0},{"damage_healed":0.0,"max_hp_gain":0.0,"max_hp_loss":0.0,"gold_gain":0.0,"event_name":"Addict","player_choice":"Obtained Relic","floor":25.0,"gold_loss":85.0,"damage_taken":0.0,"relics_obtained":["PreservedInsect"]},{"damage_healed":0.0,"max_hp_gain":0.0,"max_hp_loss":0.0,"gold_gain":0.0,"event_name":"Vampires","player_choice":"Ignored","floor":28.0,"gold_loss":0.0,"damage_taken":0.0},{"damage_healed":0.0,"max_hp_gain":0.0,"max_hp_loss":0.0,"gold_gain":0.0,"event_name":"MindBloom","player_choice":"Fight","floor":38.0,"gold_loss":0.0,"damage_taken":0.0},{"damage_healed":0.0,"max_hp_gain":0.0,"max_hp_loss":0.0,"gold_gain":0.0,"event_name":"SensoryStone","player_choice":"Memory 1","floor":39.0,"gold_loss":0.0,"damage_taken":0.0}],"is_beta":false,"boss_relics":[{"not_picked":["Tiny House","Sozu"],"picked":"Runic Dome"},{"not_picked":["Velvet Choker","Black Star"],"picked":"Pandora\u0027s Box"}],"items_purged_floors":[11,36,53],"is_endless":false,"potions_floor_spawned":[4,5,7,16,20,24,27,37,44,46,48,54],"ascension_level":1}}