{"host":"70zhvo5nwrhp1mbg","time":1611259444,"event":{"mods":["BaseMod","Colored Map","Colored Powertips","Highlight Path","Minty Spire (QoL Compilation)","Rare Cards Sparkle","StSLib"],"gold_per_floor":[119,137,137,151,151,177,177,32,83,113,213,239,250,264,264,366,366,386,386,2,18,33,60,60,75,101,101,119,145,145,158,158,263,263,283,301,351,365,365,365,384,384,384,18,18,35,60,60,60,60,60],"floor_reached":50,"language":"ENG","playtime":3561,"items_purged":[],"score":814,"play_id":"f0392804-263a-47cc-9948-28d451401f41","local_time":"20210121150404","is_ascension_mode":true,"campfire_choices":[{"floor":7.0,"key":"REST"},{"floor":15,"key":"REST"},{"floor":27,"key":"REST"},{"data":"Demon Form","floor":30,"key":"SMITH"},{"data":"Cleave","floor":32,"key":"SMITH"},{"floor":40,"key":"REST"},{"floor":42,"key":"REST"},{"floor":45,"key":"REST"},{"data":"Reaper","floor":49,"key":"SMITH"}],"circlet_count":0,"master_deck":["Strike_R","Strike_R","Strike_R","Strike_R","Strike_R","Defend_R","Defend_R+1","Defend_R","Defend_R","Bash","Iron Wave","Anger","Headbutt","Twin Strike","Carnage","Shrug It Off+1","Clothesline","Pommel Strike","Fiend Fire","Inflame","Thunderclap","Exhume","Havoc","Cleave+1","Shrug It Off","Demon Form+1","Impervious","Heavy Blade","Flame Barrier","Feel No Pain","Feed","Clothesline+1","Bludgeon","Heavy Blade+1","Barricade","Sword Boomerang+1","Ghostly Armor","Perfected Strike+1","Reaper+1"],"relics":["Black Blood","NeowsBlessing","Lantern","StoneCalendar","Ancient Tea Set","Bag of Marbles","War Paint","Snecko Eye","Nloth\u0027s Gift","Calipers","Juzu Bracelet","Potion Belt","Turnip","Torii","HornCleat","Thread and Needle","CaptainsWheel"],"acts_visited":["Exordium","TheCity","TheBeyond"],"potions_floor_usage":[12,22,25,25,33,36,38,47,50],"damage_taken":[{"damage":0.0,"enemies":"Small Slimes","floor":1.0,"turns":1.0},{"damage":0.0,"enemies":"2 Louse","floor":2.0,"turns":1.0},{"damage":0.0,"enemies":"Cultist","floor":4.0,"turns":1.0},{"damage":42.0,"enemies":"Lagavulin","floor":6.0,"turns":6.0},{"damage":15,"enemies":"Gremlin Nob","floor":10,"turns":4},{"damage":17,"enemies":"3 Sentries","floor":12,"turns":5},{"damage":0,"enemies":"Red Slaver","floor":13,"turns":2},{"damage":8,"enemies":"Blue Slaver","floor":14,"turns":3},{"damage":44,"enemies":"The Guardian","floor":16,"turns":12},{"damage":0,"enemies":"3 Byrds","floor":18,"turns":5},{"damage":6,"enemies":"2 Thieves","floor":21,"turns":3},{"damage":8,"enemies":"Snake Plant","floor":22,"turns":2},{"damage":29,"enemies":"Book of Stabbing","floor":23,"turns":4},{"damage":25,"enemies":"Shelled Parasite and Fungi","floor":25,"turns":4},{"damage":6,"enemies":"Centurion and Healer","floor":28,"turns":4},{"damage":0,"enemies":"Gremlin Leader","floor":29,"turns":4},{"damage":0,"enemies":"Snecko","floor":31,"turns":3},{"damage":55,"enemies":"Automaton","floor":33,"turns":7},{"damage":0,"enemies":"Orb Walker","floor":35,"turns":3},{"damage":0,"enemies":"3 Darklings","floor":36,"turns":3},{"damage":28,"enemies":"Mind Bloom Boss Battle","floor":37,"turns":6},{"damage":28,"enemies":"4 Shapes","floor":38,"turns":3},{"damage":68,"enemies":"Writhing Mass","floor":41,"turns":7},{"damage":0,"enemies":"Spire Growth","floor":46,"turns":5},{"damage":0,"enemies":"Giant Head","floor":47,"turns":6},{"damage":103,"enemies":"Time Eater","floor":50,"turns":11}],"seed_played":"-2749671123990823771","potions_obtained":[{"floor":2.0,"key":"Explosive Potion"},{"floor":4.0,"key":"AttackPotion"},{"floor":14,"key":"Ancient Potion"},{"floor":18,"key":"SkillPotion"},{"floor":23,"key":"EssenceOfSteel"},{"floor":33,"key":"Explosive Potion"},{"floor":35,"key":"SneckoOil"},{"floor":46,"key":"GamblersBrew"},{"floor":47,"key":"BlessingOfTheForge"}],"is_trial":false,"path_per_floor":["M","M","?","M","?","E","R","$","T","E","?","E","M","M","R","B",null,"M","?","$","M","M","E","?","M","T","R","M","E","R","M","R","B",null,"M","M","?","M","?","R","M","R","T","$","R","M","E","?","R","B"],"character_chosen":"IRONCLAD","items_purchased":["Orrery","Cleave","Calipers","AttackPotion","Thread and Needle","Ghostly Armor"],"campfire_rested":6,"item_purchase_floors":[8,20,20,20,44,44],"current_hp_per_floor":[78,80,77,80,80,44,68,68,68,59,59,48,54,52,76,38,70,76,76,76,76,74,51,51,32,32,56,56,62,62,68,68,19,65,77,80,64,51,51,75,19,43,43,43,67,79,83,80,80,0,0],"gold":60,"neow_bonus":"THREE_ENEMY_KILL","is_daily":false,"chose_seed":false,"campfire_upgraded":3,"win_rate":0.0,"timestamp":1611259444,"path_taken":["M","M","?","M","?","E","R","$","T","E","?","E","M","M","R","BOSS","M","?","$","M","?","E","?","M","T","R","M","E","R","M","R","BOSS","M","M","?","M","?","R","M","R","T","$","R","M","E","?","R","BOSS"],"items_purchased_type":["Relic","Card","Relic","Potion","Relic","Card"],"build_version":"2020-12-22","purchased_purges":0,"victory":false,"max_hp_per_floor":[80,80,80,80,80,80,80,80,80,80,80,80,80,80,80,80,80,80,80,80,80,80,80,80,80,80,80,80,80,80,80,80,80,80,80,80,80,83,83,83,83,83,83,83,83,83,83,80,80,80,80],"card_choices":[{"not_picked":["Combust","Body Slam"],"picked":"Iron Wave","floor":1.0},{"not_picked":["Heavy Blade","Body Slam"],"picked":"Anger","floor":2.0},{"not_picked":["Hemokinesis","Infernal Blade"],"picked":"Headbutt","floor":4.0},{"not_picked":["Armaments","Barricade"],"picked":"Twin Strike","floor":6.0},{"not_picked":["Searing Blow","Wild Strike"],"picked":"Carnage","floor":8},{"not_picked":["Perfected Strike","Clash"],"picked":"Shrug It Off","floor":8},{"not_picked":["Second Wind","Barricade"],"picked":"Clothesline","floor":8},{"not_picked":["Clash","Feel No Pain"],"picked":"Pommel Strike","floor":8},{"not_picked":["Searing Blow","Burning Pact"],"picked":"Fiend Fire","floor":10},{"not_picked":["Armaments","True Grit","Clothesline"],"picked":"SKIP","floor":12},{"not_picked":["Battle Trance","Perfected Strike"],"picked":"Inflame","floor":13},{"not_picked":["Disarm","Twin Strike"],"picked":"Thunderclap","floor":14},{"not_picked":["Barricade","Brutality"],"picked":"Exhume","floor":16},{"not_picked":["Rage","Body Slam"],"picked":"Havoc","floor":18},{"not_picked":["Body Slam","Twin Strike"],"picked":"Shrug It Off","floor":21},{"not_picked":["Headbutt+1","Havoc"],"picked":"Demon Form","floor":22},{"not_picked":["Headbutt","Thunderclap+1"],"picked":"Impervious","floor":23},{"not_picked":["Metallicize+1","Shrug It Off+1"],"picked":"Heavy Blade","floor":25},{"not_picked":["Warcry","Metallicize+1"],"picked":"Flame Barrier","floor":28},{"not_picked":["Armaments","Whirlwind+1"],"picked":"Feel No Pain","floor":29},{"not_picked":["Flex","Headbutt","Wild Strike"],"picked":"SKIP","floor":31},{"not_picked":["Berserk","Brutality"],"picked":"Feed","floor":33},{"not_picked":["Fire Breathing","Pummel"],"picked":"Clothesline+1","floor":35},{"not_picked":["Shrug It Off+1","Body Slam+1"],"picked":"Bludgeon","floor":36},{"not_picked":["Sentinel+1","Iron Wave+1"],"picked":"Heavy Blade+1","floor":37},{"not_picked":["Flex","Warcry+1"],"picked":"Barricade","floor":38},{"not_picked":["Flex+1","Wild Strike"],"picked":"Sword Boomerang+1","floor":41},{"not_picked":["Dropkick","Seeing Red"],"picked":"Perfected Strike+1","floor":46},{"not_picked":["Burning Pact","Sentinel+1"],"picked":"Reaper","floor":47}],"player_experience":410093,"relics_obtained":[{"floor":6.0,"key":"StoneCalendar"},{"floor":9,"key":"Ancient Tea Set"},{"floor":10,"key":"Bag of Marbles"},{"floor":12,"key":"War Paint"},{"floor":23,"key":"Juzu Bracelet"},{"floor":26,"key":"Potion Belt"},{"floor":29,"key":"Turnip"},{"floor":37,"key":"Torii"},{"floor":43,"key":"HornCleat"},{"floor":47,"key":"CaptainsWheel"}],"event_choices":[{"damage_healed":0.0,"max_hp_gain":0.0,"max_hp_loss":0.0,"gold_gain":0.0,"event_name":"Scrap Ooze","player_choice":"Success","floor":3.0,"gold_loss":0.0,"damage_taken":3.0,"relics_obtained":["Lantern"]},{"damage_healed":0.0,"max_hp_gain":0.0,"max_hp_loss":0.0,"gold_gain":0.0,"event_name":"Liars Game","player_choice":"Ignored","floor":5.0,"gold_loss":0.0,"damage_taken":0.0},{"damage_healed":0,"gold_gain":100,"player_choice":"Pray","damage_taken":0,"max_hp_gain":0,"max_hp_loss":0,"event_name":"Golden Shrine","floor":11,"gold_loss":0},{"damage_healed":0,"gold_gain":0,"player_choice":"Traded Relic","damage_taken":0,"relics_obtained":["Nloth\u0027s Gift"],"max_hp_gain":0,"max_hp_loss":0,"event_name":"N\u0027loth","floor":19,"relics_lost":["Orrery"],"gold_loss":0},{"damage_healed":0,"gold_gain":0,"player_choice":"Ignored","damage_taken":0,"max_hp_gain":0,"max_hp_loss":0,"event_name":"Ghosts","floor":24,"gold_loss":0},{"damage_healed":0,"gold_gain":0,"player_choice":"Fight","damage_taken":0,"max_hp_gain":0,"max_hp_loss":0,"event_name":"MindBloom","floor":37,"gold_loss":0},{"damage_healed":0,"gold_gain":0,"player_choice":"Ignored","damage_taken":0,"max_hp_gain":0,"max_hp_loss":0,"event_name":"Tomb of Lord Red Mask","floor":39,"gold_loss":0},{"cards_removed":["Parasite"],"damage_healed":0,"gold_gain":0,"player_choice":"Removed Curses","damage_taken":0,"max_hp_gain":0,"max_hp_loss":0,"event_name":"Fountain of Cleansing","floor":48,"gold_loss":0}],"is_beta":false,"boss_relics":[{"not_picked":["SlaversCollar","Pandora\u0027s Box"],"picked":"Snecko Eye"},{"not_picked":["Busted Crown","Mark of Pain"],"picked":"Black Blood"}],"items_purged_floors":[],"is_endless":false,"potions_floor_spawned":[2,4,14,18,21,23,33,35,46,47],"killed_by":"Time Eater","ascension_level":6}}