{"host":"0cm5wy4nhuju7tij","time":1611272519,"event":{"mods":["100% Spire Juice","2.2 Compatiblity","AchievementEnabler","Aspiration","BaseMod","Better Third Choice","BetterRewards","CCEM","CapriCore","Colored Powertips","Curses Come First","Custom Start","Displayed Cursed Tome","Downfall","Energized Spire","Evolution","Filter the Spire","Highlight Path","Jess\u0027s Bottle","Minty Spire (QoL Compilation)","Permanent Neow","Poor People Problems","Relic Stats","Shop Mod","Spicy Shops","StSLib","The Cursed","The Juggle","The Sage"],"gold_per_floor":[181,196,210,226,242,242,242],"floor_reached":6,"language":"ENG","playtime":949,"items_purged":[],"score":40,"play_id":"070e907c-6106-4936-ac2c-e0ee5ac5b64d","local_time":"20210121184159","is_ascension_mode":false,"campfire_choices":[],"circlet_count":0,"master_deck":["sagemod:Grounded_Strike","sagemod:Strike","sagemod:Strike","sagemod:Strike","sagemod:Defend","sagemod:Defend","sagemod:Defend","sagemod:Defend","sagemod:Fly","sagemod:Upwards","sagemod:Shatter","sagemod:Armor_Brew","sagemod:Slalom","sagemod:Brewmaster","sagemod:Slalom","sagemod:Vigorous_Body"],"relics":["sagemod:Flying_Carpet","EVO:Axolotl"],"acts_visited":["Exordium"],"potions_floor_usage":[5,5,6,6,6,6,6],"damage_taken":[{"damage":0.0,"enemies":"Small Slimes","floor":1.0,"turns":4.0},{"damage":0.0,"enemies":"Jaw Worm","floor":2.0,"turns":7.0},{"damage":2.0,"enemies":"Cultist","floor":3.0,"turns":9.0},{"damage":12.0,"enemies":"Blue Slaver","floor":4.0,"turns":9.0},{"damage":1,"enemies":"Red Slaver","floor":5,"turns":9},{"damage":40,"enemies":"Lagavulin","floor":6,"turns":16}],"seed_played":"-601031734921199982","potions_obtained":[{"floor":2.0,"key":"ColorlessPotion"},{"floor":6,"key":"Block Potion"}],"is_trial":false,"path_per_floor":["M","M","M","M","M","E"],"character_chosen":"THE_SAGE","items_purchased":[],"campfire_rested":0,"item_purchase_floors":[],"current_hp_per_floor":[50,50,48,36,35,0,0],"gold":242,"neow_bonus":"ONE_RANDOM_RARE_CARD","is_daily":false,"chose_seed":false,"campfire_upgraded":0,"win_rate":0.0,"timestamp":1611272519,"path_taken":["M","M","M","M","M","E"],"items_purchased_type":[],"build_version":"2020-12-22","purchased_purges":0,"victory":false,"max_hp_per_floor":[50,50,50,50,50,50,50],"relic_stats":{"counters":[6,54],"obtain_stats":[{"EVO:Axolotl":0,"sagemod:Flying_Carpet":0},{"EVO:Axolotl":0,"sagemod:Flying_Carpet":0},{"EVO:Axolotl":0,"sagemod:Flying_Carpet":0}]},"card_choices":[{"not_picked":["sagemod:How_To_Charm_A_Sentry","sagemod:How_To_Amuse_Sneckos"],"picked":"sagemod:Armor_Brew","floor":1.0},{"not_picked":["sagemod:Fire_Brew","sagemod:Pincer_Attack"],"picked":"sagemod:Slalom","floor":2.0},{"not_picked":["sagemod:Grounded_Strike","sagemod:How_To_Warm_Elephants"],"picked":"sagemod:Brewmaster","floor":3.0},{"not_picked":["sagemod:Crank","sagemod:Study"],"picked":"sagemod:Slalom","floor":4},{"not_picked":["sagemod:How_To_Amuse_Sneckos","sagemod:How_To_Befriend_A_Turtle"],"picked":"sagemod:Vigorous_Body","floor":5}],"player_experience":231286,"relics_obtained":[],"event_choices":[],"is_beta":false,"boss_relics":[],"items_purged_floors":[],"is_endless":false,"potions_floor_spawned":[2,3],"killed_by":"Lagavulin","ascension_level":0}}