{"host":"hf83sijwe64ts2lm","time":1611197266,"event":{"mods":["2.2 Compatiblity","BaseMod","Better Altar","Better Match","Better Note","Better Sensory Stone","Better Skull","Better Third Choice","Colored Map","Colored Powertips","Highlight Path","Hubris","Infinite Spire","Minty Spire (QoL Compilation)","Quick Restart","Rare Cards Sparkle","Relic Stats","Replay The Spire","Shop Mod","Spicy Shops","StSLib","Thieving Mod"],"gold_per_floor":[119,119,219,53,128,128,153,214,214,89,89,104,119,136,136,237,237,256,356,50,63,3,3,13,13,90,90,107,107,107,107,107],"floor_reached":31,"language":"ENG","playtime":516,"items_purged":[],"score":302,"play_id":"befca869-aa0c-4647-828e-030e304dfea7","local_time":"20210120214746","is_ascension_mode":true,"campfire_choices":[{"floor":6.0,"key":"REST"},{"floor":11.0,"key":"REST"},{"floor":15.0,"key":"REST"},{"floor":23.0,"key":"REST"},{"data":"Limit Break","floor":25.0,"key":"SMITH"},{"floor":27.0,"key":"RECALL"}],"circlet_count":0,"master_deck":["Strike_R+1","Strike_R+1","Strike_R+1","Strike_R+1","Strike_R+1","Defend_R+1","Defend_R+1","Defend_R+1","Defend_R+1","Bash","ReplayTheSpireMod:Limb From Limb","Perfected Strike","infinitespire:Gouge","Injury","Metallicize","Massacre","Perfected Strike","Perfected Strike","ReplayTheSpireMod:Private Reserves","Heavy Blade","Inflame","hubris:CleavingFinish","Demon Form","Heavy Blade","Perfected Strike+1","Limit Break+1","Twin Strike+1","Run Through"],"relics":["Burning Blood","Juzu Bracelet","Onion Ring","Chemical X","The Courier"],"acts_visited":["Exordium","TheCity"],"potions_floor_usage":[],"damage_taken":[{"damage":14.0,"enemies":"Cultist","floor":1.0,"turns":5.0},{"damage":37.0,"enemies":"Lagavulin","floor":7.0,"turns":7.0},{"damage":0.0,"enemies":"Small Slimes","floor":12.0,"turns":1.0},{"damage":8.0,"enemies":"2 Louse","floor":13.0,"turns":2.0},{"damage":8.0,"enemies":"Blue Slaver","floor":14.0,"turns":2.0},{"damage":35.0,"enemies":"The Guardian","floor":16.0,"turns":7.0},{"damage":46.0,"enemies":"Shell Parasite","floor":18.0,"turns":7.0},{"damage":7.0,"enemies":"Chosen","floor":21.0,"turns":3.0},{"damage":0.0,"enemies":"Snecko","floor":24.0,"turns":2.0},{"damage":33.0,"enemies":"Sentry and Sphere","floor":28.0,"turns":4.0},{"damage":72,"enemies":"Gremlin Leader","floor":31,"turns":7}],"seed_played":"-8121772644812046505","potions_obtained":[{"floor":14.0,"key":"Milkshake"},{"floor":24.0,"key":"Explosive Potion"}],"is_trial":false,"path_per_floor":["M","?","?","$","?","R","E","?","T","$","R","M","M","M","R","B",null,"M","?","$","M","?","R","M","R","T","R","M","?","?","E"],"character_chosen":"IRONCLAD","items_purchased":["Juzu Bracelet","Metallicize","Perfected Strike","ReplayTheSpireMod:Private Reserves","Perfected Strike+1","Chemical X","ColorlessPotion"],"campfire_rested":4,"item_purchase_floors":[4,4,10,10,20,20,20],"current_hp_per_floor":[72,53,53,53,42,66,35,35,35,35,59,65,63,61,80,51,80,40,40,40,39,39,63,69,69,69,69,42,68,68,0,0],"gold":107,"neow_bonus":"THREE_CARDS","is_daily":false,"chose_seed":false,"campfire_upgraded":1,"win_rate":0.0,"timestamp":1611197266,"path_taken":["M","?","?","$","?","R","E","?","T","$","R","M","M","M","R","BOSS","M","?","$","M","?","R","M","R","T","R","M","?","?","E"],"items_purchased_type":["Relic","Card","Card","Card","Card","Relic","Potion"],"build_version":"2020-12-22","purchased_purges":0,"victory":false,"max_hp_per_floor":[80,80,80,80,80,80,80,80,80,80,80,80,80,80,80,80,80,80,80,80,80,80,80,80,80,80,80,80,80,80,80,80],"relic_stats":{"counters":[11,47],"Juzu Bracelet":2,"Chemical X":[1],"obtain_stats":[{"Onion Ring":7,"The Courier":26,"Juzu Bracelet":4,"Chemical X":20,"Burning Blood":0},{"Onion Ring":2,"The Courier":9,"Juzu Bracelet":1,"Chemical X":7,"Burning Blood":0},{"Onion Ring":12,"The Courier":36,"Juzu Bracelet":5,"Chemical X":31,"Burning Blood":0}],"Burning Blood":60},"card_choices":[{"not_picked":["Clash","Sword Boomerang"],"picked":"ReplayTheSpireMod:Limb From Limb","floor":0.0},{"not_picked":["Dropkick","Defy Death"],"picked":"Perfected Strike","floor":1.0},{"not_picked":["ReplayTheSpireMod:Echoes of Time","infinitespire:Collect"],"picked":"infinitespire:Gouge","floor":2.0},{"not_picked":["Uppercut","Headbutt"],"picked":"Massacre","floor":7.0},{"not_picked":["Perfected Strike","True Grit"],"picked":"Heavy Blade","floor":12.0},{"not_picked":["Corruption","ReplayTheSpireMod:Limb From Limb"],"picked":"Inflame","floor":13.0},{"not_picked":["Sword Boomerang","Sever Soul"],"picked":"hubris:CleavingFinish","floor":14.0},{"not_picked":["Double Tap","Corruption"],"picked":"Demon Form","floor":16.0},{"not_picked":["Headbutt","Wild Strike"],"picked":"Heavy Blade","floor":18.0},{"not_picked":["Iron Wave","Twin Strike"],"picked":"Limit Break","floor":21.0},{"not_picked":["Clothesline+1","Iron Wave"],"picked":"Twin Strike+1","floor":24.0},{"not_picked":["Perfected Strike","Replay:Undeath\u0027s Touch"],"picked":"Run Through","floor":28.0}],"player_experience":130898,"relics_obtained":[{"floor":7.0,"key":"Onion Ring"},{"floor":26.0,"key":"The Courier"}],"event_choices":[{"damage_healed":0.0,"max_hp_gain":0.0,"max_hp_loss":0.0,"gold_gain":100.0,"event_name":"Golden Shrine","player_choice":"Pray","floor":3.0,"gold_loss":0.0,"damage_taken":0.0},{"damage_healed":0.0,"max_hp_gain":0.0,"max_hp_loss":0.0,"gold_gain":75.0,"event_name":"betterThird:BetterGoop","player_choice":"Gold","floor":5.0,"gold_loss":0.0,"damage_taken":11.0},{"damage_healed":0.0,"max_hp_gain":0.0,"max_hp_loss":0.0,"gold_gain":61.0,"event_name":"Golden Wing","player_choice":"Gained Gold","floor":8.0,"gold_loss":0.0,"damage_taken":0.0},{"damage_healed":0.0,"max_hp_gain":0.0,"max_hp_loss":0.0,"gold_gain":100.0,"event_name":"Golden Shrine","player_choice":"Pray","floor":19.0,"gold_loss":0.0,"damage_taken":0.0},{"damage_healed":26.0,"max_hp_gain":0.0,"max_hp_loss":0.0,"gold_gain":0.0,"event_name":"The Library","player_choice":"Heal","floor":29.0,"gold_loss":0.0,"damage_taken":0.0},{"damage_healed":0.0,"max_hp_gain":0.0,"max_hp_loss":9.0,"gold_gain":0.0,"event_name":"betterThird:BetterWriting","player_choice":"Simplicity","floor":30.0,"gold_loss":0.0,"damage_taken":0.0}],"is_beta":false,"boss_relics":[{"not_picked":["Replay:Wanted Poster","hubris:TerracottaHorce","infinitespire:Cupcake"]}],"items_purged_floors":[],"is_endless":false,"potions_floor_spawned":[14,24],"killed_by":"Gremlin Leader","ascension_level":4}}