{"host":"ctlqibkg0sskiu65","time":1611210228,"event":{"mods":["AchievementEnabler","Aspiration","BaseMod","BetterRewards","Colored Map","Colored Powertips","Conspire","Fiend Mod","Infinite Spire","Minty Spire (QoL Compilation)","Quick Restart","Replay The Spire","Shop Mod","StSLib","The Bladedancer","The Cursed","The Hierophant","The Jungle","The Kombatant","The Servant 0.9.4","TheBandit"],"gold_per_floor":[117,137,12,30,30,30,63,77,77,96,96,96],"floor_reached":11,"language":"ENG","playtime":414,"items_purged":["Strike_G","Strike_G"],"score":128,"play_id":"b82d7c42-2188-4a22-99f6-0af6877418fc","local_time":"20210121002348","is_ascension_mode":true,"campfire_choices":[{"data":"Poisoned Stab","floor":6.0,"key":"SMITH"}],"circlet_count":0,"master_deck":["AscendersBane","Strike_G","Strike_G","Strike_G","Defend_G","Defend_G","Defend_G","Defend_G","Defend_G","Survivor","Neutralize","Dark Shackles","Dagger Spray","Caltrops+1","Deadly Poison","Poisoned Stab+1","Caltrops+1","Bouncing Flask","ReplayTheSpireMod:Tripwire","Backflip"],"relics":["Ring of the Snake","Torii","Membership Card","Bag of Preparation","DollysMirror","GremlinMask","Art of War","infinitespire:Beetle Shell"],"acts_visited":["Exordium"],"potions_floor_usage":[11],"damage_taken":[{"damage":0.0,"enemies":"Cultist","floor":1.0,"turns":3.0},{"damage":0.0,"enemies":"2 Louse","floor":2.0,"turns":2.0},{"damage":6.0,"enemies":"Jaw Worm","floor":4.0,"turns":4.0},{"damage":20.0,"enemies":"Lagavulin","floor":7.0,"turns":7.0},{"damage":12.0,"enemies":"Large Slime","floor":8.0,"turns":5.0},{"damage":2.0,"enemies":"Looter","floor":10.0,"turns":3.0},{"damage":31,"enemies":"Gremlin Nob","floor":11,"turns":3}],"seed_played":"3565922598182039889","potions_obtained":[{"floor":2.0,"key":"Poison Potion"},{"floor":4.0,"key":"Energy Potion"},{"floor":10.0,"key":"PowerPotion"}],"is_trial":false,"path_per_floor":["M","M","$","M","?","R","E","M","T","M","E"],"character_chosen":"THE_SILENT","items_purchased":["Dark Shackles","Membership Card","Bag of Preparation","Dagger Spray","Caltrops+1","DollysMirror"],"campfire_rested":0,"item_purchase_floors":[0,0,0,0,0,3],"current_hp_per_floor":[59,59,59,53,53,53,33,21,21,19,0,0],"gold":96,"neow_bonus":"","is_daily":false,"chose_seed":false,"campfire_upgraded":1,"win_rate":0.0,"timestamp":1611210228,"path_taken":["M","?","$","M","?","R","E","?","T","M","E"],"items_purchased_type":["Card","Relic","Relic","Card","Card","Relic"],"build_version":"2020-12-22","purchased_purges":2,"victory":false,"max_hp_per_floor":[66,66,66,66,66,66,66,66,66,66,66,66],"card_choices":[{"not_picked":["PiercingWail","Flying Knee"],"picked":"Deadly Poison","floor":1.0},{"not_picked":["Dash","conspire:DoublingDagger"],"picked":"Poisoned Stab","floor":2.0},{"not_picked":["Hidden Blade","Eviscerate","Slice"],"picked":"SKIP","floor":4.0},{"not_picked":["Wraith Form v2","Poisoned Stab"],"picked":"Bouncing Flask","floor":7.0},{"not_picked":["Tactician","ReplayTheSpireMod:Exploit Weakness"],"picked":"ReplayTheSpireMod:Tripwire","floor":8.0},{"not_picked":["Sucker Punch","Underhanded Strike"],"picked":"Backflip","floor":10.0}],"player_experience":212102,"relics_obtained":[{"floor":7.0,"key":"Art of War"},{"floor":9.0,"key":"infinitespire:Beetle Shell"}],"event_choices":[{"damage_healed":0.0,"max_hp_gain":0.0,"max_hp_loss":0.0,"gold_gain":0.0,"event_name":"FaceTrader","player_choice":"Trade","floor":5.0,"gold_loss":0.0,"damage_taken":0.0,"relics_obtained":["GremlinMask"]}],"is_beta":false,"boss_relics":[],"items_purged_floors":[0,3],"is_endless":false,"potions_floor_spawned":[2,4,10],"killed_by":"Gremlin Nob","ascension_level":14}}