{"host":"uv5ws9rdk87e8i5k","time":1611249071,"event":{"mods":["AchievementEnabler","BaseMod","Colored Map","Minty Spire (QoL Compilation)","StSLib","SuperFastMode"],"gold_per_floor":[117,127,146,158,168,201,201,232,278,278,289,316,18,18,18,113,113,127,139,155,6,26,61,61,88,115,115,129,129,142,176,176,277,277,292,141,141,156,156,182,201,234,234,234,246,44,44,58,58,58],"floor_reached":51,"language":"ENG","playtime":1557,"items_purged":["Strike_G","Strike_G","Strike_G"],"score":1024,"play_id":"d6f44528-d707-4901-9354-2d15b8e3276d","local_time":"20210121111111","is_ascension_mode":true,"campfire_choices":[{"data":"Corpse Explosion","floor":7.0,"key":"SMITH"},{"data":"Catalyst","floor":10.0,"key":"SMITH"},{"data":"Noxious Fumes","floor":15.0,"key":"SMITH"},{"data":"Venomology","floor":29.0,"key":"SMITH"},{"data":"Deadly Poison","floor":32.0,"key":"SMITH"},{"data":"Adrenaline","floor":47,"key":"SMITH"},{"floor":49,"key":"REST"}],"circlet_count":0,"master_deck":["Strike_G","Defend_G","Defend_G","Defend_G","Defend_G","Survivor","Neutralize","Corpse Explosion+1","Catalyst+1","Backflip","PiercingWail","Deadly Poison","Deadly Poison+1","Noxious Fumes+1","Venomology+1","Catalyst+1","Adrenaline+1"],"relics":["Ring of the Snake","Ninja Scroll","Lizard Tail","Art of War","Pear","Toy Ornithopter","SacredBark","DollysMirror","Bag of Preparation","Juzu Bracelet","Ancient Tea Set","Du-Vu Doll","Regal Pillow","Blood Vial","Dream Catcher"],"acts_visited":["Exordium","TheCity","TheBeyond"],"potions_floor_usage":[42,44,50,50,50,50],"damage_taken":[{"damage":0.0,"enemies":"Jaw Worm","floor":1.0,"turns":6.0},{"damage":0.0,"enemies":"Small Slimes","floor":2.0,"turns":3.0},{"damage":0.0,"enemies":"Cultist","floor":3.0,"turns":4.0},{"damage":10.0,"enemies":"Exordium Thugs","floor":4.0,"turns":6.0},{"damage":3.0,"enemies":"3 Louse","floor":5.0,"turns":2.0},{"damage":9.0,"enemies":"3 Sentries","floor":6.0,"turns":3.0},{"damage":11.0,"enemies":"Lagavulin","floor":8.0,"turns":5.0},{"damage":0.0,"enemies":"Looter","floor":11.0,"turns":3.0},{"damage":2.0,"enemies":"Gremlin Nob","floor":12.0,"turns":3.0},{"damage":12.0,"enemies":"Slime Boss","floor":16.0,"turns":5.0},{"damage":9.0,"enemies":"Shell Parasite","floor":18.0,"turns":4.0},{"damage":9.0,"enemies":"3 Byrds","floor":19.0,"turns":4.0},{"damage":18.0,"enemies":"Snake Plant","floor":20.0,"turns":4.0},{"damage":0.0,"enemies":"Snecko","floor":22.0,"turns":2.0},{"damage":3.0,"enemies":"Gremlin Leader","floor":23.0,"turns":5.0},{"damage":25.0,"enemies":"Book of Stabbing","floor":25.0,"turns":4.0},{"damage":11.0,"enemies":"Centurion and Healer","floor":28.0,"turns":4.0},{"damage":0.0,"enemies":"3 Cultists","floor":30.0,"turns":3.0},{"damage":12.0,"enemies":"Slavers","floor":31.0,"turns":4.0},{"damage":26.0,"enemies":"Champ","floor":33.0,"turns":5.0},{"damage":0.0,"enemies":"3 Darklings","floor":35.0,"turns":2.0},{"damage":12.0,"enemies":"Orb Walker","floor":38.0,"turns":4.0},{"damage":0.0,"enemies":"Reptomancer","floor":40.0,"turns":2.0},{"damage":24.0,"enemies":"Sphere and 2 Shapes","floor":41.0,"turns":4.0},{"damage":3,"enemies":"Nemesis","floor":42,"turns":3},{"damage":6,"enemies":"3 Darklings","floor":44,"turns":3},{"damage":33,"enemies":"Spire Growth","floor":45,"turns":4},{"damage":0,"enemies":"Jaw Worm Horde","floor":48,"turns":1},{"damage":135,"enemies":"Time Eater","floor":50,"turns":10}],"seed_played":"-6562046903001914735","potions_obtained":[{"floor":2.0,"key":"Weak Potion"},{"floor":5.0,"key":"SkillPotion"},{"floor":6.0,"key":"SkillPotion"},{"floor":8.0,"key":"ColorlessPotion"},{"floor":12.0,"key":"CultistPotion"},{"floor":19.0,"key":"Energy Potion"},{"floor":20.0,"key":"Swift Potion"},{"floor":25.0,"key":"DistilledChaos"},{"floor":28.0,"key":"LiquidMemories"},{"floor":31.0,"key":"Block Potion"},{"floor":35.0,"key":"AttackPotion"}],"is_trial":false,"path_per_floor":["M","M","M","M","M","E","R","E","T","R","M","E","$","?","R","B",null,"M","M","M","$","M","E","?","E","T","?","M","R","M","E","R","B",null,"M","$","?","M","?","E","M","E","T","M","M","$","R","M","R","B",null],"character_chosen":"THE_SILENT","items_purchased":["Noxious Fumes","Toy Ornithopter","DollysMirror","Poison Potion","DistilledChaos"],"campfire_rested":1,"item_purchase_floors":[13,13,21,36,46],"current_hp_per_floor":[70,70,70,60,57,48,48,37,37,37,37,45,45,50,50,38,85,76,77,69,69,79,81,81,56,56,56,50,50,55,53,53,37,85,85,85,85,76,76,85,66,68,68,69,38,38,38,40,80,16],"gold":58,"neow_bonus":"ONE_RANDOM_RARE_CARD","is_daily":false,"chose_seed":false,"campfire_upgraded":6,"win_rate":0.0,"timestamp":1611249071,"path_taken":["M","M","M","M","M","E","R","E","T","R","M","E","$","?","R","BOSS","M","M","M","$","M","E","?","E","T","?","M","R","M","E","R","BOSS","M","$","?","M","?","E","M","E","T","M","M","$","R","M","R","BOSS"],"items_purchased_type":["Card","Relic","Relic","Potion","Potion"],"build_version":"2020-12-22","purchased_purges":3,"victory":true,"max_hp_per_floor":[70,70,70,70,70,70,70,70,70,70,70,80,80,85,85,85,85,85,85,85,85,85,85,85,85,85,85,85,85,85,85,85,85,85,85,85,85,85,85,85,85,85,85,85,85,85,85,85,85,85],"card_choices":[{"not_picked":["Outmaneuver","Dodge and Roll"],"picked":"Catalyst","floor":1.0},{"not_picked":["Flechettes","Caltrops"],"picked":"Backflip","floor":2.0},{"not_picked":["Terror","Well Laid Plans","Reflex"],"picked":"SKIP","floor":3.0},{"not_picked":["Tactician","Cloak And Dagger"],"picked":"PiercingWail","floor":4.0},{"not_picked":["Calculated Gamble","Distraction"],"picked":"Deadly Poison","floor":5.0},{"not_picked":["Finisher","Sucker Punch","Dagger Spray"],"picked":"SKIP","floor":6.0},{"not_picked":["Masterful Stab","Dodge and Roll"],"picked":"Deadly Poison","floor":8.0},{"not_picked":["Sucker Punch","Dodge and Roll","Underhanded Strike"],"picked":"SKIP","floor":11.0},{"not_picked":["Riddle With Holes","Tools of the Trade","Deflect"],"picked":"SKIP","floor":12.0},{"not_picked":["Phantasmal Killer","Doppelganger"],"picked":"Venomology","floor":16.0},{"not_picked":["Accuracy+1","Sucker Punch","Caltrops"],"picked":"SKIP","floor":18.0},{"not_picked":["Sucker Punch","Outmaneuver","Poisoned Stab"],"picked":"SKIP","floor":19.0},{"not_picked":["Footwork","Outmaneuver+1","Dodge and Roll"],"picked":"SKIP","floor":20.0},{"not_picked":["Glass Knife","Bane","Flying Knee"],"picked":"SKIP","floor":22.0},{"not_picked":["Poisoned Stab","Cloak And Dagger","Grand Finale"],"picked":"SKIP","floor":23.0},{"not_picked":["Infinite Blades+1","Underhanded Strike","Heel Hook"],"picked":"SKIP","floor":25.0},{"not_picked":["Backstab","Quick Slash","Sucker Punch+1"],"picked":"SKIP","floor":28.0},{"not_picked":["Dagger Throw","Cloak And Dagger","Acrobatics"],"picked":"SKIP","floor":30.0},{"not_picked":["Concentrate","Night Terror","Dagger Spray"],"picked":"SKIP","floor":31.0},{"not_picked":["Unload","Envenom"],"picked":"Adrenaline","floor":33.0},{"not_picked":["Deflect","Backflip+1","Slice"],"picked":"SKIP","floor":35.0},{"not_picked":["Prepared","Well Laid Plans","Dagger Throw"],"picked":"SKIP","floor":38.0},{"not_picked":["Heel Hook","Dodge and Roll","Choke"],"picked":"SKIP","floor":40.0},{"not_picked":["Bane","Dagger Throw","Slice+1"],"picked":"SKIP","floor":41.0},{"not_picked":["Prepared","Predator+1","Backflip+1"],"picked":"SKIP","floor":42},{"not_picked":["Dagger Spray+1","Setup","Choke+1"],"picked":"SKIP","floor":45},{"not_picked":["Predator","Dagger Spray+1","Cloak And Dagger"],"picked":"SKIP","floor":48}],"player_experience":133474,"relics_obtained":[{"floor":6.0,"key":"Ninja Scroll"},{"floor":8.0,"key":"Lizard Tail"},{"floor":9.0,"key":"Art of War"},{"floor":12.0,"key":"Pear"},{"floor":23.0,"key":"Bag of Preparation"},{"floor":25.0,"key":"Juzu Bracelet"},{"floor":26.0,"key":"Ancient Tea Set"},{"floor":31.0,"key":"Du-Vu Doll"},{"floor":40.0,"key":"Regal Pillow"},{"floor":42,"key":"Blood Vial"},{"floor":43,"key":"Dream Catcher"}],"event_choices":[{"damage_healed":0.0,"max_hp_gain":5.0,"max_hp_loss":0.0,"gold_gain":0.0,"event_name":"Big Fish","player_choice":"Donut","floor":14.0,"gold_loss":0.0,"damage_taken":0.0},{"damage_healed":0.0,"max_hp_gain":0.0,"max_hp_loss":0.0,"gold_gain":0.0,"event_name":"The Woman in Blue","player_choice":"Bought 0 Potions","floor":24.0,"gold_loss":0.0,"damage_taken":0.0},{"cards_removed":["Strike_G"],"damage_healed":0.0,"max_hp_gain":0.0,"max_hp_loss":0.0,"gold_gain":0.0,"event_name":"Purifier","player_choice":"Purged","floor":27.0,"gold_loss":0.0,"damage_taken":0.0},{"damage_healed":0.0,"max_hp_gain":0.0,"max_hp_loss":0.0,"gold_gain":0.0,"event_name":"SensoryStone","player_choice":"Memory 1","floor":37.0,"gold_loss":0.0,"damage_taken":0.0},{"cards_removed":["Defend_G"],"damage_healed":0.0,"max_hp_gain":0.0,"max_hp_loss":0.0,"gold_gain":0.0,"event_name":"Falling","player_choice":"Removed Skill","floor":39.0,"gold_loss":0.0,"damage_taken":0.0}],"is_beta":false,"boss_relics":[{"not_picked":["Ectoplasm","HoveringKite"],"picked":"SacredBark"},{"not_picked":["Fusion Hammer","Snecko Eye","Runic Pyramid"]}],"items_purged_floors":[13,36,46],"is_endless":false,"potions_floor_spawned":[2,5,6,8,12,19,20,25,28,31,35,44,48],"ascension_level":4}}