{"host":"lmmgqfiugkm2e64w","time":1611208986,"event":{"mods":["ATMod(阿瑾Mod)","Aspiration","BaseMod","BetterRewards","Challenge The Spire","Conspire","Friendly Minions","Marisa（F雨　魔理沙）","Minty Spire (QoL Compilation)","MostiFishMod","Quick Restart","Remilia（蕾米莉亚）","Replay The Spire","RumiaBox-露米娅的神秘盒子","Shop Mod","StSLib","Td1madao Mod","TestMod","The Servant 0.9.4","Youmu（魂魄妖梦）","Yuyuko","[IsaacMod]以撒尖塔","vexMod","【遗物卡牌】REMEMod","篝火指南"],"gold_per_floor":[187,245,245,361,423,423,512,599,622,680,773,837,917,1016,1063,1195,1195,1265,1428,1516,1516,1532,1538,1538,1538,1608,1712,1712,1856,1909,1958,1958,1988,1988,1988,2088,2088,2154,2253,2356,2356,2356,2356,2390,2390,2398,2398,2532,2598],"floor_reached":50,"language":"ZHS","playtime":3287,"items_purged":["MostiFishMod:NewArrival+1","MostiFishMod:FlyOverUtopia+1"],"score":2377,"play_id":"2187cbac-4e55-41aa-b8b3-b66091ba163a","local_time":"20210121140306","is_ascension_mode":true,"campfire_choices":[{"floor":6,"key":"RECALL"}],"circlet_count":0,"master_deck":["AscendersBane","DoctorFetus+1","conspire:Charge+1","AT_WaterDrop+1","REME_AllRoundStrike+1","Enlightenment+1","Offering+1","Replay:Many Hands+1","Impervious+1","MostiFishMod:FireWorks+1","Eclipse+1","AT_Dispersion+1","MostiFishMod:KnuckleDown+1","Exhume+1","AT_WaterDrop+1","REME_WheelOfFate+1","MostiFishMod:KingOfFree+1","Midas Touch+1","ReplayTheSpireMod:Uncanny Aura+1","Entrench+1","ReplayTheSpireMod:Brewmster+1"],"relics":["Burning Blood","AT_ATBox","testmod-TestBox","HushsDoor","REME_ComplimentaryCards","SteamSale","testmod-RealStoneCalender","Sling","Membership Card","MerchantsRug","Bird Faced Urn","Peace Pipe","ClockworkSouvenir","testmod-Antiphasic","Shovel","MetatronsCube","Matryoshka","D6","AT_ArchangelStaff","DeadEye","Ice Cream","King of Hearts","Blood Vial","DaCapo","Technique","aspiration:Nostalgia","Uniform","REME_ArchaeologicalTools","SSSystem","testmod-CasingShield","AT_BellDemon","vexMod:Spyglass","ReplayTheSpireMod:TigerMarble","testmod-Charity","MoneyPower","Replay:Baseball","GodSword1","aspiration:ChemicalBlood","BirthdayGift-Icosahedron","SynthV:C4","Eternal Feather","GodSword7","OrangePellets","AT_BladeRuinedKing","NineVolt","aspiration:HummingbirdHeart","Replay:WaspNest","ArrowTower","AT_ForceNature","aspiration:FetidBarrel","TheBattery","Pantograph","BookOfRevelations","Oddly Smooth Stone","FossilizedHelix","Chemical X","aspiration:Lifesprig","Bottled Tornado","Replay:Wax Seal","testmod-AssaultLearning","SynthV","Replay:PocketPolymizer","Meat on the Bone","Guide Book","Simple Rune","MostiFishMod:AdaptiveDefenses","Omamori","BrkXgEgg","Chameleon Ring","TuHaoJin","TimeFreeze","MagicDraw1","testmod-Justice","Bag of Marbles","Dodecahedron","Centennial Puzzle","testmod-LifeArmor","War Paint","vexMod:PaidLearning","Toy Ornithopter","GodSword4","testmod-Fortitude","HandDrill","Champion Belt","Bronze Scales","BirthdayGift-Tetrahedron","AT_SunfireAegis","Letter Opener","AT_SilvercatRing","Medical Kit","Blue Doll","Pen Nib","Potion Belt","Habit","Golden Egg","Frozen Eye","ReplayFunnel","Shuriken","testmod-ArcanaOfDestiny","BlankCard","testmod-TurbochargingSystem","Lee\u0027s Waffle","AT_TimeSand","YumHeart","Ancient Tea Set","AT_EbonyIvory","Du-Vu Doll","testmod-Hope","TheBean","Leech","AT_MibuBalloonWealth","vexMod:Cooldron","MagicDraw2","Strange Spoon","Singing Bowl","conspire:TopHat","BelialBook","ScarletDevilRocket","ZombieArmy","BionicSphere","Happy Flower","ThornShield","Toolbox","conspire:DeflatedDodgeball","Boot","Toxic Egg 2","Juzu Bracelet","Quantum Egg","Akabeko","Diplopia","Dream Catcher","testmod-OneHitWonder","Gremlin Food","Blue Candle","conspire:BottledYoYo","HowToJump","Nunchaku","CeramicFish","SumBook","Art of War","Orichalcum","Vajra","SalivaCoin","Mirror","PunchingBag","SynthV:TestCard","Ornamental Fan","Regal Pillow","CaptainsWheel","AT_PhaseBoots","MealTicket","Paper Frog","Replay:Mystery Machine","BFFS","AT_RedTearstoneRing","testmod-IndustrialRevolution","PokeGo","testmod-Acrobat","Pocketwatch","Frozen Egg 2","Tiny Chest","Replay:Arrowhead","Mercury Hourglass","ReplayTheSpireMod:Spearhead","Runic Cube","AT_ChloranthyRing","Strawberry","UnicornStump","Whetstone","vexMod:InvisibilityCloak","Replay:Bottled Snecko","TheAbacus","Torii","conspire:TreasureMap","Replay:Bandana","Bag of Preparation","Gremlin Horn","LastBattle","StoneCalendar","testmod-Fanaticism","GuppysCollar","SecretRecord","Onion Ring","DollysMirror","vexMod:ScavengeHelm","Anchor","Red Skull","ChiLing","Chi","Ling","vexMod:BarristanHead","Chaos","DoctorsRemote","Thread and Needle","AT_Manta","Replay:Bottled Eggs","Replay:Wanted Poster","Incense Burner","SentryEyes","vexMod:Dragonfruit","Bottled Lightning","DaveBox","OrangePellets","Raider\u0027s Mask","Cables","testmod-BatchProcessingSystem","testmod-SaigiyounoYou","ReplayTheSpireMod:Ninjato","MagicDraw4","NineLifeCat","testmod-NegativeEmotionEnhancer","Sundial","Ginger","AT_GoldPhoenixTree"],"acts_visited":["Exordium","TheCity","TheBeyond","TheEnding"],"potions_floor_usage":[4,5,5,8,10,12,12,19,19,30,30,48,48,48,49,49],"damage_taken":[{"damage":0,"enemies":"Small Slimes","floor":1,"turns":1},{"damage":0,"enemies":"Jaw Worm","floor":2,"turns":1},{"damage":0,"enemies":"Cultist","floor":4,"turns":1},{"damage":0,"enemies":"Gremlin Nob","floor":7,"turns":1},{"damage":0,"enemies":"conspire:MimicChest","floor":10,"turns":1},{"damage":0,"enemies":"3 Louse","floor":11,"turns":1},{"damage":0,"enemies":"Gremlin Nob","floor":12,"turns":1},{"damage":0,"enemies":"Fading Forest","floor":16,"turns":1},{"damage":0,"enemies":"conspire:FuzzyDice","floor":18,"turns":1},{"damage":0,"enemies":"2 Thieves","floor":20,"turns":1},{"damage":0,"enemies":"Replay:Snechameleon","floor":23,"turns":1},{"damage":0,"enemies":"Collector","floor":27,"turns":1},{"damage":0,"enemies":"3 Darklings","floor":29,"turns":1},{"damage":0,"enemies":"Orb Walker","floor":31,"turns":1},{"damage":0,"enemies":"Sphere and 2 Shapes","floor":36,"turns":1},{"damage":0,"enemies":"R_Hoarder","floor":38,"turns":1},{"damage":0,"enemies":"Giant Head","floor":40,"turns":1},{"damage":0,"enemies":"conspire:OrnateMirror","floor":44,"turns":1},{"damage":0,"enemies":"Shield and Spear","floor":48,"turns":1},{"damage":0,"enemies":"The Heart","floor":49,"turns":2}],"seed_played":"-518744320632682171","potions_obtained":[{"floor":4,"key":"EntropicBrew"},{"floor":7,"key":"EntropicBrew"},{"floor":10,"key":"EntropicBrew"},{"floor":16,"key":"EntropicBrew"},{"floor":18,"key":"EntropicBrew"},{"floor":29,"key":"EntropicBrew"},{"floor":48,"key":"EntropicBrew"}],"is_trial":false,"path_per_floor":["M","M","T","M","$","R","?","R","T","?","M","E","?","?","R","B",null,"M","$","M","$","$","E","R","R","T","B",null,"M","$","M","?","?","$","R","M","T","E","$","E","?","?","R","B",null,"R","$","E","B",null],"character_chosen":"IRONCLAD","items_purchased":["Block Potion","Membership Card","MerchantsRug","Bird Faced Urn","REME_AllRoundStrike","Enlightenment","ClockworkSouvenir","testmod-Antiphasic","MetatronsCube","Matryoshka","AT_ArchangelStaff","DeadEye","Ice Cream","King of Hearts","Blood Vial","DaCapo","Technique","aspiration:Nostalgia","REME_ArchaeologicalTools","SSSystem","AT_BellDemon","vexMod:Spyglass","ReplayTheSpireMod:TigerMarble","testmod-Charity","MoneyPower","Replay:Baseball","GodSword1","aspiration:ChemicalBlood","BirthdayGift-Icosahedron","REME_GoldPotion","SynthV:C4","Eternal Feather","GodSword7","OrangePellets","AT_BladeRuinedKing","NineVolt","aspiration:HummingbirdHeart","Replay:WaspNest","ArrowTower","AT_ForceNature","aspiration:FetidBarrel","TheBattery","Pantograph","BookOfRevelations","Oddly Smooth Stone","FossilizedHelix","Chemical X","aspiration:Lifesprig","Bottled Tornado","Replay:Wax Seal","testmod-AssaultLearning","SynthV","Replay:PocketPolymizer","Meat on the Bone","Guide Book","Simple Rune","MostiFishMod:AdaptiveDefenses","Omamori","BrkXgEgg","Chameleon Ring","TuHaoJin","TimeFreeze","MagicDraw1","testmod-Justice","Bag of Marbles","Dodecahedron","Centennial Puzzle","testmod-LifeArmor","War Paint","vexMod:PaidLearning","Toy Ornithopter","GodSword4","testmod-Fortitude","HandDrill","Champion Belt","Bronze Scales","BirthdayGift-Tetrahedron","AT_SunfireAegis","Letter Opener","AT_SilvercatRing","Medical Kit","Blue Doll","Pen Nib","Potion Belt","Habit","Golden Egg","Frozen Eye","ReplayFunnel","Shuriken","testmod-ArcanaOfDestiny","BlankCard","testmod-TurbochargingSystem","Lee\u0027s Waffle","AT_TimeSand","YumHeart","Ancient Tea Set","AT_EbonyIvory","Du-Vu Doll","testmod-Hope","TheBean","Leech","AT_MibuBalloonWealth","vexMod:Cooldron","MagicDraw2","Strange Spoon","Singing Bowl","conspire:TopHat","BelialBook","ScarletDevilRocket","ZombieArmy","BionicSphere","Happy Flower","ThornShield","Toolbox","conspire:DeflatedDodgeball","Boot","Toxic Egg 2","Juzu Bracelet","Quantum Egg","Akabeko","Diplopia","Dream Catcher","testmod-OneHitWonder","Gremlin Food","Blue Candle","conspire:BottledYoYo","HowToJump","Nunchaku","CeramicFish","SumBook","Art of War","Orichalcum","Vajra","SalivaCoin","Mirror","CaptainsWheel","Paper Frog","Replay:Mystery Machine","BFFS","Replay:Arrowhead","Mercury Hourglass","Strawberry","UnicornStump","vexMod:InvisibilityCloak","Replay:Bottled Snecko","TheAbacus","Torii","Exhume+1","AT_Homeward+1","conspire:TreasureMap","Replay:Bandana","Bag of Preparation","Gremlin Horn","GuppysCollar","Onion Ring","DollysMirror","Anchor","Red Skull","ChiLing","vexMod:BarristanHead","Chaos","DoctorsRemote","Replay:Wanted Poster","Incense Burner","SentryEyes","Raider\u0027s Mask","Cables","testmod-BatchProcessingSystem","EntropicBrew","ReplayTheSpireMod:Brewmster+1","testmod-SaigiyounoYou","ReplayTheSpireMod:Ninjato","MagicDraw4","EntropicBrew","NineLifeCat","testmod-NegativeEmotionEnhancer","Sundial","EntropicBrew"],"campfire_rested":0,"item_purchase_floors":[0,0,0,0,0,0,0,0,0,0,0,0,0,0,0,0,0,0,0,0,0,0,0,0,0,0,0,0,0,0,0,0,0,0,0,0,0,0,0,0,0,0,0,0,0,0,0,0,0,0,0,0,0,0,0,0,0,0,0,0,0,0,0,0,0,0,0,0,0,0,0,0,0,0,0,0,0,0,0,0,0,0,0,0,0,0,0,0,0,0,0,0,0,0,0,0,0,0,0,0,0,0,0,0,0,0,0,0,0,0,0,0,0,0,0,0,0,0,0,0,0,0,0,0,0,0,0,0,0,0,0,0,0,0,0,5,8,8,8,15,15,19,19,21,21,21,22,22,22,24,24,24,25,28,30,30,34,34,34,35,35,35,39,39,39,43,43,43,43,46,46,46,46,46,47,47,47,47],"current_hp_per_floor":[116,131,131,153,163,163,174,178,179,187,196,209,200,203,214,243,243,250,264,281,281,283,286,286,286,287,303,290,305,309,321,321,320,325,325,342,342,360,361,398,398,398,398,406,406,407,102,119,166],"gold":2598,"neow_bonus":"","is_daily":false,"chose_seed":false,"campfire_upgraded":0,"win_rate":0.0,"timestamp":1611208986,"path_taken":["M","M","?","M","?","R","?","R","T","?","M","E","?","?","R","BOSS","M","?","M","?","$","E","M","R","T","BOSS","M","$","M","?","?","$","R","M","T","E","$","E","?","?","R","BOSS","R","$","E","BOSS"],"items_purchased_type":["Potion","Relic","Relic","Relic","Card","Card","Relic","Relic","Relic","Relic","Relic","Relic","Relic","Relic","Relic","Relic","Relic","Relic","Relic","Relic","Relic","Relic","Relic","Relic","Relic","Relic","Relic","Relic","Relic","Potion","Relic","Relic","Relic","Relic","Relic","Relic","Relic","Relic","Relic","Relic","Relic","Relic","Relic","Relic","Relic","Relic","Relic","Relic","Relic","Relic","Relic","Relic","Relic","Relic","Relic","Relic","Relic","Relic","Relic","Relic","Relic","Relic","Relic","Relic","Relic","Relic","Relic","Relic","Relic","Relic","Relic","Relic","Relic","Relic","Relic","Relic","Relic","Relic","Relic","Relic","Relic","Relic","Relic","Relic","Relic","Relic","Relic","Relic","Relic","Relic","Relic","Relic","Relic","Relic","Relic","Relic","Relic","Relic","Relic","Relic","Relic","Relic","Relic","Relic","Relic","Relic","Relic","Relic","Relic","Relic","Relic","Relic","Relic","Relic","Relic","Relic","Relic","Relic","Relic","Relic","Relic","Relic","Relic","Relic","Relic","Relic","Relic","Relic","Relic","Relic","Relic","Relic","Relic","Relic","Relic","Relic","Relic","Relic","Relic","Relic","Relic","Relic","Relic","Relic","Relic","Relic","Relic","Card","Card","Relic","Relic","Relic","Relic","Relic","Relic","Relic","Relic","Relic","Relic","Relic","Card","Relic","Relic","Relic","Relic","Relic","Relic","Relic","Potion","Card","Relic","Relic","Relic","Potion","Relic","Relic","Relic","Potion"],"build_version":"2020-12-22","purchased_purges":2,"victory":true,"max_hp_per_floor":[116,131,131,153,163,163,174,178,179,187,196,209,211,214,216,243,243,250,264,281,281,283,286,286,286,287,303,290,305,309,321,321,325,325,325,342,342,360,361,398,398,398,398,406,406,407,102,119,166],"card_choices":[{"not_picked":[],"picked":"DoctorFetus","floor":0},{"not_picked":["Thunderclap","Dropkick","Bomb"],"picked":"Singing Bowl","floor":1},{"not_picked":["Combust","Abandon+1","ReplayTheSpireMod:LeadingStrike","Armaments+1","Thunderclap"],"picked":"Singing Bowl","floor":2},{"not_picked":["Anger","Combust","MostiFishMod:BrandingRite+1","Burning Pact+1","Dropkick"],"picked":"Singing Bowl","floor":4},{"not_picked":["MostiFishMod:Mania+1","Dark Embrace","Heavy Blade","Sword Boomerang","Havoc+1"],"picked":"Singing Bowl","floor":7},{"not_picked":["Dark Embrace","Flex+1","Headbutt","Heavy Blade","ReplayTheSpireMod:Strike From Hell"],"picked":"Singing Bowl","floor":10},{"not_picked":["Dark Embrace","Combust","Dual Wield+1","Armaments+1","REME_FearOfPain"],"picked":"Singing Bowl","floor":11},{"not_picked":["Reaper+1","Sword Boomerang","Perfected Strike","Thunderclap","ReplayTheSpireMod:LeadingStrike"],"picked":"Singing Bowl","floor":12},{"not_picked":["Carnage","Sentinel+1","Clothesline","Replay:Undeath\u0027s Touch","Flex+1"],"picked":"Singing Bowl","floor":14},{"not_picked":["Fiend Fire+1","MostiFishMod:RacingGame+1","MostiFishMod:RainCloud+1","REME_Fury+1","Impervious+1"],"picked":"Singing Bowl","floor":16},{"not_picked":["Sever Soul","Defy Death+1","Clash","Thunderclap+1","Flex+1"],"picked":"Singing Bowl","floor":18},{"not_picked":["Sword Boomerang","Replay:Undeath\u0027s Touch","Havoc+1","Anger","Body Slam"],"picked":"Singing Bowl","floor":20},{"not_picked":["MostiFishMod:404NotFound+1","Replay:Many Hands+1","MostiFishMod:UltimateDefense+1","Double Tap+1","conspire:HitWhereItHurts+1"],"picked":"Singing Bowl","floor":27},{"not_picked":["Pommel Strike","Run Through","Wild Strike","AT_IchimonjiDouble","AT_ManFootWork+1"],"picked":"Singing Bowl","floor":29},{"not_picked":["conspire:Charge","True Grit+1","Intimidate+1","Clash","Headbutt"],"picked":"Singing Bowl","floor":31},{"not_picked":["ReplayTheSpireMod:Uncanny Aura+1","testmod-PainDetonator","testmod-PocketStoneCalender","Dark Shackles+1"],"picked":"MostiFishMod:KingOfFree+1","floor":33},{"not_picked":["Replay:Bootleg Shield Generator+1","Replay:Parry","testmod-Provocation+1","AT_PowerWithin+1"],"picked":"Midas Touch+1","floor":33},{"not_picked":["REME_ProfessionalPlagiarism+1","REME_ShortnessOfBreath+1","MostiFishMod:SupremeArchaeology+1","testmod-Mystery"],"picked":"ReplayTheSpireMod:Uncanny Aura+1","floor":33},{"not_picked":["Burning Pact+1","ReplayTheSpireMod:Stacked+1","Perfected Strike+1","REME_SingleHolding+1","Shrug It Off+1"],"picked":"Singing Bowl","floor":36},{"not_picked":["ReplayTheSpireMod:Corrosion Curse+1","Flame Barrier+1","Dual Wield+1","Headbutt+1","Thunderclap"],"picked":"Singing Bowl","floor":38},{"not_picked":["Armaments+1","Double Tap+1","Infernal Blade+1","True Grit+1"],"picked":"Entrench+1","floor":40},{"not_picked":["Life Link+1","Armaments+1","Seeing Red+1","ReplayTheSpireMod:Limb From Limb","Twin Strike"],"picked":"Singing Bowl","floor":48}],"player_experience":565053,"relics_obtained":[{"floor":1,"key":"PunchingBag"},{"floor":1,"key":"SynthV:TestCard"},{"floor":2,"key":"Ornamental Fan"},{"floor":3,"key":"Regal Pillow"},{"floor":7,"key":"MealTicket"},{"floor":9,"key":"AT_RedTearstoneRing"},{"floor":9,"key":"testmod-IndustrialRevolution"},{"floor":10,"key":"PokeGo"},{"floor":10,"key":"testmod-Acrobat"},{"floor":11,"key":"Pocketwatch"},{"floor":12,"key":"Frozen Egg 2"},{"floor":12,"key":"Tiny Chest"},{"floor":16,"key":"ReplayTheSpireMod:Spearhead"},{"floor":18,"key":"AT_ChloranthyRing"},{"floor":20,"key":"Whetstone"},{"floor":26,"key":"LastBattle"},{"floor":27,"key":"StoneCalendar"},{"floor":29,"key":"SecretRecord"},{"floor":31,"key":"vexMod:ScavengeHelm"},{"floor":36,"key":"Thread and Needle"},{"floor":38,"key":"AT_Manta"},{"floor":38,"key":"Replay:Bottled Eggs"},{"floor":40,"key":"vexMod:Dragonfruit"},{"floor":40,"key":"Bottled Lightning"},{"floor":48,"key":"Ginger"},{"floor":48,"key":"AT_GoldPhoenixTree"}],"event_choices":[{"damage_healed":0,"gold_gain":30,"player_choice":"Searched \u00273\u0027 times","damage_taken":0,"relics_obtained":["AT_SpeedBoots"],"max_hp_gain":0,"max_hp_loss":0,"event_name":"Dead Adventurer","floor":7,"gold_loss":0},{"damage_healed":0,"gold_gain":75,"player_choice":"Gather Gold","damage_taken":11,"max_hp_gain":0,"max_hp_loss":0,"event_name":"World of Goop","floor":13,"gold_loss":0},{"cards_removed":["MostiFishMod:TemporaryOutbreak"],"damage_healed":0,"gold_gain":0,"player_choice":"Removed Power","damage_taken":0,"max_hp_gain":0,"max_hp_loss":0,"event_name":"Falling","floor":32,"gold_loss":0},{"damage_healed":0,"gold_gain":0,"player_choice":"Memory 3","damage_taken":10,"max_hp_gain":0,"max_hp_loss":0,"event_name":"SensoryStone","floor":33,"gold_loss":0},{"damage_healed":0,"gold_gain":0,"player_choice":"Swap Relic","damage_taken":0,"relics_obtained":["DaveBox"],"max_hp_gain":0,"max_hp_loss":0,"event_name":"给自己的盒子","floor":41,"relics_lost":["DaveBox"],"gold_loss":0},{"damage_healed":0,"gold_gain":0,"player_choice":"Leave","damage_taken":0,"max_hp_gain":0,"max_hp_loss":0,"event_name":"conspire:Investor","floor":42,"gold_loss":0}],"is_beta":false,"boss_relics":[{"not_picked":["Empty Cage","Replay:Ancient Bell"],"picked":"Runic Cube"},{"not_picked":[]},{"not_picked":["ChewingGum","Electric Blood"],"picked":"testmod-Fanaticism"},{"not_picked":[]}],"items_purged_floors":[15,21],"is_endless":false,"potions_floor_spawned":[4,7,10,16,18,29,48],"ascension_level":13}}