{"host":"0ricjaa7rfq9v76t","time":1611231520,"event":{"mods":["AchievementEnabler","Aspiration","BaseMod","Better Vampires","BetterRewards","Colored Powertips","Highlight Path","Hubris","Infinite Spire","Minty Spire (QoL Compilation)","Quick Restart","Rare Cards Sparkle","Relic Sorter","Replay The Spire","StSLib","SuperFastMode","Synergy Search","The Cursed","The Disciple","The Jungle","The Marked","The Runesmith","Uncapped"],"gold_per_floor":[111,130,148,148,164,189,189,209,233,233,262,277,177,177,177,298,298,319,139,139,139,158,158,158],"floor_reached":23,"language":"ENG","playtime":1998,"items_purged":["Strike_B","Defend_B","Defend_B"],"score":301,"play_id":"7c78d927-8911-4241-9181-15b5ddb5d9ef","local_time":"20210121201840","is_ascension_mode":false,"campfire_choices":[{"floor":7,"key":"REST"},{"floor":15,"key":"REST"}],"circlet_count":0,"master_deck":["Strike_B","Strike_B","Defend_B","Defend_B","Zap","Dualcast","Turbo","Gash","Scrape","Tempest","Genetic Algorithm","Conserve Battery","Injury","hubris:SpecializedCircuitry","Reinforced Body+1","Zap"],"relics":["Cracked Core","hubris:FunFungus","ReplayFunnel","Durian","Golden Idol","Black Star"],"acts_visited":["Exordium","TheCity"],"potions_floor_usage":[16,16,16],"damage_taken":[{"damage":0,"enemies":"Small Slimes","floor":1,"turns":3},{"damage":0,"enemies":"2 Louse","floor":2,"turns":1},{"damage":0,"enemies":"Cultist","floor":3,"turns":2},{"damage":6,"enemies":"Large Slime","floor":5,"turns":4},{"damage":40,"enemies":"3 Sentries","floor":6,"turns":8},{"damage":5,"enemies":"Looter","floor":8,"turns":2},{"damage":30,"enemies":"Gremlin Nob","floor":11,"turns":4},{"damage":1,"enemies":"Lots of Slimes","floor":12,"turns":3},{"damage":38,"enemies":"Hexaghost","floor":16,"turns":10},{"damage":54,"enemies":"Shell Parasite","floor":18,"turns":15},{"damage":8,"enemies":"Chosen","floor":22,"turns":8},{"damage":47,"enemies":"Gremlin Leader","floor":23,"turns":5}],"seed_played":"502101111785021152","potions_obtained":[{"floor":5,"key":"Energy Potion"},{"floor":6,"key":"FocusPotion"},{"floor":8,"key":"Explosive Potion"}],"is_trial":false,"path_per_floor":["M","M","M","?","M","E","R","M","T","?","E","M","$","?","R","B",null,"M","$","?","?","M","E"],"character_chosen":"DEFECT","items_purchased":["Turbo","Gash","Reinforced Body+1"],"campfire_rested":2,"item_purchase_floors":[0,0,19],"current_hp_per_floor":[75,75,75,75,69,29,51,46,46,46,24,24,24,24,48,23,80,42,42,42,42,43,0,0],"gold":158,"neow_bonus":"","is_daily":false,"chose_seed":false,"campfire_upgraded":0,"win_rate":0.0,"timestamp":1611231520,"path_taken":["M","M","M","?","M","E","R","M","T","?","E","?","$","?","R","BOSS","M","$","?","?","M","E"],"items_purchased_type":["Card","Card","Card"],"build_version":"2020-12-22","purchased_purges":3,"victory":false,"max_hp_per_floor":[75,75,75,75,75,75,75,75,75,75,80,80,80,80,80,80,80,80,80,80,80,80,80,80],"card_choices":[{"not_picked":["Barrage","Turbo"],"picked":"Scrape","floor":1},{"not_picked":["Stack","Reprogram"],"picked":"Tempest","floor":2},{"not_picked":["Hello World","Beam Cell"],"picked":"Genetic Algorithm","floor":3},{"not_picked":["Panic Button","Hologram","ReplaySolidLightProjector"],"picked":"SKIP","floor":5},{"not_picked":["Coolheaded","Go for the Eyes","Hologram"],"picked":"SKIP","floor":6},{"not_picked":["Compile Driver","Auto Shields"],"picked":"Conserve Battery","floor":8},{"not_picked":["Recycle","Leap","Conserve Battery"],"picked":"SKIP","floor":11},{"not_picked":["Leap","Conserve Battery","Scrape"],"picked":"SKIP","floor":12},{"not_picked":["Meteor Strike","Multi-Cast"],"picked":"hubris:SpecializedCircuitry","floor":16},{"not_picked":["Beam Cell","Recycle","Redo"],"picked":"SKIP","floor":18},{"not_picked":["Aggregate","Sunder+1","Rebound"],"picked":"SKIP","floor":22}],"player_experience":192275,"relics_obtained":[{"floor":6,"key":"hubris:FunFungus"},{"floor":9,"key":"ReplayFunnel"},{"floor":11,"key":"Durian"}],"event_choices":[{"cards_removed":["Strike_B"],"damage_healed":0,"gold_gain":0,"player_choice":"Forget","damage_taken":0,"max_hp_gain":0,"max_hp_loss":0,"event_name":"Living Wall","floor":4,"gold_loss":0},{"damage_healed":0,"gold_gain":0,"player_choice":"Bought 0 Potions","damage_taken":0,"max_hp_gain":0,"max_hp_loss":0,"event_name":"The Woman in Blue","floor":10,"gold_loss":0},{"damage_healed":0,"gold_gain":0,"player_choice":"Take Wound","damage_taken":0,"relics_obtained":["Golden Idol"],"max_hp_gain":0,"max_hp_loss":0,"event_name":"Golden Idol","floor":14,"gold_loss":0,"cards_obtained":["Injury"]},{"damage_healed":0,"gold_gain":0,"player_choice":"1 cards matched","damage_taken":0,"max_hp_gain":0,"max_hp_loss":0,"event_name":"Match and Keep!","floor":21,"gold_loss":0,"cards_obtained":["Zap"]}],"is_beta":false,"boss_relics":[{"not_picked":["aspiration:SilentSkillbook","aspiration:PoetsPen_weak"],"picked":"Black Star"}],"items_purged_floors":[0,13,19],"is_endless":false,"potions_floor_spawned":[5,6,8],"killed_by":"Gremlin Leader","ascension_level":0}}