{"host":"gk336il5jfnqajsw","time":1611203964,"event":{"mods":["2.2 Compatiblity","AchievementEnabler","BaseMod","Colored Powertips","Minty Spire (QoL Compilation)","Relic Stats","StSLib"],"gold_per_floor":[116,191,208,57,70,96,107,107,153,53,63,86,105,115,115,212,212,223,26,125,139,139,168,168,180,205,205,239,89,105,105,105,206,206,220,230,242,242,258,288,288,308,308,308,12,12,24,24,24,24,24,24,24,24,24],"floor_reached":54,"language":"ENG","playtime":3416,"items_purged":["Doubt","Strike_R","Strike_R","Defend_R"],"score":709,"play_id":"ed1b879d-521e-48b4-91f5-ec23c500cf32","local_time":"20210120213924","is_ascension_mode":false,"campfire_choices":[{"data":"Berserk","floor":8,"key":"SMITH"},{"data":"True Grit","floor":15,"key":"SMITH"},{"data":"Double Tap","floor":24,"key":"SMITH"},{"data":"Rampage","floor":32,"key":"SMITH"},{"data":"Shockwave","floor":41,"key":"SMITH"},{"data":"Offering","floor":44,"key":"SMITH"},{"floor":46,"key":"RECALL"},{"floor":49,"key":"REST"},{"data":"Battle Trance","floor":52,"key":"SMITH"}],"circlet_count":0,"master_deck":["Defend_R","Bash","Berserk+1","Shrug It Off","Thunderclap","Rampage+1","Shockwave+1","Reaper","Battle Trance+1","True Grit+1","Double Tap+1","Clothesline+1","Ghostly Armor+1","Body Slam+1","Burning Pact","Headbutt+1","Shrug It Off+1","Heavy Blade","Offering+1","Impervious"],"relics":["Burning Blood","Question Card","Tiny Chest","Astrolabe","Toy Ornithopter","Regal Pillow","Ornamental Fan","Pen Nib","Black Star","White Beast Statue","Ancient Tea Set","HornCleat","Akabeko","Dead Branch"],"acts_visited":["Exordium","TheCity","TheBeyond","TheEnding"],"potions_floor_usage":[6,11,11,23,23,28,28,33,37,39,40,50],"damage_taken":[{"damage":10,"enemies":"2 Louse","floor":1,"turns":3},{"damage":11,"enemies":"Jaw Worm","floor":3,"turns":4},{"damage":0,"enemies":"Small Slimes","floor":5,"turns":3},{"damage":25,"enemies":"Gremlin Nob","floor":6,"turns":4},{"damage":7,"enemies":"Looter","floor":7,"turns":3},{"damage":31,"enemies":"Large Slime","floor":11,"turns":6},{"damage":14,"enemies":"Lots of Slimes","floor":13,"turns":5},{"damage":9,"enemies":"Blue Slaver","floor":14,"turns":5},{"damage":26,"enemies":"Hexaghost","floor":16,"turns":11},{"damage":27,"enemies":"3 Byrds","floor":18,"turns":5},{"damage":5,"enemies":"Shell Parasite","floor":21,"turns":6},{"damage":23,"enemies":"Gremlin Leader","floor":23,"turns":9},{"damage":9,"enemies":"Snecko","floor":25,"turns":6},{"damage":16,"enemies":"Slavers","floor":28,"turns":5},{"damage":12,"enemies":"Centurion and Healer","floor":30,"turns":6},{"damage":58,"enemies":"Collector","floor":33,"turns":10},{"damage":15,"enemies":"Orb Walker","floor":35,"turns":5},{"damage":30,"enemies":"3 Shapes","floor":36,"turns":5},{"damage":14,"enemies":"Jaw Worm Horde","floor":37,"turns":5},{"damage":18,"enemies":"Sphere and 2 Shapes","floor":39,"turns":6},{"damage":54,"enemies":"Reptomancer","floor":40,"turns":6},{"damage":28,"enemies":"4 Shapes","floor":42,"turns":6},{"damage":9,"enemies":"Spire Growth","floor":47,"turns":4},{"damage":71,"enemies":"Donu and Deca","floor":50,"turns":12},{"damage":68,"enemies":"Shield and Spear","floor":54,"turns":6}],"seed_played":"-4592072443211280131","potions_obtained":[{"floor":1,"key":"BlessingOfTheForge"},{"floor":6,"key":"Explosive Potion"},{"floor":7,"key":"Explosive Potion"},{"floor":13,"key":"Swift Potion"},{"floor":18,"key":"DistilledChaos"},{"floor":21,"key":"Energy Potion"},{"floor":25,"key":"SkillPotion"},{"floor":28,"key":"BloodPotion"},{"floor":33,"key":"Fire Potion"},{"floor":36,"key":"ColorlessPotion"},{"floor":37,"key":"LiquidBronze"},{"floor":40,"key":"LiquidMemories"},{"floor":42,"key":"Strength Potion"},{"floor":47,"key":"CultistPotion"}],"is_trial":false,"path_per_floor":["M","?","M","$","M","E","M","R","T","$","M","T","M","M","R","B",null,"M","$","?","M","?","E","R","M","T","T","E","$","M","?","R","B",null,"M","M","M","?","M","E","R","M","T","R","$","R","M","T","R","B",null,"R","$","E"],"character_chosen":"IRONCLAD","items_purchased":["Rampage","Burning Pact","Impervious","Akabeko"],"campfire_rested":1,"item_purchase_floors":[4,19,45,45],"current_hp_per_floor":[76,65,60,60,66,47,46,46,46,46,31,31,43,46,46,26,80,71,71,71,78,78,63,63,60,60,60,60,60,66,66,66,49,80,71,53,62,62,63,38,38,48,48,48,48,48,45,45,80,15,80,80,80,12,12],"gold":24,"neow_bonus":"THREE_RARE_CARDS","is_daily":false,"chose_seed":false,"campfire_upgraded":7,"win_rate":0.0,"timestamp":1611203964,"path_taken":["M","?","M","$","M","E","M","R","T","$","M","?","M","?","R","BOSS","M","$","?","M","?","E","R","M","T","?","E","$","M","?","R","BOSS","M","M","?","?","M","E","R","M","T","R","$","R","M","?","R","BOSS","R","$","E"],"items_purchased_type":["Card","Card","Card","Relic"],"build_version":"2020-12-22","purchased_purges":4,"victory":false,"max_hp_per_floor":[80,80,80,80,80,80,80,80,80,80,80,80,80,80,80,80,80,80,80,80,80,80,80,80,80,80,80,80,80,80,80,80,80,80,80,80,80,80,80,80,80,80,80,80,80,80,80,80,80,80,80,80,80,80,80],"relic_stats":{"Regal Pillow":11,"counters":[25,146],"Ornamental Fan":[92],"Astrolabe":["Clothesline","Ghostly Armor","Body Slam"],"Dead Branch":[34],"Tiny Chest":2,"Pen Nib":[15],"Black Star":1,"Question Card":19,"obtain_stats":[{"Regal Pillow":26,"Astrolabe":17,"Dead Branch":48,"Pen Nib":28,"Question Card":6,"Ancient Tea Set":40,"Burning Blood":0,"White Beast Statue":40,"Akabeko":45,"HornCleat":43,"Ornamental Fan":27,"Tiny Chest":12,"Black Star":34,"Toy Ornithopter":23},{"Regal Pillow":13,"Astrolabe":9,"Dead Branch":23,"Pen Nib":14,"Question Card":4,"Ancient Tea Set":21,"Burning Blood":0,"White Beast Statue":21,"Akabeko":22,"HornCleat":22,"Ornamental Fan":13,"Tiny Chest":6,"Black Star":16,"Toy Ornithopter":12},{"Regal Pillow":70,"Astrolabe":44,"Dead Branch":128,"Pen Nib":75,"Question Card":14,"Ancient Tea Set":118,"Burning Blood":0,"White Beast Statue":118,"Akabeko":124,"HornCleat":124,"Ornamental Fan":70,"Tiny Chest":23,"Black Star":91,"Toy Ornithopter":64}],"Burning Blood":144,"Toy Ornithopter":25},"card_choices":[{"not_picked":["Barricade","Corruption"],"picked":"Berserk","floor":0},{"not_picked":["Warcry","Twin Strike"],"picked":"Shrug It Off","floor":1},{"not_picked":["Iron Wave","Infernal Blade"],"picked":"Thunderclap","floor":3},{"not_picked":["Anger","Flex"],"picked":"Shockwave","floor":5},{"not_picked":["Combust","Pummel"],"picked":"Reaper","floor":6},{"not_picked":["Reckless Charge","Clothesline","Iron Wave","Cleave"],"picked":"SKIP","floor":7},{"not_picked":["Whirlwind","Combust","Armaments"],"picked":"Battle Trance","floor":11},{"not_picked":["Infernal Blade","Warcry","Twin Strike"],"picked":"True Grit","floor":13},{"not_picked":["Thunderclap","Perfected Strike","Sword Boomerang","Wild Strike"],"picked":"SKIP","floor":14},{"not_picked":["Exhume","Limit Break","Reaper"],"picked":"Double Tap","floor":16},{"not_picked":["Twin Strike","Cleave","Disarm+1","Havoc"],"picked":"SKIP","floor":18},{"not_picked":["Sword Boomerang","Warcry","Spot Weakness"],"picked":"Headbutt+1","floor":21},{"not_picked":["Feed","Inflame","Anger","Burning Pact"],"picked":"SKIP","floor":23},{"not_picked":["Armaments","Metallicize+1","Headbutt"],"picked":"Shrug It Off+1","floor":25},{"not_picked":["Corruption","Inflame","Rampage","Warcry+1"],"picked":"SKIP","floor":28},{"not_picked":["Burning Pact+1","Armaments","Twin Strike","Intimidate"],"picked":"SKIP","floor":30},{"not_picked":["Bludgeon","Feed","Exhume"],"picked":"Offering","floor":33},{"not_picked":["Armaments","Ghostly Armor+1","Anger","Whirlwind+1"],"picked":"SKIP","floor":35},{"not_picked":["Clash","Thunderclap","Havoc+1","Wild Strike"],"picked":"SKIP","floor":36},{"not_picked":["Sword Boomerang+1","Shrug It Off","Twin Strike","Ghostly Armor"],"picked":"SKIP","floor":37},{"not_picked":["True Grit+1","Headbutt","Armaments+1","Intimidate"],"picked":"SKIP","floor":39},{"not_picked":["Heavy Blade+1","Sword Boomerang+1","Battle Trance+1","Dual Wield+1"],"picked":"SKIP","floor":40},{"not_picked":["Warcry+1","Iron Wave+1","Combust","Heavy Blade+1"],"picked":"SKIP","floor":42},{"not_picked":["Carnage","Power Through+1","Havoc+1","Barricade"],"picked":"SKIP","floor":47}],"player_experience":557179,"relics_obtained":[{"floor":6,"key":"Question Card"},{"floor":12,"key":"Tiny Chest"},{"floor":23,"key":"Toy Ornithopter"},{"floor":26,"key":"Regal Pillow"},{"floor":27,"key":"Ornamental Fan"},{"floor":28,"key":"Pen Nib"},{"floor":40,"key":"White Beast Statue"},{"floor":40,"key":"Ancient Tea Set"},{"floor":43,"key":"HornCleat"},{"floor":48,"key":"Dead Branch"}],"event_choices":[{"damage_healed":0,"gold_gain":75,"player_choice":"Gather Gold","damage_taken":11,"max_hp_gain":0,"max_hp_loss":0,"event_name":"World of Goop","floor":2,"gold_loss":0},{"damage_healed":0,"gold_gain":99,"player_choice":"Stole From Cult","damage_taken":0,"max_hp_gain":0,"max_hp_loss":0,"event_name":"Nest","floor":20,"gold_loss":0},{"cards_removed":["Strike_R"],"damage_healed":0,"gold_gain":0,"player_choice":"Elegance","damage_taken":0,"max_hp_gain":0,"max_hp_loss":0,"event_name":"Back to Basics","floor":22,"gold_loss":0},{"damage_healed":0,"gold_gain":0,"cards_transformed":["Defend_R"],"player_choice":"Transformed","damage_taken":0,"max_hp_gain":0,"max_hp_loss":0,"event_name":"Transmorgrifier","floor":31,"gold_loss":0,"cards_obtained":["Heavy Blade"]},{"damage_healed":0,"gold_gain":0,"player_choice":"Ignored","damage_taken":0,"max_hp_gain":0,"max_hp_loss":0,"event_name":"Tomb of Lord Red Mask","floor":38,"gold_loss":0}],"is_beta":false,"boss_relics":[{"not_picked":["SacredBark","Runic Dome"],"picked":"Astrolabe"},{"not_picked":["Tiny House","Runic Cube"],"picked":"Black Star"}],"items_purged_floors":[4,10,19,29],"is_endless":false,"potions_floor_spawned":[1,6,7,13,18,21,25,28,33,36,37,40,42,47],"killed_by":"Shield and Spear","ascension_level":0}}