{"host":"3twtdwjpiqhvvn5s","time":1611228199,"event":{"mods":["AchievementEnabler","Act Like it!","Aspiration","BaseMod","BetterRewards","Colored Map","Colored Powertips","Downfall","Duelist Mod","Friendly Minions","GifTheSpireLib","Hallownest","Hermit","Hubris","Infinite Spire","Jorbs\u0027s Wanderer Trilogy","Koishi","KomeijiMod","Marisa????????","Minty Spire (QoL Compilation)","Random Character Mod","Rare Cards Sparkle","Shop Mod","StSLib","Td1madao Mod","The Administrix","The Animator","The Bug Knight","The Caster","The Cursed","The Disciple","The Hierophant","The Necromancer","The Poker Player","The Runesmith","The Servant 0.9.4","TheFirefly"],"gold_per_floor":[119,136,146,162,179,195,208,208,262,277,277,309,329,349,349,453,453,472,489,507,507,507],"floor_reached":21,"language":"ENG","playtime":33971,"items_purged":[],"score":191,"play_id":"914506b0-eb64-462f-804a-2d9239453439","local_time":"20210121052319","daily_mods":["Chimera","Blue Cards","Night Terrors"],"is_ascension_mode":false,"campfire_choices":[{"data":"Static Discharge","floor":8,"key":"SMITH"},{"data":"Lockon","floor":15,"key":"SMITH"}],"circlet_count":0,"master_deck":["Survivor","Zap","Eruption","Strike_R","Strike_B","Defend_R","Defend_G","Defend_P","Scrape","Chill","Steam","Static Discharge+1","Beam Cell","Lockon+1","Go for the Eyes","Lockon"],"relics":["Uniform","Bronze Scales","hubris:Towel","hubris:SlimyHat","Empty Cage"],"acts_visited":["Exordium","TheCity"],"potions_floor_usage":[12,12,12,13,16,20],"damage_taken":[{"damage":0,"enemies":"2 Louse","floor":1,"turns":4},{"damage":2,"enemies":"Small Slimes","floor":2,"turns":4},{"damage":0,"enemies":"Jaw Worm","floor":3,"turns":4},{"damage":13,"enemies":"Large Slime","floor":4,"turns":11},{"damage":8,"enemies":"Exordium Wildlife","floor":5,"turns":7},{"damage":6,"enemies":"Blue Slaver","floor":6,"turns":5},{"damage":0,"enemies":"Large Slime","floor":7,"turns":3},{"damage":0,"enemies":"2 Fungi Beasts","floor":10,"turns":5},{"damage":3,"enemies":"Lagavulin","floor":12,"turns":6},{"damage":0,"enemies":"Looter","floor":13,"turns":3},{"damage":0,"enemies":"Blue Slaver","floor":14,"turns":3},{"damage":19,"enemies":"Hexaghost","floor":16,"turns":7},{"damage":30,"enemies":"Shell Parasite","floor":18,"turns":4},{"damage":4,"enemies":"Spheric Guardian","floor":19,"turns":3},{"damage":16,"enemies":"Snake Plant","floor":20,"turns":4},{"damage":17,"enemies":"3 Cultists","floor":21,"turns":4}],"seed_played":"-1593215211288062490","potions_obtained":[{"floor":6,"key":"SkillPotion"},{"floor":7,"key":"Dexterity Potion"},{"floor":10,"key":"ColorlessPotion"},{"floor":12,"key":"SkillPotion"},{"floor":14,"key":"BlessingOfTheForge"},{"floor":18,"key":"EssenceOfSteel"}],"is_trial":true,"path_per_floor":["M","M","M","M","M","M","M","R","T","M","?","E","M","M","R","B",null,"M","M","M","M"],"character_chosen":"THE_SERVANT","items_purchased":[],"campfire_rested":0,"item_purchase_floors":[],"current_hp_per_floor":[65,63,63,50,42,36,36,36,36,36,36,33,33,33,33,14,65,35,31,15,0,0],"gold":507,"neow_bonus":"","is_daily":false,"chose_seed":false,"campfire_upgraded":2,"win_rate":0.0,"timestamp":1611228199,"path_taken":["M","M","M","M","M","M","M","R","T","M","?","E","M","M","R","BOSS","M","M","M","M"],"items_purchased_type":[],"build_version":"2020-12-22","purchased_purges":0,"victory":false,"max_hp_per_floor":[65,65,65,65,65,65,65,65,65,65,65,65,65,65,65,65,65,65,65,65,65,65],"card_choices":[{"not_picked":["BottledTime","Replace"],"picked":"Scrape","floor":1},{"not_picked":["Rewind","BestPractice"],"picked":"Chill","floor":2},{"not_picked":["Starlight","DualDimension"],"picked":"Steam","floor":3},{"not_picked":["Hologram","Compile Driver"],"picked":"Static Discharge","floor":4},{"not_picked":["Sabotage","Rearm","Rebound"],"picked":"SKIP","floor":5},{"not_picked":["Force Field","Electrodynamics"],"picked":"Beam Cell","floor":6},{"not_picked":["FanOfKnives","Gouge","FastForward"],"picked":"SKIP","floor":7},{"not_picked":["Read","Defy"],"picked":"Lockon","floor":10},{"not_picked":["Core Surge","Auto Shields","Revamp"],"picked":"SKIP","floor":12},{"not_picked":["Darkness","Stack"],"picked":"Go for the Eyes","floor":13},{"not_picked":["Manipulate","Replace"],"picked":"Lockon","floor":14},{"not_picked":["Revamp","Defy","Unruled"],"picked":"SKIP","floor":18},{"not_picked":["Starlight","Rewind","Unruled"],"picked":"SKIP","floor":19},{"not_picked":["FastForward","Moonlight+1","Spin+1"],"picked":"SKIP","floor":20}],"player_experience":1998322,"relics_obtained":[{"floor":9,"key":"Bronze Scales"},{"floor":12,"key":"hubris:SlimyHat"}],"event_choices":[],"is_beta":false,"boss_relics":[{"not_picked":["Cursed Key","Tiny House"],"picked":"Empty Cage"}],"items_purged_floors":[],"is_endless":false,"potions_floor_spawned":[6,7,10,12,14,18],"killed_by":"3 Cultists","ascension_level":0}}