{"host":"jlk2k69f9c6o7b3e","time":1611233677,"event":{"mods":["BaseMod","Minty Spire (QoL Compilation)","StSLib"],"gold_per_floor":[114,131,131,81,100,135,135,135,205,231,76,95,129,139,139,242,242,253,253,266,282,282,311,311,321,321,340,340,355,385,403,403,499,499,512,293,307,325,375,408,408,408,408,45,79,93,120,143,155,167,179,191,5,35,35],"floor_reached":56,"language":"ZHS","playtime":5334,"items_purged":["Strike_G"],"score":1565,"play_id":"1a19d2c4-a369-4fae-b39f-62e2a53fc12d","local_time":"20210121205437","is_ascension_mode":true,"campfire_choices":[{"floor":15.0,"key":"REST"},{"data":"Storm of Steel","floor":24.0,"key":"SMITH"},{"floor":28.0,"key":"REST"},{"data":"Calculated Gamble","floor":32.0,"key":"SMITH"},{"floor":41.0,"key":"RECALL"},{"data":"Infinite Blades","floor":49.0,"key":"SMITH"},{"data":"Accuracy","floor":52.0,"key":"SMITH"}],"circlet_count":0,"master_deck":["Strike_G","Strike_G","Strike_G","Strike_G","Defend_G","Defend_G","Defend_G","Defend_G","Defend_G","Survivor","Neutralize","Deadly Poison","Heel Hook","Poisoned Stab","Well Laid Plans","Dash","Calculated Gamble+1","Reflex","Storm of Steel+1","Distraction+1","Backstab","Finisher","Venomology","Die Die Die+1","Infinite Blades+1","Unload+1","Underhanded Strike+1","Terror+1","Catalyst+1","Calculated Gamble","Accuracy+1","Terror","Noxious Fumes","Infinite Blades+1"],"relics":["Ring of the Snake","Incense Burner","InkBottle","White Beast Statue","Tingsha","Snake Skull","Oddly Smooth Stone","Blood Vial","WristBlade","Dead Branch","Molten Egg 2","Happy Flower","HoveringKite","Toy Ornithopter","The Specimen","Centennial Puzzle","Eternal Feather","Mummified Hand","Peace Pipe","Mercury Hourglass","MawBank","Bronze Scales","Lantern"],"acts_visited":["Exordium","TheCity","TheBeyond","TheEnding"],"potions_floor_usage":[55,55,55,55],"damage_taken":[{"damage":0.0,"enemies":"Cultist","floor":1.0,"turns":4.0},{"damage":9.0,"enemies":"Small Slimes","floor":2.0,"turns":3.0},{"damage":5.0,"enemies":"2 Louse","floor":5.0,"turns":3.0},{"damage":28.0,"enemies":"Lagavulin","floor":6.0,"turns":7.0},{"damage":8.0,"enemies":"Gremlin Nob","floor":10.0,"turns":4.0},{"damage":7.0,"enemies":"Large Slime","floor":12.0,"turns":5.0},{"damage":2.0,"enemies":"Lagavulin","floor":13.0,"turns":6.0},{"damage":0.0,"enemies":"Blue Slaver","floor":14.0,"turns":3.0},{"damage":22.0,"enemies":"The Guardian","floor":16.0,"turns":8.0},{"damage":0.0,"enemies":"Spheric Guardian","floor":18.0,"turns":1.0},{"damage":21.0,"enemies":"2 Thieves","floor":20.0,"turns":3.0},{"damage":0.0,"enemies":"Snake Plant","floor":21.0,"turns":2.0},{"damage":55.0,"enemies":"Book of Stabbing","floor":23.0,"turns":8.0},{"damage":8.0,"enemies":"Shelled Parasite and Fungi","floor":25.0,"turns":4.0},{"damage":0.0,"enemies":"Sentry and Sphere","floor":27.0,"turns":2.0},{"damage":0.0,"enemies":"Snake Plant","floor":29.0,"turns":1.0},{"damage":0.0,"enemies":"Gremlin Leader","floor":30.0,"turns":4.0},{"damage":0.0,"enemies":"Snecko","floor":31.0,"turns":1.0},{"damage":0.0,"enemies":"Collector","floor":33.0,"turns":6.0},{"damage":2.0,"enemies":"3 Darklings","floor":35.0,"turns":3.0},{"damage":8.0,"enemies":"Orb Walker","floor":37.0,"turns":2.0},{"damage":5.0,"enemies":"Spire Growth","floor":38.0,"turns":3.0},{"damage":25.0,"enemies":"Mind Bloom Boss Battle","floor":39.0,"turns":4.0},{"damage":2.0,"enemies":"Reptomancer","floor":40.0,"turns":4.0},{"damage":0.0,"enemies":"Nemesis","floor":45.0,"turns":1.0},{"damage":0.0,"enemies":"Transient","floor":46.0,"turns":5.0},{"damage":13.0,"enemies":"Giant Head","floor":47.0,"turns":2.0},{"damage":58.0,"enemies":"Time Eater","floor":50.0,"turns":7.0},{"damage":24.0,"enemies":"Shield and Spear","floor":54.0,"turns":3.0},{"damage":79,"enemies":"The Heart","floor":55,"turns":3}],"seed_played":"5601698819696134576","potions_obtained":[{"floor":2.0,"key":"Dexterity Potion"},{"floor":6.0,"key":"FearPotion"},{"floor":10.0,"key":"SpeedPotion"},{"floor":12.0,"key":"Strength Potion"},{"floor":13.0,"key":"AttackPotion"},{"floor":14.0,"key":"AttackPotion"},{"floor":16.0,"key":"Dexterity Potion"},{"floor":18.0,"key":"BlessingOfTheForge"},{"floor":20.0,"key":"FearPotion"},{"floor":21.0,"key":"SkillPotion"},{"floor":22.0,"key":"Fruit Juice"},{"floor":22.0,"key":"Regen Potion"},{"floor":22.0,"key":"BlessingOfTheForge"},{"floor":23.0,"key":"Strength Potion"},{"floor":25.0,"key":"Block Potion"},{"floor":27.0,"key":"DistilledChaos"},{"floor":29.0,"key":"Fire Potion"},{"floor":30.0,"key":"LiquidBronze"},{"floor":31.0,"key":"Fruit Juice"},{"floor":33.0,"key":"SkillPotion"},{"floor":35.0,"key":"Block Potion"},{"floor":37.0,"key":"SkillPotion"},{"floor":38.0,"key":"LiquidMemories"},{"floor":39.0,"key":"Swift Potion"},{"floor":45.0,"key":"Explosive Potion"},{"floor":47.0,"key":"GamblersBrew"},{"floor":54.0,"key":"GamblersBrew"}],"is_trial":false,"path_per_floor":["M","M","T","?","M","E","?","?","T","E","$","M","E","M","R","B",null,"M","?","M","M","?","E","R","M","T","M","R","M","E","M","R","B",null,"M","$","M","M","?","E","R","?","T","$","E","M","E","T","R","B",null,"R","$","E","B",null],"character_chosen":"THE_SILENT","items_purchased":["Oddly Smooth Stone","Toy Ornithopter","Mummified Hand","Accuracy","Terror","Bronze Scales","AttackPotion"],"campfire_rested":2,"item_purchase_floors":[11,36,44,44,44,53,53],"current_hp_per_floor":[70,61,61,61,56,28,28,21,21,13,13,6,4,6,27,7,70,70,57,38,40,45,7,7,1,1,3,27,29,31,38,38,40,85,83,83,77,80,70,70,70,70,70,70,82,85,72,72,85,42,85,85,85,61,4],"gold":35,"neow_bonus":"ONE_RARE_RELIC","is_daily":false,"chose_seed":false,"campfire_upgraded":4,"win_rate":0.0,"timestamp":1611233677,"path_taken":["M","M","?","?","M","E","?","?","T","E","$","?","E","M","R","BOSS","M","?","M","M","?","E","R","M","T","?","R","M","E","M","R","BOSS","M","$","M","M","?","E","R","?","T","$","E","M","E","?","R","BOSS","R","$","E","BOSS"],"items_purchased_type":["Relic","Relic","Relic","Card","Card","Relic","Potion"],"build_version":"2020-12-22","purchased_purges":1,"victory":true,"max_hp_per_floor":[70,70,70,70,70,70,70,70,70,70,70,70,70,70,70,70,70,70,75,75,75,80,80,80,80,80,80,80,80,80,85,85,85,85,85,85,85,85,85,85,85,85,85,85,85,85,85,85,85,85,85,85,85,85,85],"card_choices":[{"not_picked":["Calculated Gamble","Deflect"],"picked":"Deadly Poison","floor":1.0},{"not_picked":["Prepared","Flying Knee"],"picked":"Heel Hook","floor":2.0},{"not_picked":["Dagger Throw","Concentrate"],"picked":"Poisoned Stab","floor":5.0},{"not_picked":["Poisoned Stab","Flechettes"],"picked":"Well Laid Plans","floor":6.0},{"not_picked":["Masterful Stab","Sucker Punch","Flying Knee"],"picked":"SKIP","floor":10.0},{"not_picked":["Underhanded Strike","Bane"],"picked":"Dash","floor":12.0},{"not_picked":["Bane","Concentrate"],"picked":"Calculated Gamble","floor":13.0},{"not_picked":["Dagger Throw","Deadly Poison"],"picked":"Reflex","floor":14.0},{"not_picked":["After Image","Die Die Die"],"picked":"Storm of Steel","floor":16.0},{"not_picked":["PiercingWail","Underhanded Strike","Cloak And Dagger"],"picked":"SKIP","floor":18.0},{"not_picked":["Dodge and Roll","Outmaneuver","Skewer"],"picked":"SKIP","floor":20.0},{"not_picked":["Well Laid Plans+1","Acrobatics"],"picked":"Distraction+1","floor":21.0},{"not_picked":["Finisher","Dash"],"picked":"Backstab","floor":23.0},{"not_picked":["Dagger Throw","Backflip"],"picked":"Finisher","floor":25.0},{"not_picked":["Deadly Poison","Quick Slash+1"],"picked":"Venomology","floor":27.0},{"not_picked":["Deadly Poison","Dagger Spray+1","Cloak And Dagger"],"picked":"SKIP","floor":29.0},{"not_picked":["Caltrops+1","Flying Knee+1"],"picked":"Die Die Die+1","floor":30.0},{"not_picked":["Dagger Throw+1","Cloak And Dagger"],"picked":"Infinite Blades+1","floor":31.0},{"not_picked":["Tools of the Trade","Grand Finale+1"],"picked":"Unload+1","floor":33.0},{"not_picked":["Catalyst+1","Riddle With Holes+1"],"picked":"Underhanded Strike+1","floor":35.0},{"not_picked":["Deflect+1","Slice+1"],"picked":"Terror+1","floor":37.0},{"not_picked":["Blade Dance","Flechettes+1","Finisher+1"],"picked":"SKIP","floor":38.0},{"not_picked":["Backflip+1","Flying Knee+1"],"picked":"Catalyst+1","floor":39.0},{"not_picked":["Riddle With Holes+1","Distraction"],"picked":"Calculated Gamble","floor":40.0},{"not_picked":["Caltrops","Crippling Poison+1"],"picked":"Noxious Fumes","floor":45.0},{"not_picked":["Outmaneuver+1","Dagger Spray+1","Flechettes+1"],"picked":"SKIP","floor":46.0},{"not_picked":["Dodge and Roll+1","Grand Finale+1"],"picked":"Infinite Blades","floor":47.0},{"not_picked":["Flying Knee+1","Sucker Punch+1","Dagger Spray+1"],"picked":"SKIP","floor":54.0}],"player_experience":264314,"relics_obtained":[{"floor":3.0,"key":"InkBottle"},{"floor":6.0,"key":"White Beast Statue"},{"floor":10.0,"key":"Snake Skull"},{"floor":13.0,"key":"Blood Vial"},{"floor":23.0,"key":"Dead Branch"},{"floor":26.0,"key":"Molten Egg 2"},{"floor":30.0,"key":"Happy Flower"},{"floor":39.0,"key":"The Specimen"},{"floor":40.0,"key":"Centennial Puzzle"},{"floor":43.0,"key":"Eternal Feather"},{"floor":45.0,"key":"Peace Pipe"},{"floor":47.0,"key":"Mercury Hourglass"},{"floor":48.0,"key":"MawBank"},{"floor":54.0,"key":"Lantern"}],"event_choices":[{"cards_removed":["Injury"],"damage_healed":0.0,"max_hp_gain":0.0,"max_hp_loss":0.0,"gold_gain":0.0,"event_name":"The Cleric","player_choice":"Card Removal","floor":4.0,"gold_loss":50.0,"damage_taken":0.0},{"damage_healed":0.0,"max_hp_gain":0.0,"max_hp_loss":0.0,"gold_gain":0.0,"event_name":"Big Fish","player_choice":"Box","floor":7.0,"gold_loss":0.0,"damage_taken":0.0,"relics_obtained":["Tingsha"],"cards_obtained":["Regret"]},{"cards_removed":["Regret"],"damage_healed":0.0,"max_hp_gain":0.0,"max_hp_loss":0.0,"gold_gain":0.0,"event_name":"Golden Wing","player_choice":"Card Removal","floor":8.0,"gold_loss":0.0,"damage_taken":7.0},{"damage_healed":0.0,"max_hp_gain":5.0,"max_hp_loss":0.0,"gold_gain":0.0,"event_name":"Forgotten Altar","player_choice":"Shed Blood","floor":19.0,"gold_loss":0.0,"damage_taken":18.0},{"damage_healed":0.0,"max_hp_gain":0.0,"max_hp_loss":0.0,"gold_gain":0.0,"event_name":"Lab","player_choice":"Got Potions","floor":22.0,"gold_loss":0.0,"damage_taken":0.0},{"damage_healed":0.0,"max_hp_gain":0.0,"max_hp_loss":0.0,"gold_gain":0.0,"event_name":"MindBloom","player_choice":"Fight","floor":39.0,"gold_loss":0.0,"damage_taken":0.0},{"damage_healed":0.0,"max_hp_gain":0.0,"max_hp_loss":0.0,"gold_gain":0.0,"event_name":"Tomb of Lord Red Mask","player_choice":"Ignored","floor":42.0,"gold_loss":0.0,"damage_taken":0.0}],"is_beta":false,"boss_relics":[{"not_picked":["Busted Crown","Runic Pyramid"],"picked":"WristBlade"},{"not_picked":["SlaversCollar","Velvet Choker"],"picked":"HoveringKite"}],"items_purged_floors":[36],"is_endless":false,"potions_floor_spawned":[2,6,10,12,13,14,16,18,20,21,23,25,27,29,30,31,33,35,37,38,39,40,45,46,47,54],"ascension_level":3}}