{"host":"ci7ivtocgfxh0ueo","time":1611241688,"event":{"mods":["BaseMod","GifTheSpireLib","Minty Spire (QoL Compilation)","StSLib"],"gold_per_floor":[116,132,45,65,65,65,78,94,166,166,36,54,71,126,126,203,203,219,232,232,232,232],"floor_reached":21,"language":"ZHT","playtime":626,"items_purged":["Normality"],"score":329,"play_id":"49cb6797-d134-4a44-8138-d7b21f7af9af","local_time":"20210121230808","is_ascension_mode":true,"campfire_choices":[{"floor":6,"key":"REST"},{"data":"Uppercut","floor":10,"key":"SMITH"},{"floor":15,"key":"REST"}],"circlet_count":0,"master_deck":["AscendersBane","Bash","Limit Break","Blood for Blood","Ghostly Armor","Metallicize","Uppercut+1","Flex","Rage","Heavy Blade","Corruption","Demon Form","Shockwave","Battle Trance","Spot Weakness","Fire Breathing","Sentinel","Juggernaut","Inflame","Ghostly Armor"],"relics":["Burning Blood","Ice Cream","Pear","Pandora\u0027s Box"],"acts_visited":["Exordium","TheCity"],"potions_floor_usage":[7,16,16,18,19],"damage_taken":[{"damage":7,"enemies":"2 Louse","floor":1,"turns":3},{"damage":2,"enemies":"Jaw Worm","floor":2,"turns":5},{"damage":7,"enemies":"Cultist","floor":4,"turns":6},{"damage":12,"enemies":"3 Louse","floor":7,"turns":4},{"damage":26,"enemies":"Gremlin Gang","floor":8,"turns":6},{"damage":5,"enemies":"Looter","floor":12,"turns":3},{"damage":20,"enemies":"Exordium Wildlife","floor":13,"turns":6},{"damage":20,"enemies":"Slime Boss","floor":16,"turns":9},{"damage":22,"enemies":"Chosen","floor":18,"turns":5},{"damage":21,"enemies":"3 Byrds","floor":19,"turns":4},{"damage":57,"enemies":"3 Cultists","floor":21,"turns":5}],"seed_played":"-7190121614803429145","potions_obtained":[{"floor":1,"key":"DistilledChaos"},{"floor":8,"key":"Strength Potion"},{"floor":16,"key":"FearPotion"},{"floor":18,"key":"SneckoOil"}],"is_trial":false,"path_per_floor":["M","M","$","M","?","R","M","M","T","R","$","M","M","?","R","B",null,"M","M","?","M"],"character_chosen":"IRONCLAD","items_purchased":["Metallicize","AttackPotion"],"campfire_rested":2,"item_purchase_floors":[3,11],"current_hp_per_floor":[67,71,71,70,25,47,41,21,31,31,31,32,18,18,43,29,71,55,40,40,0,0],"gold":232,"neow_bonus":"TRANSFORM_TWO_CARDS","is_daily":false,"chose_seed":false,"campfire_upgraded":1,"win_rate":0.0,"timestamp":1611241688,"path_taken":["M","M","$","M","?","R","M","M","T","R","$","M","M","?","R","BOSS","M","M","?","?"],"items_purchased_type":["Card","Potion"],"build_version":"2020-12-22","purchased_purges":1,"victory":false,"max_hp_per_floor":[75,75,75,75,75,75,75,75,85,85,85,85,85,85,85,85,85,85,85,85,85,85],"card_choices":[{"not_picked":["Pommel Strike","Shrug It Off"],"picked":"Ghostly Armor","floor":1},{"not_picked":["Dark Embrace","Wild Strike"],"picked":"Iron Wave","floor":2},{"not_picked":["Searing Blow","Sword Boomerang"],"picked":"Uppercut","floor":4},{"not_picked":["Thunderclap","Pommel Strike"],"picked":"Flex","floor":7},{"not_picked":["Dual Wield","Cleave"],"picked":"Rage","floor":8},{"not_picked":["Clash","Thunderclap"],"picked":"Heavy Blade","floor":12},{"not_picked":["Heavy Blade","Clothesline","Pommel Strike"],"picked":"SKIP","floor":13},{"not_picked":["Impervious","Berserk"],"picked":"Corruption","floor":16},{"not_picked":["Heavy Blade","Burning Pact"],"picked":"Inflame","floor":18},{"not_picked":["Clothesline","Rampage","Heavy Blade"],"picked":"SKIP","floor":19}],"player_experience":1345300,"relics_obtained":[{"floor":9,"key":"Pear"}],"event_choices":[{"damage_healed":0,"gold_gain":0,"player_choice":"Success","damage_taken":45,"relics_obtained":["Ice Cream"],"max_hp_gain":0,"max_hp_loss":0,"event_name":"Scrap Ooze","floor":5,"gold_loss":0},{"damage_healed":0,"gold_gain":55,"player_choice":"Gained Gold","damage_taken":0,"max_hp_gain":0,"max_hp_loss":0,"event_name":"Golden Wing","floor":14,"gold_loss":0},{"damage_healed":0,"gold_gain":0,"cards_transformed":["Iron Wave"],"player_choice":"Transformed","damage_taken":0,"max_hp_gain":0,"max_hp_loss":0,"event_name":"Transmorgrifier","floor":20,"gold_loss":0,"cards_obtained":["Ghostly Armor"]}],"is_beta":false,"boss_relics":[{"not_picked":["Ectoplasm","Astrolabe"],"picked":"Pandora\u0027s Box"}],"items_purged_floors":[11],"is_endless":false,"potions_floor_spawned":[1,8,13,16,18],"killed_by":"3 Cultists","ascension_level":18}}