{"host":"yfdtuf6ojcxn06xg","time":1611195644,"event":{"mods":["2.2 Compatiblity","AchievementEnabler","BaseMod","Colored Map","Colored Powertips","Curses Come First","Hermit","JesterMod","Jorbs\u0027s Wanderer Trilogy","Minty Spire (QoL Compilation)","Quick Restart","Rare Cards Sparkle","Relic Stats","Replay The Spire","StSLib","The Cursed","The Disciple","The Hierophant","The Jungle","The Marked","The Necromancer","The Servant 0.9.4"],"gold_per_floor":[109,109,128,138,138,173,200,225,251,251,251,251],"floor_reached":11,"language":"ENG","playtime":474,"items_purged":[],"score":85,"play_id":"dc21763c-a963-4ecd-b93a-85f3248788b1","local_time":"20210120212044","is_ascension_mode":true,"campfire_choices":[{"floor":10,"key":"REST"}],"circlet_count":0,"master_deck":["hermit:Strike_Hermit","hermit:Strike_Hermit","hermit:Defend_Hermit","hermit:Defend_Hermit","hermit:Defend_Hermit","hermit:Defend_Hermit","hermit:Snapshot","hermit:Covet","hermit:Deadeye","hermit:ShadowCloak","hermit:TrackingShot","hermit:LuckOfTheDraw","ReplayTheSpireMod:Splinters","hermit:GhostlyPresence","hermit:ItchyTrigger"],"relics":["hermit:Momento","NeowsBlessing","Replay:Baseball","CaptainsWheel","Vajra","Replay:Wax Seal"],"acts_visited":["Exordium"],"potions_floor_usage":[6,8],"damage_taken":[{"damage":0,"enemies":"Jaw Worm","floor":1,"turns":1},{"damage":0,"enemies":"Cultist","floor":3,"turns":1},{"damage":0,"enemies":"2 Louse","floor":4,"turns":2},{"damage":25,"enemies":"3 Sentries","floor":6,"turns":11},{"damage":22,"enemies":"Gremlin Nob","floor":8,"turns":5},{"damage":15,"enemies":"Lagavulin","floor":11,"turns":7}],"seed_played":"2945514740440399064","potions_obtained":[{"floor":4,"key":"Dexterity Potion"},{"floor":6,"key":"Reflective Coating"}],"is_trial":false,"path_per_floor":["M","?","M","M","?","E","?","E","T","R","E"],"character_chosen":"HERMIT","items_purchased":[],"campfire_rested":1,"item_purchase_floors":[],"current_hp_per_floor":[75,75,75,75,75,50,50,28,28,50,35,35],"gold":251,"neow_bonus":"THREE_ENEMY_KILL","is_daily":false,"chose_seed":false,"campfire_upgraded":0,"win_rate":0.0,"timestamp":1611195644,"path_taken":["M","?","?","M","?","E","?","E","T","R","E"],"items_purchased_type":[],"build_version":"2020-12-22","purchased_purges":0,"victory":false,"max_hp_per_floor":[75,75,75,75,75,75,75,75,75,75,75,75],"relic_stats":{"counters":[6,26],"obtain_stats":[{"Replay:Baseball":6,"CaptainsWheel":7,"NeowsBlessing":0,"Vajra":8,"Replay:Wax Seal":9,"hermit:Momento":0},{"Replay:Baseball":4,"CaptainsWheel":4,"NeowsBlessing":0,"Vajra":5,"Replay:Wax Seal":5,"hermit:Momento":0},{"Replay:Baseball":15,"CaptainsWheel":15,"NeowsBlessing":0,"Vajra":20,"Replay:Wax Seal":20,"hermit:Momento":0}]},"card_choices":[{"not_picked":["hermit:Snipe","hermit:WideOpen"],"picked":"hermit:Deadeye","floor":1},{"not_picked":["hermit:HighCaliber","hermit:Coalescence"],"picked":"hermit:ShadowCloak","floor":3},{"not_picked":["hermit:WideOpen","hermit:BodyArmor"],"picked":"hermit:TrackingShot","floor":4},{"not_picked":["hermit:FullyLoaded","hermit:Manifest"],"picked":"hermit:LuckOfTheDraw","floor":6},{"not_picked":["hermit:Snipe","hermit:Glare"],"picked":"hermit:GhostlyPresence","floor":7},{"not_picked":["hermit:Dissolve","hermit:Feint"],"picked":"hermit:ItchyTrigger","floor":8}],"player_experience":214428,"relics_obtained":[{"floor":6,"key":"Replay:Baseball"},{"floor":7,"key":"CaptainsWheel"},{"floor":8,"key":"Vajra"},{"floor":9,"key":"Replay:Wax Seal"}],"event_choices":[{"cards_removed":["hermit:Strike_Hermit"],"damage_healed":0,"gold_gain":0,"player_choice":"Offered Basic","damage_taken":0,"max_hp_gain":0,"max_hp_loss":0,"event_name":"Bonfire Elementals","floor":2,"gold_loss":0}],"is_beta":false,"boss_relics":[],"items_purged_floors":[],"is_endless":false,"potions_floor_spawned":[4,6],"killed_by":"Lagavulin","ascension_level":1}}