{"host":"6wux4armhsntp4yb","time":1611223965,"event":{"mods":["BaseMod","Colored Map","DeckTracker","Minty Spire (QoL Compilation)","Relic Stats"],"gold_per_floor":[366,20,40,40,55,55,88,88,88,88,109,134,177,252,252,341,341,364,382,307,307,207,248,248,283,310,310,335,335,335,385,385,385,385],"floor_reached":33,"language":"JPN","playtime":2239,"items_purged":["Strike_G","Strike_G"],"score":632,"play_id":"3e75959e-b9ab-4414-98ea-7f3002ef632d","local_time":"20210121191245","is_ascension_mode":true,"campfire_choices":[{"data":"Dash","floor":6.0,"key":"SMITH"},{"data":"Venomology","floor":8.0,"key":"SMITH"},{"data":"Well Laid Plans","floor":10.0,"key":"SMITH"},{"data":"Calculated Gamble","floor":15.0,"key":"SMITH"},{"data":"Wraith Form v2","floor":24.0,"key":"SMITH"},{"data":"Neutralize","floor":30,"key":"SMITH"},{"data":"Doppelganger","floor":32,"key":"SMITH"}],"circlet_count":0,"master_deck":["AscendersBane","Strike_G","Strike_G","Strike_G","Defend_G","Defend_G","Defend_G","Defend_G","Defend_G+1","Survivor","Neutralize+1","Leg Sweep","Venomology+1","Dash+1","Well Laid Plans+1","Calculated Gamble+1","Crippling Poison","Grand Finale","Heel Hook","Wraith Form v2+1","Prepared+1","Prepared+1","Doppelganger+1","PiercingWail"],"relics":["Ring of the Serpent","Toy Ornithopter","Golden Idol","Mercury Hourglass","Mummified Hand","Dream Catcher","Bag of Preparation","War Paint","Happy Flower"],"acts_visited":["Exordium","TheCity"],"potions_floor_usage":[28,33],"damage_taken":[{"damage":3.0,"enemies":"Cultist","floor":1.0,"turns":5.0},{"damage":1.0,"enemies":"Jaw Worm","floor":3.0,"turns":8.0},{"damage":1.0,"enemies":"Small Slimes","floor":5.0,"turns":4.0},{"damage":30.0,"enemies":"Gremlin Nob","floor":7.0,"turns":6.0},{"damage":0.0,"enemies":"3 Louse","floor":11.0,"turns":3.0},{"damage":0.0,"enemies":"Looter","floor":12.0,"turns":2.0},{"damage":0.0,"enemies":"Lagavulin","floor":13.0,"turns":7.0},{"damage":22.0,"enemies":"The Guardian","floor":16.0,"turns":11.0},{"damage":14.0,"enemies":"Spheric Guardian","floor":18.0,"turns":10.0},{"damage":0.0,"enemies":"Chosen","floor":19.0,"turns":10.0},{"damage":35.0,"enemies":"Slavers","floor":23.0,"turns":7.0},{"damage":3.0,"enemies":"Book of Stabbing","floor":25.0,"turns":6.0},{"damage":2,"enemies":"Centurion and Healer","floor":28,"turns":5},{"damage":55,"enemies":"Champ","floor":33,"turns":17}],"seed_played":"-2991407338187268981","potions_obtained":[{"floor":5.0,"key":"EssenceOfSteel"},{"floor":7.0,"key":"Ancient Potion"},{"floor":11.0,"key":"AttackPotion"},{"floor":18.0,"key":"ColorlessPotion"},{"floor":19.0,"key":"PowerPotion"},{"floor":25,"key":"SteroidPotion"}],"is_trial":false,"path_per_floor":["M","$","M","?","M","R","E","R","T","R","M","M","E","?","R","B",null,"M","M","$","?","$","E","R","E","T","?","M","?","R","?","R","B"],"character_chosen":"THE_SILENT","items_purchased":["Toy Ornithopter","Venomology"],"campfire_rested":0,"item_purchase_floors":[2,2],"current_hp_per_floor":[56,56,60,54,53,53,28,28,28,28,33,38,48,37,37,15,44,35,45,45,45,45,24,24,26,26,26,29,29,29,29,29,0,0],"gold":385,"neow_bonus":"TWO_FIFTY_GOLD","is_daily":false,"chose_seed":false,"campfire_upgraded":7,"win_rate":0.0,"timestamp":1611223965,"path_taken":["M","$","M","?","M","R","E","R","T","R","M","M","E","?","R","BOSS","M","M","$","?","$","E","R","E","T","?","M","?","R","?","R","BOSS"],"items_purchased_type":["Relic","Card"],"build_version":"2020-12-22","purchased_purges":2,"victory":false,"max_hp_per_floor":[60,60,60,54,54,54,54,54,54,54,54,54,54,54,54,54,54,54,54,54,54,54,54,54,54,54,54,54,54,54,54,54,54,54],"relic_stats":{"Dream Catcher":0,"Happy Flower":[7],"counters":[14,101],"Golden Idol":82,"Mummified Hand":[17],"Bag of Preparation":[6],"War Paint":["Defend_G","Prepared"],"obtain_stats":[{"Dream Catcher":13,"Happy Flower":26,"Golden Idol":4,"Mummified Hand":9,"Bag of Preparation":23,"War Paint":25,"Toy Ornithopter":2,"Ring of the Serpent":17,"Ring of the Snake":0,"Mercury Hourglass":7},{"Dream Catcher":7,"Happy Flower":12,"Golden Idol":2,"Mummified Hand":4,"Bag of Preparation":11,"War Paint":12,"Toy Ornithopter":1,"Ring of the Serpent":8,"Ring of the Snake":0,"Mercury Hourglass":4},{"Dream Catcher":35,"Happy Flower":79,"Golden Idol":13,"Mummified Hand":23,"Bag of Preparation":73,"War Paint":79,"Toy Ornithopter":5,"Ring of the Serpent":46,"Ring of the Snake":0,"Mercury Hourglass":23}],"Toy Ornithopter":74,"Mercury Hourglass":[204]},"card_choices":[{"not_picked":["Acrobatics","Reflex"],"picked":"Leg Sweep","floor":1.0},{"not_picked":["Poisoned Stab","PiercingWail"],"picked":"Dash","floor":3.0},{"not_picked":["Slice","Poisoned Stab"],"picked":"Well Laid Plans","floor":5.0},{"not_picked":["Bane","Underhanded Strike"],"picked":"Calculated Gamble","floor":7.0},{"not_picked":["Cloak And Dagger","All Out Attack"],"picked":"Crippling Poison","floor":11.0},{"not_picked":["Slice","Riddle With Holes"],"picked":"Grand Finale","floor":12.0},{"not_picked":["Dodge and Roll","Sucker Punch"],"picked":"Heel Hook","floor":13.0},{"not_picked":["Glass Knife","Envenom"],"picked":"Wraith Form v2","floor":16.0},{"not_picked":["Deflect","PiercingWail"],"picked":"Prepared","floor":18.0},{"not_picked":["Outmaneuver+1","Flying Knee+1"],"picked":"Prepared+1","floor":19.0},{"not_picked":["Underhanded Strike","Eviscerate"],"picked":"Doppelganger","floor":23.0},{"not_picked":["Deadly Poison","Deflect","Backstab"],"picked":"SKIP","floor":25},{"not_picked":["Flying Knee","Flechettes"],"picked":"PiercingWail","floor":28}],"player_experience":5828518,"relics_obtained":[{"floor":7.0,"key":"Mercury Hourglass"},{"floor":9.0,"key":"Mummified Hand"},{"floor":13.0,"key":"Dream Catcher"},{"floor":23.0,"key":"Bag of Preparation"},{"floor":25,"key":"War Paint"},{"floor":26,"key":"Happy Flower"}],"event_choices":[{"damage_healed":0.0,"max_hp_gain":0.0,"max_hp_loss":6.0,"gold_gain":0.0,"event_name":"Golden Idol","player_choice":"Lose Max HP","floor":4.0,"gold_loss":0.0,"damage_taken":0.0,"relics_obtained":["Golden Idol"]},{"damage_healed":0.0,"max_hp_gain":0.0,"max_hp_loss":0.0,"gold_gain":75.0,"event_name":"World of Goop","player_choice":"Gather Gold","floor":14.0,"gold_loss":0.0,"damage_taken":11.0},{"damage_healed":0.0,"max_hp_gain":0.0,"max_hp_loss":0.0,"gold_gain":0.0,"event_name":"The Mausoleum","player_choice":"Ignored","floor":21.0,"gold_loss":0.0,"damage_taken":0.0},{"damage_healed":0,"gold_gain":0,"player_choice":"Ignored","damage_taken":0,"max_hp_gain":0,"max_hp_loss":0,"event_name":"Vampires","floor":27,"gold_loss":0},{"damage_healed":0,"gold_gain":0,"player_choice":"Ignored","damage_taken":0,"max_hp_gain":0,"max_hp_loss":0,"event_name":"Ghosts","floor":29,"gold_loss":0},{"damage_healed":0,"gold_gain":50,"player_choice":"Stole From Cult","damage_taken":0,"max_hp_gain":0,"max_hp_loss":0,"event_name":"Nest","floor":31,"gold_loss":0}],"is_beta":false,"boss_relics":[{"not_picked":["Sozu","Runic Dome"],"picked":"Ring of the Serpent"}],"items_purged_floors":[20,22],"is_endless":false,"potions_floor_spawned":[5,7,11,18,19,25],"killed_by":"Champ","ascension_level":20}}