{"host":"8rqsnaeml9gxb0kp","time":1611211431,"event":{"mods":["AchievementEnabler","BaseMod","Dark Map","Minty Spire (QoL Compilation)","StSLib"],"gold_per_floor":[115,130,140,151,161,161,188,188,188,218,218,253,6,21,21,122,122,134,134,134,149,149,149,165,165,165,165,185,210,65,65,65,165,165,184,202,132,149,200,200,200,200,223,71,83,83,83,4,4,4],"floor_reached":51,"language":"ENG","playtime":1899,"items_purged":["Strike_R+1"],"score":873,"play_id":"115dd2eb-73e7-4f1d-867a-6f6e3653ccfb","local_time":"20210120224351","is_ascension_mode":true,"campfire_choices":[{"data":"Cleave","floor":6,"key":"SMITH"},{"data":"Bash","floor":8,"key":"SMITH"},{"floor":11,"key":"REST"},{"data":"Battle Trance","floor":15,"key":"SMITH"},{"floor":23,"key":"REST"},{"data":"Perfected Strike","floor":25,"key":"SMITH"},{"floor":27,"key":"REST"},{"floor":32,"key":"REST"},{"floor":40,"key":"REST"},{"floor":49,"key":"REST"}],"circlet_count":0,"master_deck":["Strike_R+1","Strike_R+1","Defend_R+1","Defend_R+1","Defend_R+1","Defend_R+1","Bash+1","Perfected Strike+1","Iron Wave","Cleave+1","Battle Trance+1","Twin Strike","Sword Boomerang+1","Clothesline+1","Barricade","Feed+1","Perfected Strike+1","Cleave+1","Reaper+1","Combust+1","Carnage+1","Power Through+1","Flash of Steel+1","Uppercut+1","Power Through+1","Whirlwind+1"],"relics":["Busted Crown","Self Forming Clay","Molten Egg 2","Anchor","Pear","White Beast Statue","SacredBark","Toy Ornithopter","MealTicket","Potion Belt","Enchiridion","SlaversCollar","Unceasing Top","Blood Vial","War Paint"],"acts_visited":["Exordium","TheCity","TheBeyond"],"potions_floor_usage":[12,16,16,24,33,33,33,38,45,50,50,50],"damage_taken":[{"damage":0,"enemies":"Small Slimes","floor":1,"turns":3},{"damage":0,"enemies":"2 Louse","floor":2,"turns":2},{"damage":2,"enemies":"Jaw Worm","floor":3,"turns":3},{"damage":2,"enemies":"Exordium Wildlife","floor":4,"turns":3},{"damage":4,"enemies":"Red Slaver","floor":5,"turns":2},{"damage":20,"enemies":"Lagavulin","floor":7,"turns":5},{"damage":7,"enemies":"3 Sentries","floor":10,"turns":6},{"damage":5,"enemies":"Lagavulin","floor":12,"turns":4},{"damage":0,"enemies":"3 Louse","floor":14,"turns":3},{"damage":30,"enemies":"Slime Boss","floor":16,"turns":7},{"damage":12,"enemies":"Shell Parasite","floor":18,"turns":6},{"damage":12,"enemies":"2 Thieves","floor":21,"turns":3},{"damage":11,"enemies":"Centurion and Healer","floor":24,"turns":4},{"damage":14,"enemies":"Snake Plant","floor":28,"turns":2},{"damage":41,"enemies":"Gremlin Leader","floor":29,"turns":8},{"damage":26,"enemies":"Champ","floor":33,"turns":8},{"damage":6,"enemies":"Orb Walker","floor":35,"turns":3},{"damage":0,"enemies":"3 Shapes","floor":36,"turns":3},{"damage":18,"enemies":"Transient","floor":38,"turns":5},{"damage":73,"enemies":"2 Orb Walkers","floor":39,"turns":6},{"damage":17,"enemies":"Spire Growth","floor":45,"turns":4},{"damage":53,"enemies":"Time Eater","floor":50,"turns":6}],"seed_played":"685599757491992447","potions_obtained":[{"floor":2,"key":"FearPotion"},{"floor":4,"key":"LiquidBronze"},{"floor":7,"key":"Weak Potion"},{"floor":14,"key":"Weak Potion"},{"floor":16,"key":"PowerPotion"},{"floor":18,"key":"ElixirPotion"},{"floor":24,"key":"EssenceOfSteel"},{"floor":29,"key":"SkillPotion"},{"floor":33,"key":"SteroidPotion"},{"floor":35,"key":"SmokeBomb"},{"floor":36,"key":"Fire Potion"},{"floor":38,"key":"LiquidBronze"},{"floor":39,"key":"EssenceOfSteel"},{"floor":45,"key":"Fire Potion"}],"is_trial":false,"path_per_floor":["M","M","M","M","M","R","E","R","T","E","R","E","$","M","R","B",null,"M","?","?","M","?","R","M","R","T","R","M","E","$","?","R","B",null,"M","M","$","M","?","R","?","?","T","$","M","T","?","$","R","B",null],"character_chosen":"IRONCLAD","items_purchased":["White Beast Statue","Potion Belt","Carnage+1","Uppercut+1","Whirlwind+1"],"campfire_rested":6,"item_purchase_floors":[13,30,37,44,48],"current_hp_per_floor":[72,72,70,68,64,64,44,44,44,37,61,66,66,66,66,36,77,65,65,65,53,53,80,69,69,69,90,76,35,50,34,61,50,80,74,74,89,72,13,40,40,40,40,55,45,45,45,60,85,42],"gold":4,"neow_bonus":"BOSS_RELIC","is_daily":false,"chose_seed":false,"campfire_upgraded":4,"win_rate":0.0,"timestamp":1611211431,"path_taken":["M","M","M","M","M","R","E","R","T","E","R","E","$","M","R","BOSS","M","?","?","M","?","R","M","R","T","R","M","E","$","?","R","BOSS","M","M","$","M","?","R","?","?","T","?","?","?","?","?","R","BOSS"],"items_purchased_type":["Relic","Relic","Card","Card","Card"],"build_version":"2020-12-22","purchased_purges":1,"victory":true,"max_hp_per_floor":[80,80,80,80,80,80,80,80,80,80,80,90,90,90,90,90,90,90,90,90,90,90,90,90,90,90,90,90,90,90,90,90,90,90,90,90,90,90,90,90,85,85,85,85,85,85,85,85,85,85],"card_choices":[{"not_picked":[],"picked":"Perfected Strike","floor":1},{"not_picked":[],"picked":"Iron Wave","floor":2},{"not_picked":[],"picked":"Cleave","floor":3},{"not_picked":["Clash"],"picked":"SKIP","floor":4},{"not_picked":[],"picked":"Battle Trance","floor":5},{"not_picked":[],"picked":"Twin Strike","floor":7},{"not_picked":[],"picked":"Sword Boomerang+1","floor":10},{"not_picked":["Exhume"],"picked":"SKIP","floor":12},{"not_picked":[],"picked":"Clothesline+1","floor":14},{"not_picked":[],"picked":"Barricade","floor":16},{"not_picked":["True Grit"],"picked":"SKIP","floor":18},{"not_picked":["Entrench"],"picked":"SKIP","floor":21},{"not_picked":[],"picked":"Perfected Strike+1","floor":24},{"not_picked":["Rupture"],"picked":"SKIP","floor":28},{"not_picked":[],"picked":"Cleave+1","floor":29},{"not_picked":[],"picked":"Reaper+1","floor":33},{"not_picked":["Sever Soul+1"],"picked":"SKIP","floor":35},{"not_picked":[],"picked":"Combust+1","floor":36},{"not_picked":[],"picked":"Power Through","floor":38},{"not_picked":[],"picked":"Flash of Steel+1","floor":42},{"not_picked":[],"picked":"Power Through","floor":45}],"player_experience":115840,"relics_obtained":[{"floor":7,"key":"Self Forming Clay"},{"floor":9,"key":"Molten Egg 2"},{"floor":10,"key":"Anchor"},{"floor":12,"key":"Pear"},{"floor":26,"key":"Toy Ornithopter"},{"floor":29,"key":"MealTicket"},{"floor":31,"key":"Enchiridion"},{"floor":39,"key":"Unceasing Top"},{"floor":43,"key":"Blood Vial"},{"floor":46,"key":"War Paint"}],"event_choices":[{"damage_healed":0,"gold_gain":0,"cards_transformed":["Strike_R","Strike_R"],"player_choice":"Became Test Subject","damage_taken":0,"max_hp_gain":0,"max_hp_loss":0,"event_name":"Drug Dealer","floor":19,"gold_loss":0,"cards_obtained":["Feed","Fire Breathing"]},{"damage_healed":0,"gold_gain":0,"player_choice":"Simplicity","damage_taken":0,"max_hp_gain":0,"max_hp_loss":0,"event_name":"Back to Basics","floor":20,"gold_loss":0,"cards_upgraded":["Strike_R","Strike_R","Strike_R","Defend_R","Defend_R","Defend_R","Defend_R"]},{"damage_healed":0,"gold_gain":0,"player_choice":"Ignored","damage_taken":0,"max_hp_gain":0,"max_hp_loss":0,"event_name":"Ghosts","floor":22,"gold_loss":0},{"damage_healed":0,"gold_gain":0,"player_choice":"Obtained Book","damage_taken":16,"max_hp_gain":0,"max_hp_loss":0,"event_name":"Cursed Tome","floor":31,"gold_loss":0},{"damage_healed":0,"gold_gain":0,"player_choice":"Fight","damage_taken":0,"max_hp_gain":0,"max_hp_loss":0,"event_name":"Mysterious Sphere","floor":39,"gold_loss":0},{"damage_healed":0,"gold_gain":0,"player_choice":"Max HP","damage_taken":0,"max_hp_gain":0,"max_hp_loss":5,"event_name":"Winding Halls","floor":41,"gold_loss":0},{"damage_healed":0,"gold_gain":0,"player_choice":"Memory 1","damage_taken":0,"max_hp_gain":0,"max_hp_loss":0,"event_name":"SensoryStone","floor":42,"gold_loss":0},{"cards_removed":["Fire Breathing"],"damage_healed":0,"gold_gain":0,"player_choice":"Removed Power","damage_taken":0,"max_hp_gain":0,"max_hp_loss":0,"event_name":"Falling","floor":47,"gold_loss":0}],"is_beta":false,"boss_relics":[{"not_picked":["Runic Cube","Tiny House"],"picked":"SacredBark"},{"not_picked":["Coffee Dripper","Runic Dome"],"picked":"SlaversCollar"}],"items_purged_floors":[44],"is_endless":false,"potions_floor_spawned":[2,4,7,14,16,18,21,24,28,29,33,35,36,38,39,45],"ascension_level":6}}