{"host":"ggy1mjjy92c62u6a","time":1611220545,"event":{"mods":["10 clothes from DAL","Act Like it!","BaseMod","Colored Powertips","GifTheSpireLib","Library of Ruina","Library of Ruina Extra","Minty Spire (QoL Compilation)","Quick Restart","Relic Stats","RumiaBox-露米娅的神秘盒子","Shop Mod","Spicy Shops","StSLib","【功能Mod】混沌之环修复补丁","【遗物卡牌】REMEMod"],"gold_per_floor":[-99,-99,-89,-19,34,34,59,59,59,59,59,134,178,2,2,98,98,109,32,13,13,13,43,43,60,109,125,202,202,50,77,77,176,176,191,207,217,267,267,267,286,26,26,126,126,139,171,182,182,182,182],"floor_reached":52,"language":"ZHS","playtime":1554,"items_purged":["LightAttack"],"score":1248,"play_id":"792264bb-47d6-4852-bd06-16eb3b3c4e5f","local_time":"20210121171545","is_ascension_mode":true,"campfire_choices":[{"data":"UnforgettableMelody","floor":6.0,"key":"SMITH"},{"data":"Suppress","floor":11.0,"key":"SMITH"},{"floor":15.0,"key":"REST"},{"data":"Mayhem","floor":24.0,"key":"SMITH"},{"floor":29.0,"key":"REST"},{"floor":32.0,"key":"REST"},{"data":"Suppress","floor":40.0,"key":"SMITH"},{"floor":45,"key":"REST"},{"data":"Unlock1","floor":49,"key":"SMITH"}],"circlet_count":0,"master_deck":["Dodge","LightDefense","LightAttack","LightDefense","LightDefense","LightDefense","ChargeAndCover","FocusedStrikes","GutHarvesting","UnforgettableMelody+1","UnavoidableGaze","Suppress+1","GuidanceOfTheGears","Mayhem+1","Secret Technique","Unlock1+1","GrazeTheGrass","GrazeTheGrass","CurseOfTheBell","GuidanceOfTheGears+1","Suppress+1","TendonChords+1","FrontalAssault+1","GrazeTheGrass"],"relics":["PageOfLibrarian","REME_ComplimentaryCards","Baka","Vajra","Sundial","Philosopher\u0027s Stone","PageOfLaetitia","PageOfHappyTeddyBear","Anchor","GodSword4","REME_PuzzleBoxRelic","Mercury Hourglass","Calling Bell","Regal Pillow","The Courier","Thread and Needle","DALC_ONE","GodSword5","GodSword3","HornCleat"],"acts_visited":["Exordium","TheCity","TheBeyond"],"potions_floor_usage":[],"damage_taken":[{"damage":0.0,"enemies":"2 Louse","floor":1.0,"turns":3.0},{"damage":2.0,"enemies":"Cultist","floor":3.0,"turns":4.0},{"damage":10.0,"enemies":"Small Slimes","floor":4.0,"turns":5.0},{"damage":3.0,"enemies":"Blue Slaver","floor":5.0,"turns":2.0},{"damage":33.0,"enemies":"Lagavulin","floor":7.0,"turns":6.0},{"damage":21.0,"enemies":"Exordium Wildlife","floor":13.0,"turns":2.0},{"damage":0.0,"enemies":"Hexaghost","floor":16.0,"turns":7.0},{"damage":28.0,"enemies":"2 Thieves","floor":18.0,"turns":3.0},{"damage":13.0,"enemies":"Slavers","floor":23.0,"turns":3.0},{"damage":36.0,"enemies":"3 Byrds","floor":25.0,"turns":4.0},{"damage":4.0,"enemies":"Cultist and Chosen","floor":27.0,"turns":3.0},{"damage":7.0,"enemies":"Book of Stabbing","floor":31.0,"turns":2.0},{"damage":4.0,"enemies":"KingOfGreed","floor":33.0,"turns":4.0},{"damage":7.0,"enemies":"3 Darklings","floor":35.0,"turns":3.0},{"damage":0.0,"enemies":"Orb Walker","floor":36.0,"turns":2.0},{"damage":11.0,"enemies":"4 Shapes","floor":37.0,"turns":2.0},{"damage":24.0,"enemies":"Mind Bloom Boss Battle","floor":38.0,"turns":3.0},{"damage":49.0,"enemies":"Transient","floor":41.0,"turns":5.0},{"damage":3,"enemies":"Writhing Mass","floor":46,"turns":3},{"damage":0,"enemies":"Reptomancer","floor":47,"turns":2},{"damage":4,"enemies":"Sphere and 2 Shapes","floor":48,"turns":2},{"damage":8,"enemies":"Time Eater","floor":50,"turns":6},{"damage":28,"enemies":"Time Eater","floor":51,"turns":4}],"seed_played":"-7324167331113166338","potions_obtained":[{"floor":0.0,"key":"FairyPotion"},{"floor":0.0,"key":"CultistPotion"},{"floor":0.0,"key":"SneckoOil"},{"floor":46,"key":"Explosive Potion"}],"is_trial":false,"path_per_floor":["M","?","M","M","M","R","E","$","T","?","R","?","M","$","R","B",null,"M","$","$","?","$","E","R","M","T","M","T","R","$","E","R","B",null,"M","M","M","?","?","R","M","$","T","?","R","M","E","M","R","B",null,null],"character_chosen":"Librarian","items_purchased":["Mayhem","PageOfLaetitia","Secret Technique","REME_PuzzleBoxRelic","GodSword5"],"campfire_rested":4,"item_purchase_floors":[14,19,20,30,42],"current_hp_per_floor":[60,60,58,48,45,45,12,12,12,40,40,29,8,8,33,33,71,61,61,61,61,61,55,55,19,19,15,15,40,40,33,58,54,77,73,73,62,38,38,38,19,19,19,19,69,69,84,80,80,75,58],"gold":182,"neow_bonus":"THREE_SMALL_POTIONS","is_daily":false,"chose_seed":false,"campfire_upgraded":5,"win_rate":0.0,"timestamp":1611220545,"path_taken":["M","?","M","M","?","R","E","$","T","?","R","?","?","$","R","BOSS","M","?","$","?","$","E","R","M","T","M","?","R","$","E","R","BOSS","M","M","M","?","?","R","M","$","T","?","R","?","E","M","R","BOSS"],"items_purchased_type":["Card","Relic","Card","Relic","Relic"],"build_version":"2020-12-22","purchased_purges":1,"victory":true,"max_hp_per_floor":[84,84,84,84,84,84,84,84,84,84,84,84,84,84,84,84,84,84,84,84,84,84,84,84,84,84,84,84,84,84,84,84,84,84,84,84,84,84,84,84,84,84,84,84,84,84,84,84,84,84,84],"relic_stats":{"Regal Pillow":15,"counters":[23,80],"Sundial":[12],"obtain_stats":[{"Regal Pillow":34,"Vajra":7,"Thread and Needle":34,"The Courier":34,"Baka":1,"DALC_ONE":38,"Mercury Hourglass":31,"PageOfLibrarian":0,"Calling Bell":34,"PageOfHappyTeddyBear":23,"Anchor":26,"HornCleat":47,"Sundial":9,"PageOfLaetitia":19,"Philosopher\u0027s Stone":17,"GodSword5":42,"GodSword4":28,"REME_PuzzleBoxRelic":30,"GodSword3":43,"REME_ComplimentaryCards":0},{"Regal Pillow":13,"Vajra":5,"Thread and Needle":13,"The Courier":13,"Baka":1,"DALC_ONE":17,"Mercury Hourglass":12,"PageOfLibrarian":0,"Calling Bell":13,"PageOfHappyTeddyBear":9,"Anchor":10,"HornCleat":20,"Sundial":5,"PageOfLaetitia":8,"Philosopher\u0027s Stone":7,"GodSword5":18,"GodSword4":11,"REME_PuzzleBoxRelic":11,"GodSword3":18,"REME_ComplimentaryCards":0},{"Regal Pillow":48,"Vajra":20,"Thread and Needle":48,"The Courier":48,"Baka":3,"DALC_ONE":58,"Mercury Hourglass":44,"PageOfLibrarian":0,"Calling Bell":48,"PageOfHappyTeddyBear":35,"Anchor":39,"HornCleat":68,"Sundial":20,"PageOfLaetitia":32,"Philosopher\u0027s Stone":29,"GodSword5":63,"GodSword4":42,"REME_PuzzleBoxRelic":42,"GodSword3":63,"REME_ComplimentaryCards":0}],"Mercury Hourglass":[116]},"card_choices":[{"not_picked":["DesperateStruggle","ConcentratedFire","Rewind","GaleKick","HighKick","Faith","QuickSuppression","Unlock1"],"picked":"UnforgettableMelody","floor":1.0},{"not_picked":["ShrineToMusic","Outburst","Thrust","StrongStrike","ViolentFlame","UndertakePrescript","EnergyStrike","Pound"],"picked":"UnavoidableGaze","floor":3.0},{"not_picked":["BackstreetsDash","TraceOfFumes","SinglePointStab","HandleRequest","NightInTheBackstreets","SuppressingShot","PinpointShot","EnergyConversion","InnerArdor"],"picked":"SKIP","floor":4.0},{"not_picked":["PreparedMind","NightInTheBackstreets","SuppressingShot","FleetEdge","WillBeTasty","DefenseOrder","PreemptiveStrike","SmokingPipe","EnergyStrike"],"picked":"SKIP","floor":5.0},{"not_picked":["ICanCookAnything","PreparedMind","Thrust","StartinOutLightly","ShockingBlow","BackAttack","Faith","MindPrepared"],"picked":"Suppress","floor":7.0},{"not_picked":["SunsetBlade","BizarreAttack","ShockingBlow","EndlessBattle","EnergyCycle","Standoff","FleetFootsteps","RatsGuideToSurvival"],"picked":"GuidanceOfTheGears","floor":13.0},{"not_picked":["WillOfThePrescript","AsThePrescriptOrders","SmokingPipe","HandleRequest","Gigigig+1","ClassAndRespect","UpbeatPerformance","CookingPrep","Bvapour"],"picked":"SKIP","floor":18.0},{"not_picked":["Thrust+1","FeatherShield+1","Observe","MindPrepared","StructuralAnalysis","PuppetBlockade+1","BulkyImpact","BindingArms","DarkCloud"],"picked":"SKIP","floor":23.0},{"not_picked":["NightInTheBackstreets+1","BulkyImpact+1","EnergyCycle","QuickAttack","ViolentFlame","Creak","SharpSwipe","BayonetCombat"],"picked":"Unlock1","floor":25.0},{"not_picked":["FierceOnslaught","FeatherShield","TendonChords+1","AsThePrescriptOrders","CleanUp","UpbeatPerformance","EnergyConversion","NonstopAssault"],"picked":"GrazeTheGrass","floor":27.0},{"not_picked":["NonstopAssault","EnergyCycle","ToOvercomeCrisis","Standoff","PreemptiveStrike","HighKick","SunsetBlade","Gigigig"],"picked":"GrazeTheGrass","floor":31.0},{"not_picked":["Tailoring","WillBeTasty","FleetFootsteps+1","Standoff","SharpNails","SunsetBlade+1","EnergyShield","BurningFlash"],"picked":"GuidanceOfTheGears+1","floor":35.0},{"not_picked":["FlashingStrike+1","MultiHit+1","HiddenBlade+1","Reload+1","Rewind","CookingPrep+1","HeavyPeaks+1","ClassAndRespect"],"picked":"Suppress","floor":36.0},{"not_picked":["Pound+1","BoundaryOfDeath","ViolentFlame","DeepDrag+1","Thrust","BindingChains+1","Multislash","HiddenBlade","Thirst+1"],"picked":"SKIP","floor":37.0},{"not_picked":["Quickness","DefenseOrder+1","Diversion+1","Faith+1","Marionette+1","SomberProcuration+1","FleetEdge","TasteMyFlamingBat"],"picked":"Juggling+1","floor":38.0},{"not_picked":["Gigigig+1","QuickAttack","Eject","HighSpeedStabbing+1","IronWall","StartinOutLightly+1","ForcefulGesture+1","Rewind+1"],"picked":"TendonChords+1","floor":41.0},{"not_picked":["FierceCharge+1","TendonChords","UpbeatPerformance+1","MultiBlock","EnergyCycle","Clone+1","DirtyBlow","Standoff+1","ReadyUp+1"],"picked":"SKIP","floor":46},{"not_picked":["Multislash","RatsGuideToSurvival","BackAttack","Track+1","UnavoidableGaze","QuickSuppression+1","RhinoRam+1","SavageMode"],"picked":"FrontalAssault+1","floor":47},{"not_picked":["Track","FendThisOffIfYouCan","UpbeatPerformance+1","Struggle","ToOvercomeCrisis","NightInTheBackstreets","SmokingPipe+1","UnavoidableGaze"],"picked":"GrazeTheGrass","floor":48}],"player_experience":59558,"relics_obtained":[{"floor":1.0,"key":"Baka"},{"floor":7.0,"key":"Vajra"},{"floor":9.0,"key":"Sundial"},{"floor":23.0,"key":"PageOfHappyTeddyBear"},{"floor":26.0,"key":"Anchor"},{"floor":28.0,"key":"GodSword4"},{"floor":31.0,"key":"Mercury Hourglass"},{"floor":34.0,"key":"Regal Pillow"},{"floor":34.0,"key":"The Courier"},{"floor":34.0,"key":"Thread and Needle"},{"floor":38.0,"key":"DALC_ONE"},{"floor":43,"key":"GodSword3"},{"floor":47,"key":"HornCleat"}],"event_choices":[{"damage_healed":0.0,"max_hp_gain":0.0,"max_hp_loss":0.0,"gold_gain":0.0,"event_name":"Match and Keep!","player_choice":"0 cards matched","floor":2.0,"gold_loss":0.0,"damage_taken":0.0,"cards_obtained":[]},{"damage_healed":28.0,"max_hp_gain":0.0,"max_hp_loss":0.0,"gold_gain":0.0,"event_name":"Big Fish","player_choice":"Banana","floor":10.0,"gold_loss":0.0,"damage_taken":0.0},{"damage_healed":0.0,"max_hp_gain":0.0,"max_hp_loss":0.0,"gold_gain":75.0,"event_name":"World of Goop","player_choice":"Gather Gold","floor":12.0,"gold_loss":0.0,"damage_taken":11.0},{"cards_removed":["LightAttack"],"damage_healed":0.0,"max_hp_gain":0.0,"max_hp_loss":0.0,"gold_gain":0.0,"event_name":"Back to Basics","player_choice":"Elegance","floor":21.0,"gold_loss":0.0,"damage_taken":0.0},{"damage_healed":0.0,"max_hp_gain":0.0,"max_hp_loss":0.0,"gold_gain":0.0,"event_name":"MindBloom","player_choice":"Fight","floor":38.0,"gold_loss":0.0,"damage_taken":0.0},{"cards_removed":["Juggling"],"damage_healed":0.0,"max_hp_gain":0.0,"max_hp_loss":0.0,"gold_gain":0.0,"event_name":"Falling","player_choice":"Removed Skill","floor":39.0,"gold_loss":0.0,"damage_taken":0.0},{"damage_healed":0,"gold_gain":100,"player_choice":"Pray","damage_taken":0,"max_hp_gain":0,"max_hp_loss":0,"event_name":"Golden Shrine","floor":44,"gold_loss":0}],"is_beta":false,"boss_relics":[{"not_picked":["PageOfBlackSwan","Runic Dome"],"picked":"Philosopher\u0027s Stone"},{"not_picked":["REME_DemonsWealth","SacredBark"],"picked":"Calling Bell"}],"items_purged_floors":[42],"is_endless":false,"potions_floor_spawned":[1,7,13,25,31,36,37,46],"ascension_level":5}}