{"host":"x0zs2aah5aepmxqq","time":1611266252,"event":{"mods":["BaseMod","Downfall","Minty Spire (QoL Compilation)","StSLib"],"gold_per_floor":[99,118,133,133,133,43,43,43,43,55,55,66,66,82,99,200,200,100,118,131,144,160,175,175,175,75,175,190,190,390,410,422,526,576,576,590,603,622,638,653,653,653,653,653],"floor_reached":42,"language":"ENG","playtime":3883,"items_purged":["Slimebound:Defend_Slimebound"],"score":448,"play_id":"0f26f481-1eb7-48ef-9ccc-cbb44db41ca1","local_time":"20210121145732","is_ascension_mode":false,"campfire_choices":[{"floor":1,"key":"RECALL"},{"data":"Slimebound:Split","floor":8,"key":"SMITH"},{"data":"Slimebound:GoopSpray","floor":11,"key":"SMITH"},{"data":"Slimebound:CorrosiveSpit","floor":13,"key":"SMITH"},{"data":"Slimebound:SlimeSlap","floor":18,"key":"SMITH"},{"data":"Slimebound:MassRepurpose","floor":26,"key":"SMITH"},{"floor":29,"key":"REST"},{"data":"Slimebound:LevelUp","floor":35,"key":"SMITH"}],"circlet_count":0,"master_deck":["Slimebound:Strike_Slimebound","Slimebound:Strike_Slimebound","Slimebound:Defend_Slimebound","Slimebound:Defend_Slimebound","Slimebound:Defend_Slimebound","Slimebound:Split+1","Slimebound:CorrosiveSpit+1","Slimebound:SplitMire","Slimebound:LeechEnergy","Slimebound:SplitBruiser","Slimebound:GoopSpray+1","Slimebound:LeechEnergy","Slimebound:MassRepurpose+1","Slimebound:SlimeSpikes","Slimebound:SlimeSlap+1","Slimebound:SlimeBarrage","Slimebound:SplitAcid","Slimebound:SpikyOuterGoop","Slimebound:GoopSpray+1","Slimebound:SamplingLick","Pride","Slimebound:PressTheAttack","Slimebound:PressTheAttack","Slimebound:LevelUp+1","Slimebound:DouseInSlime","Slimebound:LevelUp","Slimebound:Schlurp+1","Slimebound:OneTwoCombo"],"relics":["Slimebound:AbsorbEndCombat","Vajra","SlaversCollar","downfall:HeartBlessingRed","Happy Flower","downfall:HeartBlessingBlue","Shovel","Kunai","Tiny House","Letter Opener"],"acts_visited":["Exordium","TheCity","TheBeyond"],"potions_floor_usage":[27,28,33,33,36],"damage_taken":[{"damage":12,"enemies":"Small Slimes","floor":2,"turns":4},{"damage":1,"enemies":"Jaw Worm","floor":3,"turns":3},{"damage":0,"enemies":"downfall:FleeingMerchant","floor":6,"turns":4},{"damage":1,"enemies":"2 Louse","floor":10,"turns":2},{"damage":5,"enemies":"2 Fungi Beasts","floor":12,"turns":3},{"damage":3,"enemies":"Gremlin Gang","floor":14,"turns":3},{"damage":11,"enemies":"Exordium Thugs","floor":15,"turns":3},{"damage":2,"enemies":"WA_ARCHETYPE_RETAIN","floor":16,"turns":7},{"damage":20,"enemies":"Spheric Guardian","floor":19,"turns":4},{"damage":23,"enemies":"Centurion and Healer","floor":20,"turns":5},{"damage":12,"enemies":"Shelled Parasite and Fungi","floor":21,"turns":4},{"damage":12,"enemies":"Snake Plant","floor":22,"turns":3},{"damage":4,"enemies":"Cultist and Chosen","floor":23,"turns":6},{"damage":7,"enemies":"Colosseum Nobs","floor":27,"turns":4},{"damage":15,"enemies":"Centurion and Healer","floor":28,"turns":6},{"damage":20,"enemies":"Sentry and Sphere","floor":31,"turns":5},{"damage":20,"enemies":"Snake Plant","floor":32,"turns":4},{"damage":45,"enemies":"DF_ARCHETYPE_CLAW","floor":33,"turns":9},{"damage":30,"enemies":"3 Darklings","floor":36,"turns":5},{"damage":13,"enemies":"Orb Walker","floor":37,"turns":4},{"damage":26,"enemies":"3 Darklings","floor":38,"turns":5},{"damage":28,"enemies":"Writhing Mass","floor":39,"turns":6},{"damage":32,"enemies":"Jaw Worm Horde","floor":40,"turns":4},{"damage":25,"enemies":"Spire Growth","floor":42,"turns":2}],"seed_played":"-1329236085267505327","potions_obtained":[{"floor":2,"key":"Strength Potion"},{"floor":12,"key":"Strength Potion"},{"floor":15,"key":"bronze:BurnAndBuffPotion"},{"floor":27,"key":"Fruit Juice"},{"floor":31,"key":"Slimebound:SlimyTonguePotion"},{"floor":34,"key":"EssenceOfSteel"},{"floor":36,"key":"Dexterity Potion"},{"floor":37,"key":"Slimebound:SlimyTonguePotion"}],"is_trial":false,"path_per_floor":["R","M","M","?","?","$","T","R","?","M","R","M","R","M","M","B",null,"R","M","M","M","M","M","T","?","R","?","M","R","?","M","M","B",null,"R","M","M","M","M","M","T","M"],"character_chosen":"SLIMEBOUND","items_purchased":[],"campfire_rested":1,"item_purchase_floors":[],"current_hp_per_floor":[71,63,66,66,66,70,70,70,75,75,75,73,73,76,69,74,76,76,58,43,39,31,35,35,35,45,46,44,71,71,59,45,8,96,96,74,67,49,29,5,5,0,0,0],"gold":653,"neow_bonus":"TEN_PERCENT_HP_BONUS","is_daily":false,"chose_seed":false,"campfire_upgraded":6,"win_rate":0.0,"timestamp":1611266252,"path_taken":["R","M","M","?","?","$","T","R","?","M","R","M","R","M","M","BOSS","R","M","M","M","M","M","T","?","R","?","M","R","?","?","M","BOSS","R","M","M","M","M","M","T","?"],"items_purchased_type":[],"build_version":"2020-12-22","purchased_purges":1,"victory":false,"max_hp_per_floor":[71,71,71,71,71,71,71,71,76,76,76,76,76,76,76,76,76,76,76,76,76,76,76,76,76,86,86,91,91,91,91,91,91,96,96,96,96,96,96,96,96,96,96,96],"card_choices":[{"not_picked":["Slimebound:TongueLash","Slimebound:LevelUp"],"picked":"Slimebound:SplitMire","floor":2},{"not_picked":["Slimebound:SlimeTap","Slimebound:ForwardTackle"],"picked":"Slimebound:LeechEnergy","floor":3},{"not_picked":["Slimebound:MegaLick","Slimebound:WasteNot"],"picked":"Slimebound:SplitBruiser","floor":6},{"not_picked":["Slimebound:FinishingTackle","Slimebound:SplitBruiser"],"picked":"Slimebound:GoopSpray","floor":10},{"not_picked":["Slimebound:LivingWall","Slimebound:SlimeBrawl"],"picked":"Slimebound:LeechEnergy","floor":12},{"not_picked":["Slimebound:GoopSpray","Slimebound:RainOfGoop"],"picked":"Slimebound:MassRepurpose","floor":14},{"not_picked":["Slimebound:SamplingLick","Slimebound:ItLooksTasty"],"picked":"Slimebound:SlimeSpikes","floor":15},{"not_picked":["Slimebound:SelfFormingGoo","Slimebound:FirmFortitude"],"picked":"Slimebound:SlimeSlap","floor":16},{"not_picked":["Slimebound:SlimeTap","Slimebound:Grow"],"picked":"Slimebound:SlimeBarrage","floor":19},{"not_picked":["Slimebound:DivideAndConquer","Slimebound:ViciousTackle"],"picked":"Slimebound:SplitAcid","floor":20},{"not_picked":["Slimebound:LeechEnergy","Slimebound:SamplingLick+1"],"picked":"Slimebound:SpikyOuterGoop","floor":21},{"not_picked":["Slimebound:SlimeBarrage+1","Slimebound:RejuvenatingLick"],"picked":"Slimebound:GoopSpray","floor":22},{"not_picked":["Slimebound:SplitMire","Slimebound:LeechEnergy"],"picked":"Slimebound:SamplingLick","floor":23},{"not_picked":["Slimebound:FinishingTackle","Slimebound:SlimeSlap"],"picked":"Slimebound:PressTheAttack","floor":27},{"not_picked":["Slimebound:Grow","Slimebound:LeechingTouch"],"picked":"Slimebound:PressTheAttack","floor":28},{"not_picked":["Slimebound:ComboTackle","Slimebound:SlimeTap+1"],"picked":"Slimebound:LevelUp","floor":31},{"not_picked":["Slimebound:GoopTackle","Slimebound:GoopSpray","Slimebound:ComboTackle+1"],"picked":"SKIP","floor":32},{"not_picked":["Slimebound:DuplicatedForm","Slimebound:OneTwoCombo"],"picked":"Slimebound:DouseInSlime","floor":33},{"not_picked":["Slimebound:SlimeSpikes+1","Slimebound:LivingWall+1","Slimebound:SplitAcid+1"],"picked":"SKIP","floor":36},{"not_picked":["Slimebound:GoopSpray+1","Slimebound:FormOfPuddle+1"],"picked":"Slimebound:LevelUp","floor":37},{"not_picked":["Slimebound:Grow+1","Slimebound:GoopSpray+1"],"picked":"Slimebound:Schlurp+1","floor":38},{"not_picked":["Slimebound:SplitBruiser+1","Slimebound:ComboTackle"],"picked":"Slimebound:OneTwoCombo","floor":39},{"not_picked":["Slimebound:SplitAcid","Slimebound:HauntingLick","Slimebound:ForwardTackle"],"picked":"SKIP","floor":40}],"player_experience":310006,"relics_obtained":[{"floor":7,"key":"Vajra"},{"floor":27,"key":"Shovel"},{"floor":27,"key":"Kunai"},{"floor":41,"key":"Letter Opener"}],"event_choices":[{"cards_removed":["Slimebound:Tackle"],"damage_healed":0,"gold_gain":0,"player_choice":"Card Removal","damage_taken":0,"max_hp_gain":0,"max_hp_loss":0,"event_name":"The Cleric","floor":4,"gold_loss":0},{"damage_healed":0,"gold_gain":0,"player_choice":"Donut","damage_taken":0,"max_hp_gain":5,"max_hp_loss":0,"event_name":"Big Fish","floor":9,"gold_loss":0},{"damage_healed":0,"gold_gain":0,"player_choice":"Stole Relic","damage_taken":0,"relics_obtained":["Happy Flower"],"max_hp_gain":0,"max_hp_loss":0,"event_name":"Addict","floor":25,"gold_loss":0,"cards_obtained":["Pride"]},{"damage_healed":0,"gold_gain":200,"player_choice":"Gold","damage_taken":0,"max_hp_gain":0,"max_hp_loss":0,"event_name":"Wheel of Change","floor":30,"gold_loss":0}],"is_beta":false,"boss_relics":[{"not_picked":["Runic Pyramid","SacredBark"],"picked":"SlaversCollar"},{"not_picked":["Astrolabe","Sozu"],"picked":"Tiny House"}],"items_purged_floors":[6],"is_endless":false,"potions_floor_spawned":[2,12,15,19,22,27,31,36,37,39],"killed_by":"Spire Growth","ascension_level":0}}