{"host":"wj6vwlg8bkoql3lv","time":1611229388,"event":{"mods":["BaseMod","Colored Map","Friendly Minions","Hermit","Hubris","Infinite Spire","JesterMod","Jorbs\u0027s Wanderer Trilogy","Marisa????????","Minty Spire (QoL Compilation)","Quick Restart","Replay The Spire","Shade Mod","StSLib","The Blue Laboratory","The Bug Knight","The Cursed","The Disciple","The Gatherer","The Hierophant","The Jungle","The Marked","The Mystic","The Runesmith","The Senshi","The Servant 0.9.4"],"gold_per_floor":[110,126,45,64,80,80,90,90,90,104,104,104,117,142,142,251,251,242,25,40,40,40,40,80,108,131,131,155,179,278,291,291,399,399,418,434,459,459,228,228,228,228,228,269,17,17,17,33,33,41],"floor_reached":51,"language":"ENG","playtime":5330,"items_purged":["theSenshi:SailorKick","theSenshi:SailorBlock","theSenshi:SailorBlock"],"score":674,"play_id":"a2fd62ad-8037-45c1-8630-0c12d40eac6c","local_time":"20210121114308","is_ascension_mode":false,"campfire_choices":[{"data":"theSenshi:CrisisMakeUp","floor":6.0,"key":"SMITH"},{"data":"theSenshi:SailorNeptuneAssists","floor":8.0,"key":"SMITH"},{"floor":12.0,"key":"REST"},{"floor":15.0,"key":"REST"},{"floor":23.0,"key":"REST"},{"floor":27.0,"key":"REST"},{"data":"theSenshi:SilverMoonCrystalPowerKiss","floor":32,"key":"SMITH"},{"data":"theSenshi:MoonTiaraMagic","floor":40,"key":"SMITH"},{"data":"theSenshi:InTheNameOfTheMoon","floor":42,"key":"SMITH"},{"floor":46,"key":"DIG"},{"floor":49,"key":"DIG"}],"circlet_count":0,"master_deck":["theSenshi:SailorKick","theSenshi:SailorKick+1","theSenshi:SailorBlock","theSenshi:SailorBlock","theSenshi:RoseThrow","theSenshi:MoonPrismPowerMakeUp","theSenshi:MoonKick","theSenshi:SailorMercuryAssists","theSenshi:CrisisMakeUp+1","theSenshi:MoonsReflection","theSenshi:SailorMarsAssists","theSenshi:SailorNeptuneAssists+1","theSenshi:UranusStrength","theSenshi:MoonTiaraMagic+1","theSenshi:LunasBite","theSenshi:SteeledNerves","theSenshi:SilverMoonCrystalPowerKiss+1","theSenshi:JupitersPower","theSenshi:MoonPrincessHalation","theSenshi:InTheNameOfTheMoon+1","theSenshi:SailorStarMakerAssists+1","theSenshi:MoonCrisisMakeUp+1","theSenshi:MoonHealingEscalation+1","theSenshi:TuxedoMaskAssists","theSenshi:GlimpseOfThePast","theSenshi:SailorStarHealerAssists","theSenshi:LateForSchool+1","theSenshi:StudyParty","theSenshi:SaturnsMystery","theSenshi:SailorV+1","theSenshi:SailorPlanetPower","infinitespire:Collect+1","theSenshi:MoonHealingEscalation+1","theSenshi:SchoolBag+1"],"relics":["theSenshi:TransformationBroochRelic","Replay:Bottled Snecko","infinitespire:Midas Blood","Honey Jar","infinitespire:Broken Mirror","PreservedInsect","Omamori","Coffee Dripper","Toxic Egg 2","infinitespire:Beetle Shell","WingedGreaves","hubris:BundleOfHerbs","Shovel","theSenshi:SailorFukuRelic","Vajra","theSenshi:CosmicHeartCompactRelic","Gremlin Horn"],"acts_visited":["Exordium","TheCity","TheBeyond"],"potions_floor_usage":[36,37,37],"damage_taken":[{"damage":0.0,"enemies":"Cultist","floor":1.0,"turns":3.0},{"damage":5.0,"enemies":"Jaw Worm","floor":2.0,"turns":4.0},{"damage":2.0,"enemies":"Small Slimes","floor":4.0,"turns":4.0},{"damage":12.0,"enemies":"Exordium Wildlife","floor":5.0,"turns":4.0},{"damage":9.0,"enemies":"Exordium Thugs","floor":7.0,"turns":4.0},{"damage":13.0,"enemies":"Lots of Slimes","floor":10.0,"turns":6.0},{"damage":2.0,"enemies":"Blue Slaver","floor":13.0,"turns":6.0},{"damage":57.0,"enemies":"Gremlin Nob","floor":14.0,"turns":7.0},{"damage":45.0,"enemies":"Fading Forest","floor":16.0,"turns":11.0},{"damage":25.0,"enemies":"2 Thieves","floor":18.0,"turns":4.0},{"damage":14.0,"enemies":"Chosen","floor":20.0,"turns":6.0},{"damage":33.0,"enemies":"Gremlin Leader","floor":24.0,"turns":6.0},{"damage":22.0,"enemies":"3 Cultists","floor":25.0,"turns":6.0},{"damage":6.0,"enemies":"Cultist and Chosen","floor":28.0,"turns":8.0},{"damage":45.0,"enemies":"Snake Plant","floor":29.0,"turns":8.0},{"damage":5,"enemies":"Centurion and Healer","floor":31,"turns":8},{"damage":10,"enemies":"Champ","floor":33,"turns":10},{"damage":7,"enemies":"Orb Walker","floor":35,"turns":2},{"damage":13,"enemies":"3 Shapes","floor":36,"turns":5},{"damage":28,"enemies":"3 Darklings","floor":37,"turns":8},{"damage":65,"enemies":"Reptomancer","floor":44,"turns":7},{"damage":16,"enemies":"Writhing Mass","floor":48,"turns":6},{"damage":29,"enemies":"Time Eater","floor":50,"turns":10}],"seed_played":"-5167163182429903342","potions_obtained":[{"floor":1.0,"key":"SteroidPotion"},{"floor":4.0,"key":"blueLaboratory:BottledHope"},{"floor":5.0,"key":"ColorlessPotion"},{"floor":10.0,"key":"blueLaboratory:BottleOfVodka"},{"floor":13.0,"key":"GamblersBrew"},{"floor":14.0,"key":"Death Potion"},{"floor":20.0,"key":"blueLaboratory:BottledHope"},{"floor":25.0,"key":"SteroidPotion"},{"floor":33,"key":"ColorlessPotion"},{"floor":35,"key":"blueLaboratory:BubblePotion"},{"floor":36,"key":"blueLaboratory:FruitPunch"},{"floor":37,"key":"blueLaboratory:BottleOfRum"}],"is_trial":false,"path_per_floor":["M","M","$","M","M","R","M","R","T","M","?","R","M","E","R","B",null,"M","$","M","?","T","R","E","M","T","R","M","M","?","M","R","B",null,"M","M","M","?","$","R","AVR","R","T","E","$","R","$","M","R","B",null],"character_chosen":"THE_SENSHI","items_purchased":["theSenshi:CrisisMakeUp","theSenshi:MoonsReflection","theSenshi:InTheNameOfTheMoon","theSenshi:SailorStarMakerAssists+1","infinitespire:Beetle Shell","theSenshi:SailorFukuRelic","theSenshi:CosmicHeartCompactRelic"],"campfire_rested":4,"item_purchase_floors":[3,3,19,19,39,45,47],"current_hp_per_floor":[75,70,70,68,56,56,47,47,47,39,39,61,69,22,44,25,75,55,55,41,41,41,63,35,33,33,55,74,54,54,69,69,75,75,73,62,77,77,77,77,77,77,77,51,51,51,41,60,60,77],"gold":41,"neow_bonus":"RANDOM_EVENT","is_daily":false,"chose_seed":false,"campfire_upgraded":5,"win_rate":0.0,"timestamp":1611229388,"path_taken":["M","?","?","?","M","R","M","R","T","M","?","R","?","E","R","BOSS","M","?","?","?","?","R","E","?","T","R","M","?","?","M","R","BOSS","M","M","M","?","$","R","AVR","R","T","E","$","R","?","M","R","BOSS"],"items_purchased_type":["Card","Card","Card","Card","Relic","Relic","Relic"],"build_version":"2020-12-22","purchased_purges":3,"victory":true,"max_hp_per_floor":[75,75,75,75,75,75,75,75,75,75,75,75,75,75,75,75,75,75,75,75,75,75,75,75,75,75,75,75,75,75,75,75,75,75,75,75,77,77,77,77,77,77,77,77,77,77,77,77,77,77],"card_choices":[{"not_picked":["theSenshi:SupersonicWaves","theSenshi:SailorPlanetAttack"],"picked":"theSenshi:MoonKick","floor":1.0},{"not_picked":["theSenshi:SailorVenusAssists","theSenshi:GatheringStrength"],"picked":"theSenshi:SailorMercuryAssists","floor":2.0},{"not_picked":["theSenshi:SailorStarMakerAssists","theSenshi:EncouragingSpeech"],"picked":"theSenshi:SailorMarsAssists","floor":4.0},{"not_picked":["theSenshi:MoonPunch","theSenshi:SailorStarMakerAssists"],"picked":"theSenshi:SailorNeptuneAssists","floor":5.0},{"not_picked":["theSenshi:SailorPlanetPower","theSenshi:SailorMarsAssists"],"picked":"theSenshi:UranusStrength","floor":7.0},{"not_picked":["theSenshi:KlutzyLuck","theSenshi:LunasBite"],"picked":"theSenshi:MoonTiaraMagic","floor":10.0},{"not_picked":["theSenshi:KlutzyLuck","theSenshi:Overload"],"picked":"theSenshi:SteeledNerves","floor":13.0},{"not_picked":["theSenshi:MoonKick","theSenshi:SailorVenusAssists"],"picked":"theSenshi:SilverMoonCrystalPowerKiss","floor":14.0},{"not_picked":["theSenshi:SilverMoonCrystalPowerKiss","theSenshi:FatedKiss"],"picked":"theSenshi:JupitersPower","floor":16.0},{"not_picked":["theSenshi:MoonPunch","theSenshi:TuxedoSmokingBomber","theSenshi:LateForSchool"],"picked":"theSenshi:MoonPrincessHalation","floor":18.0},{"not_picked":["theSenshi:SailorChibiMoonAssists+1","theSenshi:MoonPunch+1","theSenshi:MoonsReflection+1"],"picked":"theSenshi:MoonCrisisMakeUp+1","floor":20.0},{"not_picked":["theSenshi:TallSilhouette","theSenshi:SteeledNerves","theSenshi:MoonKick"],"picked":"theSenshi:MoonHealingEscalation+1","floor":24.0},{"not_picked":["theSenshi:SailorMarsAssists+1","theSenshi:SailorVenusAssists","theSenshi:LunasBite"],"picked":"theSenshi:TuxedoMaskAssists","floor":25.0},{"not_picked":["theSenshi:SailorStarMakerAssists","theSenshi:SailorNeptuneAssists","theSenshi:MoonPunch"],"picked":"theSenshi:GlimpseOfThePast","floor":28.0},{"not_picked":["theSenshi:SailorMercuryAssists+1","theSenshi:TallSilhouette","theSenshi:SchoolBag"],"picked":"theSenshi:SailorStarHealerAssists","floor":29},{"not_picked":["theSenshi:MoonCrisisMakeUp","theSenshi:LunasBite","theSenshi:EncouragingSpeech"],"picked":"theSenshi:LateForSchool+1","floor":31},{"not_picked":["theSenshi:InTheNameOfTheMoon","theSenshi:SailorCosmosAssists","theSenshi:JupitersPower"],"picked":"theSenshi:StudyParty","floor":33},{"not_picked":["theSenshi:SteeledNerves","theSenshi:SchoolBag+1","theSenshi:MoonTwilightFlash+1"],"picked":"theSenshi:SaturnsMystery","floor":35},{"not_picked":["theSenshi:SaturnsMystery","theSenshi:EncouragingSpeech","theSenshi:GatheringStrength"],"picked":"theSenshi:SailorV+1","floor":36},{"not_picked":["theSenshi:MoonTiaraMagic","theSenshi:MoonCrisisMakeUp+1","theSenshi:MoonPrincessHalation+1"],"picked":"theSenshi:SailorPlanetPower","floor":37},{"not_picked":["theSenshi:TallSilhouette+1","theSenshi:SchoolBag+1","theSenshi:MoonsReflection+1"],"picked":"theSenshi:MoonHealingEscalation+1","floor":44},{"not_picked":["theSenshi:SailorStarFighterAssists+1","theSenshi:NeptunesGrace","theSenshi:LunasBite+1"],"picked":"theSenshi:SchoolBag+1","floor":48}],"player_experience":115086,"relics_obtained":[{"floor":9.0,"key":"Replay:Bottled Snecko"},{"floor":14.0,"key":"infinitespire:Midas Blood"},{"floor":22.0,"key":"infinitespire:Broken Mirror"},{"floor":24.0,"key":"PreservedInsect"},{"floor":26.0,"key":"Omamori"},{"floor":43,"key":"hubris:BundleOfHerbs"},{"floor":44,"key":"Shovel"},{"floor":46,"key":"Vajra"},{"floor":49,"key":"Gremlin Horn"}],"event_choices":[{"damage_healed":0.0,"max_hp_gain":0.0,"max_hp_loss":0.0,"gold_gain":0.0,"cards_transformed":["theSenshi:SailorKick"],"event_name":"Transmorgrifier","player_choice":"Transformed","floor":11.0,"gold_loss":0.0,"damage_taken":0.0,"cards_obtained":["theSenshi:LunasBite"]},{"damage_healed":0,"gold_gain":99,"player_choice":"Stole From Cult","damage_taken":0,"max_hp_gain":0,"max_hp_loss":0,"event_name":"Nest","floor":30,"gold_loss":0},{"damage_healed":0,"gold_gain":0,"player_choice":"Gave Potion","damage_taken":0,"relics_obtained":["Toxic Egg 2"],"max_hp_gain":0,"max_hp_loss":0,"event_name":"WeMeetAgain","floor":38,"gold_loss":0}],"is_beta":false,"boss_relics":[{"not_picked":["Snecko Eye","Black Star"],"picked":"Honey Jar"},{"not_picked":["Replay:Grab Bag","Runic Pyramid"],"picked":"Coffee Dripper"}],"items_purged_floors":[39,41,45],"is_endless":false,"potions_floor_spawned":[1,4,5,10,13,14,20,25,33,35,36,37],"ascension_level":0}}