{"host":"6rz02yiipefhcw4r","time":1611270614,"event":{"mods":["2.2 Compatiblity","BaseMod","Block Reminder","Colored Map","DeckTracker","Googly Eyes","Minty Spire (QoL Compilation)","Quick Restart","Rare Cards Sparkle","StSLib"],"gold_per_floor":[110,110,123,48,48,79,79,110,134,166,178,190,190,190,190,264,264,264,264,264,264,264,264,264,88,88,88,88,88,88,3,3,3,3],"floor_reached":33,"language":"ENG","playtime":2930,"items_purged":["Strike_B","Strike_B"],"score":605,"play_id":"bd6cca59-60cc-4777-8003-af665c692d2f","local_time":"20210121211014","is_ascension_mode":true,"campfire_choices":[{"data":"Doom and Gloom","floor":7,"key":"SMITH"},{"data":"Dualcast","floor":13,"key":"SMITH"},{"data":"Sweeping Beam","floor":15,"key":"SMITH"},{"floor":23,"key":"REST"},{"floor":32,"key":"REST"}],"circlet_count":0,"master_deck":["AscendersBane","Strike_B","Defend_B","Defend_B","Defend_B","Defend_B","Zap","Dualcast+1","Doom and Gloom+1","Redo","Self Repair","FTL","Sweeping Beam+1","Conserve Battery","Cold Snap","Creative AI","Capacitor","Hyperbeam","Rip and Tear","Rainbow","Static Discharge","Hologram"],"relics":["Cracked Core","NeowsBlessing","DataDisk","StrikeDummy","Akabeko","Orichalcum","Bronze Scales","Ectoplasm","Letter Opener","Art of War","Smiling Mask","Bag of Preparation"],"acts_visited":["Exordium","TheCity"],"potions_floor_usage":[10,16,18,24,33],"damage_taken":[{"damage":0,"enemies":"2 Louse","floor":1,"turns":1},{"damage":0,"enemies":"Small Slimes","floor":3,"turns":1},{"damage":0,"enemies":"Lagavulin","floor":6,"turns":1},{"damage":11,"enemies":"Gremlin Nob","floor":8,"turns":3},{"damage":19,"enemies":"Lagavulin","floor":10,"turns":4},{"damage":6,"enemies":"Jaw Worm","floor":11,"turns":2},{"damage":0,"enemies":"Gremlin Gang","floor":12,"turns":2},{"damage":19,"enemies":"Hexaghost","floor":16,"turns":8},{"damage":4,"enemies":"3 Byrds","floor":18,"turns":2},{"damage":3,"enemies":"Chosen","floor":20,"turns":3},{"damage":18,"enemies":"Snecko","floor":21,"turns":5},{"damage":19,"enemies":"Cultist and Chosen","floor":22,"turns":4},{"damage":48,"enemies":"Book of Stabbing","floor":24,"turns":5},{"damage":8,"enemies":"Centurion and Healer","floor":27,"turns":6},{"damage":4,"enemies":"Sentry and Sphere","floor":30,"turns":3},{"damage":56,"enemies":"Champ","floor":33,"turns":5}],"seed_played":"7820149899813975399","potions_obtained":[{"floor":6,"key":"LiquidBronze"},{"floor":8,"key":"BlessingOfTheForge"},{"floor":10,"key":"EssenceOfSteel"},{"floor":16,"key":"Dexterity Potion"},{"floor":20,"key":"EssenceOfSteel"},{"floor":30,"key":"DistilledChaos"}],"is_trial":false,"path_per_floor":["M","?","M","$","?","E","R","E","T","E","M","M","R","?","R","B",null,"M","?","M","M","M","R","E","$","T","M","?","T","M","?","R","B"],"character_chosen":"DEFECT","items_purchased":["Static Discharge"],"campfire_rested":2,"item_purchase_floors":[25],"current_hp_per_floor":[64,59,59,59,52,52,52,48,48,36,37,44,44,44,44,32,61,57,57,61,50,38,59,18,18,18,17,17,17,20,20,41,0,0],"gold":3,"neow_bonus":"THREE_ENEMY_KILL","is_daily":false,"chose_seed":false,"campfire_upgraded":3,"win_rate":0.0,"timestamp":1611270614,"path_taken":["M","?","M","$","?","E","R","E","T","E","M","M","R","?","R","BOSS","M","?","M","?","M","R","E","$","T","M","?","?","?","?","R","BOSS"],"items_purchased_type":["Card"],"build_version":"2020-12-22","purchased_purges":2,"victory":false,"max_hp_per_floor":[71,71,71,71,71,71,71,71,71,71,71,71,71,71,71,71,71,71,71,71,71,71,71,71,71,71,71,71,71,71,71,71,71,71],"card_choices":[{"not_picked":["Steam","Reprogram"],"picked":"Doom and Gloom","floor":1},{"not_picked":["Stack","Fusion"],"picked":"Redo","floor":3},{"not_picked":["Fusion","Melter"],"picked":"Self Repair","floor":6},{"not_picked":["Force Field","Stack"],"picked":"FTL","floor":8},{"not_picked":["Ball Lightning","Doom and Gloom"],"picked":"Sweeping Beam","floor":10},{"not_picked":["Gash","Static Discharge"],"picked":"Conserve Battery","floor":11},{"not_picked":["Conserve Battery","Ball Lightning"],"picked":"Cold Snap","floor":12},{"not_picked":["Amplify","Thunder Strike"],"picked":"Creative AI","floor":16},{"not_picked":["Melter+1","Conserve Battery"],"picked":"Capacitor","floor":18},{"not_picked":["Capacitor","Beam Cell","Reprogram"],"picked":"SKIP","floor":20},{"not_picked":["Fusion","Rebound","Streamline"],"picked":"SKIP","floor":21},{"not_picked":["Conserve Battery+1","Sweeping Beam"],"picked":"Rip and Tear","floor":22},{"not_picked":["Steam","Go for the Eyes+1"],"picked":"Rainbow","floor":24},{"not_picked":["Conserve Battery","Sweeping Beam","Stack"],"picked":"SKIP","floor":27},{"not_picked":["Blizzard","Melter"],"picked":"Hologram","floor":30}],"player_experience":708863,"relics_obtained":[{"floor":6,"key":"StrikeDummy"},{"floor":8,"key":"Akabeko"},{"floor":9,"key":"Orichalcum"},{"floor":10,"key":"Bronze Scales"},{"floor":24,"key":"Letter Opener"},{"floor":26,"key":"Art of War"},{"floor":29,"key":"Smiling Mask"}],"event_choices":[{"damage_healed":0,"gold_gain":0,"player_choice":"Success","damage_taken":5,"relics_obtained":["DataDisk"],"max_hp_gain":0,"max_hp_loss":0,"event_name":"Scrap Ooze","floor":2,"gold_loss":0},{"cards_removed":["Strike_B"],"damage_healed":0,"gold_gain":0,"player_choice":"Card Removal","damage_taken":7,"max_hp_gain":0,"max_hp_loss":0,"event_name":"Golden Wing","floor":5,"gold_loss":0},{"damage_healed":0,"gold_gain":0,"player_choice":"Ignored","damage_taken":0,"max_hp_gain":0,"max_hp_loss":0,"event_name":"Liars Game","floor":14,"gold_loss":0},{"damage_healed":0,"gold_gain":0,"player_choice":"1 cards matched","damage_taken":0,"max_hp_gain":0,"max_hp_loss":0,"event_name":"Match and Keep!","floor":19,"gold_loss":0,"cards_obtained":["Hyperbeam"]},{"damage_healed":0,"gold_gain":50,"player_choice":"Stole From Cult","damage_taken":0,"max_hp_gain":0,"max_hp_loss":0,"event_name":"Nest","floor":28,"gold_loss":0},{"damage_healed":0,"gold_gain":0,"player_choice":"Obtained Relic","damage_taken":0,"relics_obtained":["Bag of Preparation"],"max_hp_gain":0,"max_hp_loss":0,"event_name":"Addict","floor":31,"gold_loss":85}],"is_beta":false,"boss_relics":[{"not_picked":["Pandora\u0027s Box","Nuclear Battery"],"picked":"Ectoplasm"}],"items_purged_floors":[4,25],"is_endless":false,"potions_floor_spawned":[6,8,10,12,16,20,21,30],"killed_by":"Champ","ascension_level":19}}