{"host":"zxd2l8an9de7z7b9","time":1611238889,"event":{"mods":["100% Spire Juice","2.2 Compatiblity","Arknights The Spire","BaseMod","CapriCore","Colored Map","Colored Powertips","GungeonMod","Minty Spire (QoL Compilation)","Rare Cards Sparkle","Replay The Spire","StSLib","SuperFastMode"],"gold_per_floor":[109,127,52,64,64,64,84,95,95,110,60,76,76,76,76,176,176,196,211,225,241,46,46,76,76,125,136,136,1,13,23,23,178,178,204,220,234,244,264,296,296,341,341,359,359,359,385,400,400,400],"floor_reached":51,"language":"KOR","playtime":3905,"items_purged":["DemoMod:Strike_Huntress","DemoMod:Strike_Huntress","DemoMod:Defend_Huntress"],"score":685,"play_id":"7549a4bd-9e9e-42a0-8e8c-a5b95de56fb6","local_time":"20210121232129","is_ascension_mode":true,"campfire_choices":[{"data":"DemoMod:ManualReload","floor":6.0,"key":"SMITH"},{"floor":15.0,"key":"REST"},{"data":"DemoMod:PotionOfGunFriendShip","floor":23.0,"key":"SMITH"},{"data":"DemoMod:GunShield","floor":25.0,"key":"SMITH"},{"floor":32.0,"key":"REST"},{"data":"DemoMod:GunslingerForm","floor":41.0,"key":"SMITH"},{"floor":46.0,"key":"REST"}],"circlet_count":0,"master_deck":["DemoMod:Defend_Huntress+1","DemoMod:Roll","DemoMod:ManualReload+1","DemoMod:CrossBow","DemoMod:HungryBullets","DemoMod:PracticeMakesPerfect+1","DemoMod:PotionOfGunFriendShip+1","DemoMod:RadGun","DemoMod:GunShield+1","DemoMod:Gungine","DemoMod:ConditionalReflex+1","DemoMod:GunstockTap","DemoMod:DoubleSwitch+1","DemoMod:GunslingerForm+1","DemoMod:Unity","DemoMod:ChanceBullets+1","DemoMod:FinishedGun+1","DemoMod:BattleInHaste+1","DemoMod:SAA+1","DemoMod:ChanceBullets+1","DemoMod:MachoBrace+1","Pot Of Greed","Pot Of Greed","DemoMod:SpreadAmmo+1"],"relics":["DemoMod:Dog","NeowsBlessing","Replay:Baseball","Odd Mushroom","Smiling Mask","Kunai","SacredBark","TheAbacus","Gremlin Horn","Blue Doll","Painkiller Herb","War Paint","Turnip","Grinning Jar"],"acts_visited":["Exordium","TheCity","TheBeyond"],"potions_floor_usage":[47,48],"damage_taken":[{"damage":0.0,"enemies":"Small Slimes","floor":1.0,"turns":1.0},{"damage":0.0,"enemies":"Jaw Worm","floor":2.0,"turns":1.0},{"damage":0.0,"enemies":"2 Louse","floor":4.0,"turns":1.0},{"damage":28.0,"enemies":"The Mushroom Lair","floor":7.0,"turns":7.0},{"damage":1.0,"enemies":"2 Fungi Beasts","floor":8.0,"turns":2.0},{"damage":4.0,"enemies":"Gremlin Gang","floor":10.0,"turns":5.0},{"damage":0.0,"enemies":"Looter","floor":12.0,"turns":4.0},{"damage":13.0,"enemies":"Slime Boss","floor":16.0,"turns":5.0},{"damage":4.0,"enemies":"3 Byrds","floor":18.0,"turns":6.0},{"damage":3.0,"enemies":"Shell Parasite","floor":19.0,"turns":4.0},{"damage":25.0,"enemies":"Chosen and Byrds","floor":20.0,"turns":7.0},{"damage":7.0,"enemies":"Centurion and Healer","floor":21.0,"turns":4.0},{"damage":0.0,"enemies":"Replay:Snechameleon","floor":24.0,"turns":5.0},{"damage":7.0,"enemies":"Snake Plant","floor":27.0,"turns":4.0},{"damage":0.0,"enemies":"Shelled Parasite and Fungi","floor":30.0,"turns":2.0},{"damage":21.0,"enemies":"Snecko","floor":31.0,"turns":4.0},{"damage":20.0,"enemies":"Champ","floor":33.0,"turns":4.0},{"damage":27.0,"enemies":"3 Darklings","floor":35.0,"turns":3.0},{"damage":0.0,"enemies":"3 Shapes","floor":36.0,"turns":1.0},{"damage":9.0,"enemies":"Spire Growth","floor":37.0,"turns":4.0},{"damage":14.0,"enemies":"Writhing Mass","floor":38.0,"turns":3.0},{"damage":12.0,"enemies":"Sphere and 2 Shapes","floor":39.0,"turns":4.0},{"damage":0.0,"enemies":"Nemesis","floor":40.0,"turns":3.0},{"damage":5.0,"enemies":"Spire Growth","floor":42.0,"turns":4.0},{"damage":0.0,"enemies":"4 Shapes","floor":44.0,"turns":4.0},{"damage":0,"enemies":"Giant Head","floor":47,"turns":3},{"damage":2,"enemies":"Transient","floor":48,"turns":4},{"damage":6,"enemies":"Replay:Hell Engine","floor":50,"turns":2}],"seed_played":"2019752612493008498","potions_obtained":[{"floor":2.0,"key":"Strength Potion"},{"floor":7.0,"key":"Block Potion"},{"floor":10.0,"key":"Doom Potion"},{"floor":14.0,"key":"DuplicationPotion"},{"floor":16.0,"key":"Fire Potion"},{"floor":18.0,"key":"AttackPotion"},{"floor":20.0,"key":"Block Potion"},{"floor":27.0,"key":"Swift Potion"},{"floor":31.0,"key":"DemoMod:BlankPotion"},{"floor":33.0,"key":"Regen Potion"},{"floor":36.0,"key":"Venom Potion"},{"floor":37.0,"key":"Explosive Potion"},{"floor":38.0,"key":"Adrenaline Potion"},{"floor":44.0,"key":"LiquidMemories"},{"floor":47,"key":"GamblersBrew"},{"floor":48,"key":"SteroidPotion"}],"is_trial":false,"path_per_floor":["M","M","$","M","?","R","?","M","T","M","$","M","?","?","R","B",null,"M","M","M","M","$","R","E","R","T","M","?","$","M","M","R","B",null,"?","?","?","?","?","E","T","?","T","?","?","T","E","?","T","B",null],"character_chosen":"HUNTRESS","items_purchased":["TheAbacus","DemoMod:GunslingerForm"],"campfire_rested":3,"item_purchase_floors":[22,29],"current_hp_per_floor":[70,70,70,70,63,63,35,34,34,30,30,30,30,30,51,38,70,66,63,38,31,31,31,31,31,31,24,24,24,24,3,24,4,70,43,43,61,47,35,35,35,30,30,30,30,51,51,49,70,64],"gold":400,"neow_bonus":"THREE_ENEMY_KILL","is_daily":false,"chose_seed":false,"campfire_upgraded":4,"win_rate":0.0,"timestamp":1611238889,"path_taken":["M","M","$","M","?","R","?","M","T","M","$","M","?","?","R","BOSS","M","M","?","M","$","R","E","R","T","M","?","$","M","M","R","BOSS","?","?","?","?","?","E","T","?","T","?","?","T","E","?","T","BOSS"],"items_purchased_type":["Relic","Card"],"build_version":"2020-12-22","purchased_purges":3,"victory":true,"max_hp_per_floor":[70,70,70,70,70,70,70,70,70,70,70,70,70,70,70,70,70,70,70,70,70,70,70,70,70,70,70,70,70,70,70,70,70,70,70,70,70,70,70,70,70,70,70,70,70,70,70,70,70,70],"card_choices":[{"not_picked":["DemoMod:JK47","DemoMod:Camera"],"picked":"DemoMod:HungryBullets","floor":1.0},{"not_picked":["DemoMod:CombinedRifle","DemoMod:MachoBrace"],"picked":"DemoMod:PracticeMakesPerfect","floor":2.0},{"not_picked":["DemoMod:HardPowerCard","DemoMod:AC15"],"picked":"DemoMod:Purify","floor":4.0},{"not_picked":["DemoMod:FortunesFavor","DemoMod:Polaris"],"picked":"DemoMod:PotionOfGunFriendShip","floor":7.0},{"not_picked":["DemoMod:ConditionalReflex","DemoMod:BalloonGun"],"picked":"DemoMod:RadGun","floor":8.0},{"not_picked":["DemoMod:AbyssalTentacle","DemoMod:HungryBullets"],"picked":"DemoMod:GunShield","floor":10.0},{"not_picked":["DemoMod:DoubleSwitch","DemoMod:GunShield"],"picked":"DemoMod:DirectionalPad","floor":12.0},{"not_picked":["DemoMod:BulletBore","DemoMod:BSG"],"picked":"DemoMod:Gungine","floor":16.0},{"not_picked":["DemoMod:FastSwitch+1","DemoMod:Ejector"],"picked":"DemoMod:ConditionalReflex+1","floor":18.0},{"not_picked":["DemoMod:JK47","DemoMod:DarkMarker","DemoMod:TeaPot"],"picked":"SKIP","floor":19.0},{"not_picked":["DemoMod:JK47","DemoMod:DarkMarker","DemoMod:TeaPot"],"picked":"SKIP","floor":19.0},{"not_picked":["DemoMod:Camera","DemoMod:BoxingGlove"],"picked":"DemoMod:GunstockTap","floor":20.0},{"not_picked":["DemoMod:BoxingGlove+1","DemoMod:ConditionalReflex"],"picked":"DemoMod:DoubleSwitch+1","floor":21.0},{"not_picked":["DemoMod:Ejector","DemoMod:Evolver"],"picked":"DemoMod:DirectionalPad+1","floor":24.0},{"not_picked":["DemoMod:RadGun+1","DemoMod:TableSutra","DemoMod:AWP"],"picked":"SKIP","floor":27.0},{"not_picked":["DemoMod:ProbeStrike","DemoMod:CursedBullets+1"],"picked":"DemoMod:Unity","floor":30.0},{"not_picked":["DemoMod:StickyCrossBow","DemoMod:SpreadAmmo"],"picked":"DemoMod:ChanceBullets+1","floor":31.0},{"not_picked":["DemoMod:BlankBullets","DemoMod:Behold!"],"picked":"DemoMod:FinishedGun","floor":33.0},{"not_picked":["DemoMod:TableSutra+1","DemoMod:AC15"],"picked":"DemoMod:BattleInHaste+1","floor":35.0},{"not_picked":["DemoMod:TableSutra","DemoMod:EasyReloadBullets+1"],"picked":"DemoMod:SAA+1","floor":36.0},{"not_picked":["DemoMod:Ejector","DemoMod:GunstockTap"],"picked":"DemoMod:ChanceBullets+1","floor":37.0},{"not_picked":["DemoMod:BattleInHaste","DemoMod:BoxingGlove"],"picked":"DemoMod:MachoBrace+1","floor":38.0},{"not_picked":["DemoMod:LifeOrb","DemoMod:AWP+1","DemoMod:Rummage"],"picked":"SKIP","floor":39.0},{"not_picked":["DemoMod:GunstockTap+1","DemoMod:AbyssalTentacle+1","DemoMod:GunShield+1"],"picked":"SKIP","floor":40.0},{"not_picked":["DemoMod:TeaPot+1","DemoMod:AWP","DemoMod:DoubleSwitch+1"],"picked":"SKIP","floor":42.0},{"not_picked":["DemoMod:BoxingGlove+1","DemoMod:Camera","DemoMod:AC15+1"],"picked":"SKIP","floor":44.0},{"not_picked":["DemoMod:GunShield","DemoMod:SkilledReload+1"],"picked":"DemoMod:SpreadAmmo+1","floor":47},{"not_picked":["DemoMod:MachoBrace","DemoMod:SAA","DemoMod:ConditionalReflex+1"],"picked":"SKIP","floor":48}],"player_experience":354328,"relics_obtained":[{"floor":2.0,"key":"Replay:Baseball"},{"floor":7.0,"key":"Odd Mushroom"},{"floor":7.0,"key":"Smiling Mask"},{"floor":9.0,"key":"Kunai"},{"floor":24.0,"key":"Gremlin Horn"},{"floor":26.0,"key":"Blue Doll"},{"floor":40.0,"key":"War Paint"},{"floor":43.0,"key":"Turnip"},{"floor":47,"key":"Grinning Jar"}],"event_choices":[{"cards_removed":["DemoMod:Strike_Huntress"],"damage_healed":0.0,"max_hp_gain":0.0,"max_hp_loss":0.0,"gold_gain":0.0,"event_name":"Golden Wing","player_choice":"Card Removal","floor":5.0,"gold_loss":0.0,"damage_taken":7.0},{"damage_healed":0.0,"max_hp_gain":0.0,"max_hp_loss":0.0,"gold_gain":0.0,"event_name":"Mushrooms","player_choice":"Fought Mushrooms","floor":7.0,"gold_loss":0.0,"damage_taken":0.0},{"damage_healed":0.0,"max_hp_gain":0.0,"max_hp_loss":0.0,"gold_gain":0.0,"event_name":"Lab","player_choice":"Got Potions","floor":14.0,"gold_loss":0.0,"damage_taken":0.0},{"cards_removed":["DemoMod:RustySidearm"],"damage_healed":0.0,"max_hp_gain":0.0,"max_hp_loss":0.0,"gold_gain":0.0,"event_name":"Falling","player_choice":"Removed Attack","floor":45.0,"gold_loss":0.0,"damage_taken":0.0}],"is_beta":false,"boss_relics":[{"not_picked":["Replay:Wanted Poster","Snecko Eye"],"picked":"SacredBark"},{"not_picked":["Sozu","Abe\u0027s Treasure"],"picked":"Painkiller Herb"}],"items_purged_floors":[3,11,22],"is_endless":false,"potions_floor_spawned":[2,7,10,16,18,19,20,27,31,33,36,37,38,44,47,48],"ascension_level":1}}