{"host":"1dhlu4qzehvrzpot","time":1611233899,"event":{"mods":["2.2 Compatiblity","AchievementEnabler","BaseMod","Block Reminder","Minty Spire (QoL Compilation)","Permanent Neow","Quick Restart","Rare Cards Sparkle","Relic Stats","Say the Spire","Slay-I","StSLib","SuperFastMode"],"gold_per_floor":[111,127,127,127,137,137,154,154,154,186,74,100,119,119,119,216,216,235,150,164,164,181,181,181],"floor_reached":23,"language":"ENG","playtime":456,"items_purged":["Regret"],"score":267,"play_id":"842a35e7-b28f-4f56-bcaa-0b5246c7b667","local_time":"20210121135819","is_ascension_mode":true,"campfire_choices":[{"data":"Dualcast","floor":6,"key":"SMITH"},{"data":"Zap","floor":8,"key":"SMITH"},{"floor":15,"key":"REST"}],"circlet_count":0,"master_deck":["Strike_B","Strike_B","Strike_B","Strike_B","Defend_B","Defend_B","Defend_B","Defend_B","Zap+1","Dualcast+1","Ball Lightning","Cold Snap","Ball Lightning","Electrodynamics","Self Repair","Echo Form","Self Repair","Auto Shields+1"],"relics":["Cracked Core","FossilizedHelix","Mercury Hourglass","Vajra","Darkstone Periapt","Odd Mushroom","Black Star","Kunai"],"acts_visited":["Exordium","TheCity"],"potions_floor_usage":[16,23],"damage_taken":[{"damage":0,"enemies":"Cultist","floor":1,"turns":4},{"damage":0,"enemies":"Jaw Worm","floor":2,"turns":2},{"damage":7,"enemies":"2 Louse","floor":5,"turns":2},{"damage":0,"enemies":"Large Slime","floor":7,"turns":4},{"damage":24,"enemies":"Lagavulin","floor":10,"turns":4},{"damage":0,"enemies":"The Mushroom Lair","floor":12,"turns":2},{"damage":0,"enemies":"Exordium Wildlife","floor":13,"turns":1},{"damage":12,"enemies":"Hexaghost","floor":16,"turns":9},{"damage":18,"enemies":"Shell Parasite","floor":18,"turns":5},{"damage":0,"enemies":"Spheric Guardian","floor":20,"turns":3},{"damage":15,"enemies":"Centurion and Healer","floor":22,"turns":4},{"damage":52,"enemies":"Slavers","floor":23,"turns":3}],"seed_played":"1856129865987433606","potions_obtained":[{"floor":10,"key":"Ancient Potion"},{"floor":13,"key":"FearPotion"},{"floor":16,"key":"LiquidMemories"},{"floor":18,"key":"PotionOfCapacity"},{"floor":22,"key":"CultistPotion"}],"is_trial":false,"path_per_floor":["M","M","?","?","M","R","M","R","T","E","$","?","M","?","R","B",null,"M","?","M","?","M","E"],"character_chosen":"DEFECT","items_purchased":["Self Repair"],"campfire_rested":1,"item_purchase_floors":[11],"current_hp_per_floor":[50,50,50,50,43,43,43,43,43,19,19,19,19,12,34,29,64,60,60,67,53,52,0,0],"gold":181,"neow_bonus":"ONE_RARE_RELIC","is_daily":false,"chose_seed":false,"campfire_upgraded":2,"win_rate":0.0,"timestamp":1611233899,"path_taken":["M","M","?","?","?","R","M","R","T","E","?","?","M","?","R","BOSS","M","?","M","?","?","E"],"items_purchased_type":["Card"],"build_version":"2020-12-22","purchased_purges":1,"victory":false,"max_hp_per_floor":[75,75,75,75,75,75,75,75,75,75,75,75,75,75,75,75,75,75,75,75,80,80,80,80],"relic_stats":{"Darkstone Periapt":0,"counters":[12,43],"Black Star":0,"Kunai":[1],"obtain_stats":[{"Darkstone Periapt":10,"Vajra":9,"Black Star":17,"Kunai":19,"Odd Mushroom":12,"Cracked Core":0,"FossilizedHelix":0,"Mercury Hourglass":3},{"Darkstone Periapt":5,"Vajra":4,"Black Star":8,"Kunai":9,"Odd Mushroom":6,"Cracked Core":0,"FossilizedHelix":0,"Mercury Hourglass":2},{"Darkstone Periapt":16,"Vajra":12,"Black Star":28,"Kunai":33,"Odd Mushroom":18,"Cracked Core":0,"FossilizedHelix":0,"Mercury Hourglass":6}],"Mercury Hourglass":[123]},"card_choices":[{"not_picked":["Rebound","Turbo"],"picked":"Ball Lightning","floor":1},{"not_picked":["Stack","Barrage","Scrape"],"picked":"SKIP","floor":2},{"not_picked":["Rebound","Hello World"],"picked":"Cold Snap","floor":5},{"not_picked":["Heatsinks","Doom and Gloom"],"picked":"Ball Lightning","floor":7},{"not_picked":["Stack","Steam"],"picked":"Electrodynamics","floor":10},{"not_picked":["Sweeping Beam","Go for the Eyes","Turbo"],"picked":"SKIP","floor":13},{"not_picked":["Buffer","All For One"],"picked":"Echo Form","floor":16},{"not_picked":["Chaos+1","Cold Snap"],"picked":"Self Repair","floor":18},{"not_picked":["Hologram+1","Compile Driver","Force Field"],"picked":"SKIP","floor":20},{"not_picked":["Sweeping Beam","Steam"],"picked":"Auto Shields+1","floor":22}],"player_experience":532195,"relics_obtained":[{"floor":9,"key":"Vajra"},{"floor":10,"key":"Darkstone Periapt"},{"floor":12,"key":"Odd Mushroom"}],"event_choices":[{"damage_healed":0,"gold_gain":0,"player_choice":"Box","damage_taken":0,"relics_obtained":["Mercury Hourglass"],"max_hp_gain":0,"max_hp_loss":0,"event_name":"Big Fish","floor":3,"gold_loss":0,"cards_obtained":["Regret"]},{"damage_healed":0,"gold_gain":0,"player_choice":"Cursed","damage_taken":0,"max_hp_gain":0,"max_hp_loss":0,"event_name":"Wheel of Change","floor":4,"gold_loss":0,"cards_obtained":["Decay"]},{"damage_healed":0,"gold_gain":0,"player_choice":"Fought Mushrooms","damage_taken":0,"max_hp_gain":0,"max_hp_loss":0,"event_name":"Mushrooms","floor":12,"gold_loss":0},{"cards_removed":["Decay"],"damage_healed":0,"gold_gain":0,"player_choice":"Card Removal","damage_taken":7,"max_hp_gain":0,"max_hp_loss":0,"event_name":"Golden Wing","floor":14,"gold_loss":0},{"damage_healed":0,"gold_gain":0,"player_choice":"Obtained Relic","damage_taken":0,"relics_obtained":["Kunai"],"max_hp_gain":0,"max_hp_loss":0,"event_name":"Addict","floor":19,"gold_loss":85},{"damage_healed":0,"gold_gain":0,"player_choice":"Shed Blood","damage_taken":19,"max_hp_gain":5,"max_hp_loss":0,"event_name":"Forgotten Altar","floor":21,"gold_loss":0}],"is_beta":false,"boss_relics":[{"not_picked":["Snecko Eye","Pandora\u0027s Box"],"picked":"Black Star"}],"items_purged_floors":[11],"is_endless":false,"potions_floor_spawned":[10,13,16,18,22],"killed_by":"Slavers","ascension_level":8}}