{"host":"eckg3lzugnpjvwsg","time":1611261099,"event":{"mods":["Act Like it!","BaseMod","Better Third Choice","Minty Spire (QoL Compilation)","Replay The Spire","Somnambulant","StSLib"],"gold_per_floor":[110,128,59,75,75,107,127,152,152,152,182,193,193,203,203,299,299,316,316,335,335,351,385,396,396,396,414,439,199,199,232,232,336,336,354,354,371,565,583,614,614,631,656,690,701,701,714,748,748,748],"floor_reached":51,"language":"ENG","playtime":3977,"items_purged":[],"score":919,"play_id":"03c264a0-de25-4df6-9794-742972982c24","local_time":"20210121183139","is_ascension_mode":false,"campfire_choices":[{"data":"Burst","floor":10,"key":"SMITH"},{"data":"Backstab","floor":15,"key":"SMITH"},{"data":"Neutralize","floor":25,"key":"SMITH"},{"data":"Replay:Poison Smokescreen","floor":32,"key":"SMITH"},{"data":"After Image","floor":49,"key":"SMITH"}],"circlet_count":0,"master_deck":["Strike_G","Strike_G","Strike_G","Defend_G","Defend_G","Defend_G","Defend_G","Survivor","Neutralize+1","Noxious Fumes","Deadly Poison","Noxious Fumes","Burst+1","Blur","Toxin Wave","Footwork","Replay:Poison Smokescreen+1","Footwork","Backstab+1","Venomology","Blade Dance+1","Blade Dance","Well Laid Plans","ReplayTheSpireMod:Scrap Shanks","Blade Dance","Skewer+1","Escape Plan","After Image+1","Sneak Up","Dodge and Roll","ReplayTheSpireMod:Shiv Toss+1","Distraction+1","Calculated Gamble","After Image","Deflect+1","Caltrops+1","Prepared","Tools of the Trade"],"relics":["Philosopher\u0027s Stone","Vampiric Spirits","Tingsha","Replay:Bottled Snecko","Meat on the Bone","SlaversCollar","ReplayTheSpireMod:Ninjato","Replay:Accelerometer","Pondfish Scales","Ninja Scroll","Mirror","Gambling Chip","Snecko Scales","Vajra","Anchor","Mummified Hand","Dream Catcher"],"acts_visited":["Exordium","TheCity","TheBeyond"],"potions_floor_usage":[18,20,22,23,23,28,28,50,50],"damage_taken":[{"damage":2,"enemies":"Cultist","floor":1,"turns":4},{"damage":0,"enemies":"Small Slimes","floor":2,"turns":4},{"damage":6,"enemies":"2 Louse","floor":4,"turns":3},{"damage":12,"enemies":"Replay:BlueRogue","floor":6,"turns":6},{"damage":0,"enemies":"Red Slaver","floor":7,"turns":4},{"damage":19,"enemies":"Lagavulin","floor":8,"turns":6},{"damage":22,"enemies":"3 Sentries","floor":11,"turns":6},{"damage":2,"enemies":"Large Slime","floor":12,"turns":5},{"damage":17,"enemies":"Exordium Thugs","floor":14,"turns":3},{"damage":3,"enemies":"The Guardian","floor":16,"turns":7},{"damage":1,"enemies":"Chosen","floor":18,"turns":6},{"damage":15,"enemies":"2 Thieves","floor":20,"turns":4},{"damage":24,"enemies":"Shelled Parasite and Fungi","floor":22,"turns":5},{"damage":12,"enemies":"Book of Stabbing","floor":23,"turns":5},{"damage":18,"enemies":"Snecko","floor":24,"turns":6},{"damage":35,"enemies":"Chosen and Byrds","floor":27,"turns":6},{"damage":0,"enemies":"Gremlin Leader","floor":28,"turns":4},{"damage":16,"enemies":"Replay:Snechameleon","floor":31,"turns":5},{"damage":7,"enemies":"Champ","floor":33,"turns":9},{"damage":7,"enemies":"3 Shapes","floor":35,"turns":4},{"damage":0,"enemies":"Orb Walker","floor":37,"turns":3},{"damage":3,"enemies":"4 Shapes","floor":39,"turns":3},{"damage":14,"enemies":"Nemesis","floor":40,"turns":3},{"damage":0,"enemies":"Transient","floor":42,"turns":5},{"damage":0,"enemies":"Giant Head","floor":44,"turns":4},{"damage":0,"enemies":"Sphere and 2 Shapes","floor":45,"turns":4},{"damage":0,"enemies":"Writhing Mass","floor":47,"turns":4},{"damage":0,"enemies":"Reptomancer","floor":48,"turns":4},{"damage":21,"enemies":"Time Eater","floor":50,"turns":6}],"seed_played":"3531500915280309306","potions_obtained":[{"floor":1,"key":"Strength Potion"},{"floor":4,"key":"Adrenaline Potion"},{"floor":6,"key":"Languid Potion"}],"is_trial":false,"path_per_floor":["M","M","$","M","?","E","M","E","T","R","E","M","?","M","R","B",null,"M","?","M","?","M","E","M","R","T","M","E","$","T","E","R","B",null,"M","?","M","?","M","E","?","M","T","E","M","?","M","E","R","B",null],"character_chosen":"THE_SILENT","items_purchased":["Noxious Fumes","Ninja Scroll"],"campfire_rested":0,"item_purchase_floors":[3,29],"current_hp_per_floor":[68,68,68,62,62,50,51,32,32,32,11,22,22,17,17,30,70,69,69,55,70,46,41,39,39,39,19,37,37,37,39,39,38,70,63,63,70,53,61,47,47,58,58,69,70,70,70,70,70,49],"gold":748,"neow_bonus":"BOSS_RELIC","is_daily":false,"chose_seed":false,"campfire_upgraded":5,"win_rate":0.0,"timestamp":1611261099,"path_taken":["M","M","?","M","?","E","M","E","T","R","E","M","?","M","R","BOSS","M","?","?","?","M","E","M","R","T","M","E","?","?","E","R","BOSS","M","?","?","?","M","E","?","M","T","E","M","?","M","E","R","BOSS"],"items_purchased_type":["Card","Relic"],"build_version":"2020-12-22","purchased_purges":0,"victory":true,"max_hp_per_floor":[70,70,70,70,70,70,70,70,70,70,70,70,70,70,70,70,70,70,70,70,70,70,70,70,70,70,70,70,70,70,70,70,70,70,70,70,70,70,70,70,70,70,70,70,70,70,70,70,70,70],"card_choices":[{"not_picked":["Sneak Up","Dodge and Roll"],"picked":"Noxious Fumes","floor":1},{"not_picked":["Prepared","PiercingWail"],"picked":"Deadly Poison","floor":2},{"not_picked":["ReplayTheSpireMod:Tripwire","Infinite Blades"],"picked":"Burst","floor":4},{"not_picked":["Dagger Spray","Quick Slash"],"picked":"Blur","floor":6},{"not_picked":["PiercingWail","Sucker Punch"],"picked":"Toxin Wave","floor":7},{"not_picked":["Outmaneuver","Blur","Underhanded Strike"],"picked":"SKIP","floor":8},{"not_picked":["Prepared","Choke"],"picked":"Footwork","floor":11},{"not_picked":["Poisoned Stab","Dagger Spray"],"picked":"Replay:Poison Smokescreen","floor":12},{"not_picked":["Terror","Crippling Poison"],"picked":"Backstab","floor":14},{"not_picked":["Bullet Time","Unload"],"picked":"Venomology","floor":16},{"not_picked":["Quick Slash","Predator+1"],"picked":"Blade Dance+1","floor":18},{"not_picked":["Outmaneuver","Heel Hook"],"picked":"Blade Dance","floor":20},{"not_picked":["Dagger Throw+1","Dagger Spray","Flying Knee+1"],"picked":"SKIP","floor":22},{"not_picked":["Prepared","ReplayTheSpireMod:From All Sides"],"picked":"Well Laid Plans","floor":23},{"not_picked":["Endless Agony","Blur"],"picked":"ReplayTheSpireMod:Scrap Shanks","floor":24},{"not_picked":["Dagger Throw","Blade Dance","Dagger Spray"],"picked":"SKIP","floor":27},{"not_picked":["Dagger Throw","Dagger Spray"],"picked":"Blade Dance","floor":27},{"not_picked":["Reflex","Eviscerate"],"picked":"Skewer+1","floor":28},{"not_picked":["Quick Slash","Heel Hook"],"picked":"Escape Plan","floor":31},{"not_picked":["Night Terror","Unload"],"picked":"After Image","floor":33},{"not_picked":["Quick Slash","Poisoned Stab"],"picked":"Sneak Up","floor":35},{"not_picked":["Hidden Blade","Sneak Up"],"picked":"ReplayTheSpireMod:Shiv Toss+1","floor":37},{"not_picked":["ReplayTheSpireMod:Exploit Weakness+1","Acrobatics+1"],"picked":"Distraction+1","floor":38},{"not_picked":["Endless Agony+1","Well Laid Plans+1"],"picked":"Calculated Gamble","floor":39},{"not_picked":["Poisoned Stab+1","Eviscerate"],"picked":"After Image","floor":40},{"not_picked":["Deadly Poison","Flying Knee"],"picked":"Deflect+1","floor":42},{"not_picked":["All Out Attack+1","Reflex"],"picked":"Caltrops+1","floor":44},{"not_picked":["Slice+1","Poisoned Stab+1","Backflip+1"],"picked":"SKIP","floor":45},{"not_picked":["Dagger Throw+1","Expertise"],"picked":"Prepared","floor":47},{"not_picked":["Deadly Poison+1","Underhanded Strike"],"picked":"Tools of the Trade","floor":48}],"player_experience":34733,"relics_obtained":[{"floor":6,"key":"Vampiric Spirits"},{"floor":8,"key":"Tingsha"},{"floor":9,"key":"Replay:Bottled Snecko"},{"floor":11,"key":"Meat on the Bone"},{"floor":23,"key":"ReplayTheSpireMod:Ninjato"},{"floor":26,"key":"Replay:Accelerometer"},{"floor":28,"key":"Pondfish Scales"},{"floor":30,"key":"Mirror"},{"floor":31,"key":"Gambling Chip"},{"floor":40,"key":"Vajra"},{"floor":43,"key":"Anchor"},{"floor":44,"key":"Mummified Hand"},{"floor":48,"key":"Dream Catcher"}],"event_choices":[{"damage_healed":0,"gold_gain":0,"cards_transformed":["Strike_G"],"player_choice":"Change","damage_taken":0,"max_hp_gain":0,"max_hp_loss":0,"event_name":"Living Wall","floor":13,"gold_loss":0,"cards_obtained":["Footwork"]},{"damage_healed":0,"gold_gain":0,"player_choice":"Bought 0 Potions","damage_taken":0,"max_hp_gain":0,"max_hp_loss":0,"event_name":"The Woman in Blue","floor":19,"gold_loss":0},{"damage_healed":15,"gold_gain":0,"player_choice":"Full Heal","damage_taken":0,"max_hp_gain":0,"max_hp_loss":0,"event_name":"Wheel of Change","floor":21,"gold_loss":0},{"damage_healed":0,"gold_gain":0,"player_choice":"1 cards matched","damage_taken":0,"max_hp_gain":0,"max_hp_loss":0,"event_name":"Match and Keep!","floor":36,"gold_loss":0,"cards_obtained":["Dodge and Roll"]},{"cards_removed":["Strike_G"],"damage_healed":0,"gold_gain":0,"player_choice":"Removed Attack","damage_taken":0,"max_hp_gain":0,"max_hp_loss":0,"event_name":"Falling","floor":41,"gold_loss":0},{"damage_healed":0,"gold_gain":0,"player_choice":"Ignored","damage_taken":0,"max_hp_gain":0,"max_hp_loss":0,"event_name":"Tomb of Lord Red Mask","floor":46,"gold_loss":0}],"is_beta":false,"boss_relics":[{"not_picked":["WristBlade","Replay:Drink Me"],"picked":"SlaversCollar"},{"not_picked":["ReplayTheSpireMod:DimensionalGlitch","Velvet Choker"],"picked":"Snecko Scales"}],"items_purged_floors":[],"is_endless":false,"potions_floor_spawned":[1,4,6,11,14,16,18,20,31,33,35,40,44,48],"ascension_level":0}}