{"host":"pletss163z7s8pvv","time":1611210374,"event":{"mods":["AchievementEnabler","BaseMod","Better Altar","CapriCore","Colored Map","Colored Powertips","Conspire","Energized Spire","GifTheSpireLib","Hermit","Ironclad Rager","Minty Spire (QoL Compilation)","Spicy Shops","StS++","StSLib"],"gold_per_floor":[156,156,331,22,64,158,233,233,286,286,286,286,9,68,68,400,400,449,12,12,0,0,0,0,55,128,176,17,17,116,44,44,362,362,401,573,573,582,63,63,63,63,98,98,205,205,214,9,9,9,9],"floor_reached":50,"language":"ENG","playtime":1037,"items_purged":[],"score":752,"play_id":"2507c61e-c34c-41c7-9535-46e2f3ce4f7e","local_time":"20210121002614","daily_mods":["Hoarder","Vintage","Time Dilation","Flight","Midas"],"is_ascension_mode":false,"campfire_choices":[{"floor":8,"key":"REST"},{"floor":10,"key":"REST"},{"floor":11,"key":"REST"},{"data":"Doubt","floor":15,"key":"PURGE"},{"floor":23,"key":"REST"},{"data":"Doubt","floor":29,"key":"PURGE"},{"data":"hermit:FullyLoaded","floor":32,"key":"PURGE"},{"data":"1","floor":40,"key":"LIFT"},{"data":"2","floor":41,"key":"LIFT"},{"data":"3","floor":44,"key":"LIFT"},{"floor":46,"key":"REST"},{"data":"Doubt","floor":49,"key":"PURGE"}],"circlet_count":0,"master_deck":["hermit:Strike_Hermit","hermit:Strike_Hermit","hermit:Strike_Hermit","hermit:Strike_Hermit","hermit:Defend_Hermit","hermit:Defend_Hermit","hermit:Defend_Hermit","hermit:Defend_Hermit","hermit:Snapshot","hermit:Covet","Doubt","Doubt","hermit:Headshot","hermit:Headshot","hermit:Headshot","hermit:FullyLoaded","hermit:WideOpen","hermit:WideOpen","hermit:WideOpen","hermit:FinalCanter","hermit:FinalCanter","hermit:FinalCanter","hermit:Vantage","hermit:Vantage","hermit:Vantage","Decay","Decay","Decay","hermit:ShadowCloak+1","hermit:ShadowCloak+1","hermit:ShadowCloak+1","Doubt","hermit:Determination+1","hermit:Determination+1","hermit:Determination+1","Limit Break","Limit Break","Limit Break","hermit:Showdown","hermit:Showdown","hermit:Showdown","Decay","Decay","Decay","hermit:WideOpen","hermit:WideOpen","hermit:WideOpen","hermit:Quickdraw","hermit:Quickdraw","hermit:Quickdraw","Parasite","Parasite","Parasite","Gash+1","Gash+1","Gash+1","hermit:TrackingShot","hermit:TrackingShot","hermit:TrackingShot","hermit:HighCaliber","hermit:HighCaliber","hermit:HighCaliber"],"relics":["hermit:ClaspedLocket","Art of War","Golden Idol","StSpp:SailorCap","conspire:TreasureMap","Frozen Egg 2","StSpp:BrokenTotem","hermit:RyeStalk","Peace Pipe","PreservedInsect","Oddly Smooth Stone","StSpp:TwinEgg","StSpp:WoodenPendulum","Shuriken","Mummified Hand","CeramicFish","PrismaticShard","MealTicket","Cursed Key","Anchor","Girya","Eternal Feather","Vajra","TheAbacus","Happy Flower","Potion Belt","StrikeDummy"],"acts_visited":["Exordium","TheCity","TheBeyond"],"potions_floor_usage":[33,45,50,50,50,50],"damage_taken":[{"damage":8,"enemies":"Jaw Worm","floor":1,"turns":3},{"damage":2,"enemies":"2 Louse","floor":5,"turns":2},{"damage":30,"enemies":"3 Sentries","floor":6,"turns":8},{"damage":0,"enemies":"Small Slimes","floor":14,"turns":2},{"damage":40,"enemies":"Hexaghost","floor":16,"turns":7},{"damage":23,"enemies":"Shell Parasite","floor":18,"turns":4},{"damage":10,"enemies":"Spheric Guardian","floor":25,"turns":3},{"damage":68,"enemies":"Collector","floor":33,"turns":6},{"damage":31,"enemies":"3 Shapes","floor":35,"turns":4},{"damage":16,"enemies":"Mind Bloom Boss Battle","floor":36,"turns":6},{"damage":43,"enemies":"Reptomancer","floor":45,"turns":4},{"damage":156,"enemies":"conspire:OrnateMirror","floor":50,"turns":4}],"seed_played":"4781632785194759585","potions_obtained":[{"floor":16,"key":"Strength Potion"},{"floor":35,"key":"AttackPotion"}],"is_trial":true,"path_per_floor":["M","?","?","$","M","E","?","R","T","R","R","?","$","M","R","B",null,"M","$","?","?","?","R","?","M","T","T","$","R","?","$","R","B",null,"M","?","?","T","$","R","R","?","T","R","E","R","?","$","R","B"],"character_chosen":"HERMIT","items_purchased":["StSpp:SailorCap","conspire:TreasureMap","hermit:Headshot","Peace Pipe","PreservedInsect","hermit:WideOpen","StSpp:WoodenPendulum","DuplicationPotion","hermit:Vantage","PrismaticShard","hermit:ShadowCloak+1","MealTicket","hermit:Determination+1","Vajra","TheAbacus","Happy Flower","hermit:WideOpen","hermit:Quickdraw","PowerPotion","Energy Potion","hermit:HighCaliber"],"campfire_rested":5,"item_purchase_floors":[4,4,4,13,13,13,19,19,19,28,28,28,31,39,39,39,39,39,48,48,48],"current_hp_per_floor":[67,49,49,49,47,17,6,28,28,50,72,72,72,72,72,32,75,52,52,52,52,52,74,74,65,65,65,65,65,65,75,75,8,75,46,33,33,33,48,71,71,71,71,71,30,71,71,71,71,0,0],"gold":9,"neow_bonus":"","is_daily":false,"chose_seed":false,"campfire_upgraded":0,"win_rate":0.0,"timestamp":1611210374,"path_taken":["M","?","?","$","M","E","?","R","T","R","R","?","$","?","R","BOSS","M","$","?","?","?","R","?","?","T","?","?","R","?","$","R","BOSS","M","?","?","?","$","R","R","?","T","R","E","R","?","$","R","BOSS"],"items_purchased_type":["Relic","Relic","Card","Relic","Relic","Card","Relic","Potion","Card","Relic","Card","Relic","Card","Relic","Relic","Relic","Card","Card","Potion","Potion","Card"],"build_version":"2020-12-22","purchased_purges":0,"victory":false,"max_hp_per_floor":[75,75,75,75,75,75,75,75,75,75,75,75,75,75,75,75,75,75,75,75,75,75,75,75,75,75,75,75,75,75,75,75,75,75,75,75,71,71,71,71,71,71,71,71,71,71,71,71,71,71,71],"card_choices":[{"not_picked":["hermit:Roughhouse","hermit:Roulette"],"picked":"hermit:FullyLoaded","floor":6},{"not_picked":["hermit:Gambit","hermit:BlackWind"],"picked":"hermit:FinalCanter","floor":16},{"not_picked":["Creative AI+1","StSpp:Turnabout","SpiritShield","Machine Learning+1"],"picked":"Limit Break","floor":33},{"not_picked":["hermit:Shortfuse","Leap","Headbutt","hermit:HoleUp"],"picked":"hermit:Showdown","floor":36},{"not_picked":["Sunder","StSpp:TimeDodge","Shrug It Off+1","Leg Sweep+1"],"picked":"Gash+1","floor":45}],"player_experience":427423,"relics_obtained":[{"floor":1,"key":"Art of War"},{"floor":5,"key":"Frozen Egg 2"},{"floor":6,"key":"StSpp:BrokenTotem"},{"floor":9,"key":"hermit:RyeStalk"},{"floor":14,"key":"Oddly Smooth Stone"},{"floor":18,"key":"StSpp:TwinEgg"},{"floor":25,"key":"Shuriken"},{"floor":26,"key":"Mummified Hand"},{"floor":27,"key":"CeramicFish"},{"floor":35,"key":"Anchor"},{"floor":36,"key":"Girya"},{"floor":38,"key":"Eternal Feather"},{"floor":43,"key":"Potion Belt"},{"floor":45,"key":"StrikeDummy"}],"event_choices":[{"damage_healed":0,"gold_gain":0,"player_choice":"Take Damage","damage_taken":18,"relics_obtained":["Golden Idol"],"max_hp_gain":0,"max_hp_loss":0,"event_name":"Golden Idol","floor":2,"gold_loss":0},{"damage_healed":0,"gold_gain":175,"player_choice":"AGREE","damage_taken":0,"max_hp_gain":0,"max_hp_loss":0,"event_name":"Liars Game","floor":3,"gold_loss":0,"cards_obtained":["Doubt"]},{"damage_healed":0,"gold_gain":75,"player_choice":"Gather Gold","damage_taken":11,"max_hp_gain":0,"max_hp_loss":0,"event_name":"World of Goop","floor":7,"gold_loss":0},{"damage_healed":0,"gold_gain":0,"player_choice":"Ignored","damage_taken":0,"max_hp_gain":0,"max_hp_loss":0,"event_name":"NoteForYourself","floor":12,"gold_loss":0},{"damage_healed":0,"gold_gain":0,"player_choice":" Defy","damage_taken":0,"max_hp_gain":0,"max_hp_loss":0,"event_name":"betterAltar:BetterAltar","floor":20,"gold_loss":0,"cards_obtained":["Decay"]},{"damage_healed":0,"gold_gain":0,"player_choice":"Paid Fearfully","damage_taken":0,"max_hp_gain":0,"max_hp_loss":0,"event_name":"Masked Bandits","floor":21,"gold_loss":12},{"damage_healed":0,"gold_gain":0,"player_choice":"Leave","damage_taken":0,"max_hp_gain":0,"max_hp_loss":0,"event_name":"conspire:Investor","floor":22,"gold_loss":0},{"damage_healed":0,"gold_gain":0,"player_choice":"Ignored","damage_taken":0,"max_hp_gain":0,"max_hp_loss":0,"event_name":"Vampires","floor":24,"gold_loss":0},{"damage_healed":0,"gold_gain":99,"player_choice":"Stole From Cult","damage_taken":0,"max_hp_gain":0,"max_hp_loss":0,"event_name":"Nest","floor":30,"gold_loss":0},{"damage_healed":0,"gold_gain":0,"player_choice":"Fight","damage_taken":0,"max_hp_gain":0,"max_hp_loss":0,"event_name":"MindBloom","floor":36,"gold_loss":0},{"damage_healed":0,"gold_gain":0,"player_choice":"Max HP","damage_taken":0,"max_hp_gain":0,"max_hp_loss":4,"event_name":"Winding Halls","floor":37,"gold_loss":0},{"cards_removed":["hermit:FullyLoaded"],"damage_healed":0,"gold_gain":0,"player_choice":"Removed Skill","damage_taken":0,"max_hp_gain":0,"max_hp_loss":0,"event_name":"Falling","floor":42,"gold_loss":0},{"damage_healed":0,"gold_gain":0,"player_choice":"1 cards matched","damage_taken":0,"max_hp_gain":0,"max_hp_loss":0,"event_name":"Match and Keep!","floor":47,"gold_loss":0,"cards_obtained":["hermit:TrackingShot"]}],"is_beta":false,"boss_relics":[{"not_picked":["hermit:DentedPlate","Coffee Dripper"],"picked":"hermit:ClaspedLocket"},{"not_picked":["SlaversCollar","conspire:SeveredTorchhead"],"picked":"Cursed Key"}],"items_purged_floors":[],"is_endless":false,"potions_floor_spawned":[16,25,35,36],"killed_by":"conspire:OrnateMirror","ascension_level":0}}