{"host":"foq4mrde4mssg7vt","time":1611239040,"event":{"mods":["AchievementEnabler","BaseMod","Colored Map","Colored Powertips","Highlight Path","Minty Spire (QoL Compilation)","Relic Stats","everything is the same but u backflip on backflip"],"gold_per_floor":[117,15,27,46,56,91,104,104,104,104,104],"floor_reached":10,"language":"ENG","playtime":284,"items_purged":[],"score":140,"play_id":"5947d690-ef10-4530-b257-b71807faa5f4","local_time":"20210121222400","is_ascension_mode":true,"campfire_choices":[{"floor":8,"key":"REST"}],"circlet_count":0,"master_deck":["AscendersBane","Strike_B","Strike_B","Strike_B","Strike_B","Defend_B","Defend_B","Defend_B","Defend_B","Zap","Dualcast","Sweeping Beam","Barrage","Gash","Echo Form","Rip and Tear","Loop"],"relics":["Cracked Core","Toxic Egg 2","Lantern"],"acts_visited":["Exordium"],"potions_floor_usage":[10],"damage_taken":[{"damage":1,"enemies":"Cultist","floor":1,"turns":3},{"damage":2,"enemies":"Jaw Worm","floor":3,"turns":3},{"damage":7,"enemies":"2 Louse","floor":4,"turns":2},{"damage":2,"enemies":"Looter","floor":5,"turns":4},{"damage":20,"enemies":"Lagavulin","floor":6,"turns":5},{"damage":32,"enemies":"Exordium Thugs","floor":7,"turns":4},{"damage":32,"enemies":"Gremlin Nob","floor":10,"turns":3}],"seed_played":"-2806246196290387099","potions_obtained":[{"floor":5,"key":"PotionOfCapacity"},{"floor":6,"key":"FocusPotion"}],"is_trial":false,"path_per_floor":["M","$","M","M","M","E","M","R","T","E"],"character_chosen":"DEFECT","items_purchased":["Barrage","Gash"],"campfire_rested":1,"item_purchase_floors":[2,2],"current_hp_per_floor":[70,70,68,61,59,39,7,30,30,0,0],"gold":104,"neow_bonus":"TEN_PERCENT_HP_BONUS","is_daily":false,"chose_seed":false,"campfire_upgraded":0,"win_rate":0.0,"timestamp":1611239040,"path_taken":["M","?","M","M","M","E","?","R","T","E"],"items_purchased_type":["Card","Card"],"build_version":"2020-12-22","purchased_purges":0,"victory":false,"max_hp_per_floor":[78,78,78,78,78,78,78,78,78,78,78],"relic_stats":{"counters":[7,24],"obtain_stats":[{"Lantern":9,"Toxic Egg 2":6,"Cracked Core":0},{"Lantern":6,"Toxic Egg 2":5,"Cracked Core":0},{"Lantern":21,"Toxic Egg 2":17,"Cracked Core":0}]},"card_choices":[{"not_picked":["Conserve Battery","Hologram"],"picked":"Sweeping Beam","floor":1},{"not_picked":["Hologram","Hello World"],"picked":"Echo Form","floor":3},{"not_picked":["Leap","Stack"],"picked":"Rip and Tear","floor":4},{"not_picked":["Streamline","Leap","Fusion"],"picked":"SKIP","floor":5},{"not_picked":["Force Field+1","Hologram+1"],"picked":"Loop","floor":6},{"not_picked":["Echo Form","Heatsinks","Barrage"],"picked":"SKIP","floor":7}],"player_experience":530884,"relics_obtained":[{"floor":6,"key":"Toxic Egg 2"},{"floor":9,"key":"Lantern"}],"event_choices":[],"is_beta":false,"boss_relics":[],"items_purged_floors":[],"is_endless":false,"potions_floor_spawned":[5,6],"killed_by":"Gremlin Nob","ascension_level":20}}