{"host":"bbcqjedmotowk2e9","time":1611255815,"event":{"mods":["AchievementEnabler","Aspiration","BaseMod","Colored Powertips","Energized Spire","GifTheSpireLib","Halation","Hubris","Hyrulean Relics","Infinite Spire","Marisa????????","Minty Spire (QoL Compilation)","Permanent Neow","Quick Restart","Relic Stats","Replay The Spire","Spires And Sneckos","StSLib","Stuff the Spire","Synergy Search","The Disciple"],"gold_per_floor":[118,118,132,132,132,157,157,157,184,184,196,121,121,121],"floor_reached":13,"language":"ENG","playtime":245,"items_purged":["Regret"],"score":117,"play_id":"64967781-611a-4fc7-bfc5-fcf3c847ee49","local_time":"20210121220335","is_ascension_mode":true,"campfire_choices":[{"data":"Corpse Explosion","floor":7,"key":"SMITH"}],"circlet_count":0,"master_deck":["Strike_G+1","Strike_G+1","Strike_G+1","Strike_G","Strike_G","Defend_G","Defend_G","Defend_G","Defend_G+1","Defend_G","Survivor","Neutralize","Corpse Explosion+1","Deadly Poison"],"relics":["StuffTheSpire:OccultApparatus","StuffTheSpire:RedRose","halation:EternalFortune","Replay:WaspNest","aspiration:ChemicalBlood","Simple Rune"],"acts_visited":["Exordium"],"potions_floor_usage":[13,13],"damage_taken":[{"damage":0,"enemies":"Small Slimes","floor":1,"turns":3},{"damage":0,"enemies":"2 Louse","floor":3,"turns":3},{"damage":19,"enemies":"3 Sentries","floor":6,"turns":3},{"damage":9,"enemies":"Jaw Worm","floor":11,"turns":3},{"damage":28,"enemies":"Gremlin Nob","floor":13,"turns":3}],"seed_played":"-8199836767010279485","potions_obtained":[{"floor":1,"key":"Strength Potion"},{"floor":11,"key":"Dexterity Potion"}],"is_trial":false,"path_per_floor":["M","?","M","?","?","E","R","T","T","?","M","$","E"],"character_chosen":"THE_SILENT","items_purchased":[],"campfire_rested":0,"item_purchase_floors":[],"current_hp_per_floor":[63,63,63,63,66,50,50,50,50,35,26,26,0,0],"gold":121,"neow_bonus":"ONE_RANDOM_RARE_CARD","is_daily":false,"chose_seed":false,"campfire_upgraded":1,"win_rate":0.0,"timestamp":1611255815,"path_taken":["M","?","M","?","?","E","R","?","T","?","M","$","E"],"items_purchased_type":[],"build_version":"2020-12-22","purchased_purges":1,"victory":false,"max_hp_per_floor":[70,70,70,70,73,76,76,76,76,76,76,76,76,76],"relic_stats":{"counters":[5,15],"obtain_stats":[{"StuffTheSpire:OccultApparatus":2,"halation:EternalFortune":5,"Simple Rune":9,"Replay:WaspNest":6,"StuffTheSpire:RedRose":4,"Ring of the Snake":0,"aspiration:ChemicalBlood":8},{"StuffTheSpire:OccultApparatus":1,"halation:EternalFortune":2,"Simple Rune":3,"Replay:WaspNest":3,"StuffTheSpire:RedRose":2,"Ring of the Snake":0,"aspiration:ChemicalBlood":3},{"StuffTheSpire:OccultApparatus":3,"halation:EternalFortune":6,"Simple Rune":9,"Replay:WaspNest":9,"StuffTheSpire:RedRose":6,"Ring of the Snake":0,"aspiration:ChemicalBlood":9}]},"card_choices":[{"not_picked":["StuffTheSpire:ClusterCrunch","Footwork","hubris:TrickCloak"],"picked":"SKIP","floor":1},{"not_picked":["Reflex","Toxin Wave"],"picked":"Deadly Poison","floor":3},{"not_picked":["Sucker Punch","StuffTheSpire:Python","Slice"],"picked":"SKIP","floor":6},{"not_picked":["Cloak And Dagger","Slice","Sucker Punch"],"picked":"SKIP","floor":11}],"player_experience":588406,"relics_obtained":[{"floor":6,"key":"halation:EternalFortune"},{"floor":6,"key":"Replay:WaspNest"},{"floor":8,"key":"aspiration:ChemicalBlood"},{"floor":9,"key":"Simple Rune"}],"event_choices":[{"damage_healed":0,"gold_gain":0,"player_choice":"Entered Light","damage_taken":15,"max_hp_gain":0,"max_hp_loss":0,"event_name":"Shining Light","floor":10,"gold_loss":0,"cards_upgraded":["Defend_G","Strike_G"]}],"is_beta":false,"boss_relics":[],"items_purged_floors":[12],"is_endless":false,"potions_floor_spawned":[1,11],"killed_by":"Gremlin Nob","ascension_level":9}}