{"host":"uqbebr2vlnosvkft","time":1611258942,"event":{"mods":["AchievementEnabler","BaseMod","Minty Spire (QoL Compilation)"],"gold_per_floor":[115,125,142,162,162,162,162,197,197,216,241,262,296,309,309,439,439,453,47,47,63,84,84,120,120,120,15,34,69,90,110,110,110,110],"floor_reached":33,"language":"ENG","playtime":2103,"items_purged":["Strike_P"],"score":328,"play_id":"f3cea3cf-5f66-4c1c-a5fa-65408e2271f9","local_time":"20210121225542","is_ascension_mode":false,"campfire_choices":[{"data":"Eruption","floor":6,"key":"SMITH"},{"floor":15,"key":"REST"},{"data":"Blasphemy","floor":25,"key":"SMITH"},{"floor":32,"key":"DIG"}],"circlet_count":0,"master_deck":["Defend_P","Defend_P","Defend_P","Eruption+1","Vigilance","ThirdEye","SashWhip","Protect+1","ThirdEye","BattleHymn","Perseverance","FlyingSleeves","DevaForm","Crescendo","Ragnarok","JustLucky","Weave","Perseverance","TalkToTheHand","Blasphemy+1","Bite","Bite","Bite","Bite","Bite","Halt","WaveOfTheHand+1","Wireheading+1"],"relics":["HolyWater","NeowsBlessing","Golden Idol","Oddly Smooth Stone","Juzu Bracelet","Bottled Lightning","Bottled Tornado","Shovel","Frozen Egg 2","Yang","Mango"],"acts_visited":["Exordium","TheCity"],"potions_floor_usage":[13,13,16,22,24,29,33],"damage_taken":[{"damage":0,"enemies":"Cultist","floor":1,"turns":1},{"damage":0,"enemies":"Small Slimes","floor":2,"turns":1},{"damage":0,"enemies":"Jaw Worm","floor":3,"turns":1},{"damage":0,"enemies":"Exordium Wildlife","floor":4,"turns":2},{"damage":36,"enemies":"3 Sentries","floor":8,"turns":14},{"damage":3,"enemies":"Looter","floor":10,"turns":3},{"damage":1,"enemies":"2 Fungi Beasts","floor":11,"turns":4},{"damage":1,"enemies":"Blue Slaver","floor":12,"turns":3},{"damage":8,"enemies":"Gremlin Nob","floor":13,"turns":5},{"damage":0,"enemies":"Large Slime","floor":14,"turns":5},{"damage":15,"enemies":"Slime Boss","floor":16,"turns":5},{"damage":1,"enemies":"Chosen","floor":18,"turns":4},{"damage":0,"enemies":"Shell Parasite","floor":21,"turns":6},{"damage":2,"enemies":"Cultist and Chosen","floor":22,"turns":5},{"damage":18,"enemies":"Gremlin Leader","floor":24,"turns":5},{"damage":10,"enemies":"Centurion and Healer","floor":28,"turns":5},{"damage":11,"enemies":"Book of Stabbing","floor":29,"turns":7},{"damage":48,"enemies":"3 Cultists","floor":30,"turns":6},{"damage":8,"enemies":"Snake Plant","floor":31,"turns":6},{"damage":100037,"enemies":"Automaton","floor":33,"turns":7}],"seed_played":"-3702248985530726432","potions_obtained":[{"floor":3,"key":"Weak Potion"},{"floor":10,"key":"EssenceOfSteel"},{"floor":11,"key":"Dexterity Potion"},{"floor":13,"key":"BlessingOfTheForge"},{"floor":16,"key":"SkillPotion"},{"floor":22,"key":"Block Potion"},{"floor":24,"key":"Block Potion"},{"floor":29,"key":"Energy Potion"}],"is_trial":false,"path_per_floor":["M","M","M","M","?","R","?","E","T","M","M","M","E","M","R","B",null,"M","$","?","M","M","?","E","R","T","$","M","E","M","M","R","B"],"character_chosen":"WATCHER","items_purchased":["Bottled Tornado","Weave","FairyPotion"],"campfire_rested":1,"item_purchase_floors":[19,19,27],"current_hp_per_floor":[72,72,72,72,67,67,54,18,18,15,14,13,5,5,25,10,67,66,66,66,66,64,46,36,36,36,36,36,35,19,19,33,0,0],"gold":110,"neow_bonus":"THREE_ENEMY_KILL","is_daily":false,"chose_seed":false,"campfire_upgraded":2,"win_rate":0.0,"timestamp":1611258942,"path_taken":["M","M","M","M","?","R","?","E","T","M","M","M","E","M","R","BOSS","M","$","?","M","M","?","E","R","T","$","M","E","M","M","R","BOSS"],"items_purchased_type":["Relic","Card","Potion"],"build_version":"2020-12-22","purchased_purges":1,"victory":false,"max_hp_per_floor":[72,72,72,72,67,67,67,67,67,67,67,67,67,67,67,67,67,67,67,67,67,67,46,46,46,46,46,46,46,46,46,60,60,60],"card_choices":[{"not_picked":["ClearTheMind","Evaluate"],"picked":"ThirdEye","floor":1},{"not_picked":["CrushJoints","ConjureBlade"],"picked":"SashWhip","floor":2},{"not_picked":["FearNoEvil","Wallop"],"picked":"Protect","floor":3},{"not_picked":["Evaluate","SashWhip"],"picked":"ThirdEye","floor":4},{"not_picked":["ForeignInfluence","CarveReality"],"picked":"BattleHymn","floor":8},{"not_picked":["Vengeance","EmptyBody"],"picked":"Perseverance","floor":10},{"not_picked":["EmptyFist","WreathOfFlame"],"picked":"FlyingSleeves","floor":11},{"not_picked":["InnerPeace","Indignation","SignatureMove"],"picked":"SKIP","floor":12},{"not_picked":["EmptyMind","Indignation"],"picked":"DevaForm","floor":13},{"not_picked":["SashWhip","CrushJoints"],"picked":"Crescendo","floor":14},{"not_picked":["Judgement","Vault"],"picked":"Ragnarok","floor":16},{"not_picked":["Conclude","CarveReality","JustLucky"],"picked":"SKIP","floor":18},{"not_picked":["Conclude","CarveReality"],"picked":"JustLucky","floor":18},{"not_picked":["BowlingBash","Perseverance","WheelKick"],"picked":"SKIP","floor":21},{"not_picked":["BattleHymn","EmptyFist"],"picked":"Blasphemy","floor":22},{"not_picked":["Crescendo","Collect"],"picked":"Halt","floor":24},{"not_picked":["ClearTheMind+1","Protect"],"picked":"WaveOfTheHand+1","floor":28},{"not_picked":["EmptyBody","SandsOfTime"],"picked":"Wireheading+1","floor":29},{"not_picked":["PathToVictory","Protect+1","Evaluate"],"picked":"SKIP","floor":30},{"not_picked":["Wireheading+1","Crescendo","SignatureMove+1"],"picked":"SKIP","floor":31}],"player_experience":263181,"relics_obtained":[{"floor":8,"key":"Oddly Smooth Stone"},{"floor":9,"key":"Juzu Bracelet"},{"floor":13,"key":"Bottled Lightning"},{"floor":24,"key":"Shovel"},{"floor":26,"key":"Frozen Egg 2"},{"floor":29,"key":"Yang"},{"floor":32,"key":"Mango"}],"event_choices":[{"damage_healed":0,"gold_gain":0,"player_choice":"Lose Max HP","damage_taken":0,"relics_obtained":["Golden Idol"],"max_hp_gain":0,"max_hp_loss":5,"event_name":"Golden Idol","floor":5,"gold_loss":0},{"damage_healed":0,"gold_gain":0,"player_choice":"Entered Light","damage_taken":13,"max_hp_gain":0,"max_hp_loss":0,"event_name":"Shining Light","floor":7,"gold_loss":0,"cards_upgraded":["Strike_P","Protect"]},{"damage_healed":0,"gold_gain":0,"cards_transformed":["Strike_P","Defend_P"],"player_choice":"Became Test Subject","damage_taken":0,"max_hp_gain":0,"max_hp_loss":0,"event_name":"Drug Dealer","floor":20,"gold_loss":0,"cards_obtained":["Perseverance","TalkToTheHand"]},{"damage_healed":0,"gold_gain":0,"player_choice":"Became a vampire","damage_taken":0,"max_hp_gain":0,"max_hp_loss":21,"event_name":"Vampires","floor":23,"gold_loss":0,"cards_obtained":["Bite","Bite","Bite","Bite","Bite"]}],"is_beta":false,"boss_relics":[{"not_picked":["Fusion Hammer","Runic Pyramid"],"picked":"HolyWater"}],"items_purged_floors":[19],"is_endless":false,"potions_floor_spawned":[3,10,11,12,13,16,22,24,28,29],"killed_by":"Automaton","ascension_level":0}}