{"host":"0mk07bycsqo1qk03","time":1611244884,"event":{"mods":["BaseMod","Downfall","Hermit","Hubris","Minty Spire (QoL Compilation)","StSLib","The Cursed"],"gold_per_floor":[99,109,129,129,148,164,164,174,349,361,361,49,49,49,69,165,165,165,182,200,32,49,83,83,101,101,1,36,48,48,48,63,168,168,68,83,100,35,50,50,76,22,22,53,53,64,64,98,98,98],"floor_reached":51,"language":"ENG","playtime":2751,"items_purged":[],"score":1010,"play_id":"4d746ed6-e39a-4528-ad27-55729885a0c6","local_time":"20210121170124","is_ascension_mode":true,"campfire_choices":[{"data":"Apotheosis","floor":1.0,"key":"SMITH"},{"data":"Guardian:CurlUp","floor":13.0,"key":"SMITH"},{"data":"Guardian:BodySlam","floor":18.0,"key":"SMITH"},{"floor":27.0,"key":"RECALL"},{"data":"Guardian:FierceBash","floor":35,"key":"SMITH"},{"data":"Guardian:Orbwalk","floor":40,"key":"SMITH"},{"data":"Guardian:WalkerClaw","floor":45,"key":"SMITH"},{"data":"Guardian:StasisStrike","floor":47,"key":"SMITH"}],"circlet_count":0,"master_deck":["Guardian:Strike_Guardian","Guardian:Strike_Guardian","Guardian:Strike_Guardian","Guardian:Defend_Guardian","Guardian:Defend_Guardian","Guardian:Defend_Guardian","Guardian:Defend_Guardian","Guardian:CurlUp+1","Guardian:TwinSlam","Apotheosis+1","Guardian:BodySlam+1","Guardian:ShieldSpikes","Guardian:RollAttack","Guardian:ChargeCore","Guardian:Orbwalk+1","Guardian:BronzeOrb+1","Guardian:PrimingBeam+1","Guardian:RollAttack+1","Guardian:Suspension","Guardian:WalkerClaw+1","Guardian:FierceBash+1","Guardian:Recover","Guardian:Recover+1","Guardian:StasisField","Guardian:DonusPower+1","Guardian:CrystalBeam","Guardian:StasisStrike+1","Pain","Guardian:TimeSifter","Guardian:FierceBash"],"relics":["Guardian:ModeShifter","White Beast Statue","Juzu Bracelet","Medical Kit","Snecko Eye","Bronze Scales","Oddly Smooth Stone","downfall:HeartBlessingBlue","Bird Faced Urn","Nloth\u0027s Gift","hubris:Backtick","hubris:EmptyBottle","downfall:HeartBlessingRed","Bag of Preparation","Mummified Hand","hubris:TenFootPole","PreservedInsect"],"acts_visited":["Exordium","TheCity","TheBeyond"],"potions_floor_usage":[36,36,38,38,42,42,44,44,44,44,49,50,50],"damage_taken":[{"damage":0.0,"enemies":"Cultist","floor":2.0,"turns":3.0},{"damage":0.0,"enemies":"Jaw Worm","floor":3.0,"turns":5.0},{"damage":6.0,"enemies":"2 Louse","floor":5.0,"turns":3.0},{"damage":9.0,"enemies":"Exordium Thugs","floor":6.0,"turns":5.0},{"damage":0.0,"enemies":"Gremlin Gang","floor":8.0,"turns":5.0},{"damage":10.0,"enemies":"Lots of Slimes","floor":10.0,"turns":6.0},{"damage":0.0,"enemies":"downfall:FleeingMerchant","floor":12.0,"turns":4.0},{"damage":3.0,"enemies":"Blue Slaver","floor":15.0,"turns":3.0},{"damage":10.0,"enemies":"IC_STATUS_ARCHETYPE","floor":16.0,"turns":9.0},{"damage":9.0,"enemies":"Shell Parasite","floor":19.0,"turns":4.0},{"damage":7.0,"enemies":"Chosen","floor":20.0,"turns":6.0},{"damage":0.0,"enemies":"downfall:FleeingMerchant","floor":21.0,"turns":4.0},{"damage":0.0,"enemies":"Snecko","floor":22.0,"turns":4.0},{"damage":0.0,"enemies":"Slavers","floor":23.0,"turns":3.0},{"damage":9.0,"enemies":"Centurion and Healer","floor":25.0,"turns":3.0},{"damage":27.0,"enemies":"Gremlin Leader","floor":28.0,"turns":6.0},{"damage":16.0,"enemies":"Snake Plant","floor":29.0,"turns":4.0},{"damage":0.0,"enemies":"3 Cultists","floor":32.0,"turns":4.0},{"damage":26.0,"enemies":"DF_ARCHETYPE_CLAW","floor":33.0,"turns":9.0},{"damage":5,"enemies":"3 Shapes","floor":36,"turns":6},{"damage":0,"enemies":"Orb Walker","floor":37,"turns":3},{"damage":0,"enemies":"downfall:FleeingMerchant","floor":38,"turns":4},{"damage":8,"enemies":"Sphere and 2 Shapes","floor":39,"turns":5},{"damage":0,"enemies":"downfall:FleeingMerchant","floor":42,"turns":2},{"damage":4,"enemies":"Reptomancer","floor":44,"turns":6},{"damage":8,"enemies":"4 Shapes","floor":46,"turns":3},{"damage":12,"enemies":"Giant Head","floor":48,"turns":5},{"damage":0,"enemies":"Transient","floor":49,"turns":1},{"damage":46,"enemies":"SI_POISON_ARCHETYPE","floor":50,"turns":10}],"seed_played":"-4940262922618758319","potions_obtained":[{"floor":2.0,"key":"Guardian:AcceleratePotion"},{"floor":4.0,"key":"SpeedPotion"},{"floor":4.0,"key":"SteroidPotion"},{"floor":8.0,"key":"sneckomod:MuddlingPotion"},{"floor":12.0,"key":"hexamod:SoulburnPotion"},{"floor":15.0,"key":"Block Potion"},{"floor":16.0,"key":"PowerPotion"},{"floor":19.0,"key":"Dexterity Potion"},{"floor":20.0,"key":"GamblersBrew"},{"floor":21.0,"key":"Fire Potion"},{"floor":22.0,"key":"Ancient Potion"},{"floor":23.0,"key":"hexamod:SoulburnPotion"},{"floor":25.0,"key":"Guardian:BlockOnCardUsePotion"},{"floor":28.0,"key":"FearPotion"},{"floor":29.0,"key":"Guardian:BlockOnCardUsePotion"},{"floor":32.0,"key":"Swift Potion"},{"floor":33.0,"key":"LiquidBronze"},{"floor":36,"key":"PowerPotion"},{"floor":37,"key":"SmokeBomb"},{"floor":38,"key":"Swift Potion"},{"floor":39,"key":"AttackPotion"},{"floor":42,"key":"ColorlessPotion"},{"floor":44,"key":"Fruit Juice"},{"floor":46,"key":"Guardian:BlockOnCardUsePotion"}],"is_trial":false,"path_per_floor":["R","M","M","?","M","M","T","M","?","M","?","$","R","?","M","B",null,"R","M","M","$","M","E","T","M","?","R","E","M","?","?","M","B",null,"R","M","M","$","M","R","T","$","?","E","R","M","R","E","M","B",null],"character_chosen":"GUARDIAN","items_purchased":["Juzu Bracelet","Medical Kit","Bronze Scales","Guardian:CrystalBeam","Mummified Hand","hubris:TenFootPole"],"campfire_rested":0,"item_purchase_floors":[12,12,21,38,42,42],"current_hp_per_floor":[56,56,56,56,50,41,41,41,41,31,31,31,31,31,28,18,80,80,71,64,64,64,64,64,55,47,57,30,14,14,44,46,22,90,90,85,85,89,81,81,81,83,96,102,102,94,94,86,86,44],"gold":98,"neow_bonus":"RANDOM_COLORLESS_2","is_daily":false,"chose_seed":false,"campfire_upgraded":7,"win_rate":0.0,"timestamp":1611244884,"path_taken":["R","M","M","?","?","M","T","M","?","M","?","$","R","?","M","BOSS","R","M","M","$","M","E","T","M","?","R","E","M","?","?","M","BOSS","R","M","M","$","M","R","T","$","?","E","R","M","R","E","M","BOSS"],"items_purchased_type":["Relic","Relic","Relic","Card","Relic","Relic"],"build_version":"2020-12-22","purchased_purges":0,"victory":true,"max_hp_per_floor":[80,80,80,80,80,80,80,80,80,80,80,80,80,80,80,80,80,80,80,80,80,80,80,80,80,80,90,90,90,90,90,90,90,90,90,90,90,90,90,90,90,90,103,113,113,113,113,113,113,113],"card_choices":[{"not_picked":["Secret Weapon","hubris:EnhanceAbility"],"picked":"Apotheosis","floor":0.0},{"not_picked":["Guardian:BodySlam","Guardian:Incinerate"],"picked":"Guardian:Gem_Green","floor":2.0},{"not_picked":["Guardian:Incinerate","Guardian:Clone"],"picked":"Guardian:BodySlam","floor":3.0},{"not_picked":["Guardian:ArmoredProtocol","Guardian:ShieldCharger"],"picked":"Guardian:ShieldSpikes","floor":5.0},{"not_picked":["Guardian:Repulse","Guardian:Gem_Yellow"],"picked":"Guardian:Gem_Fragmented","floor":6.0},{"not_picked":["Guardian:Gem_Red","Guardian:MultiBeam"],"picked":"Guardian:Gem_White","floor":8.0},{"not_picked":["Guardian:Suspension","Guardian:TemporalShield"],"picked":"Guardian:RollAttack","floor":10.0},{"not_picked":["Guardian:TimeCapacitor","Guardian:ArmoredProtocol"],"picked":"Guardian:ChargeCore","floor":12.0},{"not_picked":["Guardian:Incinerate","Guardian:ShieldSpikes"],"picked":"Guardian:Gem_Lightblue","floor":15.0},{"not_picked":["Guardian:Gem_Orange","Guardian:TimeSifter"],"picked":"Guardian:Gem_Synthetic","floor":16.0},{"not_picked":["Guardian:ChargeCore","Guardian:ArmoredProtocol"],"picked":"Guardian:Orbwalk","floor":19.0},{"not_picked":["Guardian:Gem_Lightblue","Guardian:Gem_Green"],"picked":"Guardian:BronzeOrb+1","floor":20.0},{"not_picked":["Guardian:Gem_Green","Guardian:SentryBeam","Guardian:ChargeCore"],"picked":"SKIP","floor":21.0},{"not_picked":["Guardian:FloatingOrbs+1","Guardian:TemporalStrike"],"picked":"Guardian:PrimingBeam+1","floor":22.0},{"not_picked":["Guardian:Gem_Lightblue","Guardian:ArmoredProtocol"],"picked":"Guardian:RollAttack+1","floor":23.0},{"not_picked":["Guardian:Gem_Cyan","Guardian:Gem_Red"],"picked":"Guardian:Gem_Purple","floor":25.0},{"not_picked":["Guardian:BronzeOrb","Guardian:BronzeArmor"],"picked":"Guardian:FierceBash","floor":28.0},{"not_picked":["Guardian:Gem_Red","Guardian:Orbwalk"],"picked":"Guardian:Recover","floor":29.0},{"not_picked":["Guardian:Incinerate","Guardian:Gem_Blue"],"picked":"Guardian:Recover+1","floor":32.0},{"not_picked":["Guardian:FierceBash","Guardian:GemFinder"],"picked":"Guardian:StasisField","floor":33.0},{"not_picked":["Guardian:GemFire","Guardian:ArmoredProtocol"],"picked":"Guardian:DonusPower+1","floor":36},{"not_picked":["Guardian:PiercingHide+1","Guardian:PrismaticBarrier+1","Guardian:TimeCapacitor"],"picked":"SKIP","floor":37},{"not_picked":["Guardian:ChargeCore+1","Guardian:BodySlam","Guardian:Gem_Cyan"],"picked":"SKIP","floor":38},{"not_picked":["Guardian:TemporalStrike","Guardian:DecasProtection+1"],"picked":"Guardian:StasisStrike","floor":39},{"not_picked":["Guardian:Suspension","Guardian:PrimingBeam+1","Guardian:Gem_Crimson"],"picked":"SKIP","floor":42},{"not_picked":["Guardian:TemporalStrike+1","Guardian:Incinerate+1","Guardian:Harden"],"picked":"SKIP","floor":44},{"not_picked":["Guardian:BaubleBeam","Guardian:ChargeCore"],"picked":"Guardian:TimeSifter","floor":46},{"not_picked":["Guardian:Planning+1","Guardian:PrimingBeam+1"],"picked":"Guardian:FierceBash","floor":48}],"player_experience":937841,"relics_obtained":[{"floor":7.0,"key":"White Beast Statue"},{"floor":23.0,"key":"Oddly Smooth Stone"},{"floor":28.0,"key":"Bird Faced Urn"},{"floor":41,"key":"Bag of Preparation"},{"floor":44,"key":"PreservedInsect"}],"event_choices":[{"damage_healed":0.0,"max_hp_gain":0.0,"max_hp_loss":0.0,"gold_gain":0.0,"event_name":"Lab","player_choice":"Got Potions","floor":4.0,"gold_loss":0.0,"damage_taken":0.0},{"cards_removed":["Doubt"],"damage_healed":0.0,"max_hp_gain":0.0,"max_hp_loss":0.0,"gold_gain":0.0,"event_name":"Bonfire Elementals","player_choice":"Offered Curse","floor":14.0,"gold_loss":0.0,"damage_taken":0.0,"relics_obtained":["Spirit Poop"]},{"damage_healed":30.0,"max_hp_gain":0.0,"max_hp_loss":0.0,"gold_gain":0.0,"event_name":"The Library","player_choice":"Heal","floor":31.0,"gold_loss":0.0,"damage_taken":0.0}],"is_beta":false,"boss_relics":[{"not_picked":["Sozu","Calling Bell"],"picked":"Snecko Eye"},{"not_picked":["hubris:ScarierMask","Runic Pyramid"],"picked":"hubris:Backtick"}],"items_purged_floors":[],"is_endless":false,"potions_floor_spawned":[2,8,10,12,15,16,19,20,21,22,23,25,28,29,32,33,36,37,38,39,42,44,46,48,49],"ascension_level":3}}