{"host":"tem91ad8xsows22z","time":1611206009,"event":{"mods":["100% Spire Juice","ATMod(∞¢Ë™Mod)","AchievementEnabler","Arknights The Spire","BaseMod","BetterRewards","Dota2Spire","Downfall","Good Game Mod","Hermit","Hunter ¡‘»À","KomeijiMod","Marisa£®ÏF”Í°°ƒß¿Ì…≥£©","Minty Spire (QoL Compilation)","READ ME - Guardian Mod","SIMod","Spicy Shops","StSLib","SuperFastMode","The Administrix","The Animator","The Blackbeard","The Bladedancer","The Bug Knight","The Construct","The Cursed","The Hierophant","The Necromancer","The Poker Player","The Runesmith","The Servant 0.9.4"],"gold_per_floor":[111,111,131,146,2,2,2,2],"floor_reached":6,"language":"ZHS","playtime":163,"items_purged":[],"score":36,"play_id":"d19caa29-4522-480f-a92b-868353637e07","local_time":"20210121131329","is_ascension_mode":false,"metric_token":2006,"campfire_choices":[],"circlet_count":0,"master_deck":["PokerPlayerMod:Diamond1","PokerPlayerMod:Diamond2","PokerPlayerMod:Diamond3","PokerPlayerMod:Diamond4","PokerPlayerMod:Diamond5","PokerPlayerMod:Spade1","PokerPlayerMod:Spade2","PokerPlayerMod:Spade3","PokerPlayerMod:Spade4","PokerPlayerMod:Club1","PokerPlayerMod:Club2","PokerPlayerMod:Heart2","PokerPlayerMod:TrumpStrike","PokerPlayerMod:Mulligan","PokerPlayerMod:Diamond2","PokerPlayerMod:Spade3","PokerPlayerMod:ClubsClub"],"relics":["PokerPlayerMod:DeckCase","AT_ATBox","REME:ComplimentaryCards","NeowsBlessing","PokerPlayerMod:FairLicense"],"acts_visited":["Exordium"],"potions_floor_usage":[],"damage_taken":[{"damage":0,"enemies":"Jaw Worm","floor":1,"turns":1},{"damage":0,"enemies":"Cultist","floor":3,"turns":1},{"damage":0,"enemies":"Small Slimes","floor":4,"turns":1},{"damage":55,"enemies":"Gremlin Nob","floor":6,"turns":6}],"seed_played":"9069407325210362590","potions_obtained":[],"is_trial":false,"path_per_floor":["M","?","M","M","$","E"],"character_chosen":"THE_POKER_PLAYER","items_purchased":["PokerPlayerMod:FairLicense"],"campfire_rested":0,"item_purchase_floors":[5],"current_hp_per_floor":[52,52,52,52,52,0,0,0],"gold":2,"neow_bonus":"THREE_ENEMY_KILL","is_daily":false,"chose_seed":false,"campfire_upgraded":0,"win_rate":0.0,"timestamp":1611206009,"path_taken":["M","?","M","M","?","E"],"items_purchased_type":["Relic"],"build_version":"2020-12-22","purchased_purges":0,"victory":false,"max_hp_per_floor":[52,52,52,52,52,52,52,52],"card_choices":[{"not_picked":["PokerPlayerMod:Fold","PokerPlayerMod:Spade2"],"picked":"PokerPlayerMod:Diamond2","floor":1},{"not_picked":["PokerPlayerMod:Extraction","PokerPlayerMod:Configure"],"picked":"PokerPlayerMod:Spade3","floor":3},{"not_picked":["PokerPlayerMod:Spade2","PokerPlayerMod:DiamondStrike"],"picked":"PokerPlayerMod:ClubsClub","floor":4}],"player_experience":7013,"relics_obtained":[],"event_choices":[{"cards_removed":["PokerPlayerMod:BadJoker"],"damage_healed":0,"gold_gain":0,"player_choice":"Purged","damage_taken":0,"max_hp_gain":0,"max_hp_loss":0,"event_name":"Purifier","floor":2,"gold_loss":0}],"is_beta":false,"boss_relics":[],"items_purged_floors":[],"is_endless":false,"potions_floor_spawned":[4],"killed_by":"Gremlin Nob","ascension_level":0}}