{"host":"1vfpjvae9xcvmh7u","time":1611210952,"event":{"mods":["BaseMod","Downfall","Hermit","Hubris","Minty Spire (QoL Compilation)","Robot Space Explorer","StSLib","The Cursed","The Forsaken","The Necromancer","The Servant 0.9.4"],"gold_per_floor":[0,11,24,24,92,110,161,161,171,189,202,218,218,20,32,133,133,133,143,162,262,68,83,107,107,126,126,126,141,241,241,241,241],"floor_reached":31,"language":"ENG","playtime":1939,"items_purged":[],"score":331,"play_id":"d35f152b-0087-4c5a-bb09-5f0f6a9af0d3","local_time":"20210120223552","is_ascension_mode":false,"campfire_choices":[{"data":"bronze:Replicate","floor":1,"key":"SMITH"},{"data":"bronze:DigitalCarnage","floor":8,"key":"SMITH"},{"data":"bronze:Flail","floor":13,"key":"SMITH"},{"data":"bronze:Assembly","floor":18,"key":"SMITH"},{"data":"expansioncontent:QuickStudy","floor":25,"key":"SMITH"},{"data":"bronze:Shell","floor":28,"key":"SMITH"}],"circlet_count":0,"master_deck":["bronze:Strike","bronze:Strike","bronze:Strike","bronze:Defend","bronze:Defend","bronze:Defend","bronze:Replicate+1","bronze:Goto","bronze:Branch","bronze:OilSpill","bronze:DigitalCarnage+1","bronze:Flail+1","bronze:Repulsor","bronze:HardenedForm","bronze:DarkDash","expansioncontent:QuickStudy+1","bronze:OilSpill","bronze:Assembly+1","bronze:FineTuning+1","bronze:Goto","bronze:Frontload","bronze:Fortify","bronze:CleanCode","Impatience","downfall:Bewildered","bronze:Boost+1","bronze:Shell+1","expansioncontent:QuickStudy+1","bronze:WhirlingStrike","bronze:Safeguard","J.A.X.","bronze:FineTuning"],"relics":["bronze:BronzeCore","Du-Vu Doll","hubris:Towel","Pear","PreservedInsect","Coffee Dripper","downfall:GremlinSack","Omamori","sneckomod:BabySnecko","MutagenicStrength"],"acts_visited":["Exordium","TheCity"],"potions_floor_usage":[12,12,16,21,29,30,31],"damage_taken":[{"damage":2,"enemies":"2 Louse","floor":2,"turns":3},{"damage":0,"enemies":"Jaw Worm","floor":3,"turns":3},{"damage":0,"enemies":"Cultist","floor":6,"turns":3},{"damage":0,"enemies":"Blue Slaver","floor":9,"turns":3},{"damage":0,"enemies":"Large Slime","floor":10,"turns":2},{"damage":0,"enemies":"Exordium Wildlife","floor":11,"turns":2},{"damage":1,"enemies":"Lots of Slimes","floor":12,"turns":4},{"damage":0,"enemies":"downfall:FleeingMerchant","floor":14,"turns":4},{"damage":0,"enemies":"Blue Slaver","floor":15,"turns":3},{"damage":57,"enemies":"DF_ARCHETYPE_STREAMLINE","floor":16,"turns":10},{"damage":5,"enemies":"Chosen","floor":19,"turns":3},{"damage":2,"enemies":"Shell Parasite","floor":20,"turns":4},{"damage":0,"enemies":"Shell Parasite","floor":21,"turns":2},{"damage":0,"enemies":"downfall:FleeingMerchant","floor":22,"turns":4},{"damage":38,"enemies":"Centurion and Healer","floor":23,"turns":7},{"damage":14,"enemies":"Snecko","floor":26,"turns":5},{"damage":4,"enemies":"Shelled Parasite and Fungi","floor":29,"turns":3},{"damage":13,"enemies":"downfall:Augmenter","floor":30,"turns":2},{"damage":14,"enemies":"Snake Plant","floor":31,"turns":1}],"seed_played":"2880174487472496139","potions_obtained":[{"floor":3,"key":"SneckoOil"},{"floor":10,"key":"Swift Potion"},{"floor":15,"key":"SkillPotion"},{"floor":16,"key":"bronze:CleanCodePotion"},{"floor":20,"key":"AttackPotion"},{"floor":23,"key":"Fire Potion"},{"floor":29,"key":"Regen Potion"},{"floor":30,"key":"Fire Potion"}],"is_trial":false,"path_per_floor":["R","M","M","?","T","M","T","R","M","M","M","M","R","$","M","B",null,"R","M","M","?","$","M","T","R","M","?","R","M","?","M"],"character_chosen":"THE_AUTOMATON","items_purchased":["expansioncontent:QuickStudy","expansioncontent:QuickStudy"],"campfire_rested":0,"item_purchase_floors":[14,22],"current_hp_per_floor":[70,68,68,68,78,78,78,78,78,78,78,77,77,77,77,20,80,80,75,73,73,73,35,35,35,21,21,21,17,13,0,0,0],"gold":241,"neow_bonus":"ONE_RARE_RELIC","is_daily":false,"chose_seed":false,"campfire_upgraded":6,"win_rate":0.0,"timestamp":1611210952,"path_taken":["R","M","M","?","?","M","T","R","M","M","M","?","R","$","M","BOSS","R","M","M","?","$","?","T","R","M","?","R","M","?","M"],"items_purchased_type":["Card","Card"],"build_version":"2020-12-22","purchased_purges":0,"victory":false,"max_hp_per_floor":[70,70,70,70,80,80,80,80,80,80,80,80,80,80,80,80,80,80,80,80,80,80,80,80,80,80,80,80,80,80,80,80,80],"card_choices":[{"not_picked":["bronze:Turbo","bronze:Overload"],"picked":"bronze:Branch","floor":2},{"not_picked":["bronze:Overheat","bronze:DarkDash"],"picked":"bronze:OilSpill","floor":3},{"not_picked":["bronze:MaxOutput","bronze:Turbo"],"picked":"bronze:DigitalCarnage","floor":6},{"not_picked":["bronze:DelayedSlice","bronze:ForLoop"],"picked":"bronze:Flail","floor":9},{"not_picked":["bronze:OilSpill","bronze:Backtrace"],"picked":"bronze:Repulsor","floor":10},{"not_picked":["bronze:Invalidate","bronze:ForLoop"],"picked":"bronze:HardenedForm","floor":11},{"not_picked":["bronze:Overload","bronze:Overheat"],"picked":"bronze:DarkDash","floor":12},{"not_picked":["bronze:Safeguard","bronze:Overheat","bronze:BitShift"],"picked":"SKIP","floor":14},{"not_picked":["bronze:CutThrough","bronze:Safeguard"],"picked":"bronze:OilSpill","floor":15},{"not_picked":["bronze:BurnOut","bronze:HardenedForm"],"picked":"bronze:Assembly","floor":16},{"not_picked":["bronze:ItsAFeature+1","bronze:Turbo+1"],"picked":"bronze:FineTuning+1","floor":19},{"not_picked":["bronze:Turbo","bronze:WildBeam+1","bronze:Shield"],"picked":"SKIP","floor":20},{"not_picked":["bronze:Shield+1","bronze:Iterate"],"picked":"bronze:Boost+1","floor":21},{"not_picked":["bronze:Iterate","bronze:Invalidate"],"picked":"bronze:Shell","floor":22},{"not_picked":["bronze:Repulsor+1","bronze:WhirlingStrike","bronze:Branch"],"picked":"SKIP","floor":23},{"not_picked":["bronze:Invalidate","bronze:Turbo","bronze:Frontload"],"picked":"SKIP","floor":26},{"not_picked":["bronze:OilSpill","bronze:BitShift+1","bronze:Fortify"],"picked":"SKIP","floor":29},{"not_picked":[],"picked":"J.A.X.","floor":30},{"not_picked":["bronze:Deprecate","bronze:Shell+1"],"picked":"bronze:FineTuning","floor":30}],"player_experience":1794434,"relics_obtained":[{"floor":5,"key":"Pear"},{"floor":7,"key":"PreservedInsect"},{"floor":21,"key":"downfall:GremlinSack"},{"floor":24,"key":"Omamori"},{"floor":30,"key":"MutagenicStrength"}],"event_choices":[],"is_beta":false,"boss_relics":[{"not_picked":["Snecko Eye","Empty Cage"],"picked":"Coffee Dripper"}],"items_purged_floors":[],"is_endless":false,"potions_floor_spawned":[3,10,15,16,20,23,29,30],"killed_by":"Snake Plant","ascension_level":0}}