{"host":"kh6fvhxn285ncg0o","time":1611189011,"event":{"mods":["Act Like it!","BaseMod","Colored Map","Friendly Minions","Keyboard Shortcuts","Minty Spire (QoL Compilation)","Quick Restart","Relic Stats","StSLib","SuperFastMode"],"gold_per_floor":[117,117,117,42,58,83,99,109,109,143,43,56,83,83,83,162,162,174,174,205,205,220,248,248,275,299,332,342,361,372,382,382,456,456,474,474,474,487,499,527,543,543,543,573,588,588,305,319,319,319,319,319,319,33,63,63,63],"floor_reached":56,"language":"KOR","playtime":1754,"items_purged":["Strike_R","Strike_R","Strike_R"],"score":2428,"play_id":"5acbdd0d-7f67-414d-8fe1-f0d93dab727a","local_time":"20210121093011","is_ascension_mode":true,"campfire_choices":[{"data":"Armaments","floor":15.0,"key":"SMITH"},{"data":"Immolate","floor":32.0,"key":"SMITH"},{"floor":42.0,"key":"RECALL"},{"data":"Burning Pact","floor":46.0,"key":"SMITH"},{"data":"Shockwave","floor":49.0,"key":"SMITH"},{"data":"Offering","floor":53.0,"key":"SMITH"}],"circlet_count":0,"master_deck":["AscendersBane","Strike_R","Strike_R","Defend_R","Defend_R","Defend_R","Defend_R","Armaments+1","Fire Breathing+1","Dark Embrace+1","Carnage","Impervious","Blood for Blood+1","Offering+1","Wild Strike+1","Immolate+1","Seeing Red","Inflame+1","Fiend Fire","Burning Pact+1","Fiend Fire+1","Shrug It Off+1","Evolve+1","Shockwave+1","Feel No Pain+1","Fiend Fire"],"relics":["Burning Blood","NeowsBlessing","Frozen Egg 2","HornCleat","Gremlin Horn","Pocketwatch","FossilizedHelix","Dead Branch","Runic Dome","Red Mask","Akabeko","Calipers","Lantern","Champion Belt","Mark of Pain","Whetstone","Bottled Tornado","Orrery","OrangePellets","Boot"],"acts_visited":["Exordium","TheCity","TheBeyond","TheEnding"],"potions_floor_usage":[55,56],"damage_taken":[{"damage":0.0,"enemies":"Jaw Worm","floor":1.0,"turns":1.0},{"damage":0.0,"enemies":"Cultist","floor":5.0,"turns":1.0},{"damage":0.0,"enemies":"Gremlin Nob","floor":6.0,"turns":1.0},{"damage":7.0,"enemies":"2 Louse","floor":7.0,"turns":3.0},{"damage":16.0,"enemies":"Large Slime","floor":8.0,"turns":7.0},{"damage":35.0,"enemies":"Lagavulin","floor":10.0,"turns":6.0},{"damage":7.0,"enemies":"Exordium Wildlife","floor":12.0,"turns":4.0},{"damage":10.0,"enemies":"3 Sentries","floor":13.0,"turns":4.0},{"damage":12.0,"enemies":"The Guardian","floor":16.0,"turns":13.0},{"damage":6.0,"enemies":"Shell Parasite","floor":18.0,"turns":3.0},{"damage":14.0,"enemies":"Masked Bandits","floor":20.0,"turns":4.0},{"damage":6.0,"enemies":"2 Thieves","floor":22.0,"turns":3.0},{"damage":0.0,"enemies":"Slavers","floor":23.0,"turns":3.0},{"damage":15.0,"enemies":"Book of Stabbing","floor":25.0,"turns":4.0},{"damage":0.0,"enemies":"Slavers","floor":27.0,"turns":2.0},{"damage":7.0,"enemies":"Snake Plant","floor":28.0,"turns":3.0},{"damage":2.0,"enemies":"Chosen and Byrds","floor":29.0,"turns":3.0},{"damage":0.0,"enemies":"3 Cultists","floor":30.0,"turns":2.0},{"damage":0.0,"enemies":"Shelled Parasite and Fungi","floor":31.0,"turns":5.0},{"damage":27.0,"enemies":"Automaton","floor":33.0,"turns":8.0},{"damage":0.0,"enemies":"Orb Walker","floor":35.0,"turns":2.0},{"damage":0.0,"enemies":"3 Shapes","floor":38.0,"turns":2.0},{"damage":0.0,"enemies":"Sphere and 2 Shapes","floor":39.0,"turns":1.0},{"damage":0.0,"enemies":"Reptomancer","floor":40.0,"turns":3.0},{"damage":19.0,"enemies":"Writhing Mass","floor":41.0,"turns":2.0},{"damage":5.0,"enemies":"Nemesis","floor":44.0,"turns":5.0},{"damage":0.0,"enemies":"4 Shapes","floor":45.0,"turns":3.0},{"damage":0.0,"enemies":"Transient","floor":48.0,"turns":6.0},{"damage":6.0,"enemies":"Awakened One","floor":50.0,"turns":11.0},{"damage":3.0,"enemies":"Donu and Deca","floor":51.0,"turns":5.0},{"damage":0,"enemies":"Shield and Spear","floor":55,"turns":3},{"damage":79,"enemies":"The Heart","floor":56,"turns":8}],"seed_played":"8652131899331951042","potions_obtained":[{"floor":1.0,"key":"GamblersBrew"},{"floor":3.0,"key":"Explosive Potion"},{"floor":5.0,"key":"BloodPotion"},{"floor":8.0,"key":"ElixirPotion"},{"floor":16.0,"key":"Regen Potion"},{"floor":20.0,"key":"FearPotion"},{"floor":25.0,"key":"Block Potion"},{"floor":27.0,"key":"Strength Potion"},{"floor":40.0,"key":"SteroidPotion"},{"floor":41.0,"key":"Block Potion"}],"is_trial":false,"path_per_floor":["M","?","?","$","M","E","M","M","T","E","$","M","E","T","R","B",null,"M","$","?","?","M","E","?","E","T","E","M","M","M","M","R","B",null,"M","?","?","M","M","E","M","R","T","E","M","R","$","M","R","B","B",null,"R","$","E","B"],"character_chosen":"IRONCLAD","items_purchased":["Orrery","OrangePellets","HeartOfIron"],"campfire_rested":0,"item_purchase_floors":[47,54,54],"current_hp_per_floor":[74,63,63,63,69,75,74,75,75,46,46,45,41,41,41,35,65,65,65,69,69,69,75,75,66,66,72,71,75,75,75,75,54,70,75,75,75,75,75,75,62,62,62,63,69,69,69,75,75,75,75,75,75,75,75,0,0],"gold":63,"neow_bonus":"THREE_ENEMY_KILL","is_daily":false,"chose_seed":false,"campfire_upgraded":5,"win_rate":0.0,"timestamp":1611189011,"path_taken":["M","?","?","$","?","E","M","M","T","E","$","M","E","?","R","BOSS","M","$","?","?","M","E","?","E","T","E","M","M","M","?","R","BOSS","M","?","?","M","M","E","?","R","T","E","M","R","$","M","R","BOSS","BOSS","R","$","E","BOSS"],"items_purchased_type":["Relic","Relic","Potion"],"build_version":"2020-12-22","purchased_purges":3,"victory":false,"max_hp_per_floor":[75,75,75,75,75,75,75,75,75,75,75,75,75,75,75,75,75,75,75,75,75,75,75,75,75,75,75,75,75,75,75,75,75,75,75,75,75,75,75,75,75,75,75,75,75,75,75,75,75,75,75,75,75,75,75,75,75],"relic_stats":{"OrangePellets":[5],"Gremlin Horn":[25,28],"counters":[32,131],"Dead Branch":[256],"Champion Belt":[10],"Whetstone":["Blood for Blood","Fiend Fire"],"Boot":[0],"obtain_stats":[{"Lantern":26,"Calipers":25,"NeowsBlessing":0,"Gremlin Horn":9,"Dead Branch":14,"Whetstone":40,"Frozen Egg 2":2,"Bottled Tornado":44,"Boot":55,"Burning Blood":0,"Akabeko":23,"Runic Dome":17,"OrangePellets":54,"HornCleat":6,"Orrery":47,"Mark of Pain":34,"Red Mask":20,"Champion Belt":27,"FossilizedHelix":13,"Pocketwatch":10},{"Lantern":14,"Calipers":14,"NeowsBlessing":0,"Gremlin Horn":5,"Dead Branch":8,"Whetstone":24,"Frozen Egg 2":1,"Bottled Tornado":26,"Boot":31,"Burning Blood":0,"Akabeko":13,"Runic Dome":9,"OrangePellets":30,"HornCleat":3,"Orrery":27,"Mark of Pain":20,"Red Mask":11,"Champion Belt":15,"FossilizedHelix":8,"Pocketwatch":6},{"Lantern":57,"Calipers":57,"NeowsBlessing":0,"Gremlin Horn":13,"Dead Branch":27,"Whetstone":88,"Frozen Egg 2":1,"Bottled Tornado":95,"Boot":123,"Burning Blood":0,"Akabeko":53,"Runic Dome":40,"OrangePellets":120,"HornCleat":3,"Orrery":98,"Mark of Pain":80,"Red Mask":47,"Champion Belt":59,"FossilizedHelix":27,"Pocketwatch":19}],"Burning Blood":146,"Pocketwatch":[142]},"card_choices":[{"not_picked":["Ghostly Armor","Cleave"],"picked":"Armaments","floor":1.0},{"not_picked":["Twin Strike","Metallicize+1"],"picked":"Fire Breathing+1","floor":5.0},{"not_picked":["Cleave","Intimidate"],"picked":"Dark Embrace+1","floor":6.0},{"not_picked":["Perfected Strike","Flame Barrier"],"picked":"Carnage","floor":7.0},{"not_picked":["Sword Boomerang","Sever Soul","Cleave"],"picked":"SKIP","floor":8.0},{"not_picked":["Burning Pact","Entrench"],"picked":"Impervious","floor":10.0},{"not_picked":["Shrug It Off","Shockwave"],"picked":"Blood for Blood","floor":12.0},{"not_picked":["Pommel Strike","Ghostly Armor","Twin Strike"],"picked":"SKIP","floor":13.0},{"not_picked":["Fiend Fire","Impervious"],"picked":"Offering","floor":16.0},{"not_picked":["Body Slam","Inflame+1","Searing Blow"],"picked":"SKIP","floor":18.0},{"not_picked":["Twin Strike","Infernal Blade"],"picked":"Wild Strike+1","floor":20.0},{"not_picked":["Cleave","Heavy Blade","Dropkick"],"picked":"SKIP","floor":22.0},{"not_picked":["Anger","Clash","Double Tap"],"picked":"SKIP","floor":23.0},{"not_picked":["Anger","Clash","Double Tap"],"picked":"SKIP","floor":23.0},{"not_picked":["Clash","Clothesline"],"picked":"Immolate","floor":25.0},{"not_picked":["Armaments+1","Blood for Blood+1","Perfected Strike"],"picked":"SKIP","floor":27.0},{"not_picked":["Heavy Blade","Dropkick","Armaments"],"picked":"SKIP","floor":28.0},{"not_picked":["Bloodletting","Heavy Blade"],"picked":"Seeing Red","floor":29.0},{"not_picked":["Clothesline","Cleave","Perfected Strike"],"picked":"SKIP","floor":30.0},{"not_picked":["Twin Strike","Armaments+1"],"picked":"Inflame+1","floor":31.0},{"not_picked":["Immolate","Double Tap"],"picked":"Fiend Fire","floor":33.0},{"not_picked":["Hemokinesis","Flex"],"picked":"Burning Pact","floor":35.0},{"not_picked":["Blood for Blood","Armaments","Warcry"],"picked":"SKIP","floor":38.0},{"not_picked":["Uppercut","Perfected Strike","Dual Wield"],"picked":"SKIP","floor":39.0},{"not_picked":["Shrug It Off","Thunderclap","Spot Weakness"],"picked":"SKIP","floor":40.0},{"not_picked":["Flex+1","Inflame+1"],"picked":"Shrug It Off+1","floor":41.0},{"not_picked":["Thunderclap","Uppercut"],"picked":"Evolve+1","floor":44.0},{"not_picked":["Blood for Blood","Heavy Blade"],"picked":"Shockwave","floor":45.0},{"not_picked":["Uppercut","Sword Boomerang"],"picked":"Feel No Pain+1","floor":47.0},{"not_picked":["Cleave+1","Wild Strike+1","Dropkick+1"],"picked":"SKIP","floor":48.0},{"not_picked":["Headbutt+1","Sever Soul"],"picked":"Fiend Fire","floor":55}],"player_experience":3480409,"relics_obtained":[{"floor":6.0,"key":"HornCleat"},{"floor":9.0,"key":"Gremlin Horn"},{"floor":10.0,"key":"Pocketwatch"},{"floor":13.0,"key":"FossilizedHelix"},{"floor":14.0,"key":"Dead Branch"},{"floor":20.0,"key":"Red Mask"},{"floor":23.0,"key":"Akabeko"},{"floor":25.0,"key":"Calipers"},{"floor":26.0,"key":"Lantern"},{"floor":27.0,"key":"Champion Belt"},{"floor":40.0,"key":"Whetstone"},{"floor":44.0,"key":"Bottled Tornado"},{"floor":55,"key":"Boot"}],"event_choices":[{"damage_healed":0.0,"max_hp_gain":0.0,"max_hp_loss":0.0,"gold_gain":0.0,"event_name":"Scrap Ooze","player_choice":"Success","floor":2.0,"gold_loss":0.0,"damage_taken":11.0,"relics_obtained":["Frozen Egg 2"]},{"damage_healed":0.0,"max_hp_gain":0.0,"max_hp_loss":0.0,"gold_gain":0.0,"event_name":"Lab","player_choice":"Got Potions","floor":3.0,"gold_loss":0.0,"damage_taken":0.0},{"damage_healed":0.0,"max_hp_gain":0.0,"max_hp_loss":0.0,"gold_gain":0.0,"event_name":"Masked Bandits","player_choice":"Fought Bandits","floor":20.0,"gold_loss":0.0,"damage_taken":0.0},{"damage_healed":0.0,"max_hp_gain":0.0,"max_hp_loss":0.0,"gold_gain":0.0,"event_name":"The Mausoleum","player_choice":"Ignored","floor":21.0,"gold_loss":0.0,"damage_taken":0.0},{"damage_healed":0.0,"max_hp_gain":0.0,"max_hp_loss":0.0,"gold_gain":0.0,"event_name":"Vampires","player_choice":"Ignored","floor":24.0,"gold_loss":0.0,"damage_taken":0.0},{"cards_removed":["Bash"],"damage_healed":0.0,"max_hp_gain":0.0,"max_hp_loss":0.0,"gold_gain":0.0,"event_name":"Falling","player_choice":"Removed Attack","floor":36.0,"gold_loss":0.0,"damage_taken":0.0},{"damage_healed":0.0,"max_hp_gain":0.0,"max_hp_loss":0.0,"gold_gain":0.0,"event_name":"Duplicator","player_choice":"Copied","floor":37.0,"gold_loss":0.0,"damage_taken":0.0,"cards_obtained":["Fiend Fire"]}],"is_beta":false,"boss_relics":[{"not_picked":["SacredBark","Snecko Eye"],"picked":"Runic Dome"},{"not_picked":["Pandora\u0027s Box","Velvet Choker"],"picked":"Mark of Pain"}],"items_purged_floors":[4,11,47],"is_endless":false,"potions_floor_spawned":[1,5,7,8,16,20,22,25,27,28,40,41,44],"killed_by":"The Heart","ascension_level":20}}