{"host":"swphzoo6hmc78epl","time":1611194091,"event":{"mods":["BaseMod","Highlight Path","Minty Spire (QoL Compilation)","Quick Restart"],"gold_per_floor":[117,129,129,147,159,193,213,241,268,268,268,277,112,132,132,236,236,264,274,314,362,389,389,389,389],"floor_reached":24,"language":"ENG","playtime":1686,"items_purged":["Strike_G"],"score":230,"play_id":"7548b7f2-22ed-40d0-934b-82227630e176","local_time":"20210120205451","is_ascension_mode":true,"campfire_choices":[{"data":"Storm of Steel","floor":11,"key":"SMITH"},{"data":"Infinite Blades","floor":15,"key":"SMITH"},{"data":"After Image","floor":23,"key":"SMITH"}],"circlet_count":0,"master_deck":["Strike_G","Defend_G","Defend_G","Defend_G","Defend_G","Defend_G","Survivor","Neutralize","Storm of Steel+1","Escape Plan","Dodge and Roll","Cloak And Dagger","Accuracy","Choke","Reflex","Flying Knee","Storm of Steel","Infinite Blades+1","All Out Attack","Blade Dance","After Image+1","Backflip","Dagger Spray","Cloak And Dagger+1"],"relics":["Ring of the Snake","CeramicFish","Omamori","WristBlade","Red Mask","Boot"],"acts_visited":["Exordium","TheCity"],"potions_floor_usage":[7,7,14,16,19],"damage_taken":[{"damage":2,"enemies":"Jaw Worm","floor":1,"turns":5},{"damage":0,"enemies":"Small Slimes","floor":2,"turns":3},{"damage":0,"enemies":"2 Louse","floor":4,"turns":4},{"damage":15,"enemies":"Exordium Thugs","floor":5,"turns":7},{"damage":5,"enemies":"3 Sentries","floor":6,"turns":12},{"damage":26,"enemies":"Gremlin Gang","floor":7,"turns":5},{"damage":0,"enemies":"2 Fungi Beasts","floor":8,"turns":2},{"damage":0,"enemies":"3 Louse","floor":14,"turns":2},{"damage":18,"enemies":"Hexaghost","floor":16,"turns":7},{"damage":1,"enemies":"Spheric Guardian","floor":18,"turns":3},{"damage":18,"enemies":"Shell Parasite","floor":19,"turns":3},{"damage":11,"enemies":"Masked Bandits","floor":20,"turns":4},{"damage":30,"enemies":"Snake Plant","floor":22,"turns":4},{"damage":15,"enemies":"Gremlin Leader","floor":24,"turns":2}],"seed_played":"-2954323063206469527","potions_obtained":[{"floor":2,"key":"SkillPotion"},{"floor":5,"key":"FairyPotion"},{"floor":6,"key":"Fire Potion"},{"floor":8,"key":"DistilledChaos"},{"floor":14,"key":"Regen Potion"},{"floor":18,"key":"AttackPotion"},{"floor":22,"key":"Energy Potion"}],"is_trial":false,"path_per_floor":["M","M","?","M","M","E","M","M","T","?","R","?","$","M","R","B",null,"M","M","?","T","M","R","E"],"character_chosen":"THE_SILENT","items_purchased":["Infinite Blades","All Out Attack"],"campfire_rested":0,"item_purchase_floors":[13,13],"current_hp_per_floor":[47,47,40,40,25,20,21,21,21,21,21,21,21,21,21,18,70,69,51,40,40,10,10,0,0],"gold":389,"neow_bonus":"THREE_RARE_CARDS","is_daily":false,"chose_seed":false,"campfire_upgraded":3,"win_rate":0.0,"timestamp":1611194091,"path_taken":["M","M","?","M","M","E","M","M","T","?","R","?","$","M","R","BOSS","M","M","?","?","M","R","E"],"items_purchased_type":["Card","Card"],"build_version":"2020-12-22","purchased_purges":1,"victory":false,"max_hp_per_floor":[70,70,70,70,70,70,70,70,70,70,70,70,70,70,70,70,70,70,70,70,70,70,70,70,70],"card_choices":[{"not_picked":["Burst","Unload"],"picked":"Storm of Steel","floor":0},{"not_picked":["Acrobatics","Deflect"],"picked":"Escape Plan","floor":1},{"not_picked":["Calculated Gamble","Bane"],"picked":"Dodge and Roll","floor":2},{"not_picked":["Eviscerate","Sucker Punch"],"picked":"Cloak And Dagger","floor":4},{"not_picked":["Deflect","Concentrate"],"picked":"Accuracy","floor":5},{"not_picked":["Poisoned Stab","Blur"],"picked":"Choke","floor":6},{"not_picked":["Predator","Escape Plan"],"picked":"Reflex","floor":7},{"not_picked":["Masterful Stab","Bullet Time"],"picked":"Flying Knee","floor":8},{"not_picked":["PiercingWail","Footwork"],"picked":"Blade Dance","floor":14},{"not_picked":["Wraith Form v2","Phantasmal Killer"],"picked":"After Image","floor":16},{"not_picked":["All Out Attack","Outmaneuver+1"],"picked":"Backflip","floor":18},{"not_picked":["Sucker Punch","Catalyst+1","Dodge and Roll"],"picked":"SKIP","floor":19},{"not_picked":["Blur","Sucker Punch"],"picked":"Dagger Spray","floor":20},{"not_picked":["Quick Slash","Heel Hook"],"picked":"Cloak And Dagger+1","floor":22}],"player_experience":792177,"relics_obtained":[{"floor":6,"key":"CeramicFish"},{"floor":9,"key":"Omamori"},{"floor":20,"key":"Red Mask"},{"floor":21,"key":"Boot"}],"event_choices":[{"cards_removed":["Strike_G"],"damage_healed":0,"gold_gain":0,"player_choice":"Card Removal","damage_taken":7,"max_hp_gain":0,"max_hp_loss":0,"event_name":"Golden Wing","floor":3,"gold_loss":0},{"cards_removed":["Strike_G"],"damage_healed":0,"gold_gain":0,"player_choice":"Forget","damage_taken":0,"max_hp_gain":0,"max_hp_loss":0,"event_name":"Living Wall","floor":10,"gold_loss":0},{"damage_healed":0,"gold_gain":0,"cards_transformed":["Strike_G"],"player_choice":"Transformed","damage_taken":0,"max_hp_gain":0,"max_hp_loss":0,"event_name":"Transmorgrifier","floor":12,"gold_loss":0,"cards_obtained":["Storm of Steel"]},{"damage_healed":0,"gold_gain":0,"player_choice":"Fought Bandits","damage_taken":0,"max_hp_gain":0,"max_hp_loss":0,"event_name":"Masked Bandits","floor":20,"gold_loss":0}],"is_beta":false,"boss_relics":[{"not_picked":["Tiny House","Sozu"],"picked":"WristBlade"}],"items_purged_floors":[13],"is_endless":false,"potions_floor_spawned":[2,5,6,8,14,18,22],"killed_by":"Gremlin Leader","ascension_level":3}}