{"host":"njb27ds59h4j3ikk","time":1611196049,"event":{"mods":["AchievementEnabler","BaseMod","Better Altar","Better Match","Better Note","Better Sensory Stone","Better Skull","Better Third Choice","BetterRewards","Downfall","Hermit","Hubris","Minty Spire (QoL Compilation)","Permanent Neow","Quarter Circle Forward PUNCH!","Quick Restart","Rare Cards Sparkle","Shop Mod","StSLib","Trackpad","Transform Curses"],"gold_per_floor":[114,114,127,52,63,96,96,112,112,126,138,138,171,171,171,269,269,282,292,292,143,242,277,302,330,330,330,348,375,402,402,402,504,504,518,275,289,306,316,416,416,446,521,533,560,577,587,603,603,603,603,603,72,104,104],"floor_reached":56,"language":"ENG","playtime":2234,"items_purged":[],"score":1865,"play_id":"e596ac38-1959-428f-b293-7bb3e53068d6","local_time":"20210120212729","is_ascension_mode":true,"campfire_choices":[{"data":"hermit:CalledShot","floor":7.0,"key":"SMITH"},{"data":"hermit:FlashPowder","floor":12.0,"key":"SMITH"},{"floor":15.0,"key":"REST"},{"floor":27,"key":"RECALL"},{"floor":32,"key":"REST"},{"data":"hermit:Dive","floor":41,"key":"SMITH"},{"floor":49,"key":"REST"},{"data":"Feel No Pain","floor":52,"key":"SMITH"}],"circlet_count":0,"master_deck":["hermit:Strike_Hermit","hermit:Strike_Hermit+1","hermit:Strike_Hermit","hermit:Strike_Hermit","hermit:Defend_Hermit","hermit:Defend_Hermit+1","hermit:Defend_Hermit","hermit:Defend_Hermit","hermit:Snapshot","hermit:Covet","hermit:HighCaliber+1","Feel No Pain+1","hermit:CalledShot+1","hermit:Vantage+1","Blind+1","hermit:Purgatory+1","hermit:Purgatory+1","hermit:LowProfile+1","hermit:CursedWeapon+1","hermit:FlashPowder+1","hermit:Quickdraw","hermit:Dive+1","Pain","hermit:Magnum","hermit:WideOpen+1","hermit:Virtue","Hyperbeam+1","hermit:Cheat+1","hermit:Misfire+1","hermit:HoleUp+1","downfall:Haunted","hermit:Midnight+1","hermit:Glare+1","hubris:Gluttony","downfall:Bewildered","hermit:RoundhouseKick+1","hermit:Headshot+1","hermit:Misfire+1","hermit:BodyArmor","hermit:Horror+1","Decay","Injury","Shame","Injury","hermit:Gambit+1","Shame","Injury","hermit:Roughhouse+1","downfall:Aged","hermit:PistolWhip+1","hermit:SprayPray+1","hermit:Ricochet+1","hermit:SprayPray+1","hermit:SprayPray+1","hermit:Determination","hermit:Desperado+1"],"relics":["hermit:Momento","Blood Vial","Medical Kit","Guardian:PocketSentry","qcfpunch:White_Boots","Blue Candle","Juzu Bracelet","WarpedTongs","Cursed Key","champ:Barbells","qcfpunch:Fighting_Gloves","Red Mask","Calipers","Molten Egg 2","Du-Vu Doll","trackpad:AdjectivePendant","sneckomod:BabySnecko","hubris:Backtick","hubris:Potato","trackpad:BottledShadow","Darkstone Periapt","trackpad:SappingStone","Bag of Marbles","Anchor","trackpad:Compendium","Strange Spoon","trackpad:CultistFigurine"],"acts_visited":["Exordium","TheCity","TheBeyond","TheEnding"],"potions_floor_usage":[24,55],"damage_taken":[{"damage":1.0,"enemies":"2 Louse","floor":1.0,"turns":2.0},{"damage":0.0,"enemies":"Jaw Worm","floor":3.0,"turns":2.0},{"damage":0.0,"enemies":"Cultist","floor":5.0,"turns":3.0},{"damage":20.0,"enemies":"Lagavulin","floor":6.0,"turns":5.0},{"damage":6.0,"enemies":"Gremlin Gang","floor":8.0,"turns":5.0},{"damage":2.0,"enemies":"Looter","floor":10.0,"turns":3.0},{"damage":7.0,"enemies":"Exordium Thugs","floor":11.0,"turns":4.0},{"damage":22.0,"enemies":"3 Sentries","floor":13.0,"turns":4.0},{"damage":24.0,"enemies":"Hexaghost","floor":16.0,"turns":10.0},{"damage":8.0,"enemies":"Chosen","floor":18.0,"turns":2.0},{"damage":2.0,"enemies":"Shell Parasite","floor":19.0,"turns":4.0},{"damage":16.0,"enemies":"Book of Stabbing","floor":23.0,"turns":5.0},{"damage":2,"enemies":"Masked Bandits","floor":24,"turns":2},{"damage":23,"enemies":"Gremlin Leader","floor":25,"turns":7},{"damage":4,"enemies":"Cultist and Chosen","floor":28,"turns":5},{"damage":18,"enemies":"Book of Stabbing","floor":29,"turns":4},{"damage":29,"enemies":"Collector","floor":33,"turns":6},{"damage":0,"enemies":"3 Shapes","floor":35,"turns":1},{"damage":0,"enemies":"Orb Walker","floor":37,"turns":2},{"damage":7,"enemies":"3 Darklings","floor":38,"turns":2},{"damage":0,"enemies":"4 Shapes","floor":39,"turns":1},{"damage":30,"enemies":"Nemesis","floor":42,"turns":5},{"damage":0,"enemies":"Transient","floor":44,"turns":5},{"damage":8,"enemies":"Reptomancer","floor":45,"turns":3},{"damage":0,"enemies":"3 Darklings","floor":46,"turns":1},{"damage":0,"enemies":"Spire Growth","floor":47,"turns":2},{"damage":0,"enemies":"4 Shapes","floor":48,"turns":1},{"damage":42,"enemies":"hubris:GrandSnecko","floor":50,"turns":7},{"damage":0,"enemies":"Shield and Spear","floor":54,"turns":3},{"damage":76,"enemies":"The Heart","floor":55,"turns":7}],"seed_played":"8102710951114989628","potions_obtained":[{"floor":5.0,"key":"hexamod:SoulburnPotion"},{"floor":11.0,"key":"SkillPotion"},{"floor":13.0,"key":"AttackPotion"},{"floor":19.0,"key":"SkillPotion"},{"floor":25,"key":"champ:CounterPotion"},{"floor":29,"key":"Energy Potion"},{"floor":33,"key":"PowerPotion"},{"floor":37,"key":"FairyPotion"}],"is_trial":false,"path_per_floor":["M","?","M","?","M","E","R","M","T","M","M","R","E","?","R","B",null,"M","M","?","$","?","E","?","E","T","R","M","E","T","?","R","B",null,"M","$","M","M","M","?","R","E","T","M","E","M","M","M","R","B",null,"R","$","E","B",null],"character_chosen":"HERMIT","items_purchased":["Blood Vial","Medical Kit","champ:Barbells","trackpad:BottledShadow","Anchor","trackpad:Compendium","Strange Spoon","hermit:Determination"],"campfire_rested":3,"item_purchase_floors":[0,0,21,36,53,53,53,53],"current_hp_per_floor":[74,58,60,60,62,44,44,40,40,40,35,35,15,15,37,15,75,67,67,67,67,67,53,53,32,32,32,30,14,14,14,36,9,75,75,75,75,68,70,111,111,83,89,91,85,87,89,91,122,80,122,122,122,122,46],"gold":104,"neow_bonus":"","is_daily":false,"chose_seed":false,"campfire_upgraded":4,"win_rate":0.0,"timestamp":1611196049,"path_taken":["M","?","M","?","?","E","R","M","T","M","M","R","E","?","R","BOSS","M","M","?","$","?","E","?","E","T","R","M","E","?","?","R","BOSS","M","$","M","M","M","?","R","E","T","M","E","M","M","M","R","BOSS","R","$","E","BOSS"],"items_purchased_type":["Relic","Relic","Relic","Relic","Relic","Relic","Relic","Card"],"build_version":"2020-12-22","purchased_purges":0,"victory":true,"max_hp_per_floor":[75,75,75,75,75,75,75,75,75,75,75,75,75,75,75,75,75,75,75,75,75,75,75,75,75,75,75,75,75,75,75,75,75,75,75,75,75,75,75,116,116,116,122,122,122,122,122,122,122,122,122,122,122,122,122],"card_choices":[{"not_picked":["hermit:Coalescence","hermit:BodyArmor"],"picked":"hermit:HighCaliber","floor":1.0},{"not_picked":["hermit:ItchyTrigger","hermit:TrackingShot"],"picked":"hermit:CalledShot","floor":3.0},{"not_picked":["hermit:TrackingShot","hermit:LowProfile"],"picked":"hermit:Vantage","floor":4.0},{"not_picked":["Mind Blast","Enlightenment"],"picked":"Blind","floor":4.0},{"not_picked":["hermit:Reprieve","hermit:EternalForm"],"picked":"hermit:Purgatory","floor":4.0},{"not_picked":["hermit:BodyArmor","hermit:HoleUp"],"picked":"hermit:Purgatory","floor":5.0},{"not_picked":["hermit:ShadowCloak","hermit:Malice"],"picked":"hermit:LowProfile","floor":6.0},{"not_picked":["hermit:LowProfile","hermit:WideOpen"],"picked":"hermit:CursedWeapon","floor":8.0},{"not_picked":["hermit:WideOpen","hermit:LowProfile"],"picked":"hermit:FlashPowder","floor":10.0},{"not_picked":["hermit:CalledShot","hermit:FullyLoaded"],"picked":"hermit:Quickdraw","floor":11.0},{"not_picked":["hermit:TakeAim","hermit:Roulette"],"picked":"hermit:Dive","floor":13.0},{"not_picked":["hermit:OverwhelmingPower","hermit:FatalDesire"],"picked":"hermit:Magnum","floor":16.0},{"not_picked":["hermit:Grudge","hermit:Snipe"],"picked":"hermit:WideOpen+1","floor":18.0},{"not_picked":["hermit:Vantage+1","hermit:Headshot"],"picked":"hermit:Virtue","floor":19.0},{"not_picked":["hermit:LoneWolf","hermit:LowProfile"],"picked":"hermit:Cheat+1","floor":23.0},{"not_picked":["hermit:Roulette","hermit:Feint+1"],"picked":"hermit:Misfire+1","floor":24},{"not_picked":["hermit:TakeAim","hermit:FlashPowder"],"picked":"hermit:HoleUp+1","floor":25},{"not_picked":["hermit:BodyArmor","hermit:FullyLoaded"],"picked":"hermit:Midnight","floor":28},{"not_picked":["hermit:Quickdraw+1","hermit:Gestalt"],"picked":"hermit:Glare","floor":29},{"not_picked":["hermit:Gambit","hermit:OverwhelmingPower"],"picked":"hermit:RoundhouseKick+1","floor":33},{"not_picked":["hermit:HoleUp+1","hermit:Quickdraw+1"],"picked":"hermit:Headshot+1","floor":35},{"not_picked":["hermit:LowProfile","hermit:Roulette+1"],"picked":"hermit:Misfire+1","floor":37},{"not_picked":["hermit:TrackingShot+1","hermit:CalledShot+1"],"picked":"hermit:BodyArmor","floor":38},{"not_picked":["hermit:LowProfile","hermit:Snipe+1"],"picked":"hermit:Horror+1","floor":39},{"not_picked":["hermit:LoneWolf+1","hermit:Feint"],"picked":"hermit:Roughhouse+1","floor":42},{"not_picked":["hermit:Maintenance","hermit:TakeCover+1"],"picked":"hermit:PistolWhip+1","floor":44},{"not_picked":["hermit:Brawl+1","hermit:Scavenge"],"picked":"hermit:SprayPray+1","floor":45},{"not_picked":["hermit:Snipe","hermit:FullyLoaded"],"picked":"hermit:Ricochet+1","floor":46},{"not_picked":["hermit:Deadeye+1","hermit:BodyArmor"],"picked":"hermit:SprayPray+1","floor":47},{"not_picked":["hermit:TrackingShot+1","hermit:Shortfuse+1"],"picked":"hermit:SprayPray+1","floor":48},{"not_picked":["hermit:Vantage+1","hermit:Malice+1"],"picked":"hermit:Desperado+1","floor":54}],"player_experience":1273683,"relics_obtained":[{"floor":6.0,"key":"qcfpunch:White_Boots"},{"floor":9.0,"key":"Blue Candle"},{"floor":13.0,"key":"Juzu Bracelet"},{"floor":23.0,"key":"qcfpunch:Fighting_Gloves"},{"floor":24,"key":"Red Mask"},{"floor":25,"key":"Calipers"},{"floor":26,"key":"Molten Egg 2"},{"floor":29,"key":"Du-Vu Doll"},{"floor":30,"key":"trackpad:AdjectivePendant"},{"floor":42,"key":"trackpad:SappingStone"},{"floor":45,"key":"Bag of Marbles"},{"floor":54,"key":"trackpad:CultistFigurine"}],"event_choices":[{"damage_healed":0.0,"max_hp_gain":0.0,"max_hp_loss":0.0,"gold_gain":0.0,"event_name":"betterMatch:BetterMatch","player_choice":"1","floor":4.0,"gold_loss":0.0,"damage_taken":0.0,"cards_obtained":["betterMatch:CommonCard","betterMatch:ColorlessUncommonCard","betterMatch:RareCard"]},{"damage_healed":0.0,"max_hp_gain":0.0,"max_hp_loss":0.0,"gold_gain":0.0,"event_name":"Accursed Blacksmith","player_choice":"Rummage","floor":14.0,"gold_loss":0.0,"damage_taken":0.0,"relics_obtained":["WarpedTongs"],"cards_obtained":["Pain"]},{"cards_removed":["hermit:Purgatory"],"damage_healed":0.0,"max_hp_gain":0.0,"max_hp_loss":0.0,"gold_gain":0.0,"event_name":"betterNote:BetterNote","player_choice":"Take \u0026 Give","floor":20.0,"gold_loss":0.0,"damage_taken":0.0,"cards_obtained":["Hyperbeam"]},{"damage_healed":0.0,"max_hp_gain":0.0,"max_hp_loss":0.0,"gold_gain":99.0,"event_name":"betterThird:BetterNest","player_choice":"Steal","floor":22.0,"gold_loss":0.0,"damage_taken":0.0},{"damage_healed":0,"gold_gain":0,"player_choice":"Fought Bandits","damage_taken":0,"max_hp_gain":0,"max_hp_loss":0,"event_name":"Masked Bandits","floor":24,"gold_loss":0}],"is_beta":false,"boss_relics":[{"not_picked":["hubris:ScarierMask","hermit:BartenderGlass"],"picked":"Cursed Key"},{"not_picked":["hermit:DentedPlate","trackpad:Trackpad"],"picked":"hubris:Backtick"}],"items_purged_floors":[],"is_endless":false,"potions_floor_spawned":[5,11,13,19,25,29,33,37,38,44,45,47,54],"ascension_level":1}}