{"host":"6h0diz2ap0m56grs","time":1611191511,"event":{"mods":["2.2 Compatiblity","BaseMod","Colored Map","Marisa????????","Minty Spire (QoL Compilation)","Quick Restart","Replay The Spire","Shop Mod","StSLib","The Servant 0.9.4"],"gold_per_floor":[114,126,126,126,177,211,211,246,246,286,343,381,381],"floor_reached":12,"language":"ENG","playtime":3046,"items_purged":[],"score":198,"play_id":"7814367e-4364-488c-b6a8-3c0382161789","local_time":"20210120191151","daily_mods":["SealedDeck","Heirloom","Time Dilation","Flight"],"is_ascension_mode":true,"campfire_choices":[{"data":"Collapse","floor":7,"key":"SMITH"}],"circlet_count":0,"master_deck":["FastForward+1","Starlight","Hightail+1","Snipe","Sabotage","Ricochet","Collapse+1","Read","GearUp","SilverBlades","Moonlight","Misdirection","InstantArmor","TheWorld"],"relics":["Uniform","replay:Trail_Library","OldScarf","Chameleon Ring","Replay:Bandana","Replay:Ringing Soul","Singing Bowl","Pantograph","Blue Doll"],"acts_visited":["Exordium"],"potions_floor_usage":[],"damage_taken":[{"damage":0,"enemies":"Small Slimes","floor":1,"turns":3},{"damage":0,"enemies":"2 Louse","floor":2,"turns":2},{"damage":0,"enemies":"Lagavulin","floor":6,"turns":5},{"damage":3,"enemies":"3 Sentries","floor":8,"turns":4},{"damage":0,"enemies":"Gremlin Nob","floor":10,"turns":3},{"damage":3,"enemies":"3 Sentries","floor":11,"turns":4},{"damage":0,"enemies":"Lagavulin","floor":12,"turns":4}],"seed_played":"2872192808615376326","potions_obtained":[{"floor":1,"key":"BlessingOfTheForge"},{"floor":2,"key":"SkillPotion"},{"floor":5,"key":"Block Potion"},{"floor":5,"key":"Reflective Coating"},{"floor":12,"key":"Adrenaline Potion"}],"is_trial":true,"path_per_floor":["M","M","?","?","?","E","R","E","T","E","E","E"],"character_chosen":"THE_SERVANT","items_purchased":[],"campfire_rested":0,"item_purchase_floors":[],"current_hp_per_floor":[65,65,52,52,36,36,36,33,33,36,35,37,37],"gold":381,"neow_bonus":"","is_daily":false,"chose_seed":false,"campfire_upgraded":1,"win_rate":0.0,"timestamp":1611191511,"path_taken":["M","M","?","?","?","E","R","E","T","E","E","E"],"items_purchased_type":[],"build_version":"2020-12-22","purchased_purges":0,"victory":false,"max_hp_per_floor":[65,65,65,65,65,65,65,65,65,68,70,72,72],"card_choices":[{"not_picked":["Starlight","Replace"],"picked":"Moonlight","floor":1},{"not_picked":["Rewind","Revamp","Alleviate"],"picked":"SKIP","floor":2},{"not_picked":["Initiator","Alleviate"],"picked":"Misdirection","floor":6},{"not_picked":["Starlight","Replace"],"picked":"InstantArmor","floor":8},{"not_picked":["Orbit","Snipe"],"picked":"TheWorld","floor":10},{"not_picked":["Potential","Gouge","Starlight"],"picked":"Singing Bowl","floor":11},{"not_picked":["StarChef","Solidify","Ricochet"],"picked":"Singing Bowl","floor":12}],"player_experience":221442,"relics_obtained":[{"floor":6,"key":"Chameleon Ring"},{"floor":8,"key":"Replay:Bandana"},{"floor":9,"key":"Replay:Ringing Soul"},{"floor":10,"key":"Singing Bowl"},{"floor":11,"key":"Pantograph"},{"floor":12,"key":"Blue Doll"}],"event_choices":[{"damage_healed":0,"gold_gain":0,"player_choice":"Entered Light","damage_taken":13,"max_hp_gain":0,"max_hp_loss":0,"event_name":"Shining Light","floor":3,"gold_loss":0,"cards_upgraded":["Hightail","FastForward"]}],"is_beta":false,"boss_relics":[],"items_purged_floors":[],"is_endless":false,"potions_floor_spawned":[1,2,8,12],"killed_by":"Lagavulin","ascension_level":1}}