{"host":"6a92uynocv4elkyp","time":1611249736,"event":{"mods":["AchievementEnabler","BaseMod","Hubris","Infinite Spire","Minty Spire (QoL Compilation)","Quick Restart","Replay The Spire","StSLib"],"gold_per_floor":[99,150,180,210,321,396,495,597,643,643,396,480,576,672,672,894,994,1033,1033,1033,544,643,727,763,865,865,946,1048,1176,363,470,470,704,704,743,1190,1190,815,824,932,1043,1133,1133,1133,1133],"floor_reached":44,"language":"ENG","playtime":2515,"items_purged":["Pain","Leap","Leap"],"score":2208,"play_id":"bb38170f-02d0-4c4b-a487-3929aa95cda9","local_time":"20210121182216","daily_mods":["SealedDeck","Heirloom","Flight","DeadlyEvents","Elite Swarm","Midas"],"is_ascension_mode":true,"campfire_choices":[{"floor":10,"key":"REST"},{"floor":32,"key":"REST"}],"circlet_count":0,"master_deck":["AscendersBane","BootSequence","Ball Lightning","Gash","Capacitor","Gash","Scrape","FTL","Chaos","Capacitor","Crystallizer","Fission","Machine Learning","Core Surge","Seek","Chill","Meteor Strike","Core Surge","Machine Learning","infinitespire:DeathsTouch","Creative AI","Echo Form","Echo Form","Echo Form","Seek","Core Surge","Panache","Scrape","Machine Learning","infinitespire:Collect","Gash","Machine Learning","Machine Learning"],"relics":["replay:Trail_Library","Ice Cream","Iron Core","Replay:Baseball","hubris:SlimyHat","infinitespire:WardingShard","Vajra","Replay:Mystery Machine","Toolbox","DataDisk","Onion Ring","hubris:Towel","Replay:Wanted Poster","hubris:BottledHeart","Strawberry","Magic Flower","infinitespire:CheckeredPen","hubris:Potato","ReplayTheSpireMod:Ninjato","infinitespire:ShieldingShard","hubris:Zylophone","hubris:MobiusCoin","Dream Catcher","Replay:Rubber Ducky","infinitespire:FocusingShard","Raider\u0027s Mask","hubris:ScarierMask","Old Coin","hubris:TinFlute","Membership Card","CeramicFish","Bag of Marbles","Chameleon Ring","hubris:BundleOfHerbs","Blue Candle","Mango"],"acts_visited":["Exordium","TheCity","TheBeyond"],"potions_floor_usage":[6,8,16,16,27,27,29,40],"damage_taken":[{"damage":0,"enemies":"Cultist","floor":2,"turns":2},{"damage":0,"enemies":"2 Louse","floor":3,"turns":2},{"damage":0,"enemies":"Jaw Worm","floor":4,"turns":2},{"damage":8,"enemies":"Gremlin Nob","floor":6,"turns":3},{"damage":15,"enemies":"3 Sentries","floor":7,"turns":4},{"damage":32,"enemies":"Lagavulin","floor":8,"turns":5},{"damage":0,"enemies":"3 Sentries","floor":12,"turns":6},{"damage":2,"enemies":"Replay:BlueRogue","floor":13,"turns":3},{"damage":0,"enemies":"Lagavulin","floor":14,"turns":3},{"damage":0,"enemies":"Hexaghost","floor":16,"turns":4},{"damage":4,"enemies":"2 Thieves","floor":18,"turns":3},{"damage":0,"enemies":"Slavers","floor":22,"turns":2},{"damage":0,"enemies":"Replay:Snechameleon","floor":23,"turns":4},{"damage":0,"enemies":"Spheric Guardian","floor":24,"turns":2},{"damage":0,"enemies":"Book of Stabbing","floor":25,"turns":2},{"damage":0,"enemies":"Slavers","floor":27,"turns":2},{"damage":0,"enemies":"Replay:Snechameleon","floor":28,"turns":4},{"damage":0,"enemies":"Gremlin Leader","floor":29,"turns":4},{"damage":0,"enemies":"Snake Plant","floor":31,"turns":4},{"damage":0,"enemies":"Automaton","floor":33,"turns":5},{"damage":0,"enemies":"Orb Walker","floor":35,"turns":2},{"damage":0,"enemies":"2 Orb Walkers","floor":36,"turns":2},{"damage":0,"enemies":"Nemesis","floor":40,"turns":5},{"damage":0,"enemies":"Reptomancer","floor":41,"turns":4},{"damage":0,"enemies":"Nemesis","floor":42,"turns":4},{"damage":2,"enemies":"Nightmare","floor":44,"turns":5}],"seed_played":"-3070611559502683054","potions_obtained":[{"floor":2,"key":"PowerPotion"},{"floor":5,"key":"LiquidMemories"},{"floor":8,"key":"Fire Potion"},{"floor":12,"key":"Flashbang"},{"floor":13,"key":"Adrenaline Potion"},{"floor":18,"key":"Explosive Potion"},{"floor":23,"key":"Explosive Potion"},{"floor":27,"key":"FocusPotion"},{"floor":36,"key":"Energy Potion"},{"floor":42,"key":"LiquidMemories"}],"is_trial":true,"path_per_floor":["?","M","M","M","?","E","E","E","T","R","$","E","E","E","R","B",null,"M","?","?","$","E","E","M","E","T","E","E","E","$","M","R","B",null,"M","?","AVR","$","?","E","E","E","T","NM"],"character_chosen":"DEFECT","items_purchased":["Toolbox","Strawberry","Magic Flower","Panache","Replay:Rubber Ducky","infinitespire:FocusingShard","Raider\u0027s Mask","Membership Card","CeramicFish","Bag of Marbles"],"campfire_rested":2,"item_purchase_floors":[11,21,21,30,30,30,30,38,38,38],"current_hp_per_floor":[64,64,64,64,64,56,41,9,9,30,30,30,28,28,28,28,60,56,39,1,1,1,1,1,1,1,1,1,1,1,1,1,1,1,1,1,1,1,1,1,1,1,1,0,0],"gold":1133,"neow_bonus":"","is_daily":false,"chose_seed":false,"campfire_upgraded":0,"win_rate":0.0,"timestamp":1611249736,"path_taken":["?","M","M","?","?","E","E","E","T","R","?","E","?","E","R","BOSS","M","?","?","$","?","E","?","E","T","E","E","E","$","M","R","BOSS","M","?","AVR","$","?","E","E","E","T","NM"],"items_purchased_type":["Relic","Relic","Relic","Card","Relic","Relic","Relic","Relic","Relic","Relic"],"build_version":"2020-12-22","purchased_purges":3,"victory":false,"max_hp_per_floor":[71,71,71,71,71,71,71,71,71,71,71,71,71,71,71,71,71,71,71,1,1,1,1,1,1,1,1,1,1,1,1,1,1,1,1,1,1,1,1,1,1,1,1,1,1],"card_choices":[{"not_picked":["Iron Wave","Leap","BasicCrystalCard"],"picked":"SKIP","floor":2},{"not_picked":["Ball Lightning","BootSequence"],"picked":"Crystallizer","floor":3},{"not_picked":["ReplayTheSpireMod:Muscle Training","Leap"],"picked":"Fission","floor":4},{"not_picked":["Mirror Shield","ReplayTheSpireMod:Omega Cannon"],"picked":"Machine Learning","floor":6},{"not_picked":["Multi-Cast","Fission"],"picked":"Core Surge","floor":7},{"not_picked":["Offering","hubris:DoWhile"],"picked":"Seek","floor":8},{"not_picked":["Firewall","Rainbow"],"picked":"Meteor Strike","floor":12},{"not_picked":["Mirror Shield","Rainbow"],"picked":"Core Surge","floor":13},{"not_picked":["Amplify","Mirror Shield","Offering"],"picked":"SKIP","floor":14},{"not_picked":["Hyperbeam","ReplayTheSpireMod:Omega Cannon"],"picked":"Machine Learning","floor":16},{"not_picked":["Conserve Battery","Compile Driver","BasicCrystalCard"],"picked":"SKIP","floor":18},{"not_picked":["ReplayTheSpireMod:Chaos Vortex","ReplayTheSpireMod:Haul"],"picked":"infinitespire:DeathsTouch","floor":19},{"not_picked":["ReplayRNGCard","Reboot"],"picked":"Creative AI","floor":22},{"not_picked":["ReplayTheSpireMod:Fabricate Wheel","Fission"],"picked":"Echo Form","floor":23},{"not_picked":["Ball Lightning","Sweeping Beam+1","Leap"],"picked":"SKIP","floor":24},{"not_picked":["Rainbow","Buffer"],"picked":"Echo Form","floor":25},{"not_picked":["Reboot","Core Surge"],"picked":"Echo Form","floor":27},{"not_picked":["Core Surge","hubris:DoWhile"],"picked":"Seek","floor":28},{"not_picked":["Amplify","ReplayTheSpireMod:Omega Cannon"],"picked":"Core Surge","floor":29},{"not_picked":["Aggregate","Conserve Battery"],"picked":"Scrape","floor":31},{"not_picked":["Mirror Shield","All For One"],"picked":"Machine Learning","floor":33},{"not_picked":["Leap+1","Tempest","Turbo"],"picked":"SKIP","floor":35},{"not_picked":["hubris:DoWhile","Mirror Shield"],"picked":"Machine Learning","floor":40},{"not_picked":["Thunder Strike","All For One"],"picked":"Machine Learning","floor":41},{"not_picked":["ReplayRNGCard","hubris:Prefetch","Thunder Strike"],"picked":"SKIP","floor":42}],"player_experience":139657,"relics_obtained":[{"floor":5,"key":"Replay:Baseball"},{"floor":6,"key":"hubris:SlimyHat"},{"floor":7,"key":"infinitespire:WardingShard"},{"floor":8,"key":"Vajra"},{"floor":9,"key":"Replay:Mystery Machine"},{"floor":12,"key":"DataDisk"},{"floor":13,"key":"Onion Ring"},{"floor":22,"key":"infinitespire:CheckeredPen"},{"floor":23,"key":"hubris:Potato"},{"floor":25,"key":"ReplayTheSpireMod:Ninjato"},{"floor":26,"key":"infinitespire:ShieldingShard"},{"floor":27,"key":"hubris:Zylophone"},{"floor":28,"key":"hubris:MobiusCoin"},{"floor":29,"key":"Dream Catcher"},{"floor":36,"key":"Old Coin"},{"floor":40,"key":"Chameleon Ring"},{"floor":41,"key":"hubris:BundleOfHerbs"},{"floor":42,"key":"Blue Candle"},{"floor":43,"key":"Mango"}],"event_choices":[{"damage_healed":0,"gold_gain":0,"player_choice":"Fight","damage_taken":0,"max_hp_gain":0,"max_hp_loss":0,"event_name":"Mysterious Sphere","floor":36,"gold_loss":0},{"damage_healed":0,"gold_gain":0,"player_choice":"Copied","damage_taken":0,"max_hp_gain":0,"max_hp_loss":0,"event_name":"Duplicator","floor":39,"gold_loss":0,"cards_obtained":["Gash"]}],"is_beta":false,"boss_relics":[{"not_picked":["Inserter","Painkiller Herb"],"picked":"Replay:Wanted Poster"},{"not_picked":["Runic Pyramid","Velvet Choker"],"picked":"hubris:ScarierMask"}],"items_purged_floors":[11,37,38],"is_endless":false,"potions_floor_spawned":[2,8,12,13,14,18,23,27,36,42],"killed_by":"Nightmare","ascension_level":20}}