{"host":"kiczkwpc36uxnkg8","time":1611240263,"event":{"mods":["AchievementEnabler","Act Like it!","Aspiration","BaseMod","Better Note","Colored Powertips","Conspire","Defective Defect","Energized Spire","GifTheSpireLib","GungeonMod","Hermit","Hubris","Infinite Spire","Koishi","Marisa????????","Minty Spire (QoL Compilation)","Pale of the Ancients","Permanent Neow","Quick Restart","Relic Filter","Remilia??????","Replay The Spire","Spicy Shops","StSLib","Stuff the Spire","The Animator","The Bug Knight","The Kombatant","Uncapped","Wandering Minibosses"],"gold_per_floor":[114,126,51,65,65,65,65,99,99,117,117,127,127,127,127,231,281,297,98,98,50,50,50,80,8,33,80,92,92],"floor_reached":28,"language":"ENG","playtime":1010,"items_purged":["Strike_R","Strike_R","Defend_R","Strike_R"],"score":319,"play_id":"2a152c35-db27-4b0c-9fde-a84fb3022562","local_time":"20210121144423","is_ascension_mode":true,"campfire_choices":[{"floor":6.0,"key":"REST"},{"floor":11.0,"key":"REST"},{"data":"Clash","floor":13.0,"key":"SMITH"},{"data":"hubris:DuctTapeCard","floor":23.0,"key":"SMITH"}],"circlet_count":0,"master_deck":["Strike_R","Strike_R","Defend_R","Defend_R","Bash","Clash+1","Metallicize+1","Iron Wave+1","Spot Weakness","Metallicize","Clumsy","hubris:DuctTapeCard"],"relics":["conspire:SpecialSausage","Replay:Kaleidoscope","Replay:Accelerometer","Tiny House","Membership Card","ReplayTheSpireMod:CursedCoin","DemoMod:ClearGuonStone","hubris:DuctTape","conspire:DeflatedDodgeball","King of Hearts","MawBank","Ancient Tea Set"],"acts_visited":["Exordium","TheCity"],"potions_floor_usage":[27,27],"damage_taken":[{"damage":1.0,"enemies":"Cultist","floor":1.0,"turns":3.0},{"damage":8.0,"enemies":"2 Louse","floor":2.0,"turns":3.0},{"damage":12.0,"enemies":"Jaw Worm","floor":4.0,"turns":3.0},{"damage":33.0,"enemies":"3 Sentries","floor":8.0,"turns":6.0},{"damage":3.0,"enemies":"Large Slime","floor":10.0,"turns":8.0},{"damage":8.0,"enemies":"Exordium Thugs","floor":12.0,"turns":4.0},{"damage":49.0,"enemies":"Hexaghost","floor":16.0,"turns":8.0},{"damage":15.0,"enemies":"3 Byrds","floor":18.0,"turns":7.0},{"damage":64.0,"enemies":"Gremlin Leader","floor":24.0,"turns":5.0},{"damage":15,"enemies":"Slavers","floor":27,"turns":5},{"damage":14,"enemies":"Shell Parasite","floor":28,"turns":2}],"seed_played":"2315901526635687680","potions_obtained":[{"floor":1.0,"key":"PowerPotion"},{"floor":4.0,"key":"Death Potion"},{"floor":10.0,"key":"AttackPotion"},{"floor":12.0,"key":"SpeedPotion"},{"floor":17.0,"key":"BloodPotion"},{"floor":24.0,"key":"Weak Potion"}],"is_trial":false,"path_per_floor":["M","M","$","M","?","R","$","E","T","M","R","M","R","?","R","B",null,"M","$","?","$","T","R","E","$","T","E","M"],"character_chosen":"IRONCLAD","items_purchased":["Membership Card","ReplayTheSpireMod:CursedCoin","Heavy Blade","DemoMod:ClearGuonStone","King of Hearts"],"campfire_rested":2,"item_purchase_floors":[19,21,21,21,25],"current_hp_per_floor":[79,71,71,59,59,80,80,47,47,44,68,60,60,60,60,11,85,70,70,70,70,70,70,23,23,23,8,0,0],"gold":92,"neow_bonus":"BOSS_RELIC","is_daily":false,"chose_seed":false,"campfire_upgraded":2,"win_rate":0.0,"timestamp":1611240263,"path_taken":["M","M","$","?","?","R","$","E","T","?","R","M","R","?","R","BOSS","M","$","?","$","?","R","E","?","T","E","M"],"items_purchased_type":["Relic","Relic","Card","Relic","Relic"],"build_version":"2020-12-22","purchased_purges":4,"victory":false,"max_hp_per_floor":[80,80,80,80,80,80,80,80,80,80,80,80,80,80,80,80,85,85,85,85,85,85,85,85,85,85,85,85,85],"card_choices":[{"not_picked":["Burning Pact","Body Slam"],"picked":"Clash","floor":1.0},{"not_picked":["DemoMod:WhiteBlade","Shrug It Off"],"picked":"Metallicize","floor":2.0},{"not_picked":["DemoMod:WhiteBlade","Pommel Strike","Wild Strike"],"picked":"SKIP","floor":4.0},{"not_picked":["Body Slam","Impervious","Wild Strike"],"picked":"SKIP","floor":8.0},{"not_picked":["ReplayTheSpireMod:Strike From Hell","Thunderclap","Cleave"],"picked":"SKIP","floor":10.0},{"not_picked":["Rage","Sword Boomerang"],"picked":"Iron Wave","floor":12.0},{"not_picked":["Clothesline","Clash"],"picked":"Metallicize","floor":17.0},{"not_picked":["Run Through+1","Clothesline"],"picked":"Flex+1","floor":18.0},{"not_picked":["Bludgeon","Pommel Strike","Shrug It Off"],"picked":"SKIP","floor":24.0},{"not_picked":["Warcry","Twin Strike+1","hubris:SharpeningStone"],"picked":"SKIP","floor":27}],"player_experience":773370,"relics_obtained":[{"floor":8.0,"key":"Replay:Kaleidoscope"},{"floor":9.0,"key":"Replay:Accelerometer"},{"floor":22.0,"key":"hubris:DuctTape"},{"floor":24.0,"key":"conspire:DeflatedDodgeball"},{"floor":26.0,"key":"MawBank"},{"floor":27,"key":"Ancient Tea Set"}],"event_choices":[{"damage_healed":0.0,"max_hp_gain":0.0,"max_hp_loss":0.0,"gold_gain":0.0,"event_name":"Accursed Blacksmith","player_choice":"Forge","floor":5.0,"gold_loss":0.0,"damage_taken":0.0,"cards_upgraded":["Metallicize"]},{"damage_healed":0.0,"max_hp_gain":0.0,"max_hp_loss":0.0,"gold_gain":0.0,"event_name":"conspire:Investor","player_choice":"Leave","floor":14.0,"gold_loss":0.0,"damage_taken":0.0},{"damage_healed":0.0,"max_hp_gain":0.0,"max_hp_loss":0.0,"gold_gain":0.0,"event_name":"N\u0027loth","player_choice":"Ignored","floor":20.0,"gold_loss":0.0,"damage_taken":0.0}],"is_beta":false,"boss_relics":[{"not_picked":["infinitespire:Burning Sword","StuffTheSpire:ModemDavis"],"picked":"Tiny House"}],"items_purged_floors":[3,19,21,21],"is_endless":false,"potions_floor_spawned":[1,4,10,12,24],"killed_by":"Shell Parasite","ascension_level":3}}