{"host":"5gfra4hjb6stk8c2","time":1611256644,"event":{"mods":["BaseMod","Minty Spire (QoL Compilation)","Quick Restart","SuperFastMode"],"gold_per_floor":[99,24,24,24,24,24,24,24,24,24,24,24,24,24,24,24,24,0,0,0,0,0,0,0],"floor_reached":23,"language":"ENG","playtime":459,"items_purged":["Defend_P"],"score":282,"play_id":"10845333-89a8-4933-b195-7fae290314e5","local_time":"20210121161724","is_ascension_mode":true,"campfire_choices":[{"data":"Alpha","floor":7,"key":"SMITH"},{"floor":11,"key":"REST"},{"data":"Evaluate","floor":13,"key":"SMITH"},{"data":"Vigilance","floor":15,"key":"SMITH"}],"circlet_count":0,"master_deck":["Eruption+1","Vigilance+1","Alpha+1","Worship","Evaluate+1","DevaForm","PathToVictory","WreathOfFlame","Vengeance","Sanctity","CrushJoints","Vault"],"relics":["Ectoplasm","Turnip","GoldenEye","Lantern","CeramicFish","Pandora\u0027s Box","Ancient Tea Set"],"acts_visited":["Exordium","TheCity"],"potions_floor_usage":[6,6,8,8,16,16,23],"damage_taken":[{"damage":1,"enemies":"Cultist","floor":1,"turns":3},{"damage":4,"enemies":"Jaw Worm","floor":3,"turns":2},{"damage":2,"enemies":"3 Sentries","floor":6,"turns":3},{"damage":2,"enemies":"Gremlin Nob","floor":8,"turns":3},{"damage":15,"enemies":"3 Sentries","floor":10,"turns":3},{"damage":22,"enemies":"Lagavulin","floor":12,"turns":6},{"damage":0,"enemies":"2 Louse","floor":14,"turns":3},{"damage":27,"enemies":"Hexaghost","floor":16,"turns":8},{"damage":14,"enemies":"2 Thieves","floor":18,"turns":3},{"damage":12,"enemies":"Chosen","floor":20,"turns":4},{"damage":24,"enemies":"Shelled Parasite and Fungi","floor":22,"turns":4},{"damage":34,"enemies":"Slavers","floor":23,"turns":1}],"seed_played":"7400275557246430108","potions_obtained":[{"floor":1,"key":"PowerPotion"},{"floor":5,"key":"Ambrosia"},{"floor":5,"key":"AttackPotion"},{"floor":6,"key":"Regen Potion"},{"floor":10,"key":"Strength Potion"},{"floor":12,"key":"FearPotion"},{"floor":16,"key":"GamblersBrew"},{"floor":18,"key":"BlessingOfTheForge"}],"is_trial":false,"path_per_floor":["M","$","M","?","?","E","R","E","T","E","R","E","R","M","R","B",null,"M","?","M","?","M","E"],"character_chosen":"WATCHER","items_purchased":[],"campfire_rested":1,"item_purchase_floors":[],"current_hp_per_floor":[64,64,60,60,60,58,58,65,65,50,71,49,49,49,49,22,60,46,46,34,58,34,0,0],"gold":0,"neow_bonus":"BOSS_RELIC","is_daily":false,"chose_seed":false,"campfire_upgraded":3,"win_rate":0.0,"timestamp":1611256644,"path_taken":["M","$","?","?","?","E","R","E","T","E","R","E","R","?","R","BOSS","M","?","?","?","M","E"],"items_purchased_type":[],"build_version":"2020-12-22","purchased_purges":1,"victory":false,"max_hp_per_floor":[72,72,72,72,72,72,72,72,72,72,72,72,72,72,72,72,72,72,72,72,72,72,72,72],"card_choices":[{"not_picked":["TalkToTheHand","DeceiveReality","BowlingBash"],"picked":"SKIP","floor":1},{"not_picked":["EmptyBody","CutThroughFate","BowlingBash"],"picked":"SKIP","floor":3},{"not_picked":["Study","PathToVictory"],"picked":"Alpha","floor":6},{"not_picked":["FearNoEvil","Fasting2"],"picked":"Worship","floor":8},{"not_picked":["Tantrum","ForeignInfluence","EmptyFist"],"picked":"SKIP","floor":10},{"not_picked":["BowlingBash","Study"],"picked":"Evaluate","floor":12},{"not_picked":["PathToVictory","Halt","CutThroughFate"],"picked":"SKIP","floor":14},{"not_picked":["Scrawl","DeusExMachina"],"picked":"DevaForm","floor":16},{"not_picked":["JustLucky","CarveReality","FlurryOfBlows+1"],"picked":"SKIP","floor":18},{"not_picked":["Halt","Conclude","ThirdEye"],"picked":"SKIP","floor":20},{"not_picked":["Tantrum","Evaluate","Sanctity"],"picked":"SKIP","floor":22}],"player_experience":178598,"relics_obtained":[{"floor":6,"key":"Turnip"},{"floor":8,"key":"GoldenEye"},{"floor":10,"key":"Lantern"},{"floor":12,"key":"CeramicFish"}],"event_choices":[{"damage_healed":0,"gold_gain":0,"player_choice":"Grow","damage_taken":0,"max_hp_gain":0,"max_hp_loss":0,"event_name":"Living Wall","floor":4,"gold_loss":0,"cards_upgraded":["Eruption"]},{"damage_healed":0,"gold_gain":0,"player_choice":"Got Potions","damage_taken":0,"max_hp_gain":0,"max_hp_loss":0,"event_name":"Lab","floor":5,"gold_loss":0},{"cards_removed":["JustLucky"],"damage_healed":0,"gold_gain":0,"player_choice":"Gave Card","damage_taken":0,"relics_obtained":["Ancient Tea Set"],"max_hp_gain":0,"max_hp_loss":0,"event_name":"WeMeetAgain","floor":19,"gold_loss":0},{"damage_healed":24,"gold_gain":0,"player_choice":"Heal","damage_taken":0,"max_hp_gain":0,"max_hp_loss":0,"event_name":"The Library","floor":21,"gold_loss":0}],"is_beta":false,"boss_relics":[{"not_picked":["VioletLotus","Fusion Hammer"],"picked":"Pandora\u0027s Box"}],"items_purged_floors":[2],"is_endless":false,"potions_floor_spawned":[1,6,10,12,16,18],"killed_by":"Slavers","ascension_level":6}}