{"host":"g8ufh7m4frdlkxwv","time":1611264955,"event":{"mods":["AchievementEnabler","BaseMod","Colored Map","Dark Map","Minty Spire (QoL Compilation)","Relic Stats","StSLib","ojb\u0027s Info Mod"],"gold_per_floor":[117,128,140,152,152,152,180,180,180,214,214,244,244,257,257,331,331,342,342,342,352,365,393,408,426,426,426,443,8,24,57,57,57,57],"floor_reached":33,"language":"ENG","playtime":1538,"items_purged":["Defend_G"],"score":618,"play_id":"0bce6c05-e4d4-4d35-94fc-47a36f761841","local_time":"20210121223555","is_ascension_mode":true,"campfire_choices":[{"data":"Deadly Poison","floor":6.0,"key":"SMITH"},{"data":"Bouncing Flask","floor":15.0,"key":"SMITH"},{"data":"RitualDagger","floor":27,"key":"SMITH"},{"floor":32,"key":"REST"}],"circlet_count":0,"master_deck":["AscendersBane","Strike_G+1","Strike_G+1","Strike_G+1","Defend_G","Defend_G","Defend_G+1","Defend_G","Survivor","Neutralize","Backstab","Deadly Poison+1","Dash","Bouncing Flask+1","Leg Sweep","Burst","RitualDagger+1","PiercingWail","Noxious Fumes","Leg Sweep","Regret","Calculated Gamble","Catalyst","Bandage Up","Well Laid Plans+1"],"relics":["Ring of the Snake","Bronze Scales","Whetstone","Pantograph","TungstenRod","Snake Skull","Cursed Key","Happy Flower","Kunai","Potion Belt","Oddly Smooth Stone"],"acts_visited":["Exordium","TheCity"],"potions_floor_usage":[16,23,28,30,31,31,33],"damage_taken":[{"damage":0.0,"enemies":"Cultist","floor":1.0,"turns":4.0},{"damage":1.0,"enemies":"Small Slimes","floor":2.0,"turns":4.0},{"damage":0.0,"enemies":"Jaw Worm","floor":3.0,"turns":3.0},{"damage":1.0,"enemies":"Looter","floor":4.0,"turns":3.0},{"damage":11.0,"enemies":"Gremlin Nob","floor":7.0,"turns":3.0},{"damage":24.0,"enemies":"3 Sentries","floor":10.0,"turns":8.0},{"damage":7.0,"enemies":"Gremlin Nob","floor":12.0,"turns":4.0},{"damage":0.0,"enemies":"3 Louse","floor":14.0,"turns":3.0},{"damage":22,"enemies":"Slime Boss","floor":16,"turns":9},{"damage":0,"enemies":"3 Byrds","floor":18,"turns":3},{"damage":0,"enemies":"Chosen","floor":21,"turns":3},{"damage":18,"enemies":"Centurion and Healer","floor":22,"turns":10},{"damage":15,"enemies":"Slavers","floor":23,"turns":5},{"damage":0,"enemies":"Snake Plant","floor":24,"turns":4},{"damage":1,"enemies":"Shelled Parasite and Fungi","floor":25,"turns":5},{"damage":5,"enemies":"Cultist and Chosen","floor":28,"turns":5},{"damage":0,"enemies":"Snake Plant","floor":30,"turns":3},{"damage":10,"enemies":"Book of Stabbing","floor":31,"turns":6},{"damage":64,"enemies":"Collector","floor":33,"turns":8}],"seed_played":"8009625807444135518","potions_obtained":[{"floor":2.0,"key":"DuplicationPotion"},{"floor":3.0,"key":"SteroidPotion"},{"floor":10.0,"key":"GamblersBrew"},{"floor":12.0,"key":"DuplicationPotion"},{"floor":24,"key":"AttackPotion"},{"floor":25,"key":"SpeedPotion"},{"floor":28,"key":"GhostInAJar"},{"floor":30,"key":"SkillPotion"}],"is_trial":false,"path_per_floor":["M","M","M","M","?","R","E","?","T","E","?","E","?","M","R","B",null,"M","?","?","M","M","E","M","M","T","R","M","$","M","E","R","B"],"character_chosen":"THE_SILENT","items_purchased":["Potion Belt","Catalyst","SkillPotion","Bandage Up"],"campfire_rested":1,"item_purchase_floors":[29,29,29,29],"current_hp_per_floor":[59,58,58,57,50,50,39,61,61,37,18,11,11,11,11,14,53,53,48,48,48,30,15,15,14,14,14,9,9,13,7,26,0,0],"gold":57,"neow_bonus":"RANDOM_COMMON_RELIC","is_daily":false,"chose_seed":false,"campfire_upgraded":3,"win_rate":0.0,"timestamp":1611264955,"path_taken":["M","M","?","M","?","R","E","?","T","E","?","E","?","M","R","BOSS","M","?","?","M","M","E","M","?","T","R","M","$","M","E","R","BOSS"],"items_purchased_type":["Relic","Card","Potion","Card"],"build_version":"2020-12-22","purchased_purges":1,"victory":false,"max_hp_per_floor":[66,66,66,66,66,66,66,66,66,66,66,66,66,66,66,66,66,66,66,66,66,66,66,66,66,66,66,66,66,66,66,66,66,66],"relic_stats":{"Happy Flower":[10],"counters":[19,93],"Bronze Scales":[308],"Pantograph":50,"Snake Skull":[103],"Whetstone":["Strike_G","Strike_G"],"Kunai":[2],"Cursed Key":1,"obtain_stats":[{"Potion Belt":29,"Happy Flower":23,"Bronze Scales":0,"Pantograph":9,"Oddly Smooth Stone":31,"Snake Skull":12,"Whetstone":7,"Kunai":26,"Cursed Key":17,"TungstenRod":10,"Ring of the Snake":0},{"Potion Belt":16,"Happy Flower":13,"Bronze Scales":0,"Pantograph":5,"Oddly Smooth Stone":18,"Snake Skull":7,"Whetstone":5,"Kunai":15,"Cursed Key":9,"TungstenRod":6,"Ring of the Snake":0},{"Potion Belt":76,"Happy Flower":62,"Bronze Scales":0,"Pantograph":17,"Oddly Smooth Stone":85,"Snake Skull":29,"Whetstone":17,"Kunai":71,"Cursed Key":41,"TungstenRod":25,"Ring of the Snake":0}],"TungstenRod":26,"Ring of the Snake":[38]},"card_choices":[{"not_picked":["Deflect","Dagger Spray"],"picked":"Backstab","floor":1.0},{"not_picked":["Dodge and Roll","Concentrate"],"picked":"Deadly Poison","floor":2.0},{"not_picked":["Underhanded Strike","Slice"],"picked":"Dash","floor":3.0},{"not_picked":["Poisoned Stab","Underhanded Strike"],"picked":"Bouncing Flask","floor":4.0},{"not_picked":["Dagger Throw","Dodge and Roll","Eviscerate"],"picked":"SKIP","floor":7.0},{"not_picked":["Night Terror","Acrobatics"],"picked":"Leg Sweep","floor":10.0},{"not_picked":["Dash","Concentrate","Heel Hook"],"picked":"SKIP","floor":12.0},{"not_picked":["Slice","Underhanded Strike","Bane"],"picked":"SKIP","floor":14.0},{"not_picked":["Adrenaline","Die Die Die"],"picked":"Burst","floor":16},{"not_picked":["Caltrops","Prepared","Finisher"],"picked":"SKIP","floor":18},{"not_picked":["Flying Knee","Blade Dance"],"picked":"PiercingWail","floor":21},{"not_picked":["Accuracy+1","Eviscerate","Poisoned Stab"],"picked":"SKIP","floor":22},{"not_picked":["Dash","Reflex"],"picked":"Noxious Fumes","floor":23},{"not_picked":["PiercingWail","Slice","Infinite Blades"],"picked":"SKIP","floor":24},{"not_picked":["Phantasmal Killer","Setup"],"picked":"Leg Sweep","floor":25},{"not_picked":["Bane","Deadly Poison"],"picked":"Calculated Gamble","floor":28},{"not_picked":["Dash","Bouncing Flask","Sucker Punch"],"picked":"SKIP","floor":30},{"not_picked":["Deadly Poison","Poisoned Stab+1"],"picked":"Well Laid Plans+1","floor":31}],"player_experience":1063732,"relics_obtained":[{"floor":7.0,"key":"Whetstone"},{"floor":9.0,"key":"Pantograph"},{"floor":10.0,"key":"TungstenRod"},{"floor":12.0,"key":"Snake Skull"},{"floor":23,"key":"Happy Flower"},{"floor":26,"key":"Kunai"},{"floor":31,"key":"Oddly Smooth Stone"}],"event_choices":[{"cards_removed":["Strike_G"],"damage_healed":0.0,"max_hp_gain":0.0,"max_hp_loss":0.0,"gold_gain":0.0,"event_name":"Golden Wing","player_choice":"Card Removal","floor":5.0,"gold_loss":0.0,"damage_taken":7.0},{"damage_healed":22.0,"max_hp_gain":0.0,"max_hp_loss":0.0,"gold_gain":0.0,"event_name":"Big Fish","player_choice":"Banana","floor":8.0,"gold_loss":0.0,"damage_taken":0.0},{"damage_healed":0.0,"max_hp_gain":0.0,"max_hp_loss":0.0,"gold_gain":0.0,"event_name":"Shining Light","player_choice":"Entered Light","floor":11.0,"gold_loss":0.0,"damage_taken":20.0,"cards_upgraded":["Defend_G","Strike_G"]},{"damage_healed":0.0,"max_hp_gain":0.0,"max_hp_loss":0.0,"gold_gain":0.0,"event_name":"Scrap Ooze","player_choice":"Fled","floor":13.0,"gold_loss":0.0,"damage_taken":0.0},{"damage_healed":0,"gold_gain":0,"player_choice":"Joined the Cult","damage_taken":6,"max_hp_gain":0,"max_hp_loss":0,"event_name":"Nest","floor":19,"gold_loss":0,"cards_obtained":["RitualDagger"]},{"cards_removed":["Strike_G"],"damage_healed":0,"gold_gain":0,"player_choice":"Purged","damage_taken":0,"max_hp_gain":0,"max_hp_loss":0,"event_name":"Purifier","floor":20,"gold_loss":0}],"is_beta":false,"boss_relics":[{"not_picked":["Black Star","Philosopher\u0027s Stone"],"picked":"Cursed Key"}],"items_purged_floors":[29],"is_endless":false,"potions_floor_spawned":[2,3,10,12,24,25,28,30],"killed_by":"Collector","ascension_level":20}}