{"host":"njruw0b0uprlitpx","time":1611238372,"event":{"mods":["2.2 Compatiblity","Bartender","BaseMod","Better Altar","Better Match","Better Note","Better Sensory Stone","Better Skull","Better Third Choice","BetterRewards","Block Reminder","Colored Map","Colored Powertips","Energized Spire","Jedi Mod","Keyboard Shortcuts","Minty Spire (QoL Compilation)","Quick Restart","Rare Cards Sparkle","Relic Stats","Replay The Spire","SacredBarkPlus","Spicy Shops","StSLib","SuperFastMode","The Blackbeard","The Construct","The Dragon Tamer","The Forsaken","The Mystic","Wandering Minibosses"],"gold_per_floor":[114,64,64,7,7,7,22,37,62,92,92,42,42,72,72,172,172,187,202,25,40,55,55,85,85,110,110,125,23,38,53,53,153,153,168,24,39,39,89,119,177,177,202,202,217,18,33,48,48,48],"floor_reached":51,"language":"ENG","playtime":1470,"items_purged":[],"score":957,"play_id":"dd986830-e8de-451e-a630-48c7d2dbdfc1","local_time":"20210121081252","daily_mods":["Chimera","Hoarder","Binary"],"is_ascension_mode":false,"campfire_choices":[{"data":"Eruption","floor":6,"key":"SMITH"},{"data":"Demon Form","floor":11,"key":"SMITH"},{"data":"Flame Barrier","floor":15,"key":"SMITH"},{"floor":23,"key":"REST"},{"floor":25,"key":"REST"},{"data":"Shockwave","floor":32,"key":"SMITH"},{"floor":42,"key":"REST"},{"floor":49,"key":"REST"}],"circlet_count":0,"master_deck":["Bash","Survivor","Eruption+1","Strike_R+1","Strike_G+1","Strike_B+1","Defend_R+1","Defend_G+1","Defend_P+1","Shockwave+1","Shockwave","Shockwave","ReplayTheSpireMod:Muscle Training","ReplayTheSpireMod:Muscle Training","ReplayTheSpireMod:Muscle Training","Armaments+1","Armaments+1","Armaments+1","Cleave","Cleave","Cleave","Metallicize","Metallicize","Metallicize","Demon Form+1","Demon Form","Demon Form","DevaForm+1","DevaForm+1","DevaForm+1","Flame Barrier+1","Flame Barrier","Flame Barrier","Clothesline","Clothesline","Clothesline","Headbutt","Headbutt","Headbutt","Violence","Violence","Violence","Sword Boomerang","Sword Boomerang","Sword Boomerang","Power Through","Power Through","Power Through","Rage","Rage","Rage","Thunderclap+1","Thunderclap+1","Thunderclap+1","Battle Trance","Battle Trance","Battle Trance","ReplayTheSpireMod:Stacked+1","ReplayTheSpireMod:Stacked+1","ReplayTheSpireMod:Stacked+1","Limit Break","Limit Break","Limit Break","Perfected Strike+1","Perfected Strike+1","Perfected Strike+1","Wild Strike+1","Wild Strike+1","Wild Strike+1","Twin Strike+1","Twin Strike+1","Twin Strike+1","Madness","Madness","Madness","Madness","Madness","Madness","Perfected Strike","Perfected Strike","Perfected Strike","ReplayTheSpireMod:Splinters","ReplayTheSpireMod:Splinters","ReplayTheSpireMod:Splinters","Replay:Undeath\u0027s Touch+1","Replay:Undeath\u0027s Touch+1","Replay:Undeath\u0027s Touch+1","Havoc+1","Havoc+1","Havoc+1","Combust","Combust","Combust","Combust","Combust","Combust","Sword Boomerang+1","Sword Boomerang+1","Sword Boomerang+1","Replay:Undeath\u0027s Touch+1","Replay:Undeath\u0027s Touch+1","Replay:Undeath\u0027s Touch+1"],"relics":["Burning Blood","Bag of Preparation","Vajra","ReplayFunnel","energizedSpire:EnergizedDie","Bottled Lightning","Blue Doll","jedi:cryingmask","energizedSpire:RedRose","Du-Vu Doll","jedi:kaleidoscope","Bronze Scales","Ancient Tea Set"],"acts_visited":["Exordium","TheCity","TheBeyond"],"potions_floor_usage":[16,22,33,39,40,50],"damage_taken":[{"damage":3,"enemies":"Jaw Worm","floor":1,"turns":4},{"damage":3,"enemies":"Small Slimes","floor":7,"turns":5},{"damage":0,"enemies":"2 Louse","floor":8,"turns":2},{"damage":9,"enemies":"Gremlin Nob","floor":10,"turns":3},{"damage":19,"enemies":"3 Sentries","floor":14,"turns":6},{"damage":3,"enemies":"Slime Boss","floor":16,"turns":4},{"damage":20,"enemies":"Shell Parasite","floor":18,"turns":6},{"damage":23,"enemies":"3 Byrds","floor":19,"turns":6},{"damage":3,"enemies":"Snecko","floor":21,"turns":5},{"damage":18,"enemies":"Shelled Parasite and Fungi","floor":22,"turns":4},{"damage":19,"enemies":"Book of Stabbing","floor":24,"turns":4},{"damage":2,"enemies":"Chosen and Byrds","floor":28,"turns":5},{"damage":6,"enemies":"Sentry and Sphere","floor":30,"turns":3},{"damage":5,"enemies":"Centurion and Healer","floor":31,"turns":4},{"damage":6,"enemies":"Automaton","floor":33,"turns":6},{"damage":3,"enemies":"Orb Walker","floor":35,"turns":2},{"damage":4,"enemies":"3 Darklings","floor":37,"turns":3},{"damage":6,"enemies":"Mind Bloom Boss Battle","floor":39,"turns":3},{"damage":44,"enemies":"Reptomancer","floor":40,"turns":3},{"damage":1,"enemies":"Sphere and 2 Shapes","floor":44,"turns":2},{"damage":2,"enemies":"Jaw Worm Horde","floor":45,"turns":2},{"damage":18,"enemies":"Writhing Mass","floor":47,"turns":2},{"damage":0,"enemies":"4 Shapes","floor":48,"turns":3},{"damage":23,"enemies":"Donu and Deca","floor":50,"turns":4}],"seed_played":"811174962971598332","potions_obtained":[{"floor":1,"key":"BlessingOfTheForge"},{"floor":21,"key":"SkillPotion"},{"floor":28,"key":"Cursed Concoction"},{"floor":37,"key":"ColorlessPotion"},{"floor":41,"key":"Languid Potion"},{"floor":41,"key":"BloodPotion"},{"floor":41,"key":"Flashbang"}],"is_trial":false,"path_per_floor":["M","?","?","$","?","R","M","M","T","E","R","$","?","E","R","B",null,"M","M","$","M","M","R","E","R","T","?","M","$","M","M","R","B",null,"M","$","M","?","?","E","?","R","T","M","M","$","M","M","R","B",null],"character_chosen":"IRONCLAD","items_purchased":["ReplayTheSpireMod:Muscle Training","Armaments+1","Adrenaline Potion","Violence","Thunderclap+1","jedi:cryingmask","Wild Strike+1","LifebloodPotion","Ancient Tea Set","Combust"],"campfire_rested":4,"item_purchase_floors":[4,4,12,20,29,29,36,36,46,46],"current_hp_per_floor":[80,80,80,80,80,80,80,80,80,77,77,77,77,64,64,67,80,66,49,49,52,40,64,51,75,75,75,79,79,79,80,80,80,80,80,80,80,70,70,32,32,56,56,61,65,65,53,59,80,63],"gold":48,"neow_bonus":"","is_daily":true,"chose_seed":false,"campfire_upgraded":4,"win_rate":0.0,"timestamp":1611238372,"path_taken":["M","?","?","$","?","R","M","M","T","E","R","$","?","E","R","BOSS","M","M","$","M","?","R","E","R","T","?","M","$","M","M","R","BOSS","M","$","M","?","?","E","?","R","T","M","M","$","?","M","R","BOSS"],"items_purchased_type":["Card","Card","Potion","Card","Card","Relic","Card","Potion","Relic","Card"],"build_version":"2020-12-22","purchased_purges":0,"victory":true,"max_hp_per_floor":[80,80,80,80,80,80,80,80,80,80,80,80,80,80,80,80,80,80,80,80,80,80,80,80,80,80,80,80,80,80,80,80,80,80,80,80,80,80,80,80,80,80,80,80,80,80,80,80,80,80],"relic_stats":{"counters":[24,91],"Bronze Scales":[24],"Bag of Preparation":[42],"obtain_stats":[{"ReplayFunnel":14,"energizedSpire:RedRose":34,"Vajra":10,"energizedSpire:EnergizedDie":17,"Blue Doll":26,"Bag of Preparation":9,"Ancient Tea Set":46,"Burning Blood":0,"Du-Vu Doll":39,"jedi:kaleidoscope":40,"Bronze Scales":43,"jedi:cryingmask":29,"Bottled Lightning":24},{"ReplayFunnel":5,"energizedSpire:RedRose":15,"Vajra":4,"energizedSpire:EnergizedDie":6,"Blue Doll":11,"Bag of Preparation":3,"Ancient Tea Set":21,"Burning Blood":0,"Du-Vu Doll":18,"jedi:kaleidoscope":19,"Bronze Scales":19,"jedi:cryingmask":12,"Bottled Lightning":11},{"ReplayFunnel":20,"energizedSpire:RedRose":67,"Vajra":14,"energizedSpire:EnergizedDie":24,"Blue Doll":49,"Bag of Preparation":11,"Ancient Tea Set":82,"Burning Blood":0,"Du-Vu Doll":75,"jedi:kaleidoscope":78,"Bronze Scales":78,"jedi:cryingmask":54,"Bottled Lightning":49}],"Burning Blood":127},"card_choices":[{"not_picked":["Defy Death"],"picked":"Shockwave","floor":1},{"not_picked":["Iron Wave"],"picked":"Cleave","floor":7},{"not_picked":["Warcry"],"picked":"Metallicize","floor":8},{"not_picked":["Perfected Strike"],"picked":"Demon Form","floor":10},{"not_picked":["Wild Strike"],"picked":"Flame Barrier","floor":14},{"not_picked":["ReplayTheSpireMod:Stacked"],"picked":"Clothesline","floor":18},{"not_picked":["ReplayTheSpireMod:Strike From Hell"],"picked":"Headbutt","floor":19},{"not_picked":["Flex+1","Massacre"],"picked":"SKIP","floor":21},{"not_picked":["Whirlwind"],"picked":"Sword Boomerang","floor":22},{"not_picked":["Flex"],"picked":"Power Through","floor":24},{"not_picked":["Wild Strike"],"picked":"Rage","floor":28},{"not_picked":["True Grit"],"picked":"Battle Trance","floor":30},{"not_picked":["jedi:fear"],"picked":"ReplayTheSpireMod:Stacked+1","floor":31},{"not_picked":["Double Tap"],"picked":"Limit Break","floor":33},{"not_picked":["Sword Boomerang+1"],"picked":"Perfected Strike+1","floor":35},{"not_picked":["Massacre+1"],"picked":"Twin Strike+1","floor":37},{"not_picked":["Anger+1"],"picked":"Perfected Strike","floor":39},{"not_picked":["Limit Break","Anger+1"],"picked":"SKIP","floor":40},{"not_picked":["Carnage+1"],"picked":"Replay:Undeath\u0027s Touch+1","floor":41},{"not_picked":["Evolve+1","Anger+1"],"picked":"SKIP","floor":44},{"not_picked":["Twin Strike"],"picked":"Havoc+1","floor":45},{"not_picked":["Clothesline+1"],"picked":"Sword Boomerang+1","floor":47},{"not_picked":["Anger+1"],"picked":"Replay:Undeath\u0027s Touch+1","floor":48}],"player_experience":1537960,"relics_obtained":[{"floor":9,"key":"Bag of Preparation"},{"floor":10,"key":"Vajra"},{"floor":14,"key":"ReplayFunnel"},{"floor":24,"key":"Bottled Lightning"},{"floor":26,"key":"Blue Doll"},{"floor":39,"key":"Du-Vu Doll"},{"floor":40,"key":"jedi:kaleidoscope"},{"floor":43,"key":"Bronze Scales"}],"event_choices":[{"cards_removed":["Zap"],"damage_healed":0,"gold_gain":0,"player_choice":"Card Removal","damage_taken":0,"max_hp_gain":0,"max_hp_loss":0,"event_name":"The Cleric","floor":2,"gold_loss":50},{"damage_healed":0,"gold_gain":1,"player_choice":"4","damage_taken":0,"max_hp_gain":0,"max_hp_loss":0,"event_name":"betterStone:BetterStone","floor":13,"gold_loss":0,"cards_obtained":["DevaForm"]},{"damage_healed":0,"gold_gain":0,"player_choice":"Simplicity","damage_taken":0,"max_hp_gain":0,"max_hp_loss":5,"event_name":"betterThird:BetterWriting","floor":27,"gold_loss":0},{"damage_healed":0,"gold_gain":0,"player_choice":"Embrace Madness","damage_taken":10,"max_hp_gain":0,"max_hp_loss":0,"event_name":"Winding Halls","floor":38,"gold_loss":0,"cards_obtained":["Madness","Madness"]},{"damage_healed":0,"gold_gain":0,"player_choice":"Fight","damage_taken":0,"max_hp_gain":0,"max_hp_loss":0,"event_name":"MindBloom","floor":39,"gold_loss":0}],"is_beta":false,"boss_relics":[{"not_picked":["energizedSpire:DeadBattery","theForsaken:PaleLantern"],"picked":"energizedSpire:EnergizedDie"},{"not_picked":["Painkiller Herb","energizedSpire:HugeHouse"],"picked":"energizedSpire:RedRose"}],"items_purged_floors":[],"is_endless":false,"potions_floor_spawned":[1,18,21,28,33,37,39],"ascension_level":0}}