{"host":"8iaoobhpyvel1t4g","time":1611194699,"event":{"mods":["Always Whale","BaseMod","Colored Map","Downfall","Energized Spire","Highlight Path","Minty Spire (QoL Compilation)","StSLib"],"gold_per_floor":[109,109,119,119,119,119,149,161,196,223,260,272,48,62,62,163,163,178,198,123,139,139,139,165,165,165,183,213,213,223,223,223,320,270,280,280,67,84,103,103,103],"floor_reached":40,"language":"ENG","playtime":1989,"items_purged":["Strike_G"],"score":689,"play_id":"5bd5eab6-3be6-42c2-8068-16d3967b64fc","local_time":"20210120210459","is_ascension_mode":true,"campfire_choices":[{"data":"Crippling Poison","floor":6,"key":"SMITH"},{"data":"Neutralize","floor":8,"key":"SMITH"},{"data":"Blur","floor":12,"key":"SMITH"},{"data":"Blade Dance","floor":15,"key":"SMITH"},{"data":"Leg Sweep","floor":23,"key":"SMITH"},{"floor":25,"key":"REST"},{"floor":32,"key":"REST"}],"circlet_count":0,"master_deck":["AscendersBane","Strike_G+1","Strike_G+1","Strike_G+1","Defend_G+1","Defend_G+1","Defend_G+1","Defend_G+1","Defend_G+1","Survivor","Neutralize+1","All Out Attack","Crippling Poison+1","Backstab","Blur+1","Dagger Throw","Blade Dance+1","Noxious Fumes","Leg Sweep+1","Poisoned Stab","Storm of Steel","Dodge and Roll","PiercingWail","Escape Plan+1","Blur","Backstab","Tactician+1","Glass Knife","Strike_G","Cloak And Dagger","PiercingWail+1","Accuracy","Blade Dance+1","Glass Knife"],"relics":["Ring of the Snake","NeowsBlessing","Orichalcum","MawBank","Omamori","Shuriken","Potion Belt","Ninja Scroll","energizedSpire:CursedPentagram","Bronze Scales","energizedSpire:HugeHouse","DollysMirror"],"acts_visited":["Exordium","TheCity","TheBeyond"],"potions_floor_usage":[11,11,16,33,39],"damage_taken":[{"damage":0,"enemies":"Jaw Worm","floor":1,"turns":1},{"damage":0,"enemies":"Cultist","floor":3,"turns":1},{"damage":0,"enemies":"Gremlin Nob","floor":7,"turns":1},{"damage":0,"enemies":"Small Slimes","floor":10,"turns":3},{"damage":2,"enemies":"Lagavulin","floor":11,"turns":9},{"damage":2,"enemies":"3 Louse","floor":14,"turns":2},{"damage":2,"enemies":"The Guardian","floor":16,"turns":9},{"damage":16,"enemies":"Spheric Guardian","floor":18,"turns":4},{"damage":0,"enemies":"3 Byrds","floor":19,"turns":5},{"damage":11,"enemies":"Snecko","floor":21,"turns":6},{"damage":26,"enemies":"Gremlin Leader","floor":24,"turns":9},{"damage":12,"enemies":"Centurion and Healer","floor":27,"turns":8},{"damage":7,"enemies":"Book of Stabbing","floor":28,"turns":6},{"damage":0,"enemies":"Cultist and Chosen","floor":30,"turns":4},{"damage":26,"enemies":"Automaton","floor":33,"turns":11},{"damage":0,"enemies":"Orb Walker","floor":35,"turns":1},{"damage":14,"enemies":"3 Darklings","floor":38,"turns":5},{"damage":24,"enemies":"Sphere and 2 Shapes","floor":39,"turns":4},{"damage":21,"enemies":"Giant Head","floor":40,"turns":6}],"seed_played":"5925045275868657497","potions_obtained":[{"floor":1,"key":"GamblersBrew"},{"floor":3,"key":"EssenceOfSteel"},{"floor":10,"key":"EssenceOfSteel"},{"floor":14,"key":"Swift Potion"},{"floor":19,"key":"EssenceOfSteel"},{"floor":27,"key":"SteroidPotion"},{"floor":33,"key":"champ:CounterPotion"},{"floor":35,"key":"Swift Potion"}],"is_trial":false,"path_per_floor":["M","?","M","?","?","R","E","R","T","M","E","R","$","M","R","B",null,"M","M","$","M","?","R","E","R","T","M","E","?","M","?","R","B",null,"M","?","$","M","M","E"],"character_chosen":"THE_SILENT","items_purchased":["Blade Dance","Riddle With Holes","Noxious Fumes","Leg Sweep","Accuracy","DollysMirror"],"campfire_rested":2,"item_purchase_floors":[13,13,13,13,37,37],"current_hp_per_floor":[63,63,63,49,49,49,49,49,49,49,47,47,47,45,45,43,63,47,47,47,36,36,36,10,31,31,19,12,12,12,12,33,7,51,51,51,51,37,13,0,0],"gold":103,"neow_bonus":"THREE_ENEMY_KILL","is_daily":false,"chose_seed":false,"campfire_upgraded":5,"win_rate":0.0,"timestamp":1611194699,"path_taken":["M","?","?","?","?","R","E","R","T","?","E","R","$","M","R","BOSS","M","M","?","M","?","R","E","R","T","M","E","?","M","?","R","BOSS","M","?","$","M","M","E"],"items_purchased_type":["Card","Card","Card","Card","Card","Relic"],"build_version":"2020-12-22","purchased_purges":1,"victory":false,"max_hp_per_floor":[70,70,70,70,70,70,70,70,70,70,70,70,70,70,70,70,70,70,70,70,70,70,70,70,70,70,70,70,70,70,70,70,70,65,65,65,65,65,65,65,65],"card_choices":[{"not_picked":["Choke","Endless Agony"],"picked":"All Out Attack","floor":1},{"not_picked":["Underhanded Strike","Blur"],"picked":"Crippling Poison","floor":3},{"not_picked":["Accuracy","Choke"],"picked":"Backstab","floor":7},{"not_picked":["Predator","Dagger Spray"],"picked":"Blur","floor":10},{"not_picked":["Concentrate","Flying Knee"],"picked":"Dagger Throw","floor":11},{"not_picked":["Heel Hook","Underhanded Strike"],"picked":"Poisoned Stab","floor":14},{"not_picked":["Die Die Die","Malaise"],"picked":"Storm of Steel","floor":16},{"not_picked":["Dagger Spray","Flying Knee+1"],"picked":"Dodge and Roll","floor":18},{"not_picked":["Burst","Blade Dance"],"picked":"PiercingWail","floor":19},{"not_picked":["Riddle With Holes+1","Dodge and Roll"],"picked":"Escape Plan+1","floor":21},{"not_picked":["Cloak And Dagger+1","Bane"],"picked":"Blur","floor":24},{"not_picked":["Slice","Quick Slash"],"picked":"PiercingWail+1","floor":27},{"not_picked":["Expertise","Venomology"],"picked":"Backstab","floor":28},{"not_picked":["Outmaneuver","Prepared"],"picked":"Tactician+1","floor":30},{"not_picked":["Bullet Time","A Thousand Cuts"],"picked":"Glass Knife","floor":33},{"not_picked":["Deadly Poison+1","Outmaneuver+1"],"picked":"PiercingWail+1","floor":35},{"not_picked":["Acrobatics+1","Poisoned Stab+1","Bane+1"],"picked":"SKIP","floor":38},{"not_picked":["All Out Attack","Quick Slash+1"],"picked":"Glass Knife","floor":39}],"player_experience":369321,"relics_obtained":[{"floor":7,"key":"MawBank"},{"floor":9,"key":"Omamori"},{"floor":11,"key":"Shuriken"},{"floor":24,"key":"Potion Belt"},{"floor":26,"key":"Ninja Scroll"},{"floor":28,"key":"Bronze Scales"}],"event_choices":[{"cards_removed":["Strike_G"],"damage_healed":0,"gold_gain":0,"player_choice":"Offered Basic","damage_taken":0,"max_hp_gain":0,"max_hp_loss":0,"event_name":"Bonfire Elementals","floor":2,"gold_loss":0},{"damage_healed":0,"gold_gain":0,"player_choice":"Entered Light","damage_taken":14,"max_hp_gain":0,"max_hp_loss":0,"event_name":"Shining Light","floor":4,"gold_loss":0,"cards_upgraded":["Defend_G","Defend_G"]},{"damage_healed":0,"gold_gain":0,"player_choice":"Gave Potion","damage_taken":0,"relics_obtained":["Orichalcum"],"max_hp_gain":0,"max_hp_loss":0,"event_name":"WeMeetAgain","floor":5,"gold_loss":0},{"damage_healed":0,"gold_gain":0,"player_choice":"Simplicity","damage_taken":0,"max_hp_gain":0,"max_hp_loss":0,"event_name":"Back to Basics","floor":22,"gold_loss":0,"cards_upgraded":["Strike_G","Strike_G","Strike_G","Defend_G","Defend_G","Defend_G"]},{"cards_removed":["Riddle With Holes"],"damage_healed":0,"gold_gain":0,"player_choice":"Removed Attack","damage_taken":0,"max_hp_gain":0,"max_hp_loss":0,"event_name":"Falling","floor":36,"gold_loss":0}],"is_beta":false,"boss_relics":[{"not_picked":["energizedSpire:NeverEndingSparkler","Fusion Hammer"],"picked":"energizedSpire:SpiderWeb"},{"not_picked":["energizedSpire:EnergizedDie","Runic Dome"],"picked":"energizedSpire:HugeHouse"}],"items_purged_floors":[20],"is_endless":false,"potions_floor_spawned":[1,3,10,14,19,27,33,35],"killed_by":"Giant Head","ascension_level":10}}