{"host":"zrg8yzdwi219jxzu","time":1611272014,"event":{"mods":["BaseMod","Minty Spire (QoL Compilation)","The IronCluck","slay the spire mod where everything is the same but ironclad has a cowboy hat"],"gold_per_floor":[112,72,89,102,117,117,147,147,171,191,191,191],"floor_reached":11,"language":"ENG","playtime":262,"items_purged":[],"score":90,"play_id":"41e3590e-18ea-4279-b20a-9c95bb91c5de","local_time":"20210121183334","is_ascension_mode":true,"campfire_choices":[{"floor":6,"key":"DIG"},{"floor":8,"key":"DIG"}],"circlet_count":0,"master_deck":["Strike_R","Strike_R","Strike_R","Strike_R","Strike_R","Defend_R","Defend_R","Defend_R","Defend_R","Bash","Perfected Strike","Havoc","Carnage","Carnage"],"relics":["Burning Blood","Shovel","Vajra","MealTicket","Magic Flower","Art of War"],"acts_visited":["Exordium"],"potions_floor_usage":[4,4,7,7],"damage_taken":[{"damage":6,"enemies":"Cultist","floor":1,"turns":3},{"damage":8,"enemies":"2 Louse","floor":3,"turns":2},{"damage":0,"enemies":"Small Slimes","floor":4,"turns":1},{"damage":16,"enemies":"Blue Slaver","floor":5,"turns":3},{"damage":27,"enemies":"Lagavulin","floor":7,"turns":5},{"damage":13,"enemies":"3 Louse","floor":10,"turns":3},{"damage":30,"enemies":"3 Sentries","floor":11,"turns":4}],"seed_played":"422369969141732612","potions_obtained":[{"floor":2,"key":"BlessingOfTheForge"},{"floor":2,"key":"PowerPotion"},{"floor":2,"key":"Energy Potion"},{"floor":4,"key":"ColorlessPotion"}],"is_trial":false,"path_per_floor":["M","?","M","M","M","R","E","R","T","M","E"],"character_chosen":"IRONCLAD","items_purchased":[],"campfire_rested":0,"item_purchase_floors":[],"current_hp_per_floor":[56,56,54,60,50,50,29,29,29,25,0,0],"gold":191,"neow_bonus":"ONE_RARE_RELIC","is_daily":false,"chose_seed":false,"campfire_upgraded":0,"win_rate":0.0,"timestamp":1611272014,"path_taken":["M","?","M","M","M","R","E","R","T","?","E"],"items_purchased_type":[],"build_version":"2020-12-22","purchased_purges":0,"victory":false,"max_hp_per_floor":[80,80,80,80,80,80,80,80,80,80,80,80],"card_choices":[{"not_picked":["Shrug It Off","Sentinel"],"picked":"Perfected Strike","floor":1},{"not_picked":["Headbutt","Sever Soul","Flex"],"picked":"SKIP","floor":3},{"not_picked":["True Grit","Pommel Strike","Power Through"],"picked":"SKIP","floor":4},{"not_picked":["Iron Wave","Sever Soul"],"picked":"Havoc","floor":5},{"not_picked":["Headbutt","Body Slam"],"picked":"Carnage","floor":7},{"not_picked":["Blood for Blood","Clothesline"],"picked":"Carnage","floor":10}],"player_experience":117401,"relics_obtained":[{"floor":6,"key":"Vajra"},{"floor":7,"key":"MealTicket"},{"floor":8,"key":"Magic Flower"},{"floor":9,"key":"Art of War"}],"event_choices":[{"damage_healed":0,"gold_gain":0,"player_choice":"Bought 3 Potions","damage_taken":0,"max_hp_gain":0,"max_hp_loss":0,"event_name":"The Woman in Blue","floor":2,"gold_loss":0}],"is_beta":false,"boss_relics":[],"items_purged_floors":[],"is_endless":false,"potions_floor_spawned":[3,4],"killed_by":"3 Sentries","ascension_level":4}}