{"host":"ugz4vp1q9h8kwbfq","time":1611266074,"event":{"mods":["2.2 Compatiblity","Act Like it!","BaseMod","Block Reminder","Colored Map","Colored Powertips","Downfall","Energized Spire","GifTheSpireLib","Jedi Mod","Minty Spire (QoL Compilation)","Potion Indicator Mod","SacredBarkPlus","Shop Mod","Spikes Relics","StSLib","Stuff the Spire","Trackpad"],"gold_per_floor":[99,119,119,133,8,27,50,84,184,212,231,250,150,169,186,186,186,186],"floor_reached":16,"language":"ENG","playtime":936,"items_purged":["downfall:Malfunctioning"],"score":114,"play_id":"0dcfa485-dfb8-472c-8ed0-b8b59465b13e","local_time":"20210121155434","is_ascension_mode":false,"campfire_choices":[{"data":"bronze:Replicate","floor":1,"key":"SMITH"},{"floor":13,"key":"REST"}],"circlet_count":0,"master_deck":["bronze:Strike","bronze:Strike+1","bronze:Strike+1","bronze:Defend","bronze:Defend","bronze:Defend","bronze:Defend","bronze:Replicate+1","bronze:Goto+1","bronze:Separator","bronze:Terminator","bronze:Constructor","bronze:Optimize","bronze:BronzeOrb","bronze:Repair","bronze:ForceShield","bronze:Philosophize","bronze:FineTuning","bronze:BugBarrage","bronze:BitShift"],"relics":["bronze:BronzeCore","Nunchaku","Lantern","trackpad:BottledTsunami","downfall:HeartBlessingGreen"],"acts_visited":["Exordium"],"potions_floor_usage":[5,8,16],"damage_taken":[{"damage":5,"enemies":"2 Louse","floor":2,"turns":3},{"damage":0,"enemies":"Cultist","floor":4,"turns":2},{"damage":10,"enemies":"downfall:FleeingMerchant","floor":5,"turns":4},{"damage":3,"enemies":"Jaw Worm","floor":6,"turns":4},{"damage":8,"enemies":"Lagavulin","floor":8,"turns":5},{"damage":27,"enemies":"Gremlin Nob","floor":10,"turns":4},{"damage":0,"enemies":"2 Fungi Beasts","floor":11,"turns":4},{"damage":21,"enemies":"Gremlin Gang","floor":12,"turns":7},{"damage":2,"enemies":"Blue Slaver","floor":14,"turns":3},{"damage":0,"enemies":"2 Fungi Beasts","floor":15,"turns":4},{"damage":63,"enemies":"IC_STATUS_ARCHETYPE","floor":16,"turns":8}],"seed_played":"2875545378417467471","potions_obtained":[{"floor":4,"key":"ColorlessPotion"},{"floor":6,"key":"PowerPotion"},{"floor":8,"key":"jedi:mysterypotion"},{"floor":10,"key":"bronze:CleanCodePotion"},{"floor":14,"key":"ColorlessPotion"}],"is_trial":false,"path_per_floor":["R","M","?","M","$","M","T","E","?","E","M","M","R","M","M","B"],"character_chosen":"THE_AUTOMATON","items_purchased":["bronze:Optimize"],"campfire_rested":1,"item_purchase_floors":[5],"current_hp_per_floor":[70,65,65,65,55,52,52,44,44,17,27,13,34,39,46,0,0,0],"gold":186,"neow_bonus":"REMOVE_CARD","is_daily":false,"chose_seed":false,"campfire_upgraded":1,"win_rate":0.0,"timestamp":1611266074,"path_taken":["R","M","?","M","$","M","T","E","?","E","M","M","R","?","M","BOSS"],"items_purchased_type":["Card"],"build_version":"2020-12-22","purchased_purges":1,"victory":false,"max_hp_per_floor":[70,70,70,70,70,70,70,70,70,70,70,70,70,70,70,70,70,70],"card_choices":[{"not_picked":["bronze:WildBeam","bronze:Overheat"],"picked":"bronze:Separator","floor":2},{"not_picked":["bronze:Frontload","bronze:NullPointer"],"picked":"bronze:Terminator","floor":4},{"not_picked":["bronze:DelayedSlice","bronze:OilSpill"],"picked":"bronze:Constructor","floor":5},{"not_picked":["bronze:Shield","bronze:Safeguard"],"picked":"bronze:BronzeOrb","floor":6},{"not_picked":["bronze:Optimize","bronze:Overheat"],"picked":"bronze:Repair","floor":8},{"not_picked":["bronze:BugBarrage","bronze:Philosophize"],"picked":"bronze:ForceShield","floor":10},{"not_picked":["bronze:WhirlingStrike","bronze:WildBeam"],"picked":"bronze:Philosophize","floor":11},{"not_picked":["bronze:Overheat","bronze:ItsAFeature"],"picked":"bronze:FineTuning","floor":12},{"not_picked":["bronze:Deprecate","bronze:Safeguard"],"picked":"bronze:BugBarrage","floor":14},{"not_picked":["bronze:CutThrough","bronze:ItsAFeature"],"picked":"bronze:BitShift","floor":15}],"player_experience":556188,"relics_obtained":[{"floor":7,"key":"Nunchaku"},{"floor":8,"key":"Lantern"},{"floor":10,"key":"trackpad:BottledTsunami"}],"event_choices":[],"is_beta":false,"boss_relics":[],"items_purged_floors":[5],"is_endless":false,"potions_floor_spawned":[4,6,8,10,14],"killed_by":"IC_STATUS_ARCHETYPE","ascension_level":0}}