{"host":"ifd7sfhtlbe34qll","time":1611204786,"event":{"mods":["2.2 Compatiblity","BaseMod","Block Reminder","Colored Map","Curses Come First","Highlight Path","Minty Spire (QoL Compilation)","Potion Indicator Mod","Quick Restart","Relic Stats","StSLib"],"gold_per_floor":[113,132,132,151,164,197,197,228,228,240,240,251,268,288,288,288,288],"floor_reached":16,"language":"ENG","playtime":546,"items_purged":[],"score":232,"play_id":"92776749-8869-49f1-98c2-f7b85871271d","local_time":"20210120225306","is_ascension_mode":true,"campfire_choices":[{"data":"Dagger Spray","floor":7,"key":"SMITH"},{"floor":11,"key":"REST"},{"floor":15,"key":"REST"}],"circlet_count":0,"master_deck":["AscendersBane","Strike_G","Strike_G","Strike_G","Strike_G","Defend_G","Defend_G","Defend_G","Defend_G","Defend_G","Survivor","Neutralize","Quick Slash","Dagger Spray+1","Poisoned Stab","Phantasmal Killer","Dash","Dagger Throw","Dagger Spray","Backflip","Dash"],"relics":["Velvet Choker","Snake Skull","Kunai","Matryoshka"],"acts_visited":["Exordium"],"potions_floor_usage":[6,6,14,16],"damage_taken":[{"damage":2.0,"enemies":"Jaw Worm","floor":1.0,"turns":4.0},{"damage":0.0,"enemies":"Cultist","floor":2.0,"turns":3.0},{"damage":4.0,"enemies":"Small Slimes","floor":4.0,"turns":3.0},{"damage":0.0,"enemies":"Looter","floor":5.0,"turns":3.0},{"damage":21,"enemies":"Lagavulin","floor":6,"turns":8},{"damage":20,"enemies":"3 Sentries","floor":8,"turns":6},{"damage":10,"enemies":"Exordium Thugs","floor":10,"turns":3},{"damage":0,"enemies":"Large Slime","floor":12,"turns":4},{"damage":0,"enemies":"Looter","floor":13,"turns":2},{"damage":8,"enemies":"Exordium Thugs","floor":14,"turns":2},{"damage":42,"enemies":"Slime Boss","floor":16,"turns":8}],"seed_played":"-2377986360958878009","potions_obtained":[{"floor":2.0,"key":"Block Potion"},{"floor":5.0,"key":"EssenceOfSteel"},{"floor":8,"key":"Swift Potion"},{"floor":10,"key":"Weak Potion"},{"floor":12,"key":"PowerPotion"}],"is_trial":false,"path_per_floor":["M","M","?","M","M","E","R","E","T","M","R","M","M","M","R","B"],"character_chosen":"THE_SILENT","items_purchased":[],"campfire_rested":2,"item_purchase_floors":[],"current_hp_per_floor":[57,57,57,53,53,32,32,12,12,2,21,21,21,13,32,0,0],"gold":288,"neow_bonus":"BOSS_RELIC","is_daily":false,"chose_seed":false,"campfire_upgraded":1,"win_rate":0.0,"timestamp":1611204786,"path_taken":["M","M","?","M","M","E","R","E","T","M","R","M","?","M","R","BOSS"],"items_purchased_type":[],"build_version":"2020-12-22","purchased_purges":0,"victory":false,"max_hp_per_floor":[66,66,66,66,66,66,66,66,66,66,66,66,66,66,66,66,66],"relic_stats":{"counters":[11,46],"Snake Skull":[7],"Kunai":[11],"obtain_stats":[{"Matryoshka":9,"Velvet Choker":0,"Snake Skull":6,"Kunai":8,"Ring of the Snake":0},{"Matryoshka":6,"Velvet Choker":0,"Snake Skull":5,"Kunai":6,"Ring of the Snake":0},{"Matryoshka":27,"Velvet Choker":0,"Snake Skull":21,"Kunai":27,"Ring of the Snake":0}]},"card_choices":[{"not_picked":["Outmaneuver","Dodge and Roll"],"picked":"Quick Slash","floor":1.0},{"not_picked":["Setup","Sucker Punch"],"picked":"Dagger Spray","floor":2.0},{"not_picked":["Flechettes","Quick Slash"],"picked":"Poisoned Stab","floor":4.0},{"not_picked":["Outmaneuver","Backstab"],"picked":"Phantasmal Killer","floor":5.0},{"not_picked":["Concentrate","Footwork"],"picked":"Dash","floor":6},{"not_picked":["Deflect","Outmaneuver"],"picked":"Dagger Throw","floor":8},{"not_picked":["Finisher","Dagger Throw"],"picked":"Dagger Spray","floor":10},{"not_picked":["Calculated Gamble","Distraction"],"picked":"Backflip","floor":12},{"not_picked":["Storm of Steel","Caltrops"],"picked":"Dash","floor":13},{"not_picked":["Flechettes","Heel Hook","Outmaneuver"],"picked":"SKIP","floor":14}],"player_experience":1446667,"relics_obtained":[{"floor":6,"key":"Snake Skull"},{"floor":8,"key":"Kunai"},{"floor":9,"key":"Matryoshka"}],"event_choices":[{"cards_removed":["Strike_G"],"damage_healed":0.0,"max_hp_gain":0.0,"max_hp_loss":0.0,"gold_gain":0.0,"event_name":"Purifier","player_choice":"Purged","floor":3.0,"gold_loss":0.0,"damage_taken":0.0}],"is_beta":false,"boss_relics":[],"items_purged_floors":[],"is_endless":false,"potions_floor_spawned":[2,5,8,10,12],"killed_by":"Slime Boss","ascension_level":20}}