{"host":"l84l8xigz5v5foa2","time":1611251622,"event":{"mods":["2.2 Compatiblity","AchievementEnabler","BaseMod","Better Note","Better Vampires","Card Filter","Colored Map","DeckTracker","Gremlin Skip","Hermit","Highlight Path","Keyboard Shortcuts","Minty Spire (QoL Compilation)","Permanent Neow","Quick Restart","Relic Filter","Relic Stats","Shop Mod","StSLib","SuperFastMode","Transform Curses","Unknown Chances"],"gold_per_floor":[109,109,109,184,204,204,204,204,228,246,286,313,313,189,189,285,285,308,233,233,207,133,133,182,214,241,241,274,274,87,99,99,217,217,248,153,153,231,251,251,333,333,415,462,510,154,188,188,188,209],"floor_reached":51,"language":"KOR","playtime":2705,"items_purged":["hermit:Defend_Hermit","hermit:Defend_Hermit","hermit:Strike_Hermit","hermit:Strike_Hermit","Parasite"],"score":880,"play_id":"998251a7-78b4-4d6e-95da-caa47e37b79d","local_time":"20210122025342","is_ascension_mode":true,"campfire_choices":[{"data":"hermit:Snapshot","floor":6.0,"key":"SMITH"},{"data":"hermit:Scavenge","floor":8.0,"key":"SMITH"},{"floor":13.0,"key":"REST"},{"data":"hermit:Headshot","floor":15.0,"key":"SMITH"},{"data":"hermit:Adapt","floor":23.0,"key":"SMITH"},{"data":"hermit:WideOpen","floor":27.0,"key":"SMITH"},{"data":"hermit:BigShot","floor":29.0,"key":"SMITH"},{"data":"hermit:Roughhouse","floor":32.0,"key":"SMITH"},{"data":"hermit:BigShot","floor":40.0,"key":"SMITH"},{"data":"hermit:Covet","floor":42.0,"key":"SMITH"},{"floor":49.0,"key":"REST"}],"circlet_count":0,"master_deck":["hermit:Snapshot+1","hermit:Covet+1","hermit:Scavenge+1","hermit:LoneWolf+1","hermit:Headshot+1","hermit:Feint+1","hermit:Dive+1","hermit:Glare+1","hermit:Adapt+1","hermit:Manifest+1","hermit:Scavenge+1","hermit:WideOpen+1","hermit:Dive+1","hermit:BigShot+1","hermit:Spite","hermit:Roughhouse+1","hermit:DeadOrAlive","hermit:BigShot+1","hermit:ItchyTrigger","Flash of Steel","Deep Breath+1","The Bomb+1","hermit:TakeAim","hermit:Dive+1","Mayhem","hermit:Dive+1","hermit:Scavenge+1","hermit:Headshot","hermit:Deadeye"],"relics":["Empty Cage","Pear","Matryoshka","Smiling Mask","Shuriken","Toxic Egg 2","Lantern","Omamori","Philosopher\u0027s Stone","Toy Ornithopter","Regal Pillow","hermit:RyeStalk","Cursed Key","Gremlin Horn","hermit:Spyglass","The Courier","Happy Flower"],"acts_visited":["TheCity","TheBeyond"],"potions_floor_usage":[50],"damage_taken":[{"damage":2.0,"enemies":"Small Slimes","floor":1.0,"turns":3.0},{"damage":6.0,"enemies":"Jaw Worm","floor":5.0,"turns":4.0},{"damage":0.0,"enemies":"2 Louse","floor":10.0,"turns":3.0},{"damage":26.0,"enemies":"Lagavulin","floor":11.0,"turns":9.0},{"damage":8.0,"enemies":"Blue Slaver","floor":12.0,"turns":3.0},{"damage":15.0,"enemies":"Slime Boss","floor":16.0,"turns":12.0},{"damage":7.0,"enemies":"Spheric Guardian","floor":18.0,"turns":4.0},{"damage":2.0,"enemies":"2 Thieves","floor":21.0,"turns":5.0},{"damage":3.0,"enemies":"Book of Stabbing","floor":24.0,"turns":7.0},{"damage":6.0,"enemies":"Centurion and Healer","floor":25.0,"turns":8.0},{"damage":0.0,"enemies":"Shelled Parasite and Fungi","floor":28.0,"turns":7.0},{"damage":0.0,"enemies":"3 Cultists","floor":31.0,"turns":6.0},{"damage":42.0,"enemies":"Collector","floor":33.0,"turns":11.0},{"damage":0.0,"enemies":"3 Darklings","floor":35.0,"turns":7.0},{"damage":0.0,"enemies":"Orb Walker","floor":39.0,"turns":2.0},{"damage":10.0,"enemies":"Nemesis","floor":41.0,"turns":5.0},{"damage":24.0,"enemies":"Giant Head","floor":44.0,"turns":7.0},{"damage":13.0,"enemies":"Writhing Mass","floor":45.0,"turns":5.0},{"damage":26.0,"enemies":"Transient","floor":47.0,"turns":5.0},{"damage":47,"enemies":"Awakened One","floor":50,"turns":15}],"seed_played":"4981561293054354533","potions_obtained":[{"floor":10.0,"key":"PowerPotion"},{"floor":12.0,"key":"Explosive Potion"},{"floor":16.0,"key":"Weak Potion"},{"floor":18.0,"key":"hermit:Eclipse"},{"floor":21.0,"key":"GamblersBrew"},{"floor":25.0,"key":"hermit:BlackBile"},{"floor":31.0,"key":"SpeedPotion"},{"floor":35.0,"key":"Swift Potion"},{"floor":44.0,"key":"SpeedPotion"}],"is_trial":false,"path_per_floor":["M","?","?","T","M","R","T","R","T","M","E","M","R","$","R","B",null,"M","?","T","M","$","R","E","M","T","R","M","R","$","M","R","B",null,"M","$","?","T","M","R","E","R","T","E","M","$","M","?","R","B",null],"character_chosen":"HERMIT","items_purchased":["hermit:Dive+1","hermit:Glare+1","hermit:WideOpen","hermit:Roughhouse","hermit:ItchyTrigger","Mayhem","hermit:Dive+1","hermit:Scavenge+1","Strength Potion","hermit:Headshot"],"campfire_rested":2,"item_purchase_floors":[14,14,22,30,36,46,46,46,46,46],"current_hp_per_floor":[73,65,58,58,52,52,52,52,52,52,26,18,43,43,43,28,85,78,78,78,76,76,76,83,77,77,77,77,77,77,77,77,45,85,85,85,75,75,75,75,70,70,70,51,38,38,17,17,56,14],"gold":209,"neow_bonus":"BOSS_RELIC","is_daily":false,"chose_seed":false,"campfire_upgraded":9,"win_rate":0.0,"timestamp":1611251622,"path_taken":["M","?","?","?","M","R","?","R","T","M","E","?","R","$","R","BOSS","M","?","?","M","$","R","E","?","T","R","M","R","$","M","R","BOSS","M","$","?","?","M","R","E","R","T","E","M","$","M","?","R","BOSS"],"items_purchased_type":["Card","Card","Card","Card","Card","Card","Card","Card","Potion","Card"],"build_version":"2020-12-22","purchased_purges":5,"victory":true,"max_hp_per_floor":[75,85,85,85,85,85,85,85,85,85,85,85,85,85,85,85,85,85,85,85,85,85,85,85,85,85,85,85,85,85,85,85,85,85,85,85,85,85,85,85,85,85,85,85,85,82,82,82,82,82],"relic_stats":{"Regal Pillow":15,"Gremlin Horn":[3,3],"Happy Flower":[8],"counters":[20,128],"Shuriken":[16],"Smiling Mask":340,"Cursed Key":2,"obtain_stats":[{"Lantern":9,"Regal Pillow":24,"Pear":2,"Gremlin Horn":38,"Happy Flower":44,"The Courier":43,"Omamori":11,"Empty Cage":0,"Smiling Mask":7,"Cursed Key":34,"hermit:RyeStalk":26,"Matryoshka":4,"Shuriken":7,"Philosopher\u0027s Stone":17,"Toxic Egg 2":9,"hermit:Momento":0,"Toy Ornithopter":20,"hermit:Spyglass":41},{"Lantern":2,"Regal Pillow":9,"Pear":1,"Gremlin Horn":14,"Happy Flower":17,"The Courier":16,"Omamori":4,"Empty Cage":0,"Smiling Mask":2,"Cursed Key":13,"hermit:RyeStalk":10,"Matryoshka":1,"Shuriken":2,"Philosopher\u0027s Stone":6,"Toxic Egg 2":2,"hermit:Momento":0,"Toy Ornithopter":7,"hermit:Spyglass":16},{"Lantern":7,"Regal Pillow":50,"Pear":3,"Gremlin Horn":89,"Happy Flower":103,"The Courier":96,"Omamori":19,"Empty Cage":0,"Smiling Mask":7,"Cursed Key":82,"hermit:RyeStalk":58,"Matryoshka":3,"Shuriken":7,"Philosopher\u0027s Stone":34,"Toxic Egg 2":7,"hermit:Momento":0,"Toy Ornithopter":38,"hermit:Spyglass":96}],"Toy Ornithopter":40},"card_choices":[{"not_picked":["hermit:Desperado","hermit:Malice","hermit:Headshot"],"picked":"SKIP","floor":1.0},{"not_picked":["hermit:Brawl","hermit:Ricochet"],"picked":"hermit:Scavenge","floor":5.0},{"not_picked":["hermit:LowProfile+1","hermit:LuckOfTheDraw+1"],"picked":"hermit:LoneWolf+1","floor":10.0},{"not_picked":["hermit:Determination","hermit:BigShot"],"picked":"hermit:Headshot","floor":11.0},{"not_picked":["hermit:EyeOfTheStorm+1","hermit:ItchyTrigger"],"picked":"hermit:Feint+1","floor":12.0},{"not_picked":["hermit:Reprieve+1","hermit:FinalCanter"],"picked":"hermit:Adapt","floor":16.0},{"not_picked":["hermit:Brawl","hermit:FlashPowder+1"],"picked":"hermit:Manifest+1","floor":18.0},{"not_picked":["hermit:Quickdraw","hermit:Headshot"],"picked":"hermit:Scavenge+1","floor":21.0},{"not_picked":["hermit:TrackingShot","hermit:Manifest+1"],"picked":"hermit:Dive+1","floor":24.0},{"not_picked":["hermit:SprayPray","hermit:Headshot"],"picked":"hermit:BigShot","floor":25.0},{"not_picked":["hermit:Malice","hermit:ItchyTrigger"],"picked":"hermit:Spite","floor":28.0},{"not_picked":["hermit:Ricochet","hermit:Misfire","hermit:Snipe+1"],"picked":"SKIP","floor":31.0},{"not_picked":["hermit:Purgatory","hermit:OverwhelmingPower"],"picked":"hermit:DeadOrAlive","floor":33.0},{"not_picked":["hermit:LowProfile+1","hermit:Headshot"],"picked":"hermit:BigShot","floor":35.0},{"not_picked":["Bandage Up+1","Good Instincts+1"],"picked":"Flash of Steel","floor":37.0},{"not_picked":["Violence+1","Mind Blast"],"picked":"Deep Breath+1","floor":37.0},{"not_picked":["PanicButton+1","Discovery+1"],"picked":"The Bomb+1","floor":37.0},{"not_picked":["hermit:Combo+1","hermit:HoleUp+1","hermit:Quickdraw+1"],"picked":"SKIP","floor":39.0},{"not_picked":["hermit:ItchyTrigger+1","hermit:Manifest+1","hermit:FromBeyond+1"],"picked":"SKIP","floor":41.0},{"not_picked":["hermit:Enervate","hermit:Desperado"],"picked":"hermit:TakeAim","floor":44.0},{"not_picked":["hermit:Horror+1","hermit:Coalescence+1"],"picked":"hermit:Dive+1","floor":45.0},{"not_picked":["hermit:Glare+1","hermit:Snipe+1"],"picked":"hermit:Deadeye","floor":47.0}],"player_experience":1442929,"relics_obtained":[{"floor":4.0,"key":"Matryoshka"},{"floor":7.0,"key":"Smiling Mask"},{"floor":7.0,"key":"Shuriken"},{"floor":9.0,"key":"Toxic Egg 2"},{"floor":9.0,"key":"Lantern"},{"floor":11.0,"key":"Omamori"},{"floor":20.0,"key":"Toy Ornithopter"},{"floor":24.0,"key":"Regal Pillow"},{"floor":26.0,"key":"hermit:RyeStalk"},{"floor":38.0,"key":"Gremlin Horn"},{"floor":41.0,"key":"hermit:Spyglass"},{"floor":43.0,"key":"The Courier"},{"floor":44.0,"key":"Happy Flower"}],"event_choices":[{"damage_healed":0.0,"max_hp_gain":0.0,"max_hp_loss":0.0,"gold_gain":0.0,"event_name":"Scrap Ooze","player_choice":"Success","floor":2.0,"gold_loss":0.0,"damage_taken":18.0,"relics_obtained":["Pear"]},{"cards_removed":["hermit:Strike_Hermit"],"damage_healed":0.0,"max_hp_gain":0.0,"max_hp_loss":0.0,"gold_gain":0.0,"event_name":"Golden Wing","player_choice":"Card Removal","floor":3.0,"gold_loss":0.0,"damage_taken":7.0},{"cards_removed":["hermit:Defend_Hermit"],"damage_healed":0.0,"max_hp_gain":0.0,"max_hp_loss":0.0,"gold_gain":0.0,"event_name":"Beggar","player_choice":"Gave Gold","floor":19.0,"gold_loss":75.0,"damage_taken":0.0},{"damage_healed":0.0,"max_hp_gain":0.0,"max_hp_loss":0.0,"gold_gain":0.0,"event_name":"SensoryStone","player_choice":"Memory 3","floor":37.0,"gold_loss":0.0,"damage_taken":10.0},{"damage_healed":0.0,"max_hp_gain":0.0,"max_hp_loss":0.0,"gold_gain":0.0,"event_name":"Mysterious Sphere","player_choice":"Ignored","floor":48.0,"gold_loss":0.0,"damage_taken":0.0}],"is_beta":false,"boss_relics":[{"not_picked":["Astrolabe","hermit:BartenderGlass"],"picked":"Philosopher\u0027s Stone"},{"not_picked":["Coffee Dripper","Busted Crown"],"picked":"Cursed Key"}],"items_purged_floors":[14,22,30,36,46],"is_endless":false,"potions_floor_spawned":[10,12,16,18,21,25,31,35,44],"ascension_level":4}}