{"host":"jscggscbx0p7706o","time":1611238896,"event":{"mods":["AchievementEnabler","BaseMod","Block Reminder","Colored Powertips","Filter the Spire","Minty Spire (QoL Compilation)","Permanent Neow","Quick Restart","StSLib"],"gold_per_floor":[114,39,39,54,65,65,75,105,129,149,149,169,188,201,201,305,305,305,305],"floor_reached":18,"language":"ENG","playtime":796,"items_purged":["Strike_R"],"score":156,"play_id":"8a307be9-4c03-4d0a-a673-7c00ce07778c","local_time":"20210121222136","is_ascension_mode":false,"campfire_choices":[{"data":"Bash","floor":6.0,"key":"SMITH"},{"data":"Whirlwind","floor":15.0,"key":"SMITH"}],"circlet_count":0,"master_deck":["Strike_R","Strike_R","Strike_R","Defend_R","Defend_R","Defend_R","Bash+1","Whirlwind+1","Ghostly Armor","True Grit"],"relics":["Burning Blood","Bag of Preparation","MealTicket","Ornamental Fan","SacredBark"],"acts_visited":["Exordium","TheCity"],"potions_floor_usage":[16],"damage_taken":[{"damage":2.0,"enemies":"Small Slimes","floor":1.0,"turns":4.0},{"damage":8.0,"enemies":"Cultist","floor":4.0,"turns":5.0},{"damage":6.0,"enemies":"Jaw Worm","floor":5.0,"turns":5.0},{"damage":11.0,"enemies":"Red Slaver","floor":7.0,"turns":6.0},{"damage":0.0,"enemies":"Lots of Slimes","floor":10.0,"turns":1.0},{"damage":22.0,"enemies":"Exordium Thugs","floor":12.0,"turns":6.0},{"damage":6.0,"enemies":"3 Louse","floor":13.0,"turns":3.0},{"damage":0.0,"enemies":"Large Slime","floor":14.0,"turns":4.0},{"damage":54,"enemies":"The Guardian","floor":16,"turns":11},{"damage":25,"enemies":"Shell Parasite","floor":18,"turns":9}],"seed_played":"-2458606874826779514","potions_obtained":[{"floor":5.0,"key":"ColorlessPotion"},{"floor":7.0,"key":"ColorlessPotion"},{"floor":12.0,"key":"Strength Potion"},{"floor":13.0,"key":"Swift Potion"}],"is_trial":false,"path_per_floor":["M","$","?","M","M","R","M","?","T","M","T","M","M","M","R","B",null,"M"],"character_chosen":"IRONCLAD","items_purchased":[],"campfire_rested":0,"item_purchase_floors":[],"current_hp_per_floor":[80,80,80,78,78,78,73,73,73,79,79,63,63,69,69,21,80,55,55],"gold":305,"neow_bonus":"REMOVE_CARD","is_daily":false,"chose_seed":false,"campfire_upgraded":2,"win_rate":0.0,"timestamp":1611238896,"path_taken":["M","$","?","?","M","R","M","?","T","M","?","?","M","M","R","BOSS","M"],"items_purchased_type":[],"build_version":"2020-12-22","purchased_purges":1,"victory":false,"max_hp_per_floor":[80,80,80,80,80,80,80,80,80,80,80,80,80,80,80,80,80,80,80],"card_choices":[{"not_picked":["Iron Wave","Headbutt","Searing Blow"],"picked":"SKIP","floor":1.0},{"not_picked":["Warcry","Rampage","Pummel"],"picked":"SKIP","floor":4.0},{"not_picked":["Warcry","Body Slam","Cleave"],"picked":"SKIP","floor":5.0},{"not_picked":["Pommel Strike","Perfected Strike","Bludgeon"],"picked":"SKIP","floor":7.0},{"not_picked":["Whirlwind","Anger"],"picked":"Ghostly Armor","floor":10.0},{"not_picked":["Reckless Charge","Infernal Blade","Perfected Strike"],"picked":"SKIP","floor":12.0},{"not_picked":["Headbutt","Sword Boomerang"],"picked":"True Grit","floor":13.0},{"not_picked":["Blood for Blood","Armaments","Pummel"],"picked":"SKIP","floor":14.0}],"player_experience":333057,"relics_obtained":[{"floor":9.0,"key":"MealTicket"},{"floor":11.0,"key":"Ornamental Fan"}],"event_choices":[{"damage_healed":0.0,"max_hp_gain":0.0,"max_hp_loss":0.0,"gold_gain":0.0,"cards_transformed":["Strike_R"],"event_name":"Transmorgrifier","player_choice":"Transformed","floor":3.0,"gold_loss":0.0,"damage_taken":0.0,"cards_obtained":["Whirlwind"]},{"damage_healed":0.0,"max_hp_gain":0.0,"max_hp_loss":0.0,"gold_gain":30.0,"event_name":"Dead Adventurer","player_choice":"Searched \u00272\u0027 times","floor":8.0,"gold_loss":0.0,"damage_taken":0.0,"relics_obtained":["Bag of Preparation"]}],"is_beta":false,"boss_relics":[{"not_picked":["Snecko Eye","Black Star"],"picked":"SacredBark"}],"items_purged_floors":[2],"is_endless":false,"potions_floor_spawned":[5,7,12,13],"killed_by":"Shell Parasite","ascension_level":0}}