{"host":"ws4mzzemcqsz5e2k","time":1611237303,"event":{"mods":["100% Spire Juice","Act Like it!","BaseMod","Better Synergies","Colored Powertips","Minty Spire (QoL Compilation)","Quick Restart","Relic Stats","StSLib","没有小屋子和绿帽子啦"],"gold_per_floor":[118,135,7,7,26,65,65,74,97,114,136,136,136],"floor_reached":12,"language":"ZHS","playtime":586,"items_purged":["Moonworks:Strike"],"score":80,"play_id":"57201e97-eae5-491d-8d73-f257e71606b6","local_time":"20210121215503","daily_mods":["Heirloom","Elite Swarm","Uncertain Future"],"is_ascension_mode":false,"campfire_choices":[{"data":"Moonworks:MetallicMonocoque","floor":7,"key":"SMITH"}],"circlet_count":0,"master_deck":["Moonworks:Strike","Moonworks:Strike","Moonworks:Strike","Moonworks:Defend","Moonworks:Defend","Moonworks:Defend","Moonworks:Defend","Moonworks:Ambush","Moonworks:EvilSpyWorkPreparation","Moonworks:IndiscriminateFireSupport","Moonworks:EvilSpyWorkPreparation","Moonworks:MetallicMonocoque+1","Iron Wave","Moonworks:CloudOfSeagulls"],"relics":["Moonworks:BrokenBomb","Moonworks:Homemark","Du-Vu Doll","CeramicFish","Orichalcum","Ancient Tea Set"],"acts_visited":["Exordium"],"potions_floor_usage":[12],"damage_taken":[{"damage":6,"enemies":"Jaw Worm","floor":1,"turns":3},{"damage":0,"enemies":"Small Slimes","floor":2,"turns":2},{"damage":1,"enemies":"Cultist","floor":5,"turns":4},{"damage":13,"enemies":"3 Sentries","floor":6,"turns":5},{"damage":6,"enemies":"Exordium Wildlife","floor":10,"turns":3},{"damage":6,"enemies":"Red Slaver","floor":11,"turns":5},{"damage":19,"enemies":"Lagavulin","floor":12,"turns":5}],"seed_played":"6533585904917977193","potions_obtained":[{"floor":1,"key":"Explosive Potion"},{"floor":2,"key":"Explosive Potion"},{"floor":10,"key":"ColorlessPotion"}],"is_trial":true,"path_per_floor":["M","M","$","?","M","E","R","?","T","M","M","E"],"character_chosen":"THE_STARBREAKER","items_purchased":["Moonworks:IndiscriminateFireSupport"],"campfire_rested":0,"item_purchase_floors":[3],"current_hp_per_floor":[54,54,54,42,41,28,28,28,28,22,16,0,0],"gold":136,"neow_bonus":"","is_daily":false,"chose_seed":false,"campfire_upgraded":1,"win_rate":0.0,"timestamp":1611237303,"path_taken":["M","M","$","?","M","E","R","?","T","?","M","E"],"items_purchased_type":["Card"],"build_version":"2020-12-22","purchased_purges":1,"victory":false,"max_hp_per_floor":[60,60,60,60,60,60,60,60,60,60,60,60,60],"relic_stats":{"counters":[7,27],"CeramicFish":36,"Orichalcum":[6],"obtain_stats":[{"Du-Vu Doll":0,"Moonworks:Homemark":0,"CeramicFish":4,"Orichalcum":6,"Ancient Tea Set":9,"Moonworks:BrokenBomb":0},{"Du-Vu Doll":0,"Moonworks:Homemark":0,"CeramicFish":2,"Orichalcum":4,"Ancient Tea Set":4,"Moonworks:BrokenBomb":0},{"Du-Vu Doll":0,"Moonworks:Homemark":0,"CeramicFish":5,"Orichalcum":14,"Ancient Tea Set":14,"Moonworks:BrokenBomb":0}]},"card_choices":[{"not_picked":["Moonworks:ScrambledEve","Moonworks:BigBangBell","Moonworks:Assault"],"picked":"SKIP","floor":1},{"not_picked":["Moonworks:Assault","Moonworks:SakisCookie"],"picked":"Moonworks:EvilSpyWorkPreparation","floor":2},{"not_picked":["Moonworks:DeployBits","Moonworks:CookingTime"],"picked":"Moonworks:EvilSpyWorkPreparation","floor":5},{"not_picked":["Moonworks:Encore","Moonworks:AccelHyper"],"picked":"Moonworks:MetallicMonocoque","floor":6},{"not_picked":["Moonworks:Assault","Moonworks:LulusLuckyEgg","Moonworks:ImOnFire"],"picked":"SKIP","floor":10},{"not_picked":["Moonworks:BigMagnum","Moonworks:NicePresent"],"picked":"Moonworks:CloudOfSeagulls","floor":11}],"player_experience":1453832,"relics_obtained":[{"floor":6,"key":"Orichalcum"},{"floor":9,"key":"Ancient Tea Set"}],"event_choices":[{"damage_healed":0,"gold_gain":0,"player_choice":"Success","damage_taken":12,"relics_obtained":["CeramicFish"],"max_hp_gain":0,"max_hp_loss":0,"event_name":"Scrap Ooze","floor":4,"gold_loss":0},{"cards_removed":["Moonworks:LongDistanceShot"],"damage_healed":0,"gold_gain":0,"player_choice":"Took Card","damage_taken":0,"max_hp_gain":0,"max_hp_loss":0,"event_name":"NoteForYourself","floor":8,"gold_loss":0,"cards_obtained":["Iron Wave"]}],"is_beta":false,"boss_relics":[],"items_purged_floors":[3],"is_endless":true,"potions_floor_spawned":[1,2,10],"killed_by":"Lagavulin","ascension_level":0}}