{"host":"hszimsrtxxc2k25w","time":1611265068,"event":{"mods":["AchievementEnabler","BaseMod","Colored Map","DeckTracker","Minty Spire (QoL Compilation)","Rare Cards Sparkle","SuperFastMode"],"gold_per_floor":[114,130,148,73,148,148,173,186,186,204,204,54,118,135,135,135,135],"floor_reached":16,"language":"KOR","playtime":336,"items_purged":["Strike_R","Strike_R"],"score":204,"play_id":"7813bf25-6214-413c-be6f-2298a4100e9b","local_time":"20210122063748","is_ascension_mode":true,"campfire_choices":[{"data":"Bash","floor":6.0,"key":"SMITH"},{"data":"Body Slam","floor":15,"key":"SMITH"}],"circlet_count":0,"master_deck":["AscendersBane","Strike_R","Strike_R","Defend_R","Defend_R","Defend_R","Defend_R","Bash+1","Pommel Strike","Battle Trance","Rage","Whirlwind","Reckless Charge","Body Slam+1","Shrug It Off"],"relics":["Burning Blood","NeowsBlessing","Lizard Tail","Mercury Hourglass","Bottled Flame"],"acts_visited":["Exordium"],"potions_floor_usage":[7,13,13],"damage_taken":[{"damage":0.0,"enemies":"Cultist","floor":1.0,"turns":1.0},{"damage":0.0,"enemies":"Jaw Worm","floor":2.0,"turns":1.0},{"damage":0.0,"enemies":"2 Louse","floor":3.0,"turns":1.0},{"damage":52,"enemies":"Lagavulin","floor":7,"turns":8},{"damage":1,"enemies":"2 Fungi Beasts","floor":8,"turns":3},{"damage":2,"enemies":"3 Louse","floor":10,"turns":2},{"damage":41,"enemies":"Lagavulin Event","floor":13,"turns":7},{"damage":1,"enemies":"Lots of Slimes","floor":14,"turns":3},{"damage":18,"enemies":"Hexaghost","floor":16,"turns":8}],"seed_played":"5508924296976077752","potions_obtained":[{"floor":2.0,"key":"PowerPotion"},{"floor":8,"key":"HeartOfIron"},{"floor":10,"key":"SkillPotion"},{"floor":13,"key":"SmokeBomb"}],"is_trial":false,"path_per_floor":["M","M","M","$","?","R","E","M","T","M","?","$","?","M","R","B"],"character_chosen":"IRONCLAD","items_purchased":["Shrug It Off"],"campfire_rested":0,"item_purchase_floors":[12],"current_hp_per_floor":[74,75,75,75,64,64,18,23,23,27,27,27,29,34,34,16,16],"gold":135,"neow_bonus":"THREE_ENEMY_KILL","is_daily":false,"chose_seed":false,"campfire_upgraded":2,"win_rate":0.0,"timestamp":1611265068,"path_taken":["M","?","M","$","?","R","E","M","T","M","?","$","?","M","R","BOSS"],"items_purchased_type":["Card"],"build_version":"2020-12-22","purchased_purges":2,"victory":false,"max_hp_per_floor":[75,75,75,75,75,75,75,75,75,75,75,75,75,75,75,75,75],"card_choices":[{"not_picked":["Cleave","Rage"],"picked":"Pommel Strike","floor":1.0},{"not_picked":["Infernal Blade","Headbutt"],"picked":"Battle Trance","floor":2.0},{"not_picked":["Battle Trance","Rage","Heavy Blade"],"picked":"SKIP","floor":3.0},{"not_picked":["Battle Trance","Heavy Blade"],"picked":"Rage","floor":3.0},{"not_picked":["True Grit","Whirlwind","Berserk"],"picked":"SKIP","floor":7},{"not_picked":["True Grit","Berserk"],"picked":"Whirlwind","floor":7},{"not_picked":["Twin Strike","Seeing Red"],"picked":"Reckless Charge","floor":8},{"not_picked":["Pommel Strike","Sword Boomerang"],"picked":"Body Slam","floor":10},{"not_picked":["Pommel Strike","Sword Boomerang","Searing Blow"],"picked":"SKIP","floor":14}],"player_experience":632400,"relics_obtained":[{"floor":7,"key":"Lizard Tail"},{"floor":9,"key":"Mercury Hourglass"},{"floor":13,"key":"Bottled Flame"}],"event_choices":[{"damage_healed":0.0,"max_hp_gain":0.0,"max_hp_loss":0.0,"gold_gain":75.0,"event_name":"World of Goop","player_choice":"Gather Gold","floor":5.0,"gold_loss":0.0,"damage_taken":11.0},{"cards_removed":["Strike_R"],"damage_healed":0,"gold_gain":0,"player_choice":"Forget","damage_taken":0,"max_hp_gain":0,"max_hp_loss":0,"event_name":"Living Wall","floor":11,"gold_loss":0},{"damage_healed":0,"gold_gain":0,"player_choice":"Searched \u00271\u0027 times","damage_taken":0,"max_hp_gain":0,"max_hp_loss":0,"event_name":"Dead Adventurer","floor":13,"gold_loss":0}],"is_beta":false,"boss_relics":[],"items_purged_floors":[4,12],"is_endless":false,"potions_floor_spawned":[2,8,10,13],"killed_by":"Hexaghost","ascension_level":20}}