{"host":"hn99riirbf0lv0ml","time":1611250039,"event":{"mods":["AchievementEnabler","Act Like it!","Bard","BaseMod","Beaked The Cultist","Colored Map","Colored Powertips","Conspire","Duelist Mod","Friendly Minions","Gensokyo","GifTheSpireLib","Glutton Mod","Halation","Jorbs\u0027s Wanderer Trilogy","Mad Scientist","Marisa????????","Minty Spire (QoL Compilation)","Rare Cards Sparkle","Replay The Spire","StSLib","The Blackbeard","The Bug Knight","The Construct","The Cursed","The Disciple","The Mystic","The Runesmith","The Servant 0.9.4","The Witch"],"gold_per_floor":[139,158,158,83,83,83,109,109,162,192,192,194,213,213,213,320,320,354,354,378,15,35,75,75,26,51,15,38,38,38,55,55,62,62],"floor_reached":33,"language":"ENG","playtime":10969,"items_purged":["theDuelist:Sparks","theDuelist:CastleWalls"],"score":348,"play_id":"9ad8c8c4-3109-4940-a0ee-d099dc2b85fe","local_time":"20210121122719","is_ascension_mode":false,"campfire_choices":[{"data":"theDuelist:MiraculousDescent","floor":6.0,"key":"SMITH"},{"data":"theDuelist:FuryFire","floor":8,"key":"SMITH"},{"data":"theDuelist:VendreadCharge","floor":11,"key":"SMITH"},{"data":"theDuelist:DoubleTool","floor":15,"key":"SMITH"},{"floor":30,"key":"REST"},{"floor":32,"key":"REST"}],"circlet_count":0,"master_deck":["theDuelist:BeaverWarrior","theDuelist:BeaverWarrior","theDuelist:CastleWalls","theDuelist:FinalFlame","theDuelist:GiantSoldier","theDuelist:ScrapFactory","theDuelist:Sparks","theDuelist:MiraculousDescent+1","theDuelist:SpellShatteringArrow+1","theDuelist:FuryFire+1","theDuelist:VendreadCharge+1","theDuelist:DoubleTool+1","theDuelist:KamionTimelord","theDuelist:GridRod","theDuelist:OnslaughtFireKings","Crow Ritual","theDuelist:MagicalStone","theDuelist:WhiteNinja","theDuelist:MeteorDestruction+1","theDuelist:FluteKuriboh","theDuelist:ImperialOrder","theDuelist:WhiteHowling","theDuelist:WhiteMagicalHat+1"],"relics":["theDuelist:MillenniumPuzzle","theDuelist:CardPoolRelic","theDuelist:CardPoolBasicRelic","theDuelist:BoosterPackPoolRelic","theDuelist:CardPoolAddRelic","theDuelist:CardPoolMinusRelic","theDuelist:CardPoolSaveRelic","theDuelist:CardPoolOptionsRelic","NeowsBlessing","Gensokyo:Justice","ReplayTheSpireMod:Spearhead","Lantern","halation:IllGainedPizza","Replay:Baseball","conspire:GlowingRock"],"acts_visited":["Gensokyo:Gensokyo","TheCity"],"potions_floor_usage":[22,22,22,28,33],"damage_taken":[{"damage":0.0,"enemies":"Gensokyo:Gryphon","floor":1.0,"turns":1.0},{"damage":0.0,"enemies":"Gensokyo:2_Kodama","floor":2.0,"turns":1.0},{"damage":0.0,"enemies":"Gensokyo:Aya","floor":7.0,"turns":1.0},{"damage":12,"enemies":"Gensokyo:Cirno","floor":10,"turns":5},{"damage":0,"enemies":"Gensokyo:Python","floor":12,"turns":3},{"damage":0,"enemies":"Gensokyo:Kitsune","floor":13,"turns":2},{"damage":0,"enemies":"Gensokyo:Yukari","floor":16,"turns":11},{"damage":5,"enemies":"3 Byrds","floor":18,"turns":3},{"damage":17,"enemies":"Shell Parasite","floor":20,"turns":4},{"damage":14,"enemies":"Snecko","floor":22,"turns":8},{"damage":21,"enemies":"theDuelist:KaibaA2","floor":23,"turns":8},{"damage":26,"enemies":"Snake Plant","floor":28,"turns":5},{"damage":2,"enemies":"3 Cultists","floor":31,"turns":4},{"damage":61,"enemies":"Automaton","floor":33,"turns":6}],"seed_played":"7095968511826682310","potions_obtained":[{"floor":2.0,"key":"theDuelist:FlamingBottle"},{"floor":7.0,"key":"SkillPotion"},{"floor":10,"key":"theDuelist:GiftPotion"},{"floor":23,"key":"theDuelist:EarthBottle"},{"floor":28,"key":"theDuelist:TokenPotionB"}],"is_trial":false,"path_per_floor":["M","M","?","$","?","R","E","R","T","E","R","M","M","?","R","B",null,"M","?","M","$","M","E","?","$","T","$","M","?","R","M","R","B"],"character_chosen":"THE_DUELIST","items_purchased":["Crow Ritual","theDuelist:MagicalStone","theDuelist:FluteKuriboh","theDuelist:ImperialOrder"],"campfire_rested":2,"item_purchase_floors":[21,21,25,27],"current_hp_per_floor":[80,80,80,80,80,80,80,80,80,68,68,68,68,76,76,76,88,83,66,49,49,49,28,28,28,28,28,2,2,29,27,54,0,0],"gold":62,"neow_bonus":"THREE_ENEMY_KILL","is_daily":false,"chose_seed":false,"campfire_upgraded":4,"win_rate":0.0,"timestamp":1611250039,"path_taken":["M","M","?","$","?","R","E","R","T","E","R","M","?","?","R","BOSS","M","?","M","$","M","E","?","$","T","?","?","?","R","M","R","BOSS"],"items_purchased_type":["Card","Card","Card","Card"],"build_version":"2020-12-22","purchased_purges":2,"victory":false,"max_hp_per_floor":[80,80,80,80,80,80,80,80,80,80,80,80,80,88,88,88,88,88,93,93,93,93,93,93,93,93,93,93,93,93,93,93,93,93],"card_choices":[{"not_picked":["theDuelist:ImperialOrder","theDuelist:Electrowhip","theDuelist:ElectromagneticShield"],"picked":"theDuelist:MiraculousDescent","floor":1.0},{"not_picked":["theDuelist:CombinationAttack","theDuelist:LightningVortex","theDuelist:GravityBlaster","theDuelist:CrossAttack"],"picked":"theDuelist:SpellShatteringArrow","floor":2.0},{"not_picked":["theDuelist:CoreBlaster","theDuelist:WormApocalypse","theDuelist:RainbowNeos","theDuelist:MagnumShield"],"picked":"theDuelist:FuryFire","floor":7.0},{"not_picked":["theDuelist:Tuningware","theDuelist:PreventRat","theDuelist:StarBlast","theDuelist:FuryFire"],"picked":"theDuelist:VendreadCharge","floor":10},{"not_picked":["theDuelist:DoubleTool","theDuelist:Hinotama","theDuelist:Downbeat","theDuelist:Invigoration","theDuelist:Electrowhip"],"picked":"SKIP","floor":12},{"not_picked":["theDuelist:Hinotama","theDuelist:Invigoration","theDuelist:WhiteMagicalHat","theDuelist:WormApocalypse"],"picked":"theDuelist:DoubleTool","floor":13},{"not_picked":["theDuelist:MillenniumShield","theDuelist:AmuletAmbition","theDuelist:GridRod","theDuelist:YamiForm"],"picked":"theDuelist:KamionTimelord","floor":16},{"not_picked":["theDuelist:KamionTimelord","theDuelist:LightLaser+1","theDuelist:PineappleBlast","theDuelist:YamiForm"],"picked":"theDuelist:GridRod","floor":18},{"not_picked":["theDuelist:BigFire","theDuelist:CombinationAttack+1","theDuelist:Invigoration","theDuelist:Hinotama+1"],"picked":"theDuelist:OnslaughtFireKings","floor":20},{"not_picked":["theDuelist:MythicalBeast+1","theDuelist:SangaEarth","theDuelist:Eva","theDuelist:HappyLover"],"picked":"theDuelist:WhiteNinja","floor":22},{"not_picked":["theDuelist:DoubleTool","theDuelist:Hinotama","theDuelist:SpellShatteringArrow","theDuelist:UnderworldCannon"],"picked":"theDuelist:MeteorDestruction+1","floor":23},{"not_picked":["theDuelist:ElectromagneticShield","theDuelist:Electrowhip","theDuelist:GravityAxe","theDuelist:ImperialOrder"],"picked":"theDuelist:WhiteHowling","floor":28},{"not_picked":["theDuelist:HappyLover","theDuelist:RainbowNeos","theDuelist:SangaEarth","theDuelist:SpiritHarp"],"picked":"theDuelist:WhiteMagicalHat+1","floor":31}],"player_experience":214592,"relics_obtained":[{"floor":7.0,"key":"ReplayTheSpireMod:Spearhead"},{"floor":9,"key":"Lantern"},{"floor":10,"key":"halation:IllGainedPizza"},{"floor":23,"key":"Replay:Baseball"}],"event_choices":[{"damage_healed":0,"gold_gain":0,"player_choice":"Shed Blood","damage_taken":22,"max_hp_gain":5,"max_hp_loss":0,"event_name":"Forgotten Altar","floor":19,"gold_loss":0},{"damage_healed":0,"gold_gain":0,"player_choice":"Ignored","damage_taken":0,"max_hp_gain":0,"max_hp_loss":0,"event_name":"Vampires","floor":24,"gold_loss":0},{"damage_healed":0,"gold_gain":0,"player_choice":"Opened","damage_taken":0,"relics_obtained":["conspire:GlowingRock"],"max_hp_gain":0,"max_hp_loss":0,"event_name":"The Mausoleum","floor":29,"gold_loss":0}],"is_beta":false,"boss_relics":[{"not_picked":["halation:PlatinumPhoenix","halation:Yufonium","Sozu"]}],"items_purged_floors":[4,21],"is_endless":false,"potions_floor_spawned":[2,7,10,23,28],"killed_by":"Automaton","ascension_level":0}}