{"host":"7tvb1em0d2fx72q7","time":1611192821,"event":{"mods":["BaseMod","Challenge The Spire","Minty Spire (QoL Compilation)","StSLib","everything is the same but u backflip on backflip"],"gold_per_floor":[110,128,128,147,94,94,15,54,105,125,138,138,161,161,161,260,260,274,297,321,321,371,371,371],"floor_reached":23,"language":"ENG","playtime":1556,"items_purged":[],"score":386,"play_id":"26bb4cd0-43e4-4521-9851-83d2e13f318e","local_time":"20210120203341","is_ascension_mode":true,"campfire_choices":[{"data":"Rampage","floor":6.0,"key":"SMITH"},{"floor":12,"key":"REST"},{"data":"Clothesline","floor":15,"key":"SMITH"}],"circlet_count":0,"master_deck":["AscendersBane","Strike_R","Strike_R","Strike_R","Strike_R","Defend_R","Defend_R","Defend_R","Bash","Cleave","Rampage+1","Pommel Strike","Battle Trance","Ghostly Armor","Clothesline+1","Iron Wave","Double Tap","Shrug It Off","Warcry"],"relics":["Empty Cage","Golden Idol","Anchor","MealTicket","Coffee Dripper"],"acts_visited":["Exordium","TheCity"],"potions_floor_usage":[8,16,18,20,20],"damage_taken":[{"damage":1.0,"enemies":"Cultist","floor":1.0,"turns":3.0},{"damage":2.0,"enemies":"Jaw Worm","floor":2.0,"turns":3.0},{"damage":2.0,"enemies":"2 Louse","floor":4.0,"turns":2.0},{"damage":8,"enemies":"Gremlin Nob","floor":8,"turns":3},{"damage":0,"enemies":"2 Fungi Beasts","floor":10,"turns":2},{"damage":13,"enemies":"Blue Slaver","floor":11,"turns":3},{"damage":8,"enemies":"Looter","floor":13,"turns":4},{"damage":57,"enemies":"Slime Boss","floor":16,"turns":9},{"damage":12,"enemies":"3 Byrds","floor":18,"turns":5},{"damage":12,"enemies":"Chosen","floor":19,"turns":5},{"damage":25,"enemies":"Shelled Parasite and Fungi","floor":20,"turns":5},{"damage":14,"enemies":"Slavers","floor":23,"turns":2}],"seed_played":"-1728470115461966291","potions_obtained":[{"floor":2.0,"key":"FearPotion"},{"floor":4.0,"key":"Explosive Potion"},{"floor":13,"key":"EssenceOfSteel"},{"floor":16,"key":"SneckoOil"},{"floor":18,"key":"PowerPotion"}],"is_trial":false,"path_per_floor":["M","M","?","M","?","R","$","E","T","M","M","R","M","?","R","B",null,"M","M","M","?","?","E"],"character_chosen":"IRONCLAD","items_purchased":["Battle Trance"],"campfire_rested":1,"item_purchase_floors":[7],"current_hp_per_floor":[67,65,39,37,37,37,37,29,29,29,16,38,30,75,75,18,61,49,37,12,12,12,0,0],"gold":371,"neow_bonus":"BOSS_RELIC","is_daily":false,"chose_seed":false,"campfire_upgraded":2,"win_rate":0.0,"timestamp":1611192821,"path_taken":["M","M","?","M","?","R","?","E","T","?","M","R","M","?","R","BOSS","M","?","M","?","?","E"],"items_purchased_type":["Card"],"build_version":"2020-12-22","purchased_purges":0,"victory":false,"max_hp_per_floor":[75,75,75,75,75,75,75,75,75,75,75,75,75,75,75,75,75,75,75,75,75,75,75,75],"card_choices":[{"not_picked":["Headbutt","Sword Boomerang"],"picked":"Cleave","floor":1.0},{"not_picked":["Thunderclap","Warcry"],"picked":"Rampage","floor":2.0},{"not_picked":["Clash","Body Slam"],"picked":"Pommel Strike","floor":4.0},{"not_picked":["Armaments","Juggernaut"],"picked":"Evolve","floor":8},{"not_picked":["Havoc","Infernal Blade"],"picked":"Ghostly Armor","floor":10},{"not_picked":["Sword Boomerang","Clash"],"picked":"Clothesline","floor":11},{"not_picked":["Body Slam","Inflame"],"picked":"Iron Wave","floor":13},{"not_picked":["Impervious","Exhume"],"picked":"Double Tap","floor":16},{"not_picked":["Carnage","Thunderclap"],"picked":"Shrug It Off","floor":18},{"not_picked":["Iron Wave","Perfected Strike","Bloodletting"],"picked":"SKIP","floor":19},{"not_picked":["Carnage","Reckless Charge"],"picked":"Warcry","floor":20}],"player_experience":1942184,"relics_obtained":[{"floor":8,"key":"Anchor"},{"floor":9,"key":"MealTicket"}],"event_choices":[{"damage_healed":0.0,"max_hp_gain":0.0,"max_hp_loss":0.0,"gold_gain":0.0,"event_name":"Golden Idol","player_choice":"Take Damage","floor":3.0,"gold_loss":0.0,"damage_taken":26.0,"relics_obtained":["Golden Idol"]},{"damage_healed":0.0,"max_hp_gain":0.0,"max_hp_loss":0.0,"gold_gain":0.0,"event_name":"World of Goop","player_choice":"Left Gold","floor":5.0,"gold_loss":53.0,"damage_taken":0.0},{"cards_removed":["Evolve"],"damage_healed":45,"gold_gain":0,"player_choice":"Offered Uncommon","damage_taken":0,"max_hp_gain":0,"max_hp_loss":0,"event_name":"Bonfire Elementals","floor":14,"gold_loss":0},{"damage_healed":0,"gold_gain":0,"player_choice":"Ignored","damage_taken":0,"max_hp_gain":0,"max_hp_loss":0,"event_name":"The Mausoleum","floor":21,"gold_loss":0},{"damage_healed":0,"gold_gain":50,"player_choice":"Stole From Cult","damage_taken":0,"max_hp_gain":0,"max_hp_loss":0,"event_name":"Nest","floor":22,"gold_loss":0}],"is_beta":false,"boss_relics":[{"not_picked":["Pandora\u0027s Box","SlaversCollar"],"picked":"Coffee Dripper"}],"items_purged_floors":[],"is_endless":false,"potions_floor_spawned":[2,4,13,16,18],"killed_by":"Slavers","ascension_level":20}}