{"host":"ggy1mjjy92c62u6a","time":1611218618,"event":{"mods":["10 clothes from DAL","Act Like it!","BaseMod","Colored Powertips","GifTheSpireLib","Library of Ruina","Library of Ruina Extra","Minty Spire (QoL Compilation)","Quick Restart","Relic Stats","RumiaBox-露米娅的神秘盒子","Shop Mod","Spicy Shops","StSLib","【功能Mod】混沌之环修复补丁","【遗物卡牌】REMEMod"],"gold_per_floor":[115,125,136,136,86,86,112,112,161,161,171,190,201,201,201,305,305,325,325,325,15,27,27,57,74,74,74,89,89,105,123,123,224,224,239,239,164,164,179,204,204,231,231,231,231],"floor_reached":44,"language":"ZHS","playtime":1178,"items_purged":["LightAttack"],"score":660,"play_id":"ccce615c-098e-402f-8968-1ff10779b77c","local_time":"20210121164338","is_ascension_mode":true,"campfire_choices":[{"data":"Metamorphosis","floor":6.0,"key":"SMITH"},{"floor":15,"key":"REST"},{"data":"Mayhem","floor":23,"key":"SMITH"},{"data":"CombatPreparation","floor":27,"key":"SMITH"},{"data":"BattleCommand","floor":29,"key":"SMITH"},{"floor":32,"key":"REST"},{"data":"SilentMist","floor":41,"key":"SMITH"}],"circlet_count":0,"master_deck":["Dodge","LightDefense","LightAttack","LightDefense","LightDefense","LightDefense","ChargeAndCover","FocusedStrikes","Metamorphosis+1","SummaryJudgment","MultiBlock","Injury","FocusFire","BattleCommand+1","UnavoidableGaze","Reload","Quickness+1","REME_ShortnessOfBreath","CombatPreparation+1","Mayhem+1","Faith","Eject","WillProduceFineSilk","TendonChords+1","UnavoidableGaze+1","Leap_lor+1","REME_ProfessionalPlagiarism","AlloutWar+1","SilentMist+1"],"relics":["PageOfLibrarian","REME_ComplimentaryCards","NeowsBlessing","Baka","PageOfLittleHelper","CaptainsWheel","Tiny Chest","Odd Mushroom","Philosopher\u0027s Stone","Eternal Feather","PageOfFairyFestival","GodSword7","Thread and Needle","Black Star","PageOfSpiderBud","PageOfTodaysShyLook","PageOfPinocchio","Girya","PageOfAspirationHeart","PageOfGreed"],"acts_visited":["Exordium","TheCity","TheBeyond"],"potions_floor_usage":[11,33,33],"damage_taken":[{"damage":0.0,"enemies":"Cultist","floor":1.0,"turns":1.0},{"damage":20.0,"enemies":"Small Slimes","floor":2.0,"turns":2.0},{"damage":7.0,"enemies":"2 Louse","floor":3.0,"turns":2.0},{"damage":16.0,"enemies":"Gremlin Nob","floor":7.0,"turns":3.0},{"damage":0.0,"enemies":"The Mushroom Lair","floor":10.0,"turns":1.0},{"damage":0,"enemies":"Blue Slaver","floor":11,"turns":1},{"damage":0,"enemies":"3 Louse","floor":12,"turns":1},{"damage":0,"enemies":"Exordium Thugs","floor":13,"turns":1},{"damage":42,"enemies":"Hexaghost","floor":16,"turns":5},{"damage":0,"enemies":"Spheric Guardian","floor":18,"turns":2},{"damage":5,"enemies":"2 Thieves","floor":22,"turns":1},{"damage":26,"enemies":"Gremlin Leader","floor":24,"turns":3},{"damage":5,"enemies":"Centurion and Healer","floor":25,"turns":1},{"damage":5,"enemies":"Cultist and Chosen","floor":28,"turns":1},{"damage":25,"enemies":"Shelled Parasite and Fungi","floor":30,"turns":2},{"damage":5,"enemies":"Snecko","floor":31,"turns":2},{"damage":87,"enemies":"KingOfGreed","floor":33,"turns":6},{"damage":5,"enemies":"Orb Walker","floor":35,"turns":1},{"damage":5,"enemies":"3 Darklings","floor":39,"turns":1},{"damage":29,"enemies":"Nemesis","floor":40,"turns":3},{"damage":5,"enemies":"Reptomancer","floor":42,"turns":2},{"damage":11,"enemies":"Giant Head","floor":44,"turns":2}],"seed_played":"-7082051988494298344","potions_obtained":[{"floor":2.0,"key":"SteroidPotion"},{"floor":11,"key":"EssenceOfSteel"},{"floor":22,"key":"SkillPotion"},{"floor":35,"key":"Dexterity Potion"}],"is_trial":false,"path_per_floor":["M","M","M","?","?","R","E","T","T","?","M","M","M","?","R","B",null,"M","T","?","$","M","R","E","M","T","R","M","R","M","M","R","B",null,"M","?","$","T","M","E","R","E","T","E"],"character_chosen":"Librarian","items_purchased":["PageOfFairyFestival","CombatPreparation","Mayhem"],"campfire_rested":2,"item_purchase_floors":[21,21,21],"current_hp_per_floor":[60,40,33,38,38,38,22,22,22,22,22,22,22,15,39,27,68,68,68,68,68,63,75,34,29,29,41,36,51,26,24,66,53,82,77,77,77,77,87,61,76,14,14,6,6],"gold":231,"neow_bonus":"THREE_ENEMY_KILL","is_daily":false,"chose_seed":false,"campfire_upgraded":5,"win_rate":0.0,"timestamp":1611218618,"path_taken":["M","M","?","?","?","R","E","?","T","?","?","M","M","?","R","BOSS","M","?","?","$","M","R","E","M","T","R","M","R","M","?","R","BOSS","M","?","$","?","M","E","R","E","T","E"],"items_purchased_type":["Relic","Card","Card"],"build_version":"2020-12-22","purchased_purges":1,"victory":false,"max_hp_per_floor":[68,78,67,72,72,72,82,82,82,82,82,82,82,82,82,82,82,82,82,82,82,82,82,91,91,91,91,91,91,91,91,91,91,91,90,90,90,90,90,90,90,103,103,103,103],"relic_stats":{"counters":[22,44],"Tiny Chest":2,"Eternal Feather":69,"Black Star":2,"obtain_stats":[{"Girya":42,"NeowsBlessing":0,"PageOfLittleHelper":7,"Eternal Feather":19,"Thread and Needle":26,"Baka":1,"Odd Mushroom":10,"PageOfSpiderBud":38,"PageOfLibrarian":0,"PageOfGreed":43,"PageOfAspirationHeart":42,"CaptainsWheel":8,"PageOfFairyFestival":21,"Tiny Chest":9,"Philosopher\u0027s Stone":17,"GodSword7":24,"Black Star":34,"PageOfPinocchio":40,"PageOfTodaysShyLook":40,"REME_ComplimentaryCards":0},{"Girya":21,"NeowsBlessing":0,"PageOfLittleHelper":4,"Eternal Feather":10,"Thread and Needle":13,"Baka":1,"Odd Mushroom":5,"PageOfSpiderBud":18,"PageOfLibrarian":0,"PageOfGreed":21,"PageOfAspirationHeart":21,"CaptainsWheel":4,"PageOfFairyFestival":10,"Tiny Chest":4,"Philosopher\u0027s Stone":9,"GodSword7":12,"Black Star":17,"PageOfPinocchio":20,"PageOfTodaysShyLook":20,"REME_ComplimentaryCards":0},{"Girya":42,"NeowsBlessing":0,"PageOfLittleHelper":8,"Eternal Feather":19,"Thread and Needle":24,"Baka":1,"Odd Mushroom":9,"PageOfSpiderBud":36,"PageOfLibrarian":0,"PageOfGreed":42,"PageOfAspirationHeart":42,"CaptainsWheel":8,"PageOfFairyFestival":19,"Tiny Chest":8,"Philosopher\u0027s Stone":17,"GodSword7":23,"Black Star":35,"PageOfPinocchio":40,"PageOfTodaysShyLook":40,"REME_ComplimentaryCards":0}]},"card_choices":[{"not_picked":["QuickAttack","HandleRequest","MindWhip","DarkCloud","RulesOfTheBackstreets","EnergyStrike","BurningFlash","AsThePrescriptOrders"],"picked":"SummaryJudgment","floor":1.0},{"not_picked":["Juggling","SuppressingShot","Multislash","IronWall","CutIn","PreemptiveStrike","BackAttack","EnergyShield"],"picked":"MultiBlock","floor":2.0},{"not_picked":["DevastatingThrash","MultiHit","EmotionalTurbulence","Pound","EnergyCycle","DefenseOrder","ConcentratedFire","CircusKnives"],"picked":"FocusFire","floor":3.0},{"not_picked":["Execute_lor","FierceOnslaught","AbsorbImpact","Creak","PreemptiveStrike","Faith","CombatPreparation","InkOver"],"picked":"BattleCommand","floor":7.0},{"not_picked":["RhinoRam","WillOfThePrescript","MultiBlock","GuidanceOfTheGears","ViolentFlame","SmokingPipe","ScatteringSlash","FrontalAssault"],"picked":"UnavoidableGaze","floor":10.0},{"not_picked":["HandleRequest","Transpierce","Preparation","SharpSwipe","BiteOff","YoureAHindrance","ConcentratedFire","Parry","NightInTheBackstreets"],"picked":"SKIP","floor":11},{"not_picked":["Ripple","TrimTheIngredients","FierceCharge","EnergyShield","Multislash","ViolentFlame","SinglePointStab","RhinoRam"],"picked":"Reload","floor":12},{"not_picked":["ConcentratedFire","TheRedNotes","ChopItOff","QuickAttack","AGoldenOpportunity","ViolentFlame","Juggling","PinpointShot","Clone"],"picked":"SKIP","floor":13},{"not_picked":["UnavoidableGaze+1","DarkCloud","CrackOfDawn","FlashOfSunup","DefenseOrder+1","Parry+1","MultiHit","QuickSuppression"],"picked":"Quickness+1","floor":18},{"not_picked":["SinglePointStab","NightInTheBackstreets","QuickSuppression","GoinFirst","Standoff","Tailoring","IronWall","GuidanceOfTheGears"],"picked":"Faith","floor":22},{"not_picked":["SharpSwipe","NonstopAssault+1","GuidanceOfTheGears","Preparation+1","Bvapour","UpbeatPerformance","Tailoring+1","DarkCloud"],"picked":"Eject","floor":24},{"not_picked":["RatsGuideToSurvival","DestructiveImpact+1","PreemptiveStrike","SharpNails","RhinoRam","WillBeTasty","Thrust+1","Leap_lor"],"picked":"WillProduceFineSilk","floor":25},{"not_picked":["Gamble","IllEndYou","AsThePrescriptOrders","HandleRequest","MultiHit","Multislash","StructuralAnalysis","QuickAttack"],"picked":"TendonChords+1","floor":28},{"not_picked":["FleetFootsteps","Rewind+1","Diversion","ShockingBlow","InnerArdor","MultiHit","Quickness","StayCalm"],"picked":"UnavoidableGaze+1","floor":30},{"not_picked":["ViolentFlame","HighSpeedStabbing","GrazeTheGrass","FierceCharge","EnergyCycle","FaintMemories","WildCard","UpbeatPerformance"],"picked":"Leap_lor+1","floor":31},{"not_picked":["WillOfThePrescript+1","ToWhereThePrescriptPoints","SharpSwipe+1","EnergyStrike","Tailoring","PinpointShot","BayonetCombat","CircusKnives","Quickness"],"picked":"SKIP","floor":35},{"not_picked":["Apotheosis","Madness","ThunderHit","Deep Breath","Secret Technique","REME_AllRoundStrike","Trip","Transmutation"],"picked":"REME_ProfessionalPlagiarism","floor":36},{"not_picked":["EnergyStrike","UnavoidableGaze","ViolentFlame","FleetFootsteps+1","Pound+1","PreemptiveStrike","QuickAttack+1","GatherIntel"],"picked":"AlloutWar+1","floor":39},{"not_picked":["RagingStorm","HiddenBlade","Leap_lor+1","ToOvercomeCrisis+1","ExtremeEdge+1","CutIn+1","QuickAttack","SuppressingShot"],"picked":"SilentMist","floor":40},{"not_picked":["EnergyStrike+1","QuickSuppression","SweepTheBackstreets+1","EnergyShield+1","Rewind","NightInTheBackstreets","SharpNails+1","StrongStrike+1","RatsGuideToSurvival+1"],"picked":"SKIP","floor":42}],"player_experience":58170,"relics_obtained":[{"floor":1.0,"key":"Baka"},{"floor":7.0,"key":"PageOfLittleHelper"},{"floor":8.0,"key":"CaptainsWheel"},{"floor":9.0,"key":"Tiny Chest"},{"floor":10.0,"key":"Odd Mushroom"},{"floor":19,"key":"Eternal Feather"},{"floor":24,"key":"GodSword7"},{"floor":26,"key":"Thread and Needle"},{"floor":38,"key":"PageOfSpiderBud"},{"floor":40,"key":"PageOfTodaysShyLook"},{"floor":40,"key":"PageOfPinocchio"},{"floor":42,"key":"Girya"},{"floor":42,"key":"PageOfAspirationHeart"},{"floor":43,"key":"PageOfGreed"}],"event_choices":[{"damage_healed":0.0,"max_hp_gain":5.0,"max_hp_loss":0.0,"gold_gain":0.0,"event_name":"Big Fish","player_choice":"Donut","floor":4.0,"gold_loss":0.0,"damage_taken":0.0},{"cards_removed":["LightAttack"],"damage_healed":0.0,"max_hp_gain":0.0,"max_hp_loss":0.0,"gold_gain":0.0,"event_name":"The Cleric","player_choice":"Card Removal","floor":5.0,"gold_loss":50.0,"damage_taken":0.0},{"damage_healed":0.0,"max_hp_gain":0.0,"max_hp_loss":0.0,"gold_gain":0.0,"event_name":"Mushrooms","player_choice":"Fought Mushrooms","floor":10.0,"gold_loss":0.0,"damage_taken":0.0},{"cards_removed":["Writhe"],"damage_healed":0,"gold_gain":0,"player_choice":"Card Removal","damage_taken":7,"max_hp_gain":0,"max_hp_loss":0,"event_name":"Golden Wing","floor":14,"gold_loss":0},{"damage_healed":0,"gold_gain":0,"player_choice":"1 cards matched","damage_taken":0,"max_hp_gain":0,"max_hp_loss":0,"event_name":"Match and Keep!","floor":20,"gold_loss":0,"cards_obtained":["REME_ShortnessOfBreath"]},{"damage_healed":0,"gold_gain":0,"player_choice":"Memory 1","damage_taken":0,"max_hp_gain":0,"max_hp_loss":0,"event_name":"SensoryStone","floor":36,"gold_loss":0}],"is_beta":false,"boss_relics":[{"not_picked":["Sozu","REME_DemonsWealth"],"picked":"Philosopher\u0027s Stone"},{"not_picked":["Empty Cage","Coffee Dripper"],"picked":"Black Star"}],"items_purged_floors":[37],"is_endless":false,"potions_floor_spawned":[2,11,22,24,25,31,35],"killed_by":"Giant Head","ascension_level":5}}