{"host":"k2mw1od0xoi9pcfj","time":1611194698,"event":{"mods":["Act Like it!","Aspiration","BaseMod","Downfall","Energized Spire","Hermit","Highlight Path","Minty Spire (QoL Compilation)","Relic Stats","Retaliation","StSLib","TheHeartMod"],"gold_per_floor":[109,109,125,125,136,136,191,191,265,294,304,335,335,112,112,214,214,233,233,332,346,364,364,364,383,383,399,399,409,409,427,427,528,528],"floor_reached":33,"language":"ENG","playtime":1930,"items_purged":[],"score":382,"play_id":"2ef22984-204a-4c54-a85d-17c4141a9978","local_time":"20210120200458","is_ascension_mode":false,"campfire_choices":[{"data":"hermit:Combo","floor":6,"key":"SMITH"},{"data":"hermit:LoneWolf","floor":8,"key":"SMITH"},{"data":"hermit:TakeAim","floor":13,"key":"SMITH"},{"floor":15,"key":"RECALL"},{"data":"hermit:Maintenance","floor":24,"key":"SMITH"},{"floor":28,"key":"REST"},{"floor":32,"key":"REST"}],"circlet_count":0,"master_deck":["hermit:Strike_Hermit","hermit:Strike_Hermit","hermit:Strike_Hermit","hermit:Strike_Hermit","hermit:Defend_Hermit","hermit:Defend_Hermit","hermit:Defend_Hermit","hermit:Defend_Hermit","hermit:Snapshot","hermit:Covet","hermit:Combo+1","hermit:Ricochet","hermit:EyeOfTheStorm","hermit:LoneWolf+1","hermit:Horror","hermit:TakeAim+1","hermit:Headshot","hermit:BigShot","hermit:HighNoon","hermit:Deadeye","hermit:Grudge+1","hermit:Maintenance+1","hermit:Dive+1","hermit:Maintenance"],"relics":["hermit:ClaspedLocket","Bronze Scales","aspiration:SeaSaltIceCream","aspiration:PoetsPen_weak","Orichalcum","Happy Flower","Guardian:PocketSentry","Toy Ornithopter","aspiration:Stabinomicon"],"acts_visited":["Exordium","TheCity"],"potions_floor_usage":[27,33,33],"damage_taken":[{"damage":1,"enemies":"Jaw Worm","floor":1,"turns":5},{"damage":0,"enemies":"Small Slimes","floor":3,"turns":3},{"damage":2,"enemies":"2 Louse","floor":5,"turns":2},{"damage":14,"enemies":"3 Sentries","floor":7,"turns":6},{"damage":0,"enemies":"3 Sentries","floor":10,"turns":4},{"damage":9,"enemies":"Blue Slaver","floor":11,"turns":3},{"damage":14,"enemies":"Gremlin Nob","floor":12,"turns":4},{"damage":5,"enemies":"Slime Boss","floor":16,"turns":6},{"damage":0,"enemies":"3 Byrds","floor":18,"turns":3},{"damage":4,"enemies":"Chosen","floor":21,"turns":3},{"damage":9,"enemies":"Centurion and Healer","floor":22,"turns":4},{"damage":16,"enemies":"Shelled Parasite and Fungi","floor":25,"turns":3},{"damage":6,"enemies":"Snecko","floor":27,"turns":5},{"damage":19,"enemies":"Chosen and Byrds","floor":29,"turns":5},{"damage":9,"enemies":"Snake Plant","floor":31,"turns":3},{"damage":45,"enemies":"Automaton","floor":33,"turns":6}],"seed_played":"5151579994784534101","potions_obtained":[{"floor":1,"key":"hermit:BlackBile"},{"floor":7,"key":"PowerPotion"},{"floor":12,"key":"PowerPotion"},{"floor":31,"key":"sneckomod:MuddlingPotion"}],"is_trial":false,"path_per_floor":["M","?","M","?","M","R","?","R","T","E","M","E","R","$","R","B",null,"M","?","?","M","M","?","R","M","T","M","R","M","?","M","R","B"],"character_chosen":"HERMIT","items_purchased":["Guardian:PocketSentry","hermit:BigShot"],"campfire_rested":2,"item_purchase_floors":[14,14],"current_hp_per_floor":[81,81,81,63,61,61,47,47,47,47,38,24,24,24,24,19,82,82,66,66,62,53,53,53,37,37,36,62,43,27,18,44,9,9],"gold":528,"neow_bonus":"TEN_PERCENT_HP_BONUS","is_daily":false,"chose_seed":false,"campfire_upgraded":4,"win_rate":0.0,"timestamp":1611194698,"path_taken":["M","?","M","?","M","R","?","R","T","E","M","E","R","?","R","BOSS","M","?","?","M","M","?","R","M","T","?","R","M","?","M","R","BOSS"],"items_purchased_type":["Relic","Card"],"build_version":"2020-12-22","purchased_purges":0,"victory":false,"max_hp_per_floor":[82,82,82,82,82,82,82,82,82,82,82,82,82,82,82,82,82,82,87,87,87,87,87,87,87,87,87,87,87,87,87,87,87,87],"relic_stats":{"Happy Flower":[12],"counters":[16,64],"Bronze Scales":[151],"Orichalcum":[108],"obtain_stats":[{"hermit:ClaspedLocket":17,"Happy Flower":12,"Bronze Scales":4,"aspiration:PoetsPen_weak":7,"Guardian:PocketSentry":14,"aspiration:Stabinomicon":30,"aspiration:SeaSaltIceCream":7,"Orichalcum":10,"hermit:Momento":0,"Toy Ornithopter":26},{"hermit:ClaspedLocket":8,"Happy Flower":7,"Bronze Scales":2,"aspiration:PoetsPen_weak":4,"Guardian:PocketSentry":7,"aspiration:Stabinomicon":14,"aspiration:SeaSaltIceCream":4,"Orichalcum":5,"hermit:Momento":0,"Toy Ornithopter":12},{"hermit:ClaspedLocket":33,"Happy Flower":27,"Bronze Scales":8,"aspiration:PoetsPen_weak":16,"Guardian:PocketSentry":27,"aspiration:Stabinomicon":55,"aspiration:SeaSaltIceCream":16,"Orichalcum":20,"hermit:Momento":0,"Toy Ornithopter":46}],"Toy Ornithopter":15},"card_choices":[{"not_picked":["hermit:Midnight","hermit:Manifest"],"picked":"hermit:Combo","floor":1},{"not_picked":["hermit:Quickdraw","hermit:GoldenBullet"],"picked":"hermit:Ricochet","floor":3},{"not_picked":["hermit:Misfire","hermit:Combo"],"picked":"hermit:EyeOfTheStorm","floor":5},{"not_picked":["hermit:BodyArmor","hermit:Virtue"],"picked":"hermit:LoneWolf","floor":7},{"not_picked":["hermit:HeroicBravado","hermit:HighCaliber"],"picked":"hermit:Horror","floor":10},{"not_picked":["hermit:Quickdraw","hermit:HighCaliber"],"picked":"hermit:TakeAim","floor":11},{"not_picked":["hermit:Showdown","hermit:LowProfile"],"picked":"hermit:Headshot","floor":12},{"not_picked":["hermit:HeroicBravado","hermit:Dissolve"],"picked":"hermit:HighNoon","floor":16},{"not_picked":["hermit:Desperado","hermit:CalledShot"],"picked":"hermit:Deadeye","floor":18},{"not_picked":["hermit:BodyArmor+1","hermit:Cheat"],"picked":"hermit:Grudge+1","floor":21},{"not_picked":["hermit:Coalescence","hermit:WideOpen","hermit:TakeCover+1"],"picked":"SKIP","floor":22},{"not_picked":["hermit:Headshot+1","hermit:Maintenance"],"picked":"hermit:Dive+1","floor":25},{"not_picked":["hermit:BodyArmor","hermit:HighCaliber+1","hermit:Grudge+1"],"picked":"SKIP","floor":27},{"not_picked":["hermit:PistolWhip+1","hermit:TrackingShot+1"],"picked":"hermit:Maintenance","floor":29},{"not_picked":["hermit:RoundhouseKick","hermit:LowProfile","hermit:SprayPray"],"picked":"SKIP","floor":31}],"player_experience":772191,"relics_obtained":[{"floor":7,"key":"aspiration:SeaSaltIceCream"},{"floor":10,"key":"Orichalcum"},{"floor":12,"key":"Happy Flower"},{"floor":26,"key":"Toy Ornithopter"},{"floor":30,"key":"aspiration:Stabinomicon"}],"event_choices":[{"damage_healed":0,"gold_gain":0,"player_choice":"Leave","damage_taken":0,"max_hp_gain":0,"max_hp_loss":0,"event_name":"The Cleric","floor":2,"gold_loss":0},{"damage_healed":0,"gold_gain":0,"player_choice":"Success","damage_taken":18,"relics_obtained":["Bronze Scales"],"max_hp_gain":0,"max_hp_loss":0,"event_name":"Scrap Ooze","floor":4,"gold_loss":0},{"damage_healed":0,"gold_gain":0,"player_choice":"Searched \u00272\u0027 times","damage_taken":0,"max_hp_gain":0,"max_hp_loss":0,"event_name":"Dead Adventurer","floor":7,"gold_loss":0},{"damage_healed":0,"gold_gain":0,"player_choice":"Shed Blood","damage_taken":21,"max_hp_gain":5,"max_hp_loss":0,"event_name":"Forgotten Altar","floor":19,"gold_loss":0},{"damage_healed":0,"gold_gain":99,"player_choice":"Stole From Cult","damage_taken":0,"max_hp_gain":0,"max_hp_loss":0,"event_name":"Nest","floor":20,"gold_loss":0},{"damage_healed":0,"gold_gain":0,"player_choice":"Read","damage_taken":0,"max_hp_gain":0,"max_hp_loss":0,"event_name":"The Library","floor":23,"gold_loss":0,"cards_obtained":["hermit:Maintenance"]},{"damage_healed":0,"gold_gain":0,"player_choice":"Obtained Book","damage_taken":16,"max_hp_gain":0,"max_hp_loss":0,"event_name":"Cursed Tome","floor":30,"gold_loss":0}],"is_beta":false,"boss_relics":[{"not_picked":["Tiny House","energizedSpire:SpiderWeb"],"picked":"hermit:ClaspedLocket"}],"items_purged_floors":[],"is_endless":false,"potions_floor_spawned":[1,7,12,21,22,31],"killed_by":"Automaton","ascension_level":0}}