{"host":"709gjpjg43u3i5a8","time":1611253783,"event":{"mods":["Act Like it!","BaseMod","Colored Map","Colored Powertips","Downfall","Duelist Mod","Gensokyo","GifTheSpireLib","Hallownest","Hermit","Hubris","Infinite Spire","Koishi","Marisa????????","Minty Spire (QoL Compilation)","Remilia??????","Shop Mod","StSLib","Td1madao Mod","The Administrix","The Animator","The Bug Knight","The Construct","The Cursed","The Disciple","The Hierophant","The Jungle","The Necromancer","The Poker Player","The Runesmith","The Servant 0.9.4"],"gold_per_floor":[142,142,317,333,333,362,375,406,430,22,51,51,65,82,82,183,183,199,199,211,211,211,246,246,290,315,344,344,344,364,364,364,477,477,491,491,600,622,275,313,322,331,331],"floor_reached":42,"language":"ENG","playtime":3158,"items_purged":["Doubt","theDuelist:VampireCurse"],"score":852,"play_id":"e6fb90b3-c2a5-40a4-b6a8-20ce320a9952","local_time":"20210121112943","is_ascension_mode":true,"campfire_choices":[{"data":"theDuelist:IslandTurtle","floor":12,"key":"SMITH"},{"data":"theDuelist:LegendaryOcean","floor":15,"key":"SMITH"},{"data":"theDuelist:GiantTurtle","floor":24,"key":"SMITH"},{"data":"theDuelist:HumanoidSlime","floor":28,"key":"SMITH"},{"data":"theDuelist:GishkiMarker","floor":32,"key":"SMITH"}],"circlet_count":0,"master_deck":["theDuelist:SevenColoredFish","theDuelist:SevenColoredFish","theDuelist:AquaSpirit+1","theDuelist:CastleWalls+1","theDuelist:IslandTurtle+1","theDuelist:IslandTurtle","theDuelist:RevivalJam+1","theDuelist:StormSparks","theDuelist:AtlanteanHeavyInfantry","theDuelist:LegendaryOcean+1","theDuelist:GishkiMarker+1","theDuelist:CorrodingShark","theDuelist:IslandTurtle+1","theDuelist:GishkiAvance","theDuelist:TripodFish+1","theDuelist:GiantTurtle+1","theDuelist:IslandTurtle+1","theDuelist:GiantRedSeasnake+1","Envy_TH","theDuelist:GishkiBeast+1","theDuelist:NimbleAngler+1","theDuelist:HumanoidSlime+1","theDuelist:TripodFish","theDuelist:Monokeros+1","theDuelist:Monokeros+1","theDuelist:Monokeros","theDuelist:Monokeros+1","Parasite"],"relics":["theDuelist:MillenniumPuzzle","theDuelist:CardPoolRelic","theDuelist:CardPoolBasicRelic","theDuelist:BoosterPackPoolRelic","theDuelist:CardPoolAddRelic","theDuelist:CardPoolMinusRelic","theDuelist:CardPoolSaveRelic","theDuelist:CardPoolOptionsRelic","NeowsBlessing","hubris:Towel","infinitespire:Satchel","War Paint","Happy Flower","Bird Faced Urn","Gremlin Horn","construct:WeddingRing","theDuelist:DuelistTeaSet","theDuelist:ZoneToken","CeramicFish","Tiny Chest","theDuelist:GoldenSail","theDuelist:ElectricKey","hubris:BundleOfHerbs","theDuelist:MillenniumCoin","theDuelist:YugiMirror","HollowMod:StagPassRelic"],"acts_visited":["Exordium","TheCity","TheBeyond"],"potions_floor_usage":[42,42],"damage_taken":[{"damage":0,"enemies":"Small Slimes","floor":1,"turns":1},{"damage":0,"enemies":"Jaw Worm","floor":4,"turns":1},{"damage":0,"enemies":"3 Sentries","floor":6,"turns":1},{"damage":0,"enemies":"2 Louse","floor":7,"turns":2},{"damage":18,"enemies":"Gremlin Nob","floor":8,"turns":4},{"damage":14,"enemies":"3 Sentries","floor":11,"turns":4},{"damage":0,"enemies":"Looter","floor":13,"turns":3},{"damage":0,"enemies":"Blue Slaver","floor":14,"turns":1},{"damage":13,"enemies":"Slime Boss","floor":16,"turns":5},{"damage":14,"enemies":"Shell Parasite","floor":18,"turns":4},{"damage":9,"enemies":"Centurion and Healer","floor":20,"turns":6},{"damage":0,"enemies":"theDuelist:KaibaA2","floor":23,"turns":3},{"damage":0,"enemies":"HollowMod:Nosk","floor":25,"turns":3},{"damage":0,"enemies":"Snake Plant","floor":27,"turns":2},{"damage":2,"enemies":"Snecko","floor":30,"turns":4},{"damage":0,"enemies":"Collector","floor":33,"turns":7},{"damage":0,"enemies":"Orb Walker","floor":35,"turns":4},{"damage":51,"enemies":"3 Darklings","floor":38,"turns":5},{"damage":9,"enemies":"Reptomancer","floor":40,"turns":6},{"damage":33,"enemies":"Writhing Mass","floor":42,"turns":4}],"seed_played":"8583563749897372810","potions_obtained":[{"floor":1,"key":"theDuelist:DebuffFuryPotion"},{"floor":8,"key":"theDuelist:BurningPotion"},{"floor":13,"key":"theDuelist:BurningPotion"}],"is_trial":false,"path_per_floor":["M","?","?","M","?","E","M","E","T","$","E","R","M","M","R","B",null,"M","?","M","?","?","E","R","E","T","M","R","T","M","?","R","B",null,"M","T","?","M","$","E","?","M"],"character_chosen":"THE_DUELIST","items_purchased":["theDuelist:GishkiAvance","Bird Faced Urn","theDuelist:YugiMirror"],"campfire_rested":0,"item_purchase_floors":[10,10,39],"current_hp_per_floor":[80,64,64,64,64,64,64,46,46,46,34,34,36,36,36,25,80,66,66,59,59,59,61,61,63,63,65,65,65,65,65,65,69,80,80,80,80,33,33,28,28,0,0],"gold":331,"neow_bonus":"THREE_ENEMY_KILL","is_daily":false,"chose_seed":false,"campfire_upgraded":5,"win_rate":0.0,"timestamp":1611253783,"path_taken":["M","?","?","M","?","E","M","E","T","$","E","R","M","M","R","BOSS","M","?","M","?","?","E","R","E","T","M","R","?","?","?","R","BOSS","M","?","?","M","?","E","?","M"],"items_purchased_type":["Card","Relic","Relic"],"build_version":"2020-12-22","purchased_purges":2,"victory":false,"max_hp_per_floor":[80,80,80,80,80,80,80,80,80,80,80,80,80,80,80,80,80,80,80,80,80,80,80,80,80,80,80,80,80,80,80,80,80,80,80,80,80,80,80,80,80,80,80],"card_choices":[{"not_picked":["theDuelist:TerrorkingSalmon","theDuelist:DrillBarnacle"],"picked":"theDuelist:AtlanteanHeavyInfantry","floor":1},{"not_picked":["theDuelist:WaterHazard","theDuelist:SharkStickers","theDuelist:CyberShark","theDuelist:AegisOceanDragon"],"picked":"theDuelist:LegendaryOcean","floor":4},{"not_picked":["theDuelist:BlizzardDefender","theDuelist:HammerShot","theDuelist:LightningVortex","theDuelist:GilfordLegend"],"picked":"theDuelist:GishkiMarker","floor":6},{"not_picked":["theDuelist:WhiteAuraWhale","theDuelist:HighTideGyojin","theDuelist:GemKnightAmethyst","theDuelist:AquaactressArowana"],"picked":"theDuelist:CorrodingShark","floor":7},{"not_picked":["theDuelist:GraydleSlimeJr","theDuelist:AbyssWarrior","theDuelist:GraydleSlime","theDuelist:SevenColoredFish"],"picked":"theDuelist:IslandTurtle","floor":8},{"not_picked":["theDuelist:SpikedGillman+1","theDuelist:AtlanteanAttackSquad+1"],"picked":"theDuelist:TripodFish+1","floor":11},{"not_picked":["theDuelist:GraydleDragon","theDuelist:FishRain","theDuelist:CatShark","theDuelist:BoulderTortoise","theDuelist:GishkiReliever"],"picked":"SKIP","floor":13},{"not_picked":["theDuelist:Boneheimer","theDuelist:GraydleCombat","theDuelist:GraydleAlligator","theDuelist:CallAtlanteans"],"picked":"theDuelist:GiantTurtle","floor":14},{"not_picked":["theDuelist:GishkiPsychelone","theDuelist:EvigishkiLevianima","theDuelist:ColdEnchanter","theDuelist:AquaactressArowana"],"picked":"theDuelist:SeaLordAmulet","floor":16},{"not_picked":["theDuelist:OhFish","theDuelist:LiquidBeast","theDuelist:DeepseaShark","theDuelist:BlizzardThunderbird"],"picked":"theDuelist:IslandTurtle+1","floor":18},{"not_picked":["theDuelist:AquaactressTetra","theDuelist:GraydleCobra","theDuelist:Hyosube","theDuelist:SplashCapture+1"],"picked":"theDuelist:GiantRedSeasnake","floor":20},{"not_picked":["theDuelist:GraydleSlime","theDuelist:CatShark","theDuelist:FishSwaps","theDuelist:BlizzardThunderbird"],"picked":"theDuelist:GishkiBeast+1","floor":23},{"not_picked":["theDuelist:CannonballSpearShellfish","theDuelist:GraydleCobra","theDuelist:AmphibiousBugroth","theDuelist:Submarineroid"],"picked":"theDuelist:NimbleAngler+1","floor":25},{"not_picked":["theDuelist:MermaidKnight","theDuelist:AbyssalKingshark","theDuelist:GraydleAlligator+1","theDuelist:LeviairSeaDragon"],"picked":"theDuelist:HumanoidSlime","floor":27},{"not_picked":["theDuelist:HyperancientShark+1","theDuelist:GraydleSlime","theDuelist:Cryomancer","theDuelist:CitadelWhale","theDuelist:TorrentialTribute"],"picked":"SKIP","floor":30},{"not_picked":["theDuelist:MorayGreed","theDuelist:EvigishkiLevianima","theDuelist:ColdEnchanter","theDuelist:AtlanteanAttackSquad"],"picked":"theDuelist:TripodFish","floor":33},{"not_picked":["theDuelist:LightningVortex","theDuelist:BlizzardDefender+1","theDuelist:Fissure+1","theDuelist:HammerShot+1","theDuelist:GilfordLegend+1"],"picked":"SKIP","floor":35},{"not_picked":["theDuelist:SplashCapture+1","theDuelist:MermailAbyssalacia","theDuelist:LostBlueBreaker+1","theDuelist:EvigishkiLevianima+1"],"picked":"theDuelist:Monokeros+1","floor":38},{"not_picked":["theDuelist:AquaactressTetra","theDuelist:Submarineroid+1","theDuelist:NightmarePenguin+1","theDuelist:FishborgArcher"],"picked":"theDuelist:Monokeros","floor":40}],"player_experience":517633,"relics_obtained":[{"floor":6,"key":"infinitespire:Satchel"},{"floor":8,"key":"War Paint"},{"floor":9,"key":"Happy Flower"},{"floor":11,"key":"Gremlin Horn"},{"floor":23,"key":"theDuelist:ZoneToken"},{"floor":25,"key":"CeramicFish"},{"floor":26,"key":"Tiny Chest"},{"floor":29,"key":"theDuelist:GoldenSail"},{"floor":36,"key":"hubris:BundleOfHerbs"},{"floor":40,"key":"HollowMod:StagPassRelic"}],"event_choices":[{"damage_healed":0,"gold_gain":0,"player_choice":"Entered Light","damage_taken":16,"max_hp_gain":0,"max_hp_loss":0,"event_name":"Shining Light","floor":2,"gold_loss":0,"cards_upgraded":["theDuelist:AquaSpirit","theDuelist:IslandTurtle"]},{"damage_healed":0,"gold_gain":175,"player_choice":"AGREE","damage_taken":0,"max_hp_gain":0,"max_hp_loss":0,"event_name":"Liars Game","floor":3,"gold_loss":0,"cards_obtained":["Doubt"]},{"damage_healed":0,"gold_gain":0,"player_choice":"Opened","damage_taken":0,"relics_obtained":["theDuelist:DuelistTeaSet"],"max_hp_gain":0,"max_hp_loss":0,"event_name":"The Mausoleum","floor":19,"gold_loss":0},{"damage_healed":0,"gold_gain":0,"player_choice":"Leave","duelist":true,"damage_taken":0,"max_hp_gain":0,"max_hp_loss":0,"event_name":"Tomb of the Nameless","floor":31,"gold_loss":0},{"damage_healed":0,"gold_gain":0,"player_choice":"Took item - Received: Millennium Coin","duelist":true,"damage_taken":0,"max_hp_gain":0,"max_hp_loss":0,"event_name":"Millennium Items","floor":37,"gold_loss":0},{"damage_healed":0,"gold_gain":0,"player_choice":"Copied","damage_taken":0,"max_hp_gain":0,"max_hp_loss":0,"event_name":"Duplicator","floor":41,"gold_loss":0,"cards_obtained":["theDuelist:Monokeros"]}],"is_beta":false,"boss_relics":[{"not_picked":["hubris:Backtick","hubris:BlackHole"],"picked":"construct:WeddingRing"},{"not_picked":["Philosopher\u0027s Stone","Runic Pyramid"],"picked":"theDuelist:ElectricKey"}],"items_purged_floors":[10,39],"is_endless":false,"potions_floor_spawned":[1,8,13,14,16,18,25,30,35,38],"killed_by":"Writhing Mass","ascension_level":3}}