{"host":"lh9qfzqeqctr28d2","time":1611226503,"event":{"mods":["BaseMod","Luminous","Minty Spire (QoL Compilation)","Quick Restart","Relic Stats","Remilia£®¿Ÿ√◊¿Ú—«£©","Replay The Spire","StSLib","Yakumo Yukari mod"],"gold_per_floor":[117,292,318,318,331,331,357,373,373,448,228,228,328,278,278,278,278],"floor_reached":16,"language":"ZHS","playtime":437,"items_purged":["Doubt"],"score":98,"play_id":"13839c3b-9091-42e9-b732-dbaf753218e3","local_time":"20210121185503","is_ascension_mode":false,"campfire_choices":[{"data":"Luminous:Lunar_Tide_Luminous","floor":6,"key":"SMITH"},{"floor":15,"key":"REST"}],"circlet_count":0,"master_deck":["Luminous:Light_Flash_Shower","Luminous:Light_Flash_Shower","Luminous:Light_Flash_Shower","Luminous:Dark_Abyssal_Drop","Luminous:Dark_Abyssal_Drop","Luminous:Dark_Abyssal_Drop+1","Luminous:Defend_Luminous","Luminous:Defend_Luminous","Luminous:Defend_Luminous","Luminous:Defend_Luminous","Luminous:Switch_Luminous","Luminous:Dark_Morning_Star","Luminous:Dark_Raid","Luminous:Lunar_Tide_Luminous+1","Luminous:Mana_Well_Luminous","Luminous:Dark_Dim_Erosion"],"relics":["Luminous:MirrorRelic","NeowsBlessing","Omamori","WingedGreaves","Juzu Bracelet","Replay:WaspNest"],"acts_visited":["Exordium"],"potions_floor_usage":[8,16],"damage_taken":[{"damage":0,"enemies":"Jaw Worm","floor":1,"turns":1},{"damage":0,"enemies":"Cultist","floor":4,"turns":1},{"damage":0,"enemies":"2 Louse","floor":5,"turns":1},{"damage":31,"enemies":"3 Sentries","floor":7,"turns":9},{"damage":26,"enemies":"Exordium Wildlife","floor":8,"turns":8},{"damage":34,"enemies":"The Guardian","floor":16,"turns":4}],"seed_played":"5486139354658157267","potions_obtained":[{"floor":1,"key":"Fire Potion"},{"floor":5,"key":"Toxic Potion"}],"is_trial":false,"path_per_floor":["M","?","T","M","M","R","E","M","T","?","$","?","?","?","R","B"],"character_chosen":"LuminousClass","items_purchased":["Juzu Bracelet"],"campfire_rested":1,"item_purchase_floors":[11],"current_hp_per_floor":[75,75,75,75,75,75,44,18,18,7,7,7,7,7,29,0,0],"gold":278,"neow_bonus":"THREE_ENEMY_KILL","is_daily":false,"chose_seed":false,"campfire_upgraded":1,"win_rate":0.0,"timestamp":1611226503,"path_taken":["M","?","?","?","M","R","E","M","T","?","?","?","?","?","R","BOSS"],"items_purchased_type":["Relic"],"build_version":"2020-12-22","purchased_purges":1,"victory":false,"max_hp_per_floor":[75,75,75,75,75,75,75,75,75,75,75,75,75,75,75,75,75],"relic_stats":{"counters":[6,24],"Juzu Bracelet":1,"obtain_stats":[{"NeowsBlessing":0,"WingedGreaves":9,"Replay:WaspNest":14,"Luminous:MirrorRelic":0,"Omamori":7,"Juzu Bracelet":11},{"NeowsBlessing":0,"WingedGreaves":5,"Replay:WaspNest":5,"Luminous:MirrorRelic":0,"Omamori":4,"Juzu Bracelet":5},{"NeowsBlessing":0,"WingedGreaves":20,"Replay:WaspNest":20,"Luminous:MirrorRelic":0,"Omamori":12,"Juzu Bracelet":20}]},"card_choices":[{"not_picked":["Luminous:Light_Glare","Luminous:Dark_Dim_Erosion"],"picked":"Luminous:Dark_Morning_Star","floor":1},{"not_picked":["Luminous:Magic_Guard_Luminous","Luminous:Darkness_Mastery_Luminous"],"picked":"Luminous:Dark_Raid","floor":4},{"not_picked":["Luminous:Concentrate_Luminous","Luminous:Light_Glare"],"picked":"Luminous:Lunar_Tide_Luminous","floor":5},{"not_picked":["Luminous:Dark_Raid","Luminous:Tune_Luminous"],"picked":"Luminous:Mana_Well_Luminous","floor":7},{"not_picked":["Luminous:Dark_Raid","Luminous:Light_Disperse"],"picked":"Luminous:Dark_Dim_Erosion","floor":8}],"player_experience":452353,"relics_obtained":[{"floor":7,"key":"Omamori"},{"floor":9,"key":"WingedGreaves"}],"event_choices":[{"damage_healed":0,"gold_gain":175,"player_choice":"AGREE","damage_taken":0,"max_hp_gain":0,"max_hp_loss":0,"event_name":"Liars Game","floor":2,"gold_loss":0,"cards_obtained":["Doubt"]},{"damage_healed":0,"gold_gain":75,"player_choice":"Gather Gold","damage_taken":11,"max_hp_gain":0,"max_hp_loss":0,"event_name":"World of Goop","floor":10,"gold_loss":0},{"damage_healed":0,"gold_gain":100,"player_choice":"Pray","damage_taken":0,"max_hp_gain":0,"max_hp_loss":0,"event_name":"Golden Shrine","floor":13,"gold_loss":0},{"damage_healed":0,"gold_gain":0,"player_choice":"Paid Gold","damage_taken":0,"relics_obtained":["Replay:WaspNest"],"max_hp_gain":0,"max_hp_loss":0,"event_name":"WeMeetAgain","floor":14,"gold_loss":50}],"is_beta":false,"boss_relics":[],"items_purged_floors":[11],"is_endless":false,"potions_floor_spawned":[1,5],"killed_by":"The Guardian","ascension_level":0}}