{"host":"xp5rvh2jwe2ejyfm","time":1611234208,"event":{"mods":["BaseMod","Downfall","Hermit","Minty Spire (QoL Compilation)","Robot Space Explorer","StSLib","The Clintock","The Construct","The Cursed","The Disciple","The Forsaken","The Hierophant","The Runesmith"],"gold_per_floor":[99,111,122,122,139,158,236,268,68,88,3,3,3,23,41,141,141,141,141,31,45,57,74,74,85,85,85,97,0,20,20,39,39,39,39],"floor_reached":33,"language":"ENG","playtime":1472,"items_purged":[],"score":253,"play_id":"d5ac769a-0da7-4f5d-bc42-fb1078506362","local_time":"20210121080328","is_ascension_mode":false,"campfire_choices":[{"floor":1,"key":"RECALL"},{"floor":9,"key":"REST"},{"data":"bronze:Shell","floor":13,"key":"SMITH"},{"data":"bronze:WhirlingStrike","floor":18,"key":"SMITH"},{"floor":27,"key":"REST"}],"circlet_count":0,"master_deck":["bronze:Strike","bronze:Strike","bronze:Strike","bronze:Strike","bronze:Defend","bronze:Defend","bronze:Defend","bronze:Replicate","bronze:Goto+1","Blind+1","bronze:FineTuning","bronze:Boost","bronze:FollowUp","bronze:WhirlingStrike+1","bronze:Shell+1","bronze:Deprecate","bronze:Allocate","bronze:MaxOutput","bronze:BuggyMess","bronze:WhirlingStrike","bronze:CleanCode","Writhe","bronze:WhirlingStrike+1","expansioncontent:AwakenDeath","bronze:WildBeam+1","bronze:DelayedSlice","bronze:Flail+1","bronze:OilSpill","bronze:Flail+1","bronze:OilSpill","bronze:Repair+1","bronze:Branch","bronze:Mutator","bronze:GetLatest+1"],"relics":["bronze:BronzeCore","construct:FoamFinger","War Paint","downfall:HeartBlessingRed","downfall:HeartBlessingGreen","Blood Vial","theForsaken:PaleLantern","StrikeDummy","Toxic Egg 2","bronze:BottledCode"],"acts_visited":["Exordium","TheCity"],"potions_floor_usage":[8,16,22,23,29,33],"damage_taken":[{"damage":1,"enemies":"Jaw Worm","floor":2,"turns":5},{"damage":0,"enemies":"2 Louse","floor":3,"turns":3},{"damage":0,"enemies":"Small Slimes","floor":5,"turns":4},{"damage":7,"enemies":"Exordium Thugs","floor":6,"turns":4},{"damage":18,"enemies":"Lagavulin","floor":8,"turns":7},{"damage":3,"enemies":"Large Slime","floor":10,"turns":5},{"damage":0,"enemies":"downfall:FleeingMerchant","floor":11,"turns":4},{"damage":0,"enemies":"2 Fungi Beasts","floor":14,"turns":3},{"damage":7,"enemies":"Exordium Wildlife","floor":15,"turns":3},{"damage":44,"enemies":"SI_SHIV_ARCHETYPE","floor":16,"turns":8},{"damage":0,"enemies":"downfall:FleeingMerchant","floor":20,"turns":4},{"damage":12,"enemies":"Chosen","floor":21,"turns":4},{"damage":19,"enemies":"Shell Parasite","floor":22,"turns":6},{"damage":24,"enemies":"Chosen and Byrds","floor":23,"turns":6},{"damage":10,"enemies":"Cultist and Chosen","floor":25,"turns":4},{"damage":15,"enemies":"Snake Plant","floor":28,"turns":3},{"damage":12,"enemies":"downfall:FleeingMerchant","floor":29,"turns":4},{"damage":11,"enemies":"Centurion and Healer","floor":30,"turns":3},{"damage":4,"enemies":"Shelled Parasite and Fungi","floor":32,"turns":3},{"damage":23,"enemies":"IC_MUSHROOM_ARCHETYPE","floor":33,"turns":1}],"seed_played":"8005394637260049892","potions_obtained":[{"floor":3,"key":"AttackPotion"},{"floor":5,"key":"FearPotion"},{"floor":10,"key":"Guardian:BlockOnCardUsePotion"},{"floor":15,"key":"GamblersBrew"},{"floor":16,"key":"PowerPotion"},{"floor":21,"key":"AttackPotion"},{"floor":30,"key":"CultistPotion"},{"floor":32,"key":"SteroidPotion"}],"is_trial":false,"path_per_floor":["R","M","M","?","M","M","T","E","R","M","$","?","R","M","M","B",null,"R","?","$","M","M","M","T","M","?","R","M","$","M","?","M","B"],"character_chosen":"THE_AUTOMATON","items_purchased":["bronze:MaxOutput","expansioncontent:AwakenDeath","bronze:Repair+1"],"campfire_rested":2,"item_purchase_floors":[11,20,29],"current_hp_per_floor":[70,69,69,69,69,62,62,44,65,62,62,55,55,57,52,10,70,70,70,70,58,41,19,19,11,11,29,16,6,20,20,18,0,0,0],"gold":39,"neow_bonus":"RANDOM_COLORLESS","is_daily":false,"chose_seed":false,"campfire_upgraded":2,"win_rate":0.0,"timestamp":1611234208,"path_taken":["R","M","M","?","M","M","T","E","R","M","$","?","R","M","M","BOSS","R","?","$","M","M","M","T","M","?","R","M","$","M","?","M","BOSS"],"items_purchased_type":["Card","Card","Card"],"build_version":"2020-12-22","purchased_purges":0,"victory":false,"max_hp_per_floor":[70,70,70,70,70,70,70,70,70,70,70,70,70,70,70,70,70,70,70,70,70,70,70,70,70,60,60,60,60,60,60,60,60,60,60],"card_choices":[{"not_picked":["Good Instincts","Flash of Steel"],"picked":"Blind","floor":0},{"not_picked":["bronze:DigitalCarnage","bronze:DarkDash"],"picked":"bronze:FineTuning","floor":2},{"not_picked":["bronze:CutThrough","bronze:Turbo"],"picked":"bronze:Boost","floor":3},{"not_picked":["bronze:Turbo","bronze:Deprecate"],"picked":"bronze:FollowUp","floor":5},{"not_picked":["bronze:FollowUp","bronze:CutThrough"],"picked":"bronze:WhirlingStrike","floor":6},{"not_picked":["bronze:Frontload","bronze:CutThrough"],"picked":"bronze:Shell","floor":8},{"not_picked":["bronze:BitShift","bronze:WildBeam"],"picked":"bronze:Deprecate","floor":10},{"not_picked":["bronze:CutThrough","bronze:Frontload"],"picked":"bronze:Allocate","floor":11},{"not_picked":["bronze:BronzeArmor","bronze:WhirlingStrike"],"picked":"bronze:BuggyMess","floor":14},{"not_picked":["bronze:ShipIt","bronze:Return"],"picked":"bronze:WhirlingStrike","floor":15},{"not_picked":["bronze:Assembly","bronze:ThunderWave"],"picked":"bronze:CleanCode","floor":16},{"not_picked":["bronze:Backtrace","bronze:DelayedGuard"],"picked":"bronze:WhirlingStrike+1","floor":20},{"not_picked":["bronze:Deprecate","bronze:BronzeArmor"],"picked":"bronze:WildBeam+1","floor":21},{"not_picked":["bronze:Iterate","bronze:Shell"],"picked":"bronze:DelayedSlice","floor":22},{"not_picked":["bronze:Frontload+1","bronze:DarkDash"],"picked":"bronze:Flail+1","floor":23},{"not_picked":["bronze:Overheat","bronze:CloningBeam+1"],"picked":"bronze:OilSpill","floor":25},{"not_picked":["bronze:Overheat","bronze:CutThrough"],"picked":"bronze:Flail+1","floor":28},{"not_picked":["bronze:Boost+1","bronze:Shield+1"],"picked":"bronze:OilSpill","floor":29},{"not_picked":["bronze:Overheat+1","bronze:ForceShield+1"],"picked":"bronze:Branch","floor":30},{"not_picked":["bronze:DelayedGuard+1","bronze:RecursiveStrike"],"picked":"bronze:GetLatest+1","floor":32}],"player_experience":281811,"relics_obtained":[{"floor":7,"key":"construct:FoamFinger"},{"floor":8,"key":"War Paint"},{"floor":24,"key":"Toxic Egg 2"}],"event_choices":[{"damage_healed":0,"gold_gain":0,"player_choice":"Success","damage_taken":7,"relics_obtained":["Blood Vial"],"max_hp_gain":0,"max_hp_loss":0,"event_name":"Scrap Ooze","floor":12,"gold_loss":0}],"is_beta":false,"boss_relics":[{"not_picked":["Busted Crown","Sozu"],"picked":"theForsaken:PaleLantern"}],"items_purged_floors":[],"is_endless":false,"potions_floor_spawned":[3,5,10,15,16,21,30,32],"killed_by":"IC_MUSHROOM_ARCHETYPE","ascension_level":0}}