{"host":"x205naxbihvu3p76","time":1611210689,"event":{"mods":["AchievementEnabler","BaseMod","Minty Spire (QoL Compilation)","StSLib","SuperFastMode"],"gold_per_floor":[117,135,135,145,155,155,172,172,172,188,199,73,88,98,98,98,98],"floor_reached":16,"language":"KOR","playtime":373,"items_purged":["Defend_B"],"score":196,"play_id":"e4fdb44f-8031-4a99-ae51-71a2b1c126dd","local_time":"20210121153129","is_ascension_mode":true,"campfire_choices":[{"data":"Zap","floor":6,"key":"SMITH"},{"floor":8,"key":"REST"},{"data":"Barrage","floor":15,"key":"SMITH"}],"circlet_count":0,"master_deck":["AscendersBane","Strike_B","Strike_B","Strike_B","Defend_B","Defend_B","Defend_B","Zap+1","Dualcast","Core Surge","Chill","FTL","Glacier","Self Repair","Conserve Battery","Chill","Barrage+1","Electrodynamics"],"relics":["Cracked Core","Meat on the Bone"],"acts_visited":["Exordium"],"potions_floor_usage":[1,16,16],"damage_taken":[{"damage":0,"enemies":"2 Louse","floor":1,"turns":2},{"damage":1,"enemies":"Cultist","floor":2,"turns":3},{"damage":3,"enemies":"Small Slimes","floor":4,"turns":3},{"damage":3,"enemies":"Red Slaver","floor":5,"turns":5},{"damage":17,"enemies":"Exordium Thugs","floor":7,"turns":6},{"damage":0,"enemies":"2 Fungi Beasts","floor":10,"turns":3},{"damage":1,"enemies":"Blue Slaver","floor":11,"turns":3},{"damage":7,"enemies":"Exordium Thugs","floor":13,"turns":4},{"damage":0,"enemies":"3 Louse","floor":14,"turns":4},{"damage":68,"enemies":"Hexaghost","floor":16,"turns":11}],"seed_played":"-7735671046364660979","potions_obtained":[{"floor":1,"key":"Fruit Juice"},{"floor":2,"key":"EssenceOfSteel"},{"floor":10,"key":"PotionOfCapacity"}],"is_trial":false,"path_per_floor":["M","M","?","M","M","R","M","R","T","M","M","$","M","M","R","B"],"character_chosen":"DEFECT","items_purchased":["Barrage"],"campfire_rested":1,"item_purchase_floors":[12],"current_hp_per_floor":[51,50,50,47,44,44,27,49,49,56,55,55,55,62,62,0,0],"gold":98,"neow_bonus":"THREE_RARE_CARDS","is_daily":false,"chose_seed":false,"campfire_upgraded":2,"win_rate":0.0,"timestamp":1611210689,"path_taken":["M","M","?","M","M","R","M","R","T","?","M","$","M","M","R","BOSS"],"items_purchased_type":["Card"],"build_version":"2020-12-22","purchased_purges":1,"victory":false,"max_hp_per_floor":[76,76,76,76,76,76,76,76,76,76,76,76,76,76,76,76,76],"card_choices":[{"not_picked":["Fission","Meteor Strike"],"picked":"Core Surge","floor":0},{"not_picked":["Doom and Gloom","Beam Cell"],"picked":"Chill","floor":1},{"not_picked":["Conserve Battery","Gash"],"picked":"FTL","floor":2},{"not_picked":["Streamline","Cold Snap"],"picked":"Glacier","floor":4},{"not_picked":["Lockon","Beam Cell","Streamline"],"picked":"SKIP","floor":5},{"not_picked":["Stack","Rip and Tear"],"picked":"Self Repair","floor":7},{"not_picked":["Rebound","Hologram"],"picked":"Conserve Battery","floor":10},{"not_picked":["Hologram","Turbo"],"picked":"Chill","floor":11},{"not_picked":["FTL","Coolheaded"],"picked":"Electrodynamics","floor":13},{"not_picked":["Force Field","Aggregate","Stack"],"picked":"SKIP","floor":14}],"player_experience":990444,"relics_obtained":[{"floor":9,"key":"Meat on the Bone"}],"event_choices":[{"cards_removed":["Strike_B"],"damage_healed":0,"gold_gain":0,"player_choice":"Purged","damage_taken":0,"max_hp_gain":0,"max_hp_loss":0,"event_name":"Purifier","floor":3,"gold_loss":0}],"is_beta":false,"boss_relics":[],"items_purged_floors":[12],"is_endless":false,"potions_floor_spawned":[1,2,10,11],"killed_by":"Hexaghost","ascension_level":20}}