{"host":"rjfefv2ruvigm2gb","time":1611246974,"event":{"mods":["A Penny For Your Troubles","Act Like it!","AlwaysNeverKeys","BaseMod","Block Reminder","Conspire","Curses Come First","Dark Map","Displayed Cursed Tome","Elementarium","Evolution","Fox Events","Gensokyo","Gold Saver","Googly Eyes","Hermit","HexUI Lib","Hubris","Infinite Spire","JesterMod","Mad Scientist","Mimic Mod","Minty Spire (QoL Compilation)","Permanent Neow","Poor People Problems","Quick Restart","Relic Filter","Relic Stats","Replay The Spire","Shop Mod","StS++","StSLib","SuperFastMode","The Blue Laboratory","The Clintock","The Sage","TheHero","Virulent Crown","[GremlinLeader]The Maniac"],"gold_per_floor":[993,993,570,587,587,587,587,587,610,621,621,621,621,641,641,740,740,758,758,768,768,779,779,810,830,830,847,847,847,847,860,860,960,960,968,968,987,987,987,987,1016,1036,1082,1097,1097,1129,1193,1193,1193,1209,1209,1210,1210,1210,957,976,970,970],"floor_reached":57,"language":"ENG","playtime":4044,"items_purged":["Decay"],"score":793,"play_id":"c1c4a2d6-5442-4325-97d2-93b6e55bc1d7","local_time":"20210121103614","is_ascension_mode":false,"campfire_choices":[{"floor":6.0,"key":"REST"},{"data":"maniac:FoilArmor","floor":11.0,"key":"SMITH"},{"data":"maniac:AbyssShackle","floor":13.0,"key":"SMITH"},{"data":"maniac:SpectralKnives","floor":15.0,"key":"SMITH"},{"floor":23.0,"key":"REST"},{"floor":28.0,"key":"REST"},{"floor":32.0,"key":"REST"},{"data":"maniac:HammerStrike","floor":40.0,"key":"SMITH"},{"floor":51.0,"key":"REST"},{"data":"maniac:Deal","floor":54,"key":"SMITH"}],"circlet_count":0,"master_deck":["maniac:Strike","maniac:Strike","maniac:Strike","maniac:Strike","maniac:Strike","maniac:Defend","maniac:Defend+1","maniac:Defend","maniac:Defend","maniac:BurnBlood","maniac:AbyssShackle+1","maniac:ReconstructWounds+1","maniac:Confront","maniac:PanickyParry+1","maniac:FoilArmor+1","maniac:SpectralKnives+1","maniac:RallyToMe","maniac:Retrospect","maniac:ArmToTheTeeth+1","maniac:SeekerKnife","maniac:HammerStrike+1","maniac:Intimidate+1","maniac:Confront","maniac:Deal+1","maniac:WardAndDefend","maniac:Refine","maniac:SpectralKnives+1","maniac:Assassinate+1","maniac:ShelteringEdge","ReplayTheSpireMod:Splinters","maniac:Confront+1","maniac:GlassScratch","maniac:SeeingDetails+1"],"relics":["maniac:DamagedAnvil","maniac:BrokenHorn","EVO:Axolotl","Oddly Smooth Stone","Turnip","Bag of Preparation","Ring of Chaos","StSpp:WoodenPendulum","Strawberry","Meat on the Bone","hubris:Towel","hubris:VirtuousBlindfold","Counterbalance","hubris:Stopwatch","sagemod:Creepy_Carousel","ReplayTheSpireMod:TigerMarble","Bronze Scales","infinitespire:Broken Mirror","War Paint","Ginger"],"acts_visited":["Exordium","TheCity","TheBeyond","TheEnding"],"potions_floor_usage":[52,56,56,57,57],"damage_taken":[{"damage":7.0,"enemies":"Cultist","floor":1.0,"turns":5.0},{"damage":11.0,"enemies":"Jaw Worm","floor":4.0,"turns":2.0},{"damage":3.0,"enemies":"conspire:RoseBush","floor":10.0,"turns":2.0},{"damage":0.0,"enemies":"Large Slime","floor":14.0,"turns":7.0},{"damage":0.0,"enemies":"The Guardian","floor":16.0,"turns":9.0},{"damage":6.0,"enemies":"Shell Parasite","floor":18.0,"turns":5.0},{"damage":2.0,"enemies":"conspire:FuzzyDice","floor":20.0,"turns":7.0},{"damage":29.0,"enemies":"3 Cultists","floor":22.0,"turns":10.0},{"damage":75.0,"enemies":"Gremlin Leader","floor":24.0,"turns":16.0},{"damage":14.0,"enemies":"Centurion and Healer","floor":25.0,"turns":7.0},{"damage":10.0,"enemies":"Shelled Parasite and Fungi","floor":27.0,"turns":5.0},{"damage":0.0,"enemies":"3 Cultists","floor":31.0,"turns":7.0},{"damage":65.0,"enemies":"Automaton","floor":33.0,"turns":13.0},{"damage":8.0,"enemies":"3 Darklings","floor":35.0,"turns":5.0},{"damage":1.0,"enemies":"3 Shapes","floor":37.0,"turns":7.0},{"damage":4.0,"enemies":"conspire:MimicChest","floor":41.0,"turns":6.0},{"damage":17.0,"enemies":"Reptomancer","floor":42.0,"turns":10.0},{"damage":6.0,"enemies":"Maw","floor":44.0,"turns":7.0},{"damage":0.0,"enemies":"Giant Head","floor":46.0,"turns":6.0},{"damage":0.0,"enemies":"Transient","floor":50.0,"turns":5.0},{"damage":25,"enemies":"infinitespire:MassOfShapes","floor":52,"turns":8},{"damage":33,"enemies":"Shield and Spear","floor":56,"turns":8},{"damage":72,"enemies":"The Heart","floor":57,"turns":12}],"seed_played":"-7915578147834586267","potions_obtained":[{"floor":0.0,"key":"blueLaboratory:EmptyBottle"},{"floor":0.0,"key":"Strength Potion"},{"floor":0.0,"key":"blueLaboratory:BubblePotion"},{"floor":1.0,"key":"blueLaboratory:PhilterOfMotion"},{"floor":10.0,"key":"SpeedPotion"},{"floor":18.0,"key":"blueLaboratory:BubblePotion"},{"floor":27.0,"key":"EntropicBrew"},{"floor":31.0,"key":"Explosive Potion"},{"floor":37.0,"key":"blueLaboratory:FrostheartPotion"},{"floor":44.0,"key":"AttackPotion"},{"floor":47.0,"key":"Fire Potion"},{"floor":50.0,"key":"Explosive Potion"},{"floor":56,"key":"Ancient Potion"}],"is_trial":false,"path_per_floor":["M","?","$","M","?","R","?","?","T","M","R","?","R","M","R","B",null,"M","?","M","AVR","M","R","E","M","T","M","R","?","?","M","R","B",null,"M","?","M","AVR","?","R","?","E","T","M","?","E","?","PTL","PTL","M","R","B",null,"R","$","E","B"],"character_chosen":"THE_MANIAC","items_purchased":["Oddly Smooth Stone","Turnip","maniac:Confront","AttackPotion","blueLaboratory:PyrophylliteBrew","Swift Potion"],"campfire_rested":5,"item_purchase_floors":[3,3,3,55,55,55],"current_hp_per_floor":[73,73,73,62,62,80,80,80,80,77,77,77,77,80,80,80,80,80,80,80,80,56,80,12,13,13,25,51,51,51,66,87,44,87,79,79,87,87,87,87,83,71,71,65,65,65,65,65,65,65,87,72,87,87,87,54,0,0],"gold":970,"neow_bonus":"THREE_SMALL_POTIONS","is_daily":false,"chose_seed":false,"campfire_upgraded":5,"win_rate":0.0,"timestamp":1611246974,"path_taken":["M","?","$","M","?","R","?","?","T","?","R","?","R","M","R","BOSS","M","?","M","AVR","M","R","E","M","T","M","R","?","?","M","R","BOSS","M","?","M","AVR","?","R","?","E","T","M","?","E","?","PTL","PTL","M","R","BOSS","R","$","E","BOSS"],"items_purchased_type":["Relic","Relic","Card","Potion","Potion","Potion"],"build_version":"2020-12-22","purchased_purges":1,"victory":false,"max_hp_per_floor":[80,80,80,80,80,80,80,80,80,80,80,80,80,80,80,80,80,80,80,80,80,80,80,87,87,87,87,87,87,87,87,87,87,87,87,87,87,87,87,87,87,87,87,87,87,87,87,87,87,87,87,87,87,87,87,87,87,87],"relic_stats":{"counters":[23,169],"Bronze Scales":[180],"Turnip":[11],"Bag of Preparation":[42],"Ginger":[2],"War Paint":["maniac:ArmToTheTeeth","maniac:Defend"],"obtain_stats":[{"maniac:DamagedAnvil":0,"Counterbalance":38,"Oddly Smooth Stone":3,"StSpp:WoodenPendulum":21,"hubris:VirtuousBlindfold":34,"Ring of Chaos":17,"Bag of Preparation":9,"EVO:Axolotl":0,"Ginger":56,"hubris:Towel":29,"War Paint":47,"maniac:BrokenHorn":0,"infinitespire:Broken Mirror":46,"Strawberry":24,"hubris:Stopwatch":38,"Bronze Scales":43,"sagemod:Creepy_Carousel":41,"Turnip":3,"ReplayTheSpireMod:TigerMarble":42,"Meat on the Bone":26},{"maniac:DamagedAnvil":0,"Counterbalance":15,"Oddly Smooth Stone":1,"StSpp:WoodenPendulum":7,"hubris:VirtuousBlindfold":13,"Ring of Chaos":5,"Bag of Preparation":2,"EVO:Axolotl":0,"Ginger":22,"hubris:Towel":11,"War Paint":19,"maniac:BrokenHorn":0,"infinitespire:Broken Mirror":19,"Strawberry":9,"hubris:Stopwatch":15,"Bronze Scales":17,"sagemod:Creepy_Carousel":16,"Turnip":1,"ReplayTheSpireMod:TigerMarble":17,"Meat on the Bone":10},{"maniac:DamagedAnvil":0,"Counterbalance":107,"Oddly Smooth Stone":5,"StSpp:WoodenPendulum":37,"hubris:VirtuousBlindfold":95,"Ring of Chaos":25,"Bag of Preparation":7,"EVO:Axolotl":0,"Ginger":157,"hubris:Towel":75,"War Paint":136,"maniac:BrokenHorn":0,"infinitespire:Broken Mirror":136,"Strawberry":63,"hubris:Stopwatch":107,"Bronze Scales":123,"sagemod:Creepy_Carousel":113,"Turnip":5,"ReplayTheSpireMod:TigerMarble":123,"Meat on the Bone":70}],"Meat on the Bone":24},"card_choices":[{"not_picked":["maniac:Intimidate","maniac:PerceiveDanger"],"picked":"maniac:ReconstructWounds","floor":1.0},{"not_picked":["maniac:Exterminator","maniac:ColdHeart"],"picked":"maniac:PanickyParry","floor":4.0},{"not_picked":["maniac:Confront","maniac:Assassinate"],"picked":"maniac:FoilArmor","floor":10.0},{"not_picked":["maniac:FindAShortcut","maniac:PanickyParry"],"picked":"maniac:SpectralKnives","floor":14.0},{"not_picked":["maniac:ReachVictory","maniac:Trap"],"picked":"maniac:RallyToMe","floor":16.0},{"not_picked":["maniac:MeleeStrike","maniac:UndyingDesire"],"picked":"maniac:Retrospect","floor":18.0},{"not_picked":["maniac:ExpectedMoves","maniac:AlleviatingSorcery"],"picked":"maniac:ArmToTheTeeth","floor":20.0},{"not_picked":["maniac:UndyingDesire","maniac:FindAShortcut","maniac:Confront","maniac:ShatteredShield+1"],"picked":"maniac:SeekerKnife","floor":22.0},{"not_picked":["maniac:BladesInCloak+1","maniac:BladeArtist","maniac:ShatteredShield","maniac:UntravelledPath"],"picked":"maniac:HammerStrike","floor":24.0},{"not_picked":["maniac:ShiftingShadows","maniac:MeleeStrike","maniac:SpectralKnives","maniac:AllOutAttack"],"picked":"maniac:Intimidate+1","floor":25.0},{"not_picked":["maniac:Intimidate","maniac:ShadowContact","maniac:AlleviatingSorcery","maniac:Infuriate","maniac:ShelteringEdge"],"picked":"SKIP","floor":27.0},{"not_picked":["maniac:Refine","maniac:PanickyParry","maniac:Assassinate+1","maniac:Feint"],"picked":"maniac:Confront","floor":31.0},{"not_picked":["maniac:ExceedEnchantment","maniac:UniversalPerception","maniac:ReachVictory","maniac:RallyToMe"],"picked":"maniac:Deal","floor":33.0},{"not_picked":["maniac:Intimidate+1","maniac:Assassinate+1","maniac:BladeShoot+1","maniac:DashForward"],"picked":"maniac:WardAndDefend","floor":35.0},{"not_picked":["maniac:Reforge","maniac:SpectralKnives","maniac:SorceryHour","maniac:ReconstructWounds","maniac:UndyingDesire"],"picked":"SKIP","floor":37.0},{"not_picked":["maniac:FindAShortcut+1","maniac:UndyingDesire+1","maniac:SpectralKnives","maniac:PanickyParry"],"picked":"maniac:Refine","floor":41.0},{"not_picked":["maniac:UniversalPerception","maniac:Traceback+1","maniac:BladeShoot+1","maniac:UntravelledPath+1"],"picked":"maniac:SpectralKnives+1","floor":42.0},{"not_picked":["maniac:Confront","maniac:Quickdraw+1","maniac:ListenToNone+1","maniac:PerceiveDanger+1"],"picked":"maniac:Assassinate+1","floor":44.0},{"not_picked":["maniac:TorturousScreams","maniac:ReconstructWounds","maniac:Quickdraw+1","maniac:UniversalPerception"],"picked":"maniac:ShelteringEdge","floor":46.0},{"not_picked":["maniac:ListenToNone+1","maniac:ExpectedMoves+1","maniac:ShatteredShield","maniac:Refine"],"picked":"maniac:Confront+1","floor":47.0},{"not_picked":["maniac:ManipulatedFaith+1","maniac:MeleeStrike","maniac:DashForward+1","maniac:Intimidate"],"picked":"maniac:GlassScratch","floor":50.0},{"not_picked":["maniac:BladeShoot+1","maniac:PerceiveDanger+1","maniac:UndyingDesire+1","maniac:SorceryHour"],"picked":"maniac:SeeingDetails+1","floor":56}],"player_experience":1010403,"relics_obtained":[{"floor":9.0,"key":"Bag of Preparation"},{"floor":24.0,"key":"Strawberry"},{"floor":26.0,"key":"Meat on the Bone"},{"floor":41.0,"key":"sagemod:Creepy_Carousel"},{"floor":42.0,"key":"ReplayTheSpireMod:TigerMarble"},{"floor":43.0,"key":"Bronze Scales"},{"floor":46.0,"key":"infinitespire:Broken Mirror"},{"floor":47.0,"key":"War Paint"},{"floor":56,"key":"Ginger"}],"event_choices":[{"damage_healed":0.0,"max_hp_gain":0.0,"max_hp_loss":0.0,"gold_gain":0.0,"event_name":"The Cleric","player_choice":"Leave","floor":2.0,"gold_loss":0.0,"damage_taken":0.0},{"damage_healed":0.0,"max_hp_gain":0.0,"max_hp_loss":0.0,"gold_gain":0.0,"event_name":"The Woman in Blue","player_choice":"Bought 0 Potions","floor":8.0,"gold_loss":0.0,"damage_taken":0.0},{"damage_healed":0.0,"max_hp_gain":0.0,"max_hp_loss":0.0,"gold_gain":0.0,"event_name":"NoteForYourself","player_choice":"Ignored","floor":12.0,"gold_loss":0.0,"damage_taken":0.0},{"damage_healed":0.0,"max_hp_gain":0.0,"max_hp_loss":0.0,"gold_gain":0.0,"event_name":"Ghosts","player_choice":"Ignored","floor":19.0,"gold_loss":0.0,"damage_taken":0.0},{"damage_healed":0.0,"max_hp_gain":0.0,"max_hp_loss":0.0,"gold_gain":0.0,"event_name":"Forgotten Altar","player_choice":"Smashed Altar","floor":30.0,"gold_loss":0.0,"damage_taken":0.0,"cards_obtained":["Decay"]},{"damage_healed":0.0,"max_hp_gain":0.0,"max_hp_loss":0.0,"gold_gain":0.0,"event_name":"SensoryStone","player_choice":"Memory 1","floor":36.0,"gold_loss":0.0,"damage_taken":0.0},{"damage_healed":0.0,"max_hp_gain":0.0,"max_hp_loss":0.0,"gold_gain":0.0,"event_name":"conspire:Investor","player_choice":"Leave","floor":39.0,"gold_loss":0.0,"damage_taken":0.0},{"damage_healed":0.0,"max_hp_gain":0.0,"max_hp_loss":0.0,"gold_gain":0.0,"event_name":"Tomb of Lord Red Mask","player_choice":"Ignored","floor":45.0,"gold_loss":0.0,"damage_taken":0.0}],"is_beta":false,"boss_relics":[{"not_picked":["conspire:SeveredTorchhead","Painkiller Herb"],"picked":"Ring of Chaos"},{"not_picked":["Replay:Ancient Bell","conspire:SlowCooker"],"picked":"hubris:VirtuousBlindfold"}],"items_purged_floors":[55],"is_endless":false,"potions_floor_spawned":[1,10,18,27,31,37,44,50,56],"killed_by":"The Heart","ascension_level":0}}