{"host":"hf83sijwe64ts2lm","time":1611196052,"event":{"mods":["2.2 Compatiblity","BaseMod","Better Altar","Better Match","Better Note","Better Sensory Stone","Better Skull","Better Third Choice","Colored Map","Colored Powertips","Highlight Path","Hubris","Infinite Spire","Minty Spire (QoL Compilation)","Quick Restart","Rare Cards Sparkle","Relic Stats","Replay The Spire","Shop Mod","Spicy Shops","StSLib","Thieving Mod"],"gold_per_floor":[119,119,135,147,164,164,0,0,0,0,19,19,19,32,32,134,134,254,254,6,6,25,25,55,55,55],"floor_reached":25,"language":"ENG","playtime":486,"items_purged":[],"score":253,"play_id":"a930467e-d6f3-4bfb-8f3b-ef95d289dc6a","local_time":"20210120212732","is_ascension_mode":true,"campfire_choices":[{"floor":6.0,"key":"REST"},{"floor":10.0,"key":"RECALL"},{"data":"infinitespire:OneForAll","floor":13.0,"key":"SMITH"},{"data":"ReplayReversal","floor":15.0,"key":"SMITH"},{"floor":23,"key":"REST"}],"circlet_count":0,"master_deck":["Strike_R","Strike_R","Strike_R","Strike_R","Strike_R","Defend_R","Defend_R","Defend_R","Defend_R","Bash","Offering","Metallicize+1","ReplayTheSpireMod:Stacked","Inflame","Fire Breathing","Enlightenment","infinitespire:OneForAll+1","ReplayReversal+1","Immolate","ReplayTheSpireMod:Limb From Limb+1","Masterful Stab","ReplayTheSpireMod:Strike From Hell","Cleave+1"],"relics":["Burning Blood","hubris:Icosahedron","SacredBark","MutagenicStrength","Mummified Hand","Replay:Wax Seal"],"acts_visited":["Exordium","TheCity"],"potions_floor_usage":[18,25,25],"damage_taken":[{"damage":24.0,"enemies":"Small Slimes","floor":1.0,"turns":4.0},{"damage":11.0,"enemies":"Cultist","floor":3.0,"turns":5.0},{"damage":3.0,"enemies":"2 Louse","floor":4.0,"turns":4.0},{"damage":18.0,"enemies":"Large Slime","floor":5.0,"turns":8.0},{"damage":8.0,"enemies":"Red Slaver","floor":11.0,"turns":6.0},{"damage":12.0,"enemies":"2 Fungi Beasts","floor":14.0,"turns":4.0},{"damage":29.0,"enemies":"Slime Boss","floor":16.0,"turns":7.0},{"damage":6,"enemies":"Shell Parasite","floor":18,"turns":5},{"damage":35,"enemies":"2 Thieves","floor":22,"turns":4},{"damage":51,"enemies":"Slavers","floor":24,"turns":4},{"damage":42,"enemies":"Centurion and Healer","floor":25,"turns":4}],"seed_played":"-8944809629768017621","potions_obtained":[{"floor":3.0,"key":"SkillPotion"},{"floor":14.0,"key":"AttackPotion"},{"floor":16.0,"key":"HeartOfIron"},{"floor":18,"key":"Swift Potion"},{"floor":24,"key":"Reflective Coating"}],"is_trial":false,"path_per_floor":["M","?","M","M","M","R","?","?","T","R","M","?","R","M","R","B",null,"M","?","$","?","M","R","E","M"],"character_chosen":"IRONCLAD","items_purchased":["Mummified Hand"],"campfire_rested":2,"item_purchase_floors":[20],"current_hp_per_floor":[62,62,57,60,48,72,78,83,83,83,81,81,81,75,75,52,86,86,86,86,86,57,82,37,0,0],"gold":55,"neow_bonus":"ONE_RANDOM_RARE_CARD","is_daily":false,"chose_seed":false,"campfire_upgraded":2,"win_rate":0.0,"timestamp":1611196052,"path_taken":["M","?","?","M","M","R","?","?","T","R","?","?","R","M","R","BOSS","M","?","$","?","M","R","E","M"],"items_purchased_type":["Relic"],"build_version":"2020-12-22","purchased_purges":0,"victory":false,"max_hp_per_floor":[80,80,80,80,80,80,86,86,86,86,86,86,86,86,86,86,86,86,86,86,86,86,86,86,86,86],"relic_stats":{"counters":[11,55],"Mummified Hand":[5],"obtain_stats":[{"hubris:Icosahedron":12,"Mummified Hand":20,"SacredBark":17,"MutagenicStrength":19,"Replay:Wax Seal":24,"Burning Blood":0},{"hubris:Icosahedron":5,"Mummified Hand":8,"SacredBark":7,"MutagenicStrength":8,"Replay:Wax Seal":10,"Burning Blood":0},{"hubris:Icosahedron":27,"Mummified Hand":43,"SacredBark":38,"MutagenicStrength":43,"Replay:Wax Seal":51,"Burning Blood":0}],"Burning Blood":60},"card_choices":[{"not_picked":["Pommel Strike","Run Through"],"picked":"Metallicize","floor":1.0},{"not_picked":["Havoc","Body Slam"],"picked":"ReplayTheSpireMod:Stacked","floor":3.0},{"not_picked":["Armaments","Rage"],"picked":"Inflame","floor":4.0},{"not_picked":["Seeing Red","Shrug It Off"],"picked":"Fire Breathing","floor":5.0},{"not_picked":["True Grit","Sentinel"],"picked":"infinitespire:OneForAll","floor":11.0},{"not_picked":["Carnage","Iron Wave"],"picked":"ReplayReversal","floor":14.0},{"not_picked":["Bludgeon","Juggernaut"],"picked":"Immolate","floor":16.0},{"not_picked":["Clothesline","Shrug It Off"],"picked":"ReplayTheSpireMod:Limb From Limb+1","floor":18},{"not_picked":["Iron Wave","Searing Blow"],"picked":"ReplayTheSpireMod:Strike From Hell","floor":22},{"not_picked":["Anger","Blood for Blood"],"picked":"Cleave+1","floor":24}],"player_experience":129793,"relics_obtained":[{"floor":24,"key":"Replay:Wax Seal"}],"event_choices":[{"damage_healed":0.0,"max_hp_gain":0.0,"max_hp_loss":0.0,"gold_gain":0.0,"event_name":"Accursed Blacksmith","player_choice":"Forge","floor":2.0,"gold_loss":0.0,"damage_taken":0.0,"cards_upgraded":["Metallicize"]},{"damage_healed":0.0,"max_hp_gain":0.0,"max_hp_loss":0.0,"gold_gain":0.0,"event_name":"betterThird:BetterSerpent","player_choice":"RENOUNCE","floor":7.0,"gold_loss":164.0,"damage_taken":164.0,"cards_obtained":["Enlightenment"]},{"damage_healed":5.0,"max_hp_gain":0.0,"max_hp_loss":0.0,"gold_gain":0.0,"event_name":"betterSkull:BetterSkull","player_choice":"LEAVE ","floor":8.0,"gold_loss":0.0,"damage_taken":0.0,"cards_upgraded":[],"relics_obtained":[]},{"damage_healed":0,"gold_gain":0,"player_choice":"Inject Mutagens","damage_taken":0,"relics_obtained":["MutagenicStrength"],"max_hp_gain":0,"max_hp_loss":0,"event_name":"Drug Dealer","floor":19,"gold_loss":0},{"damage_healed":0,"gold_gain":0,"player_choice":"Read","damage_taken":0,"max_hp_gain":0,"max_hp_loss":0,"event_name":"The Library","floor":21,"gold_loss":0,"cards_obtained":["Masterful Stab"]}],"is_beta":false,"boss_relics":[{"not_picked":["hubris:CrackedHourglass","infinitespire:Cupcake"],"picked":"SacredBark"}],"items_purged_floors":[],"is_endless":false,"potions_floor_spawned":[3,14,16,18,24],"killed_by":"Centurion and Healer","ascension_level":4}}