{"host":"wonp23fsqqcu31ie","time":1611216126,"event":{"mods":["2.2 Compatiblity","AchievementEnabler","Aspiration","BaseMod","Bestiary","Better Altar","Better Match","Better Sensory Stone","Better Skull","Better Third Choice","BetterRewards","Block Reminder","Colored Map","Colored Powertips","Conspire","Curses Come First","DeckTracker","Displayed Cursed Tome","Downfall","Energized Spire","Evolution","Hermit","Highlight Path","Hubris","Infinite Spire","Marisa????????","Minty Spire (QoL Compilation)","Permanent Neow","Prisma Mod","Quick Restart","Rare Cards Sparkle","Relic Stats","Robot Space Explorer","Shade Mod","Shop Mod","StSLib","SuperFastMode","The Animator","The Bug Knight","The Construct","The Cursed","The Disciple","The Dragon Tamer","The Gatherer","The Hierophant","The Marked","The Necromancer","The Poker Player","The Runesmith","The Saiyan","The Servant 0.9.4","TheBandit"],"gold_per_floor":[119,119,119,136,152,177,203,203,203],"floor_reached":8,"language":"ENG","playtime":296,"items_purged":[],"score":64,"play_id":"5c5c361a-5402-4277-b3f9-a3386609061d","local_time":"20210121190206","is_ascension_mode":true,"campfire_choices":[],"circlet_count":0,"master_deck":["CutThroughFate","CutThroughFate","CutThroughFate","Strike_P","Defend_P","Defend_P","Defend_P","Defend_P","Eruption","Vigilance","Panacea","Consecrate","Chrysalis","DeceiveReality","Halt","SignatureMove"],"relics":["PureWater","EVO:Axolotl","conspire:Boomerang","Oddly Smooth Stone"],"acts_visited":["Exordium"],"potions_floor_usage":[5,6],"damage_taken":[{"damage":0,"enemies":"Small Slimes","floor":1,"turns":4},{"damage":6,"enemies":"conspire:RoseBush","floor":4,"turns":3},{"damage":9,"enemies":"Jaw Worm","floor":5,"turns":2},{"damage":49,"enemies":"HollowMod:MossKnight","floor":6,"turns":11},{"damage":42,"enemies":"Lagavulin","floor":8,"turns":3}],"seed_played":"138934707721865361","potions_obtained":[{"floor":1,"key":"Energy Potion"},{"floor":6,"key":"Fruit Juice"}],"is_trial":false,"path_per_floor":["M","?","?","M","M","E","T","E"],"character_chosen":"WATCHER","items_purchased":[],"campfire_rested":0,"item_purchase_floors":[],"current_hp_per_floor":[72,72,72,66,57,13,13,0,0],"gold":203,"neow_bonus":"RANDOM_COLORLESS","is_daily":false,"chose_seed":false,"campfire_upgraded":0,"win_rate":0.0,"timestamp":1611216126,"path_taken":["M","?","?","M","M","E","?","E"],"items_purchased_type":[],"build_version":"2020-12-22","purchased_purges":0,"victory":false,"max_hp_per_floor":[72,72,72,72,72,77,77,77,77],"relic_stats":{"counters":[121,490],"obtain_stats":[{"Golden Egg":8,"Ginger":8,"m_GuardianBlood":0,"Boot":53,"Sling":0,"aspiration:RitualStick":30,"aspiration:BabyByrd":4,"Replay:Bottled Flurry":48,"Kunai":31,"HollowMod:PaleOreRelic":0,"TheCursedMod:BlackMagic101":0,"MerchantsRug":8,"Pear":40,"construct:RocketBooster":0,"Counterbalance":14,"Guardian:PocketSentry":8,"ReplayTheSpireMod:Ring of Collecting":13,"MutagenicStrength":28,"aspiration:Lifesprig":6,"Replay:Purple Gloves":0,"Blue Doll":3,"Bag of Preparation":6,"hubris:EmptyBottle":28,"Cursed Key":17,"Smiling Mask":2,"Pet Ghost":28,"Replay:Rubber Ducky":9,"conspire:InfiniteJournal":27,"hubris:Backtick":17,"hubris:ScarierMask":34,"Potion Belt":0,"Lee\u0027s Waffle":7,"Damaru":11,"PreservedInsect":26,"Omamori":44,"infinitespire:Lucky Rock":20,"hubris:Towel":36,"Frozen Egg 2":23,"Busted Crown":34,"Art of War":23,"Garlic":29,"Runesmith:AutoHammer":0,"conspire:DeflatedDodgeball":9,"hubris:CrackedHourglass":0,"hexamod:BolsterEngine":6,"Calipers":13,"Nilry\u0027s Codex":19,"Vajra":10,"EVO:Axolotl":0,"Centennial Puzzle":21,"Lizard Tail":10,"HornCleat":2,"DollysMirror":17,"Strawberry":17,"aspiration:ArtOfWarUpgrade":30,"Philosopher\u0027s Stone":34,"Iron Hammer":28,"VioletLotus":34,"aspiration:Nostalgia":0,"Replay:Grab Bag":17,"Oddly Smooth Stone":7,"conspire:SlowCooker":34,"conspire:Boomerang":6,"aspiration:SeaSaltIceCream":21,"Replay:Kaleidoscope":27,"ReplayTheSpireMod:Shallot":14,"Bronze Scales":26,"hubris:PeanutButter":17,"Onion Ring":19,"Black Star":17,"aspiration:HatOfInfinitePower":17,"ReplayTheSpireMod:Ring of Exchange":13,"conspire:SpecialSausage":17,"hubris:SlimyHat":0,"TeardropLocket":9,"Replay:Mystery Machine":2,"hubris:RunicObelisk":27,"PrismaticShard":31,"Nunchaku":8,"Replay:Bandana":0,"aspiration:DefectSkillbook":21,"Replay:Bottled Snecko":24,"BargainBundle":21,"aspiration:FetidBarrel":17,"aspiration:HummingbirdHeart":26,"aspiration:SecretTechniqueScroll":34,"Calling Bell":17,"Cauldron":0,"CaptainsWheel":17,"Ring of Fury":26,"Snack Pack":9,"hubris:GrandSneckoEye":17,"Bag of Marbles":7,"Membership Card":17,"PureWater":0,"hubris:Potato":0,"ReplayTheSpireMod:ShopPack":53},{"Golden Egg":26,"Ginger":4,"m_GuardianBlood":42,"Boot":69,"Sling":71,"aspiration:RitualStick":98,"aspiration:BabyByrd":2,"Replay:Bottled Flurry":68,"Kunai":37,"HollowMod:PaleOreRelic":71,"TheCursedMod:BlackMagic101":5,"MerchantsRug":9,"Pear":63,"construct:RocketBooster":71,"Counterbalance":48,"Guardian:PocketSentry":88,"ReplayTheSpireMod:Ring of Collecting":29,"MutagenicStrength":55,"aspiration:Lifesprig":74,"Replay:Purple Gloves":71,"Blue Doll":2,"Bag of Preparation":9,"hubris:EmptyBottle":17,"Cursed Key":13,"Smiling Mask":23,"Pet Ghost":17,"Replay:Rubber Ducky":26,"conspire:InfiniteJournal":55,"hubris:Backtick":13,"hubris:ScarierMask":38,"Potion Belt":84,"Lee\u0027s Waffle":26,"Damaru":28,"PreservedInsect":96,"Omamori":65,"infinitespire:Lucky Rock":82,"hubris:Towel":39,"Frozen Egg 2":53,"Busted Crown":38,"Art of War":16,"Garlic":56,"Runesmith:AutoHammer":71,"conspire:DeflatedDodgeball":46,"hubris:CrackedHourglass":104,"hexamod:BolsterEngine":107,"Calipers":48,"Nilry\u0027s Codex":14,"Vajra":89,"EVO:Axolotl":104,"Centennial Puzzle":15,"Lizard Tail":76,"HornCleat":43,"DollysMirror":31,"Strawberry":13,"aspiration:ArtOfWarUpgrade":18,"Philosopher\u0027s Stone":38,"Iron Hammer":17,"VioletLotus":38,"aspiration:Nostalgia":5,"Replay:Grab Bag":13,"Oddly Smooth Stone":120,"conspire:SlowCooker":20,"conspire:Boomerang":120,"aspiration:SeaSaltIceCream":15,"Replay:Kaleidoscope":96,"ReplayTheSpireMod:Shallot":30,"Bronze Scales":34,"hubris:PeanutButter":13,"Onion Ring":32,"Black Star":80,"aspiration:HatOfInfinitePower":13,"ReplayTheSpireMod:Ring of Exchange":29,"conspire:SpecialSausage":93,"hubris:SlimyHat":0,"TeardropLocket":88,"Replay:Mystery Machine":2,"hubris:RunicObelisk":96,"PrismaticShard":98,"Nunchaku":9,"Replay:Bandana":22,"aspiration:DefectSkillbook":15,"Replay:Bottled Snecko":96,"BargainBundle":15,"aspiration:FetidBarrel":49,"aspiration:HummingbirdHeart":54,"aspiration:SecretTechniqueScroll":59,"Calling Bell":13,"Cauldron":84,"CaptainsWheel":49,"Ring of Fury":34,"Snack Pack":9,"hubris:GrandSneckoEye":13,"Bag of Marbles":88,"Membership Card":13,"PureWater":0,"hubris:Potato":71,"ReplayTheSpireMod:ShopPack":69},{"Golden Egg":105,"Ginger":12,"m_GuardianBlood":184,"Boot":299,"Sling":312,"aspiration:RitualStick":408,"aspiration:BabyByrd":6,"Replay:Bottled Flurry":293,"Kunai":163,"HollowMod:PaleOreRelic":312,"TheCursedMod:BlackMagic101":30,"MerchantsRug":43,"Pear":270,"construct:RocketBooster":312,"Counterbalance":198,"Guardian:PocketSentry":369,"ReplayTheSpireMod:Ring of Collecting":123,"MutagenicStrength":236,"aspiration:Lifesprig":320,"Replay:Purple Gloves":312,"Blue Doll":6,"Bag of Preparation":43,"hubris:EmptyBottle":70,"Cursed Key":59,"Smiling Mask":91,"Pet Ghost":70,"Replay:Rubber Ducky":105,"conspire:InfiniteJournal":236,"hubris:Backtick":59,"hubris:ScarierMask":171,"Potion Belt":355,"Lee\u0027s Waffle":105,"Damaru":119,"PreservedInsect":402,"Omamori":280,"infinitespire:Lucky Rock":346,"hubris:Towel":173,"Frozen Egg 2":226,"Busted Crown":171,"Art of War":67,"Garlic":239,"Runesmith:AutoHammer":312,"conspire:DeflatedDodgeball":193,"hubris:CrackedHourglass":428,"hexamod:BolsterEngine":439,"Calipers":198,"Nilry\u0027s Codex":62,"Vajra":374,"EVO:Axolotl":428,"Centennial Puzzle":65,"Lizard Tail":323,"HornCleat":186,"DollysMirror":137,"Strawberry":59,"aspiration:ArtOfWarUpgrade":73,"Philosopher\u0027s Stone":171,"Iron Hammer":70,"VioletLotus":171,"aspiration:Nostalgia":30,"Replay:Grab Bag":59,"Oddly Smooth Stone":487,"conspire:SlowCooker":81,"conspire:Boomerang":487,"aspiration:SeaSaltIceCream":65,"Replay:Kaleidoscope":402,"ReplayTheSpireMod:Shallot":127,"Bronze Scales":150,"hubris:PeanutButter":59,"Onion Ring":142,"Black Star":337,"aspiration:HatOfInfinitePower":59,"ReplayTheSpireMod:Ring of Exchange":123,"conspire:SpecialSausage":390,"hubris:SlimyHat":0,"TeardropLocket":369,"Replay:Mystery Machine":6,"hubris:RunicObelisk":402,"PrismaticShard":408,"Nunchaku":43,"Replay:Bandana":87,"aspiration:DefectSkillbook":65,"Replay:Bottled Snecko":402,"BargainBundle":65,"aspiration:FetidBarrel":210,"aspiration:HummingbirdHeart":230,"aspiration:SecretTechniqueScroll":258,"Calling Bell":59,"Cauldron":355,"CaptainsWheel":210,"Ring of Fury":150,"Snack Pack":43,"hubris:GrandSneckoEye":59,"Bag of Marbles":369,"Membership Card":59,"PureWater":0,"hubris:Potato":312,"ReplayTheSpireMod:ShopPack":299}]},"card_choices":[{"not_picked":["Mind Blast","Trip"],"picked":"Panacea","floor":0},{"not_picked":["CrushJoints","EmptyFist"],"picked":"Consecrate","floor":1},{"not_picked":["HandOfGreed","PanicButton"],"picked":"Chrysalis","floor":2},{"not_picked":["Protect","Crescendo"],"picked":"DeceiveReality","floor":4},{"not_picked":["EmptyBody","Conclude"],"picked":"Halt","floor":5},{"not_picked":["Halt","Evaluate"],"picked":"SignatureMove","floor":6}],"player_experience":576940,"relics_obtained":[{"floor":6,"key":"conspire:Boomerang"},{"floor":7,"key":"Oddly Smooth Stone"}],"event_choices":[{"damage_healed":0,"gold_gain":1,"player_choice":"1","damage_taken":0,"max_hp_gain":0,"max_hp_loss":0,"event_name":"betterStone:BetterStone","floor":2,"gold_loss":0},{"damage_healed":0,"gold_gain":0,"player_choice":"Leave","damage_taken":0,"max_hp_gain":0,"max_hp_loss":0,"event_name":"The Cleric","floor":3,"gold_loss":0}],"is_beta":false,"boss_relics":[],"items_purged_floors":[],"is_endless":false,"potions_floor_spawned":[1,6],"killed_by":"Lagavulin","ascension_level":3}}