{"host":"290egjt91b2tngam","time":1611235176,"event":{"mods":["BaseMod","Colored Map","Colored Powertips","Hubris","Infinite Spire","Marisa????????","Minty Spire (QoL Compilation)","Replay The Spire","StSLib","The Bug Knight","The Cursed","The Servant 0.9.4"],"gold_per_floor":[117,136,156,156,8,35,53,88,112,112,112,126,146,158,158,158,158],"floor_reached":16,"language":"ENG","playtime":1023,"items_purged":[],"score":139,"play_id":"6a382ec3-2d9e-4ecb-a943-2803e946473a","local_time":"20210121201936","is_ascension_mode":false,"campfire_choices":[{"data":"HollowMod:DungDefenderAura","floor":10,"key":"SMITH"},{"data":"HollowMod:GreatSlash","floor":15,"key":"SMITH"}],"circlet_count":0,"master_deck":["HollowMod:NailStrikeStart","HollowMod:NailStrikeStart","HollowMod:NailStrikeStart","HollowMod:NailStrikeStart","HollowMod:QuickDashStart","HollowMod:QuickDashStart","HollowMod:QuickDashStart","HollowMod:QuickDashStart","HollowMod:FocusHealStart","HollowMod:PogoStrike","Swift Strike","HollowMod:PerfectDash","HollowMod:DashSlash","HollowMod:DungDefenderAura+1","HollowMod:NewJinnsSoul","HollowMod:CrystalDash","HollowMod:WraithStrike","HollowMod:Weaversong","Pain","HollowMod:InfectedCysts","HollowMod:CycloneSlash","HollowMod:GreatSlash+1"],"relics":["HollowMod:VesselMask","HandDrill","infinitespire:Lucky Rock","Lantern","WarpedTongs"],"acts_visited":["Exordium"],"potions_floor_usage":[1,8,8,16,16],"damage_taken":[{"damage":4,"enemies":"infinitespire:Voidling","floor":1,"turns":4},{"damage":0,"enemies":"2 Louse","floor":2,"turns":2},{"damage":0,"enemies":"Small Slimes","floor":3,"turns":3},{"damage":0,"enemies":"Replay:BlueRogue","floor":6,"turns":5},{"damage":0,"enemies":"Red Slaver","floor":7,"turns":5},{"damage":25,"enemies":"Lagavulin","floor":8,"turns":9},{"damage":3,"enemies":"Exordium Wildlife","floor":12,"turns":4},{"damage":25,"enemies":"Gremlin Gang","floor":13,"turns":3},{"damage":3,"enemies":"Exordium Thugs","floor":14,"turns":3},{"damage":42,"enemies":"HollowMod:FalseKnight","floor":16,"turns":8}],"seed_played":"-1318543230290997208","potions_obtained":[{"floor":1,"key":"Fruit Juice"},{"floor":2,"key":"Fire Potion"},{"floor":6,"key":"Ancient Potion"},{"floor":12,"key":"Block Potion"},{"floor":13,"key":"Weak Potion"}],"is_trial":false,"path_per_floor":["M","M","M","?","$","E","M","E","T","R","?","M","M","M","R","B"],"character_chosen":"THE_BUGKNIGHT","items_purchased":["HandDrill"],"campfire_rested":0,"item_purchase_floors":[5],"current_hp_per_floor":[80,80,80,80,80,80,80,61,61,61,61,58,33,36,36,0,0],"gold":158,"neow_bonus":"RANDOM_COLORLESS","is_daily":false,"chose_seed":false,"campfire_upgraded":2,"win_rate":0.0,"timestamp":1611235176,"path_taken":["M","?","M","?","$","E","?","E","T","R","?","?","M","M","R","BOSS"],"items_purchased_type":["Relic"],"build_version":"2020-12-22","purchased_purges":0,"victory":false,"max_hp_per_floor":[80,80,80,80,80,80,80,80,80,80,80,80,80,80,80,80,80],"card_choices":[{"not_picked":["hubris:Ssssneak","Good Instincts"],"picked":"Swift Strike","floor":0},{"not_picked":["HollowMod:SharpenedNail","HollowMod:ShadowDash"],"picked":"HollowMod:PerfectDash","floor":1},{"not_picked":["HollowMod:Grubsong","HollowMod:HowlingWraiths"],"picked":"HollowMod:DashSlash","floor":2},{"not_picked":["HollowMod:HuntersJournal","HollowMod:ShapeofUnn"],"picked":"HollowMod:DungDefenderAura","floor":3},{"not_picked":["HollowMod:DreamGate","HollowMod:ShapeofUnn"],"picked":"HollowMod:CrystalDash","floor":6},{"not_picked":["HollowMod:ShadowDash","HollowMod:Grubsong"],"picked":"HollowMod:WraithStrike","floor":7},{"not_picked":["HollowMod:CornifersMapStart","HollowMod:HuntersJournal"],"picked":"HollowMod:Weaversong","floor":8},{"not_picked":["HollowMod:SoulSplash","HollowMod:FallenFury"],"picked":"HollowMod:InfectedCysts","floor":12},{"not_picked":["HollowMod:HeavyBlow","HollowMod:CloakDash"],"picked":"HollowMod:CycloneSlash","floor":13},{"not_picked":["HollowMod:InfectedAttack","HollowMod:FallenFury"],"picked":"HollowMod:GreatSlash","floor":14}],"player_experience":730099,"relics_obtained":[{"floor":6,"key":"infinitespire:Lucky Rock"},{"floor":8,"key":"Lantern"}],"event_choices":[{"damage_healed":0,"gold_gain":0,"player_choice":"1 cards matched","damage_taken":0,"max_hp_gain":0,"max_hp_loss":0,"event_name":"Match and Keep!","floor":4,"gold_loss":0,"cards_obtained":["HollowMod:NewJinnsSoul"]},{"damage_healed":0,"gold_gain":0,"player_choice":"Rummage","damage_taken":0,"relics_obtained":["WarpedTongs"],"max_hp_gain":0,"max_hp_loss":0,"event_name":"Accursed Blacksmith","floor":11,"gold_loss":0,"cards_obtained":["Pain"]}],"is_beta":false,"boss_relics":[],"items_purged_floors":[],"is_endless":false,"potions_floor_spawned":[1,2,6,12,13],"killed_by":"HollowMod:FalseKnight","ascension_level":0}}