{"host":"l8n56n8abrvcftzc","time":1611229589,"event":{"mods":["Aspiration","BaseMod","Better Note","Better Third Choice","Colored Map","DeckTracker","Googly Eyes","Highlight Path","Hubris","Minty Spire (QoL Compilation)","Permanent Neow","Relic Stats","Replay The Spire","StSLib","SuperFastMode","Uncapped"],"gold_per_floor":[119,119,129,146,159,159,189,207,281,281,296,327,427,440,440,542,542,560,560,573,573,573],"floor_reached":21,"language":"ENG","playtime":1428,"items_purged":[],"score":193,"play_id":"5839ade5-90b1-4f29-9d65-5f1df788f5d3","local_time":"20210121034629","is_ascension_mode":false,"campfire_choices":[{"data":"Neutralize","floor":6.0,"key":"SMITH"},{"floor":15.0,"key":"REST"}],"circlet_count":0,"master_deck":["Strike_G","Strike_G","Strike_G","Strike_G","Defend_G","Defend_G","Defend_G","Defend_G","Survivor","Neutralize+1","PiercingWail","Backflip","Dagger Spray","Escape Plan","Backflip","Concentrate","Footwork","Burst","Caltrops","Deadly Poison"],"relics":["Ring of the Snake","Bag of Preparation","Quantum Egg","aspiration:ChemicalBlood","hubris:Backtick","Ice Cream","Blue Doll"],"acts_visited":["Exordium","TheCity"],"potions_floor_usage":[20,21],"damage_taken":[{"damage":5.0,"enemies":"Jaw Worm","floor":1.0,"turns":4.0},{"damage":1.0,"enemies":"Cultist","floor":3.0,"turns":5.0},{"damage":0.0,"enemies":"2 Louse","floor":4.0,"turns":4.0},{"damage":4.0,"enemies":"Exordium Thugs","floor":5.0,"turns":5.0},{"damage":49.0,"enemies":"Lagavulin","floor":7.0,"turns":8.0},{"damage":1.0,"enemies":"Blue Slaver","floor":8.0,"turns":5.0},{"damage":0.0,"enemies":"Red Slaver","floor":11.0,"turns":5.0},{"damage":7.0,"enemies":"Gremlin Nob","floor":12.0,"turns":3.0},{"damage":0.0,"enemies":"Looter","floor":14.0,"turns":3.0},{"damage":23.0,"enemies":"The Guardian","floor":16.0,"turns":23.0},{"damage":19,"enemies":"Spheric Guardian","floor":18,"turns":12},{"damage":12,"enemies":"Chosen","floor":20,"turns":8},{"damage":35,"enemies":"Sentry and Sphere","floor":21,"turns":7}],"seed_played":"-8276473556396825347","potions_obtained":[{"floor":2.0,"key":"LifebloodPotion"},{"floor":2.0,"key":"FearPotion"},{"floor":2.0,"key":"DuplicationPotion"},{"floor":7.0,"key":"Swift Potion"},{"floor":8.0,"key":"Poison Potion"},{"floor":11.0,"key":"SteroidPotion"},{"floor":12.0,"key":"Weak Potion"},{"floor":18,"key":"LifebloodPotion"},{"floor":20,"key":"SpeedPotion"}],"is_trial":false,"path_per_floor":["M","?","M","M","M","R","E","M","T","?","M","E","?","M","R","B",null,"M","?","M","M"],"character_chosen":"THE_SILENT","items_purchased":[],"campfire_rested":1,"item_purchase_floors":[],"current_hp_per_floor":[65,65,64,64,60,60,11,10,10,10,10,3,3,3,24,1,70,51,51,39,4,4],"gold":573,"neow_bonus":"REMOVE_CARD","is_daily":false,"chose_seed":false,"campfire_upgraded":1,"win_rate":0.0,"timestamp":1611229589,"path_taken":["M","?","M","M","?","R","E","M","T","?","?","E","?","?","R","BOSS","M","?","M","M"],"items_purchased_type":[],"build_version":"2020-12-22","purchased_purges":0,"victory":false,"max_hp_per_floor":[70,70,70,70,70,70,70,70,70,70,70,70,70,70,70,70,70,70,70,70,70,70],"relic_stats":{"counters":[13,92],"Bag of Preparation":[16],"obtain_stats":[{"Ice Cream":17,"hubris:Backtick":17,"Quantum Egg":9,"Blue Doll":19,"Bag of Preparation":7,"Ring of the Snake":0,"aspiration:ChemicalBlood":12},{"Ice Cream":10,"hubris:Backtick":10,"Quantum Egg":6,"Blue Doll":11,"Bag of Preparation":5,"Ring of the Snake":0,"aspiration:ChemicalBlood":8},{"Ice Cream":65,"hubris:Backtick":65,"Quantum Egg":31,"Blue Doll":77,"Bag of Preparation":26,"Ring of the Snake":0,"aspiration:ChemicalBlood":39}],"Ring of the Snake":[26]},"card_choices":[{"not_picked":["Deadly Poison","Accuracy"],"picked":"PiercingWail","floor":1.0},{"not_picked":["hubris:Sniper","ReplayTheSpireMod:Shiv Toss"],"picked":"Backflip","floor":3.0},{"not_picked":["hubris:SlightOfHand","Deflect"],"picked":"Dagger Spray","floor":4.0},{"not_picked":["Underhanded Strike","Terror"],"picked":"Escape Plan","floor":5.0},{"not_picked":["Underhanded Strike","Storm of Steel","Sucker Punch"],"picked":"SKIP","floor":7.0},{"not_picked":["Outmaneuver","Flying Knee"],"picked":"Backflip","floor":8.0},{"not_picked":["Toxin Wave","Acrobatics"],"picked":"Concentrate","floor":11.0},{"not_picked":["Bane","Prepared"],"picked":"Footwork","floor":12.0},{"not_picked":["hubris:SlightOfHand","ReplayTheSpireMod:Shiv Toss","Accuracy"],"picked":"SKIP","floor":14.0},{"not_picked":["Venomology","Night Terror"],"picked":"Burst","floor":16.0},{"not_picked":["Deadly Poison","Dagger Throw"],"picked":"Caltrops","floor":18},{"not_picked":["Backstab","Crippling Poison"],"picked":"Deadly Poison","floor":20}],"player_experience":775940,"relics_obtained":[{"floor":7.0,"key":"Bag of Preparation"},{"floor":9.0,"key":"Quantum Egg"},{"floor":12.0,"key":"aspiration:ChemicalBlood"}],"event_choices":[{"damage_healed":0.0,"max_hp_gain":0.0,"max_hp_loss":0.0,"gold_gain":0.0,"event_name":"Lab","player_choice":"Got Potions","floor":2.0,"gold_loss":0.0,"damage_taken":0.0},{"cards_removed":["Strike_G"],"damage_healed":0.0,"max_hp_gain":0.0,"max_hp_loss":0.0,"gold_gain":0.0,"event_name":"Purifier","player_choice":"Purged","floor":10.0,"gold_loss":0.0,"damage_taken":0.0},{"damage_healed":0.0,"max_hp_gain":0.0,"max_hp_loss":0.0,"gold_gain":100.0,"event_name":"Golden Shrine","player_choice":"Pray","floor":13.0,"gold_loss":0.0,"damage_taken":0.0},{"damage_healed":0,"gold_gain":0,"player_choice":"Gave Potion","damage_taken":0,"relics_obtained":["Blue Doll"],"max_hp_gain":0,"max_hp_loss":0,"event_name":"WeMeetAgain","floor":19,"gold_loss":0}],"is_beta":false,"boss_relics":[{"not_picked":["Replay:Ancient Bell","Replay:Grab Bag"],"picked":"hubris:Backtick"}],"items_purged_floors":[],"is_endless":false,"potions_floor_spawned":[7,8,11,12,18,20],"killed_by":"Sentry and Sphere","ascension_level":0}}