{"host":"puf131q5awx2h4uh","time":1611229159,"event":{"mods":["BaseMod","Minty Spire (QoL Compilation)","Quick Restart","Shop Mod","StSLib"],"gold_per_floor":[110,110,36,51,51,51,51,68,68,78,3,3,17,27,27,99,99,117,117,117,68,48,48,82,101,128,56,70,70,89,100,100,175,225,245,270,286,29,45,45,45],"floor_reached":40,"language":"ZHS","playtime":1498,"items_purged":["Strike_G","Strike_G"],"score":697,"play_id":"677033f6-3c3b-4ac1-8118-a11ed5f3165d","local_time":"20210121193919","is_ascension_mode":true,"campfire_choices":[{"data":"Crippling Poison","floor":6.0,"key":"SMITH"},{"data":"Neutralize","floor":12.0,"key":"SMITH"},{"data":"Noxious Fumes","floor":15.0,"key":"SMITH"},{"data":"Noxious Fumes","floor":23.0,"key":"SMITH"},{"data":"Footwork","floor":29.0,"key":"SMITH"},{"floor":32.0,"key":"REST"}],"circlet_count":0,"master_deck":["AscendersBane","Strike_G","Defend_G","Defend_G","Defend_G","Defend_G","Defend_G","Survivor+1","Neutralize+1","Crippling Poison+1","Well Laid Plans","Noxious Fumes+1","After Image","Noxious Fumes+1","Deadly Poison","Footwork+1","Burst","Parasite"],"relics":["Ring of the Snake","NeowsBlessing","Busted Crown","Happy Flower","Boot","Tiny House","Calipers","Medical Kit"],"acts_visited":["Exordium","TheCity","TheBeyond"],"potions_floor_usage":[37,39,39,40],"damage_taken":[{"damage":0.0,"enemies":"Small Slimes","floor":1.0,"turns":1.0},{"damage":0.0,"enemies":"Jaw Worm","floor":4.0,"turns":1.0},{"damage":0.0,"enemies":"Cultist","floor":8.0,"turns":1.0},{"damage":3.0,"enemies":"2 Fungi Beasts","floor":10.0,"turns":4.0},{"damage":4.0,"enemies":"Large Slime","floor":13.0,"turns":12.0},{"damage":2.0,"enemies":"Exordium Wildlife","floor":14.0,"turns":6.0},{"damage":27.0,"enemies":"The Guardian","floor":16.0,"turns":9.0},{"damage":14.0,"enemies":"2 Thieves","floor":18.0,"turns":5.0},{"damage":33.0,"enemies":"Book of Stabbing","floor":24.0,"turns":7.0},{"damage":2.0,"enemies":"Spheric Guardian","floor":25.0,"turns":4.0},{"damage":0.0,"enemies":"Snecko","floor":28.0,"turns":6.0},{"damage":5.0,"enemies":"Centurion and Healer","floor":30.0,"turns":7.0},{"damage":2.0,"enemies":"3 Cultists","floor":31.0,"turns":5.0},{"damage":22.0,"enemies":"Automaton","floor":33.0,"turns":13.0},{"damage":2.0,"enemies":"Orb Walker","floor":35.0,"turns":6.0},{"damage":10.0,"enemies":"Mind Bloom Boss Battle","floor":36.0,"turns":8.0},{"damage":21,"enemies":"3 Shapes","floor":37,"turns":6},{"damage":13,"enemies":"Writhing Mass","floor":39,"turns":7},{"damage":28,"enemies":"Reptomancer","floor":40,"turns":2}],"seed_played":"4366294131314578060","potions_obtained":[{"floor":1.0,"key":"GamblersBrew"},{"floor":13.0,"key":"ColorlessPotion"},{"floor":16.0,"key":"SteroidPotion"},{"floor":18.0,"key":"Fruit Juice"},{"floor":22.0,"key":"CultistPotion"},{"floor":24.0,"key":"Block Potion"},{"floor":31.0,"key":"Energy Potion"},{"floor":37,"key":"EssenceOfSteel"},{"floor":39,"key":"Block Potion"}],"is_trial":false,"path_per_floor":["M","?","$","M","?","R","?","M","T","M","$","R","M","M","R","B",null,"M","?","?","$","?","R","E","M","T","$","M","R","M","M","R","B",null,"M","?","M","$","M","E"],"character_chosen":"THE_SILENT","items_purchased":["Crippling Poison","Deadly Poison","Footwork","Medical Kit"],"campfire_rested":1,"item_purchase_floors":[3,21,27,38],"current_hp_per_floor":[59,59,59,59,64,64,57,57,57,54,54,54,50,48,48,21,59,50,50,50,50,50,50,17,15,15,15,15,15,10,8,30,8,64,62,52,31,31,18,0,0],"gold":45,"neow_bonus":"THREE_ENEMY_KILL","is_daily":false,"chose_seed":false,"campfire_upgraded":5,"win_rate":0.0,"timestamp":1611229159,"path_taken":["M","?","$","M","?","R","?","?","T","M","$","R","M","M","R","BOSS","M","?","?","$","?","R","E","M","T","$","M","R","?","M","R","BOSS","M","?","M","$","M","E"],"items_purchased_type":["Card","Card","Card","Relic"],"build_version":"2020-12-22","purchased_purges":2,"victory":false,"max_hp_per_floor":[66,66,66,66,71,71,71,71,71,71,71,71,71,71,71,71,71,76,76,76,76,76,76,76,76,76,76,76,76,76,76,76,76,81,81,81,81,81,81,81,81],"card_choices":[{"not_picked":["Terror","Distraction","Quick Slash"],"picked":"SKIP","floor":1.0},{"not_picked":["Dagger Spray","Backflip"],"picked":"Well Laid Plans","floor":4.0},{"not_picked":["Leg Sweep","Well Laid Plans","Prepared"],"picked":"SKIP","floor":8.0},{"not_picked":["Acrobatics","PiercingWail","Riddle With Holes"],"picked":"SKIP","floor":10.0},{"not_picked":["Bouncing Flask","Slice"],"picked":"Noxious Fumes","floor":13.0},{"not_picked":["Choke","Finisher","Leg Sweep"],"picked":"SKIP","floor":14.0},{"not_picked":["Night Terror","Doppelganger"],"picked":"After Image","floor":16.0},{"not_picked":[],"picked":"Noxious Fumes","floor":18.0},{"not_picked":["Cloak And Dagger"],"picked":"SKIP","floor":24.0},{"not_picked":["Underhanded Strike"],"picked":"SKIP","floor":25.0},{"not_picked":["Quick Slash"],"picked":"SKIP","floor":28.0},{"not_picked":["Bouncing Flask"],"picked":"SKIP","floor":30.0},{"not_picked":["Cloak And Dagger"],"picked":"SKIP","floor":31.0},{"not_picked":[],"picked":"Burst","floor":33.0},{"not_picked":["Quick Slash+1"],"picked":"SKIP","floor":35.0},{"not_picked":["Quick Slash"],"picked":"SKIP","floor":37},{"not_picked":["PiercingWail"],"picked":"SKIP","floor":39}],"player_experience":328669,"relics_obtained":[{"floor":24.0,"key":"Happy Flower"},{"floor":26.0,"key":"Boot"},{"floor":36.0,"key":"Calipers"}],"event_choices":[{"cards_removed":["Strike_G"],"damage_healed":0.0,"max_hp_gain":0.0,"max_hp_loss":0.0,"gold_gain":0.0,"event_name":"Living Wall","player_choice":"Forget","floor":2.0,"gold_loss":0.0,"damage_taken":0.0},{"damage_healed":0.0,"max_hp_gain":5.0,"max_hp_loss":0.0,"gold_gain":0.0,"event_name":"Big Fish","player_choice":"Donut","floor":5.0,"gold_loss":0.0,"damage_taken":0.0},{"cards_removed":["Strike_G"],"damage_healed":0.0,"max_hp_gain":0.0,"max_hp_loss":0.0,"gold_gain":0.0,"event_name":"Golden Wing","player_choice":"Card Removal","floor":7.0,"gold_loss":0.0,"damage_taken":7.0},{"damage_healed":0.0,"max_hp_gain":0.0,"max_hp_loss":0.0,"gold_gain":0.0,"event_name":"Ghosts","player_choice":"Ignored","floor":19.0,"gold_loss":0.0,"damage_taken":0.0},{"damage_healed":0.0,"max_hp_gain":0.0,"max_hp_loss":0.0,"gold_gain":0.0,"event_name":"The Woman in Blue","player_choice":"Bought 1 Potion","floor":22.0,"gold_loss":0.0,"damage_taken":0.0},{"damage_healed":0.0,"max_hp_gain":0.0,"max_hp_loss":0.0,"gold_gain":0.0,"event_name":"MindBloom","player_choice":"Fight","floor":36.0,"gold_loss":0.0,"damage_taken":0.0}],"is_beta":false,"boss_relics":[{"not_picked":["Empty Cage","Fusion Hammer"],"picked":"Busted Crown"},{"not_picked":["Snecko Eye","Calling Bell"],"picked":"Tiny House"}],"items_purged_floors":[11,38],"is_endless":false,"potions_floor_spawned":[1,13,16,18,24,31,33,36,37,39],"killed_by":"Reptomancer","ascension_level":15}}