{"host":"njb27ds59h4j3ikk","time":1611187714,"event":{"mods":["AchievementEnabler","BaseMod","Better Altar","Better Match","Better Note","Better Sensory Stone","Better Skull","Better Third Choice","BetterRewards","Downfall","Hermit","Hubris","Minty Spire (QoL Compilation)","Permanent Neow","Quarter Circle Forward PUNCH!","Quick Restart","Rare Cards Sparkle","Shop Mod","StSLib","Trackpad","Transform Curses"],"gold_per_floor":[99,112,132,132,156,189,189,189,189,289,316,316,361,27,50,160,160,60,60,93,116,148,148,148,148,169,169,190,234,258,55,72,72,72],"floor_reached":33,"language":"ENG","playtime":1737,"items_purged":[],"score":329,"play_id":"4b35dde5-ab54-4bd7-b876-31aaed60c1ba","local_time":"20210120190834","is_ascension_mode":false,"campfire_choices":[{"data":"hermit:Snapshot","floor":1.0,"key":"SMITH"},{"data":"hermit:Scavenge","floor":8.0,"key":"SMITH"},{"data":"hermit:Scavenge","floor":12,"key":"SMITH"},{"data":"Riddle With Holes","floor":18,"key":"SMITH"},{"data":"Power Through","floor":23,"key":"SMITH"},{"data":"hermit:Determination","floor":27,"key":"SMITH"}],"circlet_count":0,"master_deck":["hermit:Defend_Hermit","hermit:Defend_Hermit","hermit:Defend_Hermit","hermit:Defend_Hermit","hermit:Snapshot+1","hermit:Covet","hermit:FinalCanter","hermit:GoldenBullet","hermit:Scavenge+1","hermit:Determination+1","hermit:Scavenge+1","hermit:Quickdraw","hermit:HoleUp","hermit:Enervate","hermit:Snipe","hermit:NoHoldsBarred","Riddle With Holes+1","hermit:SprayPray","Hyperbeam","hermit:Magnum","hermit:Brawl+1","Go for the Eyes","hermit:LowProfile","Seeing Red","hermit:Ricochet","Power Through+1","hermit:Coalescence+1","hubris:Envy","Bite","Bite","Bite","Bite","Bite","hermit:Misfire+1","hermit:Brawl","hermit:Roulette+1","hermit:Dive+1","hermit:ShadowCloak","hermit:Glare"],"relics":["hermit:Momento","hubris:Icosahedron","hubris:Reverence","Ornamental Fan","hubris:Towel","trackpad:PetRock","qcfpunch:School_Backpack","Cursed Key","downfall:HeartBlessingGreen","qcfpunch:Unceasing_Flame","trackpad:Compendium","trackpad:AdjectivePendant"],"acts_visited":["Exordium","TheCity"],"potions_floor_usage":[16,16,29,33,33],"damage_taken":[{"damage":0.0,"enemies":"2 Louse","floor":2.0,"turns":2.0},{"damage":1.0,"enemies":"Jaw Worm","floor":3.0,"turns":2.0},{"damage":0.0,"enemies":"Small Slimes","floor":5.0,"turns":3.0},{"damage":13.0,"enemies":"3 Sentries","floor":6.0,"turns":8.0},{"damage":7,"enemies":"Exordium Thugs","floor":11,"turns":4},{"damage":9,"enemies":"Lagavulin","floor":13,"turns":6},{"damage":0,"enemies":"downfall:FleeingMerchant","floor":14,"turns":4},{"damage":0,"enemies":"Blue Slaver","floor":15,"turns":3},{"damage":8,"enemies":"WA_ARCHETYPE_RETAIN","floor":16,"turns":7},{"damage":1,"enemies":"3 Byrds","floor":20,"turns":4},{"damage":0,"enemies":"Chosen","floor":21,"turns":3},{"damage":2,"enemies":"Shelled Parasite and Fungi","floor":22,"turns":4},{"damage":21,"enemies":"Centurion and Healer","floor":26,"turns":3},{"damage":6,"enemies":"Snecko","floor":28,"turns":3},{"damage":26,"enemies":"Slavers","floor":29,"turns":5},{"damage":4,"enemies":"3 Cultists","floor":30,"turns":5},{"damage":6,"enemies":"downfall:FleeingMerchant","floor":31,"turns":4},{"damage":0,"enemies":"Cultist and Chosen","floor":32,"turns":3},{"damage":18,"enemies":"IC_MUSHROOM_ARCHETYPE","floor":33,"turns":3}],"seed_played":"7970259338829010920","potions_obtained":[{"floor":2.0,"key":"SmokeBomb"},{"floor":5.0,"key":"LiquidBronze"},{"floor":15,"key":"Energy Potion"},{"floor":21,"key":"DuplicationPotion"},{"floor":26,"key":"CultistPotion"},{"floor":32,"key":"hermit:Tonic"}],"is_trial":false,"path_per_floor":["R","M","M","?","M","E","T","R","?","?","M","R","E","$","M","B",null,"R","?","M","M","M","R","T","?","M","R","M","E","M","$","M","B"],"character_chosen":"HERMIT","items_purchased":["qcfpunch:School_Backpack","hermit:Snipe","hermit:NoHoldsBarred","trackpad:AdjectivePendant","hermit:Glare"],"campfire_rested":0,"item_purchase_floors":[14,14,14,31,31],"current_hp_per_floor":[75,75,74,74,74,61,61,61,61,61,54,54,45,45,45,37,75,75,75,74,74,72,72,72,52,33,33,29,9,13,11,15,0,0],"gold":72,"neow_bonus":"ONE_RANDOM_RARE_CARD","is_daily":false,"chose_seed":false,"campfire_upgraded":6,"win_rate":0.0,"timestamp":1611187714,"path_taken":["R","M","M","?","M","E","T","R","?","?","M","R","E","?","M","BOSS","R","?","M","M","M","R","T","?","?","R","M","E","M","?","M","BOSS"],"items_purchased_type":["Relic","Card","Card","Relic","Card"],"build_version":"2020-12-22","purchased_purges":0,"victory":false,"max_hp_per_floor":[75,75,75,75,75,75,75,75,75,75,75,75,75,75,75,75,75,75,75,75,75,75,75,75,52,52,52,52,52,52,52,52,52,52],"card_choices":[{"not_picked":["hermit:BigShot","hermit:Coalescence"],"picked":"hermit:GoldenBullet","floor":2.0},{"not_picked":["hermit:LowProfile","hermit:ItchyTrigger"],"picked":"hermit:Scavenge","floor":3.0},{"not_picked":["hermit:Desperado","hermit:BodyArmor"],"picked":"hermit:Determination","floor":5.0},{"not_picked":["hermit:TakeAim","hermit:ItchyTrigger"],"picked":"hermit:Scavenge","floor":6.0},{"not_picked":["hermit:ItchyTrigger","hermit:Vantage"],"picked":"hermit:Quickdraw","floor":11},{"not_picked":["hermit:Snipe","hermit:CalledShot"],"picked":"hermit:HoleUp","floor":13},{"not_picked":["hermit:BigShot","hermit:Headshot"],"picked":"hermit:Enervate","floor":14},{"not_picked":["Escape Plan","hubris:Sniper"],"picked":"Riddle With Holes","floor":15},{"not_picked":["hermit:GhostlyPresence","hermit:Headshot"],"picked":"hermit:SprayPray","floor":15},{"not_picked":["Multi-Cast","Reboot"],"picked":"Hyperbeam","floor":16},{"not_picked":["hermit:Gambit","hermit:EternalForm"],"picked":"hermit:Magnum","floor":16},{"not_picked":["Stack","Coolheaded"],"picked":"Go for the Eyes","floor":20},{"not_picked":["hermit:CalledShot","hermit:BlackWind"],"picked":"hermit:LowProfile","floor":20},{"not_picked":["Burning Pact","Havoc"],"picked":"Seeing Red","floor":21},{"not_picked":["hermit:GhostlyPresence","hermit:Cheat"],"picked":"hermit:Ricochet","floor":21},{"not_picked":["Hemokinesis","Warcry"],"picked":"Power Through","floor":22},{"not_picked":["hermit:Feint","hermit:Maintenance"],"picked":"hermit:Coalescence+1","floor":22},{"not_picked":["hermit:GhostlyPresence","hermit:Quickdraw"],"picked":"hermit:Misfire+1","floor":26},{"not_picked":["hermit:LowProfile","hermit:Misfire"],"picked":"hermit:Brawl","floor":28},{"not_picked":["hermit:EyeOfTheStorm+1","hermit:Reprieve"],"picked":"hermit:Roulette+1","floor":29},{"not_picked":["hermit:Desperado","hermit:Glare"],"picked":"hermit:Dive+1","floor":30},{"not_picked":["hermit:Roughhouse","hermit:DeadMansHand"],"picked":"hermit:ShadowCloak","floor":31},{"not_picked":["hermit:Shortfuse","hermit:Quickdraw","hermit:Magnum"],"picked":"SKIP","floor":32}],"player_experience":1271946,"relics_obtained":[{"floor":6.0,"key":"hubris:Reverence"},{"floor":7.0,"key":"Ornamental Fan"},{"floor":13,"key":"trackpad:PetRock"},{"floor":24,"key":"qcfpunch:Unceasing_Flame"},{"floor":29,"key":"trackpad:Compendium"}],"event_choices":[{"cards_removed":["Hyperbeam"],"damage_healed":0,"gold_gain":0,"player_choice":"Take \u0026 Give","damage_taken":0,"max_hp_gain":0,"max_hp_loss":0,"event_name":"betterNote:BetterNote","floor":19,"gold_loss":0,"cards_obtained":["hermit:Brawl"]},{"damage_healed":0,"gold_gain":0,"player_choice":"Became a vampire","damage_taken":0,"max_hp_gain":0,"max_hp_loss":23,"event_name":"Vampires","floor":25,"gold_loss":0,"cards_obtained":["Bite","Bite","Bite","Bite","Bite"]}],"is_beta":false,"boss_relics":[{"not_picked":["Runic Pyramid","Busted Crown"],"picked":"Cursed Key"}],"items_purged_floors":[],"is_endless":false,"potions_floor_spawned":[2,5,15,21,26,32],"killed_by":"IC_MUSHROOM_ARCHETYPE","ascension_level":0}}