{"host":"5gfra4hjb6stk8c2","time":1611258243,"event":{"mods":["BaseMod","Minty Spire (QoL Compilation)","Quick Restart","SuperFastMode"],"gold_per_floor":[113,63,83,258,31,31,58,58,84,84,84],"floor_reached":10,"language":"ENG","playtime":135,"items_purged":["Doubt"],"score":116,"play_id":"3269791c-5a61-496b-88bd-717c6be8f29f","local_time":"20210121164403","is_ascension_mode":true,"campfire_choices":[{"data":"Fasting2","floor":6,"key":"SMITH"}],"circlet_count":0,"master_deck":["Strike_P","Strike_P","Strike_P","Strike_P","Defend_P","Defend_P","Defend_P","Eruption","Vigilance","Fasting2+1","DevaForm+1"],"relics":["PureWater","NeowsBlessing","Pen Nib","Potion Belt","Regal Pillow"],"acts_visited":["Exordium"],"potions_floor_usage":[10],"damage_taken":[{"damage":0,"enemies":"Jaw Worm","floor":1,"turns":1},{"damage":0,"enemies":"Small Slimes","floor":3,"turns":1},{"damage":0,"enemies":"Gremlin Nob","floor":7,"turns":1},{"damage":65,"enemies":"3 Sentries","floor":10,"turns":11}],"seed_played":"-7943899048494893285","potions_obtained":[{"floor":3,"key":"LiquidMemories"}],"is_trial":false,"path_per_floor":["M","?","M","?","$","R","E","?","T","E"],"character_chosen":"WATCHER","items_purchased":["Pen Nib"],"campfire_rested":0,"item_purchase_floors":[5],"current_hp_per_floor":[65,65,65,65,65,65,65,65,65,0,0],"gold":84,"neow_bonus":"THREE_ENEMY_KILL","is_daily":false,"chose_seed":false,"campfire_upgraded":1,"win_rate":0.0,"timestamp":1611258243,"path_taken":["M","?","M","?","$","R","E","?","T","E"],"items_purchased_type":["Relic"],"build_version":"2020-12-22","purchased_purges":1,"victory":false,"max_hp_per_floor":[72,72,72,72,72,72,72,72,72,72,72],"card_choices":[{"not_picked":["FollowUp","ClearTheMind","CrushJoints"],"picked":"SKIP","floor":1},{"not_picked":["Protect","Prostrate"],"picked":"Fasting2","floor":3},{"not_picked":["LikeWater","FlurryOfBlows"],"picked":"DevaForm","floor":7}],"player_experience":178598,"relics_obtained":[{"floor":7,"key":"Potion Belt"},{"floor":9,"key":"Regal Pillow"}],"event_choices":[{"cards_removed":["Defend_P"],"damage_healed":0,"gold_gain":0,"player_choice":"Card Removal","damage_taken":0,"max_hp_gain":0,"max_hp_loss":0,"event_name":"The Cleric","floor":2,"gold_loss":50},{"damage_healed":0,"gold_gain":175,"player_choice":"AGREE","damage_taken":0,"max_hp_gain":0,"max_hp_loss":0,"event_name":"Liars Game","floor":4,"gold_loss":0,"cards_obtained":["Doubt"]},{"damage_healed":0,"gold_gain":0,"player_choice":"Grow","damage_taken":0,"max_hp_gain":0,"max_hp_loss":0,"event_name":"Living Wall","floor":8,"gold_loss":0,"cards_upgraded":["DevaForm"]}],"is_beta":false,"boss_relics":[],"items_purged_floors":[5],"is_endless":false,"potions_floor_spawned":[3],"killed_by":"3 Sentries","ascension_level":6}}