{"host":"c59jaj2b7ki1imdm","time":1611193015,"event":{"mods":["AchievementEnabler","BaseMod","Hermit","Hubris","Minty Spire (QoL Compilation)","StSLib","The Construct","The Hierophant"],"gold_per_floor":[115,125,139,139,139,139,158,175,199,214,244,244,244,260,260,360,360,375,395,410,27,27,27,47,67,145,145,145,57,57,76,76,76,76],"floor_reached":33,"language":"ENG","playtime":1749,"items_purged":[],"score":241,"play_id":"154e4b1e-170f-4a16-84ff-fc1398f61b5d","local_time":"20210121023655","is_ascension_mode":false,"campfire_choices":[{"floor":6,"key":"REST"},{"floor":12,"key":"REST"},{"floor":15,"key":"REST"},{"floor":23,"key":"REST"},{"floor":28,"key":"REST"},{"floor":30,"key":"REST"},{"floor":32,"key":"REST"}],"circlet_count":0,"master_deck":["Strike_P","Strike_P","Strike_P","Strike_P","Defend_P","Defend_P","Defend_P+1","Defend_P+1","Eruption+1","Vigilance","Worship","Conclude","LikeWater","FollowUp","WheelKick+1","Consecrate","ConjureBlade","JustLucky+1","FearNoEvil+1","Weave+1","WheelKick+1","Decay","JustLucky+1","Halt","Good Instincts","EmptyBody"],"relics":["construct:WeddingRing","Pen Nib","Bag of Marbles","hubris:Backtick","Molten Egg 2","Lantern","War Paint","Bottled Tornado"],"acts_visited":["Exordium","TheCity"],"potions_floor_usage":[16,16,24,31],"damage_taken":[{"damage":7,"enemies":"2 Louse","floor":1,"turns":2},{"damage":14,"enemies":"Small Slimes","floor":2,"turns":4},{"damage":18,"enemies":"Cultist","floor":3,"turns":4},{"damage":7,"enemies":"Blue Slaver","floor":7,"turns":4},{"damage":4,"enemies":"3 Louse","floor":8,"turns":3},{"damage":25,"enemies":"Exordium Thugs","floor":10,"turns":4},{"damage":0,"enemies":"Exordium Wildlife","floor":14,"turns":2},{"damage":59,"enemies":"The Guardian","floor":16,"turns":5},{"damage":10,"enemies":"Chosen","floor":18,"turns":2},{"damage":39,"enemies":"Shell Parasite","floor":19,"turns":5},{"damage":9,"enemies":"Centurion and Healer","floor":20,"turns":4},{"damage":0,"enemies":"Snake Plant","floor":24,"turns":2},{"damage":11,"enemies":"Chosen and Byrds","floor":25,"turns":4},{"damage":14,"enemies":"Colosseum Slavers","floor":27,"turns":2},{"damage":31,"enemies":"Centurion and Healer","floor":31,"turns":4},{"damage":46,"enemies":"Collector","floor":33,"turns":3}],"seed_played":"-6333046018095048337","potions_obtained":[{"floor":1,"key":"EssenceOfSteel"},{"floor":2,"key":"LiquidBronze"},{"floor":14,"key":"DistilledChaos"},{"floor":24,"key":"Block Potion"}],"is_trial":false,"path_per_floor":["M","M","M","?","?","R","M","M","T","M","?","R","?","M","R","B",null,"M","M","M","$","?","R","M","M","T","?","R","$","R","M","R","B"],"character_chosen":"WATCHER","items_purchased":["Lantern","War Paint","WheelKick+1","Good Instincts"],"campfire_rested":7,"item_purchase_floors":[21,21,21,29],"current_hp_per_floor":[65,51,33,33,33,54,47,43,43,18,18,39,39,39,60,1,72,62,23,14,14,14,35,35,24,24,10,31,31,52,21,42,0,0],"gold":76,"neow_bonus":"BOSS_RELIC","is_daily":false,"chose_seed":false,"campfire_upgraded":0,"win_rate":0.0,"timestamp":1611193015,"path_taken":["M","M","M","?","?","R","M","?","T","M","?","R","?","M","R","BOSS","M","M","M","$","?","R","M","M","T","?","R","$","R","M","R","BOSS"],"items_purchased_type":["Relic","Relic","Card","Card"],"build_version":"2020-12-22","purchased_purges":0,"victory":false,"max_hp_per_floor":[72,72,72,72,72,72,72,72,72,72,72,72,72,72,72,72,72,72,72,72,72,72,72,72,72,72,72,72,72,72,72,72,72,72],"card_choices":[{"not_picked":["DeceiveReality","ReachHeaven"],"picked":"Worship","floor":1},{"not_picked":["Consecrate","BowlingBash"],"picked":"FlurryOfBlows","floor":2},{"not_picked":["Protect","Study"],"picked":"Conclude","floor":3},{"not_picked":["ClearTheMind","Conclude"],"picked":"LikeWater","floor":7},{"not_picked":["CutThroughFate","Collect"],"picked":"FollowUp","floor":8},{"not_picked":["ClearTheMind","CrushJoints"],"picked":"WheelKick","floor":10},{"not_picked":["Study","FlyingSleeves"],"picked":"Consecrate","floor":14},{"not_picked":["Establishment","Omniscience"],"picked":"ConjureBlade","floor":16},{"not_picked":["Prostrate+1","TalkToTheHand+1"],"picked":"JustLucky+1","floor":18},{"not_picked":["FlyingSleeves+1","SashWhip+1"],"picked":"FearNoEvil+1","floor":19},{"not_picked":["EmptyBody","Evaluate"],"picked":"Weave+1","floor":20},{"not_picked":["SashWhip+1","CutThroughFate+1"],"picked":"JustLucky+1","floor":24},{"not_picked":["Study","Protect"],"picked":"Halt","floor":25},{"not_picked":["WindmillStrike+1","ThirdEye"],"picked":"EmptyBody","floor":31}],"player_experience":148595,"relics_obtained":[{"floor":9,"key":"Bag of Marbles"},{"floor":26,"key":"Bottled Tornado"}],"event_choices":[{"damage_healed":0,"gold_gain":0,"player_choice":"Grow","damage_taken":0,"max_hp_gain":0,"max_hp_loss":0,"event_name":"Living Wall","floor":4,"gold_loss":0,"cards_upgraded":["Eruption"]},{"cards_removed":["FlurryOfBlows"],"damage_healed":0,"gold_gain":0,"player_choice":"Gave Card","damage_taken":0,"relics_obtained":["Pen Nib"],"max_hp_gain":0,"max_hp_loss":0,"event_name":"WeMeetAgain","floor":5,"gold_loss":0},{"damage_healed":0,"gold_gain":30,"player_choice":"Searched \u00271\u0027 times","damage_taken":0,"max_hp_gain":0,"max_hp_loss":0,"event_name":"Dead Adventurer","floor":11,"gold_loss":0},{"damage_healed":0,"gold_gain":0,"player_choice":"Forge","damage_taken":0,"max_hp_gain":0,"max_hp_loss":0,"event_name":"Accursed Blacksmith","floor":13,"gold_loss":0,"cards_upgraded":["WheelKick"]},{"damage_healed":0,"gold_gain":0,"player_choice":"Smashed Altar","damage_taken":0,"max_hp_gain":0,"max_hp_loss":0,"event_name":"Forgotten Altar","floor":22,"gold_loss":0,"cards_obtained":["Decay"]},{"damage_healed":0,"gold_gain":0,"player_choice":"Fight","damage_taken":0,"max_hp_gain":0,"max_hp_loss":0,"event_name":"Colosseum","floor":27,"gold_loss":0},{"damage_healed":0,"gold_gain":0,"player_choice":"Fled From Nobs","damage_taken":0,"max_hp_gain":0,"max_hp_loss":0,"event_name":"Colosseum","floor":27,"gold_loss":0}],"is_beta":false,"boss_relics":[{"not_picked":["SacredBark","Empty Cage"],"picked":"hubris:Backtick"}],"items_purged_floors":[],"is_endless":false,"potions_floor_spawned":[1,2,14,24],"killed_by":"Collector","ascension_level":0}}