{"host":"6a06qhlf17v5rcww","time":1611264881,"event":{"mods":["Act Like it!","Aspiration","BaseMod","Beaked The Cultist","Better Altar","Better Match","Better Note","Better Sensory Stone","Better Skull","Better Third Choice","Better Vampires","BetterRewards","Block Reminder","Colored Powertips","Downfall","Gensokyo","Infinite Spire","Minty Spire (QoL Compilation)","Pale of the Ancients","Poor People Problems","Rare Cards Sparkle","Shade Mod","StSLib","The Bug Knight","The Jungle","The Marked","Yakumo Yukari mod"],"gold_per_floor":[99,112,212,487,507,523,523,554,586,586,602,42,42,59,71,175,175,175,192,207,207,207,207,234,245,345,345,356,366,384,384,399,503,503,503,519,519,519,236,254,254,271,360,411,423,423,449,449,468,468],"floor_reached":51,"language":"ENG","playtime":8221,"items_purged":["Regret"],"score":1066,"play_id":"9e3334a4-a0a7-4b1d-bf59-b1f4f36ff0c8","local_time":"20210121163441","is_ascension_mode":true,"campfire_choices":[{"data":"Magnetism","floor":1.0,"key":"SMITH"},{"data":"Guardian:Orbwalk","floor":13.0,"key":"SMITH"},{"data":"Guardian:SentryBeam","floor":18.0,"key":"SMITH"},{"data":"Guardian:FloatingOrbs","floor":23.0,"key":"SMITH"},{"data":"Guardian:PolyBeam","floor":27.0,"key":"SMITH"},{"data":"Guardian:SpikerProtocol","floor":35.0,"key":"SMITH"},{"data":"expansioncontent:StudyTheSpire","floor":46,"key":"SMITH"}],"circlet_count":0,"master_deck":["Guardian:Defend_Guardian","Guardian:Defend_Guardian","Guardian:CurlUp","Guardian:TwinSlam","Magnetism+1","Guardian:PiercingHide","downfall:Haunted","Gensokyo:ImpossibleRequest","Shame","Guardian:SphericShield","downfall:Haunted","Guardian:Orbwalk+1","Guardian:SentryBeam+1","Guardian:Recover+1","Guardian:Recover+1","Guardian:FastForward+1","Guardian:SpikerProtocol","Guardian:RollAttack","Guardian:PiercingHide+1","Guardian:StasisField+1","Guardian:FloatingOrbs+1","Guardian:BronzeOrb","Purity+1","Forethought+1","Guardian:PolyBeam+1","Guardian:DecasProtection+1","Guardian:FloatingOrbs","Guardian:SpikerProtocol+1","Guardian:EvasiveProtocol","Guardian:Incinerate+1","Guardian:CompilePackage+1","Clumsy","Guardian:BronzeArmor+1","Guardian:Harden+1","expansioncontent:StudyTheSpire+1","Guardian:Recover+1","Injury","Guardian:PolyBeam"],"relics":["Guardian:ModeShifter","Du-Vu Doll","Toxic Egg 2","Dream Catcher","downfall:BrokenWingStatue","infinitespire:WardingShard","OrangePellets","infinitespire:Cupcake","Oddly Smooth Stone","Toy Ornithopter","Frozen Eye","SlaversCollar","Membership Card","Guardian:StasisUpgradeRelic","Calipers","aspiration:HatOfInfinitePower","Ice Cream","hexamod:BolsterEngine","Guardian:GemstoneGun"],"acts_visited":["Exordium","TheCity","TheBeyond"],"potions_floor_usage":[43],"damage_taken":[{"damage":9.0,"enemies":"Jaw Worm","floor":2.0,"turns":5.0},{"damage":6.0,"enemies":"Cultist","floor":5.0,"turns":3.0},{"damage":2.0,"enemies":"2 Louse","floor":6.0,"turns":2.0},{"damage":9.0,"enemies":"3 Sentries","floor":8.0,"turns":5.0},{"damage":14.0,"enemies":"Exordium Thugs","floor":9.0,"turns":6.0},{"damage":0.0,"enemies":"Large Slime","floor":11.0,"turns":5.0},{"damage":5.0,"enemies":"downfall:FleeingMerchant","floor":12.0,"turns":4.0},{"damage":7.0,"enemies":"Lots of Slimes","floor":14.0,"turns":3.0},{"damage":8.0,"enemies":"Blue Slaver","floor":15.0,"turns":4.0},{"damage":6.0,"enemies":"DF_ARCHETYPE_STREAMLINE","floor":16.0,"turns":9.0},{"damage":15.0,"enemies":"3 Byrds","floor":19.0,"turns":4.0},{"damage":0.0,"enemies":"Shell Parasite","floor":20.0,"turns":4.0},{"damage":5.0,"enemies":"Snake Plant","floor":25.0,"turns":4.0},{"damage":9.0,"enemies":"downfall:LadyInBlue","floor":26.0,"turns":10.0},{"damage":0.0,"enemies":"Snecko","floor":28.0,"turns":2.0},{"damage":0.0,"enemies":"Centurion and Healer","floor":29.0,"turns":5.0},{"damage":8.0,"enemies":"Snake Plant","floor":30.0,"turns":3.0},{"damage":10.0,"enemies":"Snecko","floor":32.0,"turns":4.0},{"damage":5.0,"enemies":"SI_MIRROR_ARCHETYPE","floor":33.0,"turns":9.0},{"damage":0.0,"enemies":"Orb Walker","floor":36.0,"turns":5.0},{"damage":6.0,"enemies":"downfall:FleeingMerchant","floor":39.0,"turns":4.0},{"damage":0.0,"enemies":"3 Darklings","floor":40.0,"turns":6.0},{"damage":0.0,"enemies":"Sphere and 2 Shapes","floor":42.0,"turns":4.0},{"damage":4,"enemies":"downfall:FleeingMerchant","floor":43,"turns":4},{"damage":0,"enemies":"Giant Head","floor":44,"turns":7},{"damage":0,"enemies":"Maw","floor":45,"turns":6},{"damage":0,"enemies":"beaked:SuperParasite","floor":47,"turns":5},{"damage":0,"enemies":"Jaw Worm Horde","floor":49,"turns":5},{"damage":0,"enemies":"WA_ARCHETYPE_DIVINITY","floor":50,"turns":11}],"seed_played":"-6439319289844814698","potions_obtained":[{"floor":2.0,"key":"AttackPotion"},{"floor":9.0,"key":"Weak Potion"},{"floor":11.0,"key":"SteroidPotion"},{"floor":15.0,"key":"LiquidBronze"},{"floor":16.0,"key":"GamblersBrew"},{"floor":26.0,"key":"SteroidPotion"},{"floor":26.0,"key":"CultistPotion"},{"floor":26.0,"key":"Guardian:BlockOnCardUsePotion"},{"floor":45,"key":"Swift Potion"}],"is_trial":false,"path_per_floor":["R","M","?","?","M","M","T","E","M","?","M","$","R","M","M","B",null,"R","M","M","?","?","R","T","M","?","R","M","M","M","AVR","M","B",null,"R","M","AVR","?","$","M","T","M","$","E","M","R","E","?","M","B",null],"character_chosen":"GUARDIAN","items_purchased":["Guardian:FastForward+1","infinitespire:WardingShard","Guardian:SpikerProtocol","OrangePellets","Guardian:StasisUpgradeRelic","Calipers","Ice Cream","expansioncontent:StudyTheSpire"],"campfire_rested":0,"item_purchase_floors":[12,12,12,12,39,39,43,43],"current_hp_per_floor":[72,63,63,63,57,55,55,46,32,32,32,27,27,20,12,6,72,72,57,57,57,57,57,57,52,43,43,43,43,35,35,25,20,72,72,72,72,72,66,66,66,66,67,67,67,67,67,67,67,67],"gold":468,"neow_bonus":"RANDOM_COLORLESS_2","is_daily":false,"chose_seed":false,"campfire_upgraded":7,"win_rate":0.0,"timestamp":1611264881,"path_taken":["R","M","?","?","?","M","T","E","M","?","?","$","R","M","M","BOSS","R","M","M","?","?","R","T","M","?","R","M","M","?","AVR","M","BOSS","R","M","AVR","?","?","M","T","M","$","E","?","R","E","?","M","BOSS"],"items_purchased_type":["Card","Relic","Card","Relic","Relic","Relic","Relic","Card"],"build_version":"2020-12-22","purchased_purges":1,"victory":true,"max_hp_per_floor":[72,72,72,72,72,72,72,72,72,72,72,72,72,72,72,72,72,72,72,72,72,72,72,72,72,72,72,72,72,72,72,72,72,72,72,72,72,72,72,72,72,72,72,72,72,72,72,72,72,72],"card_choices":[{"not_picked":["Mayhem","HandOfGreed"],"picked":"Magnetism","floor":0.0},{"not_picked":["Guardian:ChargeCore","Guardian:VentSteam"],"picked":"Guardian:PiercingHide","floor":2.0},{"not_picked":["Guardian:PrimingBeam","Guardian:RollAttack"],"picked":"Guardian:Orbwalk","floor":5.0},{"not_picked":["Guardian:CrystalBeam","Guardian:TemporalShield"],"picked":"Guardian:SentryBeam","floor":6.0},{"not_picked":["Guardian:BaubleBeam","Guardian:Preprogram+1"],"picked":"Guardian:Gem_Cyan","floor":8.0},{"not_picked":["Guardian:ShieldCharger+1","Guardian:Planning+1"],"picked":"Guardian:Recover+1","floor":9.0},{"not_picked":["Guardian:TemporalStrike","Guardian:FuturePlans"],"picked":"Guardian:Recover+1","floor":11.0},{"not_picked":["Guardian:Reroute","Guardian:ShieldCharger+1"],"picked":"Guardian:Gem_Cyan","floor":12.0},{"not_picked":["Guardian:Gem_Crimson","Guardian:GemFire"],"picked":"Guardian:RollAttack","floor":14.0},{"not_picked":["Guardian:WalkerClaw","Guardian:ChargeCore"],"picked":"Guardian:PiercingHide+1","floor":15.0},{"not_picked":["Guardian:SphericShield+1","Guardian:StasisStrike"],"picked":"Guardian:StasisField+1","floor":16.0},{"not_picked":["Guardian:ChargeCore","Guardian:Reroute"],"picked":"Guardian:FloatingOrbs","floor":19.0},{"not_picked":["Guardian:TemporalStrike","Guardian:WalkerClaw"],"picked":"Guardian:BronzeOrb","floor":20.0},{"not_picked":["HandOfGreed","Impatience+1"],"picked":"Purity+1","floor":21.0},{"not_picked":["Jack Of All Trades+1","Flash of Steel"],"picked":"Forethought+1","floor":21.0},{"not_picked":["Guardian:Reroute","Guardian:ShieldSpikes+1"],"picked":"Guardian:PolyBeam","floor":25.0},{"not_picked":["Guardian:Gem_Blue","Guardian:ChargeCore"],"picked":"Guardian:DecasProtection+1","floor":26.0},{"not_picked":["Guardian:WalkerClaw","Guardian:Gem_Green"],"picked":"Guardian:FloatingOrbs","floor":28.0},{"not_picked":["Guardian:PiercingHide+1","Guardian:PrimingBeam+1"],"picked":"Guardian:SpikerProtocol","floor":29.0},{"not_picked":["Guardian:Reroute","Guardian:ShieldCharger+1"],"picked":"Guardian:EvasiveProtocol","floor":30.0},{"not_picked":["Guardian:PrimingBeam","Guardian:TemporalStrike"],"picked":"Guardian:Incinerate+1","floor":32.0},{"not_picked":["Guardian:TimeSifter","Guardian:FastForward+1"],"picked":"Guardian:CompilePackage+1","floor":33.0},{"not_picked":["Guardian:Recover+1","Guardian:ChargeCore"],"picked":"Guardian:Gem_Green","floor":36.0},{"not_picked":["Guardian:MultiBeam+1","Guardian:SpikerProtocol"],"picked":"Guardian:BronzeArmor+1","floor":39.0},{"not_picked":["Guardian:Incinerate+1","Guardian:CrystalBeam","Guardian:PrimingBeam"],"picked":"SKIP","floor":40.0},{"not_picked":["Guardian:TemporalShield+1","Guardian:Reroute","Guardian:TemporalStrike+1"],"picked":"SKIP","floor":42.0},{"not_picked":["Guardian:TemporalShield+1","Guardian:Reroute","Guardian:TemporalStrike+1"],"picked":"SKIP","floor":42.0},{"not_picked":["Guardian:StasisStrike","Guardian:ShieldSpikes+1"],"picked":"Guardian:Harden+1","floor":43},{"not_picked":["Guardian:BronzeOrb+1","Guardian:EvasiveProtocol","Guardian:PiercingHide+1"],"picked":"SKIP","floor":44},{"not_picked":["Guardian:CrystalBeam","Guardian:Orbwalk"],"picked":"Guardian:Recover+1","floor":45},{"not_picked":["Guardian:BronzeOrb+1","Guardian:PrimingBeam+1","Guardian:GatlingBeam"],"picked":"SKIP","floor":47},{"not_picked":["Guardian:PiercingHide+1","Guardian:CrystalBeam"],"picked":"Guardian:PolyBeam","floor":49}],"player_experience":779889,"relics_obtained":[{"floor":7.0,"key":"Toxic Egg 2"},{"floor":8.0,"key":"Dream Catcher"},{"floor":24.0,"key":"Oddly Smooth Stone"},{"floor":26.0,"key":"Toy Ornithopter"},{"floor":41.0,"key":"aspiration:HatOfInfinitePower"},{"floor":44,"key":"hexamod:BolsterEngine"},{"floor":47,"key":"Guardian:GemstoneGun"}],"event_choices":[{"damage_healed":0.0,"max_hp_gain":0.0,"max_hp_loss":0.0,"gold_gain":2.0,"event_name":"betterStone:BetterStone","player_choice":"1","floor":21.0,"gold_loss":0.0,"damage_taken":0.0}],"is_beta":false,"boss_relics":[{"not_picked":["aspiration:SilentSkillbook","Tiny House"],"picked":"infinitespire:Cupcake"},{"not_picked":["Snecko Eye","Philosopher\u0027s Stone"],"picked":"SlaversCollar"}],"items_purged_floors":[39],"is_endless":false,"potions_floor_spawned":[2,9,11,15,16,26,28,32,33,36,45],"ascension_level":4}}