{"host":"8dhn6p16jorj0i1s","time":1611262034,"event":{"mods":["BaseMod","Colored Map","DeckTracker","Minty Spire (QoL Compilation)","Permanent Neow","Quick Restart"],"gold_per_floor":[136,181,219,169,169,169,227,24,24,68,68,68,114,154,154,279,279,319,364,376,71,111,173,173,230,230,245,289,300,300,399,399,526,526,568,583,354,401,401,401,401,460,530,585,75,75,138,180,180,210,210,210,8,41,41,41],"floor_reached":55,"language":"ENG","playtime":6265,"items_purged":["LessonLearned+1","FlurryOfBlows+1"],"score":1089,"play_id":"079f3b9e-e44d-451e-a025-2fd9ba93f244","local_time":"20210121214714","is_ascension_mode":true,"campfire_choices":[{"data":"Wish","floor":6.0,"key":"SMITH"},{"data":"WheelKick","floor":12.0,"key":"SMITH"},{"data":"MasterReality","floor":15.0,"key":"SMITH"},{"floor":24.0,"key":"REST"},{"floor":30.0,"key":"REST"},{"floor":32.0,"key":"REST"},{"data":"FlurryOfBlows","floor":40.0,"key":"SMITH"},{"floor":49.0,"key":"RECALL"},{"data":"Devotion","floor":52.0,"key":"SMITH"}],"circlet_count":0,"master_deck":["Eruption+1","Vigilance+1","DeceiveReality+1","Pray+1","Wish+1","ClearTheMind+1","DevaForm+1","WheelKick+1","Alpha+1","BattleHymn+1","MasterReality+1","MentalFortress+1","Vault+1","Evaluate+1","Ragnarok+1","DeusExMachina+1","ClearTheMind+1","Omniscience+1","Establishment","Devotion+1","Fasting2","Omniscience+1"],"relics":["Pandora\u0027s Box","Bottled Lightning","Nunchaku","Sozu","InkBottle","StoneCalendar","Omamori","Snecko Eye","Oddly Smooth Stone","The Courier","Toxic Egg 2","PreservedInsect","Ice Cream","TeardropLocket","Bottled Tornado","Frozen Eye","Sundial"],"acts_visited":["Exordium","TheCity","TheBeyond","TheEnding"],"potions_floor_usage":[],"damage_taken":[{"damage":2.0,"enemies":"Small Slimes","floor":1.0,"turns":5.0},{"damage":0.0,"enemies":"Jaw Worm","floor":2.0,"turns":4.0},{"damage":0.0,"enemies":"2 Louse","floor":3.0,"turns":4.0},{"damage":28.0,"enemies":"Gremlin Nob","floor":7.0,"turns":4.0},{"damage":0.0,"enemies":"Large Slime","floor":10.0,"turns":5.0},{"damage":4.0,"enemies":"Exordium Wildlife","floor":13.0,"turns":3.0},{"damage":0.0,"enemies":"Exordium Thugs","floor":14.0,"turns":3.0},{"damage":2.0,"enemies":"The Guardian","floor":16.0,"turns":6.0},{"damage":0.0,"enemies":"Shell Parasite","floor":18.0,"turns":4.0},{"damage":0.0,"enemies":"Chosen","floor":19.0,"turns":4.0},{"damage":18.0,"enemies":"Centurion and Healer","floor":20.0,"turns":5.0},{"damage":10.0,"enemies":"Snecko","floor":22.0,"turns":6.0},{"damage":13.0,"enemies":"Gremlin Leader","floor":23.0,"turns":6.0},{"damage":5.0,"enemies":"Book of Stabbing","floor":25.0,"turns":4.0},{"damage":19.0,"enemies":"Snake Plant","floor":27.0,"turns":4.0},{"damage":16.0,"enemies":"Centurion and Healer","floor":28.0,"turns":4.0},{"damage":0.0,"enemies":"Cultist and Chosen","floor":29.0,"turns":4.0},{"damage":2.0,"enemies":"Champ","floor":33.0,"turns":7.0},{"damage":0.0,"enemies":"3 Shapes","floor":35.0,"turns":3.0},{"damage":0.0,"enemies":"Orb Walker","floor":36.0,"turns":2.0},{"damage":0.0,"enemies":"Sphere and 2 Shapes","floor":38.0,"turns":3.0},{"damage":0.0,"enemies":"Maw","floor":41.0,"turns":2.0},{"damage":36.0,"enemies":"Reptomancer","floor":42.0,"turns":5.0},{"damage":2.0,"enemies":"Nemesis","floor":44.0,"turns":3.0},{"damage":0.0,"enemies":"Giant Head","floor":47.0,"turns":5.0},{"damage":0.0,"enemies":"Transient","floor":48.0,"turns":6.0},{"damage":0.0,"enemies":"Time Eater","floor":50.0,"turns":5.0},{"damage":0.0,"enemies":"Shield and Spear","floor":54.0,"turns":3.0},{"damage":100,"enemies":"The Heart","floor":55,"turns":3}],"seed_played":"-860012591801073762","potions_obtained":[{"floor":7.0,"key":"Block Potion"},{"floor":10.0,"key":"BlessingOfTheForge"},{"floor":13.0,"key":"Energy Potion"},{"floor":16.0,"key":"SmokeBomb"}],"is_trial":false,"path_per_floor":["M","M","M","?","T","R","E","$","T","M","?","R","M","M","R","B",null,"M","M","M","$","M","E","R","E","T","M","M","M","R","?","R","B",null,"M","M","$","M","?","R","M","E","T","E","$","?","E","M","R","B",null,"R","$","E","B"],"character_chosen":"WATCHER","items_purchased":["Alpha","BattleHymn","Energy Potion","Ragnarok","DeusExMachina","Oddly Smooth Stone","Ice Cream","Fasting2","TeardropLocket","Frozen Eye"],"campfire_rested":3,"item_purchase_floors":[8,8,8,21,21,37,45,45,45,53],"current_hp_per_floor":[70,70,70,70,70,70,42,42,42,42,42,42,38,38,38,36,63,63,63,45,45,35,22,43,38,38,19,3,3,24,24,45,43,65,65,65,65,65,65,65,65,29,29,27,27,27,27,27,27,27,61,61,61,61,0,0],"gold":41,"neow_bonus":"BOSS_RELIC","is_daily":false,"chose_seed":false,"campfire_upgraded":5,"win_rate":0.0,"timestamp":1611262034,"path_taken":["M","M","M","?","?","R","E","$","T","M","?","R","M","M","R","BOSS","M","M","M","$","M","E","R","E","T","M","M","M","R","?","R","BOSS","M","M","$","M","?","R","M","E","T","E","$","?","E","M","R","BOSS","R","$","E","BOSS"],"items_purchased_type":["Card","Card","Potion","Card","Card","Relic","Relic","Card","Relic","Relic"],"build_version":"2020-12-22","purchased_purges":2,"victory":false,"max_hp_per_floor":[72,72,72,72,72,72,72,72,72,72,72,72,72,72,72,72,72,72,72,72,72,72,72,72,72,72,72,72,72,72,72,72,72,72,72,72,72,72,72,72,72,72,72,72,72,72,72,72,72,72,72,72,72,72,72,72],"card_choices":[{"not_picked":["ClearTheMind","FollowUp","BowlingBash"],"picked":"SKIP","floor":1.0},{"not_picked":["EmptyMind","FollowUp","Perseverance"],"picked":"SKIP","floor":2.0},{"not_picked":["PathToVictory","CrushJoints","EmptyBody"],"picked":"SKIP","floor":3.0},{"not_picked":["Consecrate","Vengeance","ClearTheMind"],"picked":"SKIP","floor":7.0},{"not_picked":["Prostrate","LikeWater"],"picked":"FlurryOfBlows","floor":10.0},{"not_picked":["PathToVictory","Study"],"picked":"MasterReality","floor":13.0},{"not_picked":["CutThroughFate","Protect"],"picked":"MentalFortress","floor":14.0},{"not_picked":["Devotion","DevaForm"],"picked":"Vault","floor":16.0},{"not_picked":["PathToVictory","SashWhip"],"picked":"Evaluate","floor":18.0},{"not_picked":["ClearTheMind","Crescendo","FearNoEvil+1"],"picked":"SKIP","floor":19.0},{"not_picked":["Perseverance","ThirdEye","Tantrum"],"picked":"SKIP","floor":20.0},{"not_picked":["Conclude+1","FlurryOfBlows","CrushJoints"],"picked":"SKIP","floor":22.0},{"not_picked":["Conclude","LessonLearned","CarveReality"],"picked":"SKIP","floor":23.0},{"not_picked":["EmptyBody","FlyingSleeves"],"picked":"ClearTheMind","floor":25.0},{"not_picked":["BowlingBash","EmptyBody","ThirdEye+1"],"picked":"SKIP","floor":27.0},{"not_picked":["PathToVictory","ForeignInfluence","Evaluate"],"picked":"SKIP","floor":28.0},{"not_picked":["Wireheading","CarveReality"],"picked":"Halt","floor":29.0},{"not_picked":["Wish","Ragnarok"],"picked":"Omniscience","floor":33.0},{"not_picked":["CrushJoints","Crescendo+1","JustLucky+1"],"picked":"SKIP","floor":35.0},{"not_picked":["CutThroughFate","WreathOfFlame+1","ClearTheMind"],"picked":"SKIP","floor":36.0},{"not_picked":["Consecrate","DeceiveReality","JustLucky+1"],"picked":"SKIP","floor":38.0},{"not_picked":["Halt","ClearTheMind"],"picked":"Establishment","floor":42.0},{"not_picked":["Protect+1","ReachHeaven"],"picked":"Devotion","floor":44.0},{"not_picked":["EmptyBody+1","FlurryOfBlows","Prostrate+1"],"picked":"SKIP","floor":47.0},{"not_picked":["Evaluate+1","FollowUp"],"picked":"Omniscience+1","floor":48.0},{"not_picked":["Perseverance+1","MentalFortress","SashWhip+1"],"picked":"SKIP","floor":54.0}],"player_experience":427322,"relics_obtained":[{"floor":5.0,"key":"Bottled Lightning"},{"floor":7.0,"key":"Nunchaku"},{"floor":23.0,"key":"InkBottle"},{"floor":25.0,"key":"StoneCalendar"},{"floor":26.0,"key":"Omamori"},{"floor":42.0,"key":"The Courier"},{"floor":43.0,"key":"Toxic Egg 2"},{"floor":44.0,"key":"PreservedInsect"},{"floor":47.0,"key":"Bottled Tornado"},{"floor":54.0,"key":"Sundial"}],"event_choices":[{"cards_removed":["JustLucky"],"damage_healed":0.0,"max_hp_gain":0.0,"max_hp_loss":0.0,"gold_gain":0.0,"event_name":"The Cleric","player_choice":"Card Removal","floor":4.0,"gold_loss":50.0,"damage_taken":0.0},{"damage_healed":0.0,"max_hp_gain":0.0,"max_hp_loss":0.0,"gold_gain":0.0,"event_name":"Living Wall","player_choice":"Grow","floor":11.0,"gold_loss":0.0,"damage_taken":0.0,"cards_upgraded":["BattleHymn"]},{"damage_healed":0.0,"max_hp_gain":0.0,"max_hp_loss":0.0,"gold_gain":99.0,"event_name":"Nest","player_choice":"Stole From Cult","floor":31.0,"gold_loss":0.0,"damage_taken":0.0},{"cards_removed":["Halt"],"damage_healed":0.0,"max_hp_gain":0.0,"max_hp_loss":0.0,"gold_gain":0.0,"event_name":"Falling","player_choice":"Removed Skill","floor":39.0,"gold_loss":0.0,"damage_taken":0.0},{"damage_healed":0.0,"max_hp_gain":0.0,"max_hp_loss":0.0,"gold_gain":0.0,"event_name":"SensoryStone","player_choice":"Memory 1","floor":46.0,"gold_loss":0.0,"damage_taken":0.0}],"is_beta":false,"boss_relics":[{"not_picked":["Astrolabe","SacredBark"],"picked":"Sozu"},{"not_picked":["Coffee Dripper","Busted Crown"],"picked":"Snecko Eye"}],"items_purged_floors":[37,53],"is_endless":false,"potions_floor_spawned":[7,10,13,16,19,20,25,27,28,36,41,47,48],"killed_by":"The Heart","ascension_level":5}}