{"host":"sygfylmorsvdndbx","time":1611194074,"event":{"mods":["AchievementEnabler","BaseMod","Highlight Path","Minty Spire (QoL Compilation)","Permanent Neow","Quick Restart","Relic Stats"],"gold_per_floor":[116,129,129,141,157,186,206,236,236,270,270,289,315,265,265,377,377,402,402,402,425,425,425,425,461,461,486,511,248,248,281,281,394,394,418,418,440,453,471,471,500,500,527,527,567,616,646,656,656,656,656,656,37,71,71,71],"floor_reached":55,"language":"ENG","playtime":6273,"items_purged":[],"score":1140,"play_id":"dc8287f4-5a57-4de5-8f90-4a3055229a16","local_time":"20210120205434","is_ascension_mode":true,"campfire_choices":[{"floor":11.0,"key":"REST"},{"floor":15.0,"key":"REST"},{"floor":23.0,"key":"REST"},{"floor":30.0,"key":"REST"},{"floor":32.0,"key":"RECALL"},{"floor":40.0,"key":"REST"},{"floor":42.0,"key":"REST"},{"floor":49.0,"key":"REST"},{"floor":52.0,"key":"REST"}],"circlet_count":0,"master_deck":["Strike_P+1","Strike_P+1","Strike_P+1","Defend_P+1","Defend_P+1","Defend_P+1","Vigilance+1","WheelKick+1","Crescendo+1","Meditate","Tantrum","EmptyMind+1","FollowUp","Scrawl","DevaForm","CutThroughFate","Wireheading+1","BowlingBash+1","Weave","FlurryOfBlows","DeusExMachina","SashWhip+1","Evaluate+1","EmptyFist+1","Vault","ThirdEye+1","Halt+1","DeceiveReality+1","Adaptation","Master of Strategy","DevaForm"],"relics":["Fusion Hammer","Ornamental Fan","The Courier","Akabeko","CeramicFish","Sundial","VioletLotus","Enchiridion","MutagenicStrength","Pen Nib","Yang","War Paint","Orrery","Tiny Chest","Empty Cage","Bronze Scales","Happy Flower","Unceasing Top","Potion Belt","Lantern","Turnip","Bottled Lightning"],"acts_visited":["Exordium","TheCity","TheBeyond","TheEnding"],"potions_floor_usage":[55,55],"damage_taken":[{"damage":3.0,"enemies":"Small Slimes","floor":1.0,"turns":5.0},{"damage":0.0,"enemies":"Jaw Worm","floor":2.0,"turns":2.0},{"damage":0.0,"enemies":"2 Louse","floor":4.0,"turns":2.0},{"damage":6.0,"enemies":"2 Fungi Beasts","floor":5.0,"turns":3.0},{"damage":12.0,"enemies":"Lagavulin","floor":6.0,"turns":3.0},{"damage":0.0,"enemies":"Looter","floor":7.0,"turns":2.0},{"damage":7.0,"enemies":"3 Sentries","floor":8.0,"turns":4.0},{"damage":0.0,"enemies":"Gremlin Nob","floor":10.0,"turns":2.0},{"damage":0.0,"enemies":"Large Slime","floor":12.0,"turns":1.0},{"damage":0.0,"enemies":"3 Sentries","floor":13.0,"turns":3.0},{"damage":24.0,"enemies":"Slime Boss","floor":16.0,"turns":5.0},{"damage":11.0,"enemies":"2 Thieves","floor":18.0,"turns":2.0},{"damage":0.0,"enemies":"Chosen","floor":21.0,"turns":2.0},{"damage":10.0,"enemies":"Gremlin Leader","floor":25.0,"turns":3.0},{"damage":8.0,"enemies":"Snake Plant","floor":27.0,"turns":3.0},{"damage":0.0,"enemies":"Centurion and Healer","floor":28.0,"turns":4.0},{"damage":0.0,"enemies":"Slavers","floor":31.0,"turns":2.0},{"damage":29.0,"enemies":"Collector","floor":33.0,"turns":6.0},{"damage":6.0,"enemies":"3 Shapes","floor":35.0,"turns":4.0},{"damage":9.0,"enemies":"3 Darklings","floor":37.0,"turns":3.0},{"damage":0.0,"enemies":"Spire Growth","floor":38.0,"turns":2.0},{"damage":15.0,"enemies":"4 Shapes","floor":39.0,"turns":4.0},{"damage":0.0,"enemies":"Giant Head","floor":41.0,"turns":6.0},{"damage":15.0,"enemies":"Nemesis","floor":45.0,"turns":4.0},{"damage":15.0,"enemies":"2 Orb Walkers","floor":46.0,"turns":3.0},{"damage":0.0,"enemies":"Giant Head","floor":47.0,"turns":6.0},{"damage":0.0,"enemies":"Writhing Mass","floor":48.0,"turns":6.0},{"damage":43.0,"enemies":"Donu and Deca","floor":50.0,"turns":8.0},{"damage":0,"enemies":"Shield and Spear","floor":54,"turns":4},{"damage":73,"enemies":"The Heart","floor":55,"turns":7}],"seed_played":"-1382621918293139094","potions_obtained":[{"floor":1.0,"key":"EssenceOfSteel"},{"floor":2.0,"key":"SpeedPotion"},{"floor":4.0,"key":"Weak Potion"},{"floor":8.0,"key":"Block Potion"},{"floor":16.0,"key":"Weak Potion"},{"floor":21.0,"key":"FearPotion"},{"floor":27.0,"key":"StancePotion"},{"floor":38.0,"key":"Weak Potion"},{"floor":41.0,"key":"StancePotion"},{"floor":48.0,"key":"Explosive Potion"}],"is_trial":false,"path_per_floor":["M","M","?","M","M","E","M","E","T","E","R","M","E","?","R","B",null,"M","?","?","M","?","R","?","E","T","M","M","$","R","E","R","B",null,"M","?","M","M","M","R","E","R","T","?","E","?","E","M","R","B",null,"R","$","E","B"],"character_chosen":"WATCHER","items_purchased":["War Paint","DeusExMachina","Orrery","Adaptation","Master of Strategy","Lantern","Turnip","Fruit Juice"],"campfire_rested":8,"item_purchase_floors":[29,29,29,53,53,53,53,53],"current_hp_per_floor":[69,69,55,55,49,37,37,30,30,30,51,51,51,51,72,48,72,61,45,45,45,45,66,66,56,56,48,48,48,69,69,69,40,72,66,66,57,57,42,62,62,68,68,68,53,38,38,38,58,15,68,68,73,73,0,0],"gold":71,"neow_bonus":"BOSS_RELIC","is_daily":false,"chose_seed":false,"campfire_upgraded":0,"win_rate":0.0,"timestamp":1611194074,"path_taken":["M","M","?","M","M","E","M","E","T","E","R","M","E","?","R","BOSS","M","?","?","M","?","R","?","E","T","M","M","$","R","E","R","BOSS","M","?","M","M","M","R","E","R","T","?","E","?","E","M","R","BOSS","R","$","E","BOSS"],"items_purchased_type":["Relic","Card","Relic","Card","Card","Relic","Relic","Potion"],"build_version":"2020-12-22","purchased_purges":0,"victory":false,"max_hp_per_floor":[72,72,72,72,72,72,72,72,72,72,72,72,72,72,72,72,72,72,72,72,72,72,72,72,72,72,72,72,72,72,72,72,72,72,72,68,68,68,68,68,68,68,68,68,68,68,68,68,68,68,68,68,73,73,73,73],"relic_stats":{"Happy Flower":[11],"counters":[30,111],"CeramicFish":162,"Yang":[246],"Pen Nib":[24],"War Paint":["Crescendo","EmptyMind"],"Ornamental Fan":[260],"Sundial":[10],"Bronze Scales":[151],"Tiny Chest":0,"VioletLotus":[16],"Turnip":[2],"obtain_stats":[{"Potion Belt":47,"Lantern":53,"Happy Flower":45,"CeramicFish":10,"Enchiridion":19,"Yang":26,"The Courier":8,"Pen Nib":25,"War Paint":29,"Empty Cage":34,"Akabeko":9,"Ornamental Fan":6,"Sundial":13,"MutagenicStrength":24,"Bronze Scales":41,"Orrery":29,"Tiny Chest":31,"Fusion Hammer":0,"VioletLotus":17,"Turnip":53,"Bottled Lightning":54,"PureWater":0,"Unceasing Top":46},{"Potion Belt":26,"Lantern":28,"Happy Flower":24,"CeramicFish":8,"Enchiridion":12,"Yang":14,"The Courier":7,"Pen Nib":14,"War Paint":16,"Empty Cage":18,"Akabeko":7,"Ornamental Fan":5,"Sundial":10,"MutagenicStrength":13,"Bronze Scales":23,"Orrery":16,"Tiny Chest":17,"Fusion Hammer":0,"VioletLotus":11,"Turnip":28,"Bottled Lightning":29,"PureWater":0,"Unceasing Top":25},{"Potion Belt":86,"Lantern":100,"Happy Flower":77,"CeramicFish":23,"Enchiridion":34,"Yang":39,"The Courier":21,"Pen Nib":39,"War Paint":46,"Empty Cage":54,"Akabeko":21,"Ornamental Fan":15,"Sundial":27,"MutagenicStrength":36,"Bronze Scales":73,"Orrery":46,"Tiny Chest":48,"Fusion Hammer":0,"VioletLotus":32,"Turnip":100,"Bottled Lightning":104,"PureWater":0,"Unceasing Top":80}],"Unceasing Top":[3]},"card_choices":[{"not_picked":["JustLucky","EmptyFist"],"picked":"WheelKick","floor":1.0},{"not_picked":["Fasting2","Perseverance"],"picked":"Crescendo","floor":2.0},{"not_picked":["Protect","Evaluate"],"picked":"Meditate","floor":4.0},{"not_picked":["WheelKick","PathToVictory"],"picked":"Tantrum","floor":5.0},{"not_picked":["Evaluate","EmptyBody"],"picked":"EmptyMind","floor":6.0},{"not_picked":["BowlingBash","SashWhip"],"picked":"FollowUp","floor":7.0},{"not_picked":["DeceiveReality","Study"],"picked":"Scrawl","floor":8.0},{"not_picked":["Evaluate","FlyingSleeves","Conclude"],"picked":"SKIP","floor":10.0},{"not_picked":["WreathOfFlame","Halt"],"picked":"Wireheading","floor":12.0},{"not_picked":["Alpha","FlyingSleeves","ClearTheMind"],"picked":"SKIP","floor":13.0},{"not_picked":["Vault","Brilliance"],"picked":"DevaForm","floor":16.0},{"not_picked":["Worship","Wireheading"],"picked":"CutThroughFate","floor":18.0},{"not_picked":["EmptyMind","Sanctity+1"],"picked":"Wireheading+1","floor":21.0},{"not_picked":["EmptyFist","Prostrate+1"],"picked":"BowlingBash+1","floor":25.0},{"not_picked":["Protect","WreathOfFlame+1"],"picked":"Weave","floor":27.0},{"not_picked":["DeceiveReality","Consecrate+1"],"picked":"FlurryOfBlows","floor":28.0},{"not_picked":["FlurryOfBlows","Crescendo"],"picked":"SashWhip+1","floor":29.0},{"not_picked":["ReachHeaven+1","BowlingBash"],"picked":"Evaluate+1","floor":29.0},{"not_picked":["Prostrate","ConjureBlade"],"picked":"EmptyFist+1","floor":29.0},{"not_picked":["DeceiveReality","EmptyMind+1","SandsOfTime"],"picked":"SKIP","floor":31.0},{"not_picked":["Judgement","Scrawl"],"picked":"Vault","floor":33.0},{"not_picked":["Adaptation+1","Evaluate"],"picked":"ThirdEye+1","floor":35.0},{"not_picked":["WheelKick+1","Conclude+1"],"picked":"Halt+1","floor":37.0},{"not_picked":["Crescendo","CarveReality","CutThroughFate"],"picked":"SKIP","floor":38.0},{"not_picked":["Prostrate+1","EmptyBody","CrushJoints"],"picked":"SKIP","floor":39.0},{"not_picked":["Protect","JustLucky","EmptyFist+1"],"picked":"SKIP","floor":41.0},{"not_picked":["Vault","Consecrate+1"],"picked":"DeceiveReality+1","floor":45.0},{"not_picked":["Halt","Conclude","FlyingSleeves"],"picked":"SKIP","floor":47.0},{"not_picked":["ForeignInfluence+1","CarveReality+1","Prostrate+1"],"picked":"SKIP","floor":48.0},{"not_picked":["BowlingBash+1","SandsOfTime"],"picked":"DevaForm","floor":54}],"player_experience":289230,"relics_obtained":[{"floor":6.0,"key":"Ornamental Fan"},{"floor":8.0,"key":"The Courier"},{"floor":9.0,"key":"Akabeko"},{"floor":10.0,"key":"CeramicFish"},{"floor":13.0,"key":"Sundial"},{"floor":19.0,"key":"Enchiridion"},{"floor":25.0,"key":"Pen Nib"},{"floor":26.0,"key":"Yang"},{"floor":31.0,"key":"Tiny Chest"},{"floor":41.0,"key":"Bronze Scales"},{"floor":45.0,"key":"Happy Flower"},{"floor":46.0,"key":"Unceasing Top"},{"floor":47.0,"key":"Potion Belt"},{"floor":54,"key":"Bottled Lightning"}],"event_choices":[{"damage_healed":0.0,"max_hp_gain":0.0,"max_hp_loss":0.0,"gold_gain":0.0,"event_name":"Shining Light","player_choice":"Entered Light","floor":3.0,"gold_loss":0.0,"damage_taken":14.0,"cards_upgraded":["Vigilance","WheelKick"]},{"cards_removed":["Strike_P"],"damage_healed":0.0,"max_hp_gain":0.0,"max_hp_loss":0.0,"gold_gain":0.0,"event_name":"The Cleric","player_choice":"Card Removal","floor":14.0,"gold_loss":50.0,"damage_taken":0.0},{"damage_healed":0.0,"max_hp_gain":0.0,"max_hp_loss":0.0,"gold_gain":0.0,"event_name":"Cursed Tome","player_choice":"Obtained Book","floor":19.0,"gold_loss":0.0,"damage_taken":16.0},{"damage_healed":0.0,"max_hp_gain":0.0,"max_hp_loss":0.0,"gold_gain":0.0,"event_name":"Vampires","player_choice":"Ignored","floor":20.0,"gold_loss":0.0,"damage_taken":0.0},{"damage_healed":0.0,"max_hp_gain":0.0,"max_hp_loss":0.0,"gold_gain":0.0,"event_name":"Back to Basics","player_choice":"Simplicity","floor":22.0,"gold_loss":0.0,"damage_taken":0.0,"cards_upgraded":["Strike_P","Strike_P","Strike_P","Defend_P","Defend_P","Defend_P","Defend_P"]},{"damage_healed":0.0,"max_hp_gain":0.0,"max_hp_loss":0.0,"gold_gain":0.0,"event_name":"Drug Dealer","player_choice":"Inject Mutagens","floor":24.0,"gold_loss":0.0,"damage_taken":0.0,"relics_obtained":["MutagenicStrength"]},{"damage_healed":0.0,"max_hp_gain":0.0,"max_hp_loss":4.0,"gold_gain":0.0,"event_name":"Winding Halls","player_choice":"Max HP","floor":36.0,"gold_loss":0.0,"damage_taken":0.0},{"cards_removed":["Defend_P"],"damage_healed":0.0,"max_hp_gain":0.0,"max_hp_loss":0.0,"gold_gain":0.0,"event_name":"Falling","player_choice":"Removed Skill","floor":44.0,"gold_loss":0.0,"damage_taken":0.0},{"damage_healed":0.0,"max_hp_gain":0.0,"max_hp_loss":0.0,"gold_gain":0.0,"event_name":"Mysterious Sphere","player_choice":"Fight","floor":46.0,"gold_loss":0.0,"damage_taken":0.0}],"is_beta":false,"boss_relics":[{"not_picked":["Snecko Eye","Busted Crown"],"picked":"VioletLotus"},{"not_picked":["Runic Pyramid","Astrolabe"],"picked":"Empty Cage"}],"items_purged_floors":[],"is_endless":false,"potions_floor_spawned":[1,2,4,8,16,21,25,27,31,38,41,45,48],"killed_by":"The Heart","ascension_level":4}}