{"host":"s5d39dhq0ddhxhke","time":1611243218,"event":{"mods":["AchievementEnabler","BaseMod","Colored Map","Minty Spire (QoL Compilation)","SuperFastMode"],"gold_per_floor":[99,99,99,99,99,99,99,99,99,99,99,99,99,99,99,99,99,99,39,39,39,39,39,39,39,39,39,39,39,39,39,39,39,39],"floor_reached":33,"language":"ENG","playtime":2151,"items_purged":[],"score":510,"play_id":"b72b68eb-8564-4db9-9cd8-02b6f540b71f","local_time":"20210121173338","is_ascension_mode":true,"campfire_choices":[{"data":"Bash","floor":6,"key":"SMITH"},{"floor":12,"key":"REST"},{"data":"Rampage","floor":15,"key":"SMITH"},{"floor":24,"key":"REST"},{"data":"Body Slam","floor":29,"key":"SMITH"},{"data":"Juggernaut","floor":32,"key":"SMITH"}],"circlet_count":0,"master_deck":["AscendersBane","Strike_R","Strike_R","Strike_R","Strike_R","Strike_R","Defend_R","Defend_R","Defend_R","Defend_R","Bash+1","Shrug It Off","Shrug It Off","Rampage+1","Disarm","Iron Wave","Metallicize","Juggernaut+1","CurseOfTheBell","Intimidate","Body Slam+1","Clothesline"],"relics":["Ectoplasm","CeramicFish","Oddly Smooth Stone","Odd Mushroom","Toy Ornithopter","Lantern","Calling Bell","Eternal Feather","FossilizedHelix","Ancient Tea Set","Gambling Chip","Question Card","Bottled Flame","Gremlin Horn"],"acts_visited":["Exordium","TheCity"],"potions_floor_usage":[10,14,19,25,28,33],"damage_taken":[{"damage":8,"enemies":"2 Louse","floor":1,"turns":3},{"damage":2,"enemies":"Jaw Worm","floor":3,"turns":3},{"damage":0,"enemies":"Small Slimes","floor":4,"turns":2},{"damage":27,"enemies":"3 Sentries","floor":7,"turns":13},{"damage":6,"enemies":"The Mushroom Lair","floor":8,"turns":6},{"damage":1,"enemies":"3 Louse","floor":10,"turns":3},{"damage":9,"enemies":"Gremlin Gang","floor":11,"turns":6},{"damage":11,"enemies":"Lots of Slimes","floor":13,"turns":5},{"damage":10,"enemies":"Gremlin Nob","floor":14,"turns":4},{"damage":10,"enemies":"The Guardian","floor":16,"turns":12},{"damage":11,"enemies":"3 Byrds","floor":18,"turns":6},{"damage":0,"enemies":"2 Thieves","floor":19,"turns":4},{"damage":9,"enemies":"Centurion and Healer","floor":21,"turns":8},{"damage":16,"enemies":"Cultist and Chosen","floor":22,"turns":8},{"damage":44,"enemies":"Gremlin Leader","floor":23,"turns":11},{"damage":33,"enemies":"Slavers","floor":25,"turns":9},{"damage":14,"enemies":"Book of Stabbing","floor":27,"turns":7},{"damage":3,"enemies":"Shelled Parasite and Fungi","floor":30,"turns":7},{"damage":2,"enemies":"Snecko","floor":31,"turns":5},{"damage":72,"enemies":"Collector","floor":33,"turns":11}],"seed_played":"-7501802561174010144","potions_obtained":[{"floor":7,"key":"AttackPotion"},{"floor":8,"key":"BloodPotion"},{"floor":11,"key":"SneckoOil"},{"floor":18,"key":"BloodPotion"},{"floor":19,"key":"BloodPotion"},{"floor":27,"key":"Weak Potion"},{"floor":28,"key":"SmokeBomb"},{"floor":30,"key":"Block Potion"}],"is_trial":false,"path_per_floor":["M","?","M","M","?","R","E","?","T","M","M","R","M","E","R","B",null,"M","M","$","M","M","E","R","E","T","E","?","R","M","M","R","B"],"character_chosen":"IRONCLAD","items_purchased":[],"campfire_rested":2,"item_purchase_floors":[],"current_hp_per_floor":[64,64,62,62,55,55,28,22,22,26,17,41,30,25,25,15,64,53,74,74,65,49,5,41,29,29,15,36,48,45,43,55,0,0],"gold":39,"neow_bonus":"BOSS_RELIC","is_daily":false,"chose_seed":false,"campfire_upgraded":4,"win_rate":0.0,"timestamp":1611243218,"path_taken":["M","?","M","M","?","R","E","?","T","M","M","R","M","E","R","BOSS","M","M","$","M","M","E","R","E","T","E","?","R","M","M","R","BOSS"],"items_purchased_type":[],"build_version":"2020-12-22","purchased_purges":0,"victory":false,"max_hp_per_floor":[80,80,80,80,80,80,80,80,80,80,80,80,80,80,80,80,80,80,80,80,80,80,80,80,80,80,80,80,80,80,80,80,80,80],"card_choices":[{"not_picked":["Heavy Blade","True Grit","Feel No Pain"],"picked":"SKIP","floor":1},{"not_picked":["Wild Strike","True Grit","Twin Strike"],"picked":"SKIP","floor":3},{"not_picked":["Iron Wave","Heavy Blade"],"picked":"Shrug It Off","floor":4},{"not_picked":["Warcry","Perfected Strike"],"picked":"Shrug It Off","floor":7},{"not_picked":["Havoc","Flex"],"picked":"Rampage","floor":10},{"not_picked":["Headbutt","Shrug It Off"],"picked":"Disarm","floor":11},{"not_picked":["Thunderclap","Spot Weakness"],"picked":"Iron Wave","floor":13},{"not_picked":["Corruption","Clash"],"picked":"Metallicize","floor":14},{"not_picked":["Feed","Offering"],"picked":"Juggernaut","floor":16},{"not_picked":["True Grit","Combust","Rage"],"picked":"SKIP","floor":18},{"not_picked":["Infernal Blade","Rupture+1","Warcry"],"picked":"SKIP","floor":19},{"not_picked":["Clash+1","True Grit"],"picked":"Intimidate","floor":21},{"not_picked":["Dark Embrace","Warcry","Thunderclap"],"picked":"SKIP","floor":22},{"not_picked":["Searing Blow","Infernal Blade","Flex"],"picked":"SKIP","floor":23},{"not_picked":["Havoc","Offering","Dark Embrace"],"picked":"SKIP","floor":25},{"not_picked":["Searing Blow","Twin Strike","Havoc"],"picked":"Body Slam","floor":27},{"not_picked":["Combust","Twin Strike","Flex"],"picked":"Clothesline","floor":30},{"not_picked":["Anger","Flex","Twin Strike","Rampage"],"picked":"SKIP","floor":31}],"player_experience":448938,"relics_obtained":[{"floor":7,"key":"Oddly Smooth Stone"},{"floor":8,"key":"Odd Mushroom"},{"floor":9,"key":"Toy Ornithopter"},{"floor":14,"key":"Lantern"},{"floor":17,"key":"Eternal Feather"},{"floor":17,"key":"FossilizedHelix"},{"floor":17,"key":"Ancient Tea Set"},{"floor":23,"key":"Gambling Chip"},{"floor":25,"key":"Question Card"},{"floor":26,"key":"Bottled Flame"},{"floor":27,"key":"Gremlin Horn"}],"event_choices":[{"damage_healed":0,"gold_gain":0,"player_choice":"Ignored","damage_taken":0,"max_hp_gain":0,"max_hp_loss":0,"event_name":"Liars Game","floor":2,"gold_loss":0},{"damage_healed":0,"gold_gain":0,"player_choice":"Success","damage_taken":7,"relics_obtained":["CeramicFish"],"max_hp_gain":0,"max_hp_loss":0,"event_name":"Scrap Ooze","floor":5,"gold_loss":0},{"damage_healed":0,"gold_gain":0,"player_choice":"Fought Mushrooms","damage_taken":0,"max_hp_gain":0,"max_hp_loss":0,"event_name":"Mushrooms","floor":8,"gold_loss":0},{"damage_healed":0,"gold_gain":0,"player_choice":"Got Potions","damage_taken":0,"max_hp_gain":0,"max_hp_loss":0,"event_name":"Lab","floor":28,"gold_loss":0}],"is_beta":false,"boss_relics":[{"not_picked":["Tiny House","Runic Cube"],"picked":"Calling Bell"}],"items_purged_floors":[],"is_endless":false,"potions_floor_spawned":[7,8,11,18,19,27,30],"killed_by":"Collector","ascension_level":12}}