{"host":"hwrdjx5eod2cxh09","time":1611239107,"event":{"mods":["AchievementEnabler","BaseMod","Bestiary","Minty Spire (QoL Compilation)","Relic Stats"],"gold_per_floor":[113,113,113,133,153,191,191,231,231,255,268,287,321,334,334,459,459,399,254,254,254,254,254,254,254,254,254,254,254,254,254,254,254,254,254,254,115,115,115,115,115,115,115,31,31,31,31,31,31,31],"floor_reached":51,"language":"ENG","playtime":3008,"items_purged":["Strike_R","Strike_R"],"score":883,"play_id":"e8830ad6-0def-44f6-a76f-21b443c75ef6","local_time":"20210121232507","is_ascension_mode":true,"campfire_choices":[{"data":"Armaments","floor":7,"key":"SMITH"},{"data":"Fiend Fire","floor":15,"key":"SMITH"},{"data":"Limit Break","floor":24,"key":"SMITH"},{"floor":32,"key":"REST"},{"data":"True Grit","floor":40,"key":"SMITH"},{"data":"Body Slam","floor":42,"key":"SMITH"},{"data":"Dark Embrace","floor":49,"key":"SMITH"}],"circlet_count":0,"master_deck":["Strike_R","Strike_R","Strike_R","Defend_R","Defend_R","Defend_R","Defend_R","Bash","Wild Strike+1","Spot Weakness","Dual Wield","Armaments+1","Evolve","Shrug It Off","Fiend Fire+1","Inflame","Second Wind","Limit Break+1","Cleave","Fire Breathing","True Grit+1","Body Slam+1","Impervious","Heavy Blade","Power Through+1","Immolate","True Grit+1","Shrug It Off+1","Power Through+1","Burning Pact+1","Clothesline","Pommel Strike+1","Dark Embrace+1"],"relics":["Burning Blood","Blood Vial","Golden Idol","HornCleat","Mango","CaptainsWheel","Calipers","Ectoplasm","Bird Faced Urn","Red Skull","Nunchaku","Toxic Egg 2","Mark of Pain","Boot","Meat on the Bone","Bag of Preparation"],"acts_visited":["Exordium","TheCity","TheBeyond"],"potions_floor_usage":[13,14,20,23,28,29,38,45,50],"damage_taken":[{"damage":4,"enemies":"2 Louse","floor":1,"turns":3},{"damage":3,"enemies":"Small Slimes","floor":4,"turns":2},{"damage":1,"enemies":"Cultist","floor":5,"turns":3},{"damage":26,"enemies":"Lagavulin","floor":6,"turns":7},{"damage":22,"enemies":"3 Sentries","floor":8,"turns":11},{"damage":8,"enemies":"Red Slaver","floor":10,"turns":3},{"damage":12,"enemies":"Exordium Thugs","floor":11,"turns":4},{"damage":6,"enemies":"Lots of Slimes","floor":12,"turns":5},{"damage":0,"enemies":"Gremlin Nob","floor":13,"turns":3},{"damage":2,"enemies":"3 Louse","floor":14,"turns":4},{"damage":54,"enemies":"Hexaghost","floor":16,"turns":10},{"damage":15,"enemies":"2 Thieves","floor":18,"turns":4},{"damage":5,"enemies":"Shell Parasite","floor":20,"turns":2},{"damage":5,"enemies":"Cultist and Chosen","floor":22,"turns":6},{"damage":21,"enemies":"Book of Stabbing","floor":23,"turns":6},{"damage":48,"enemies":"Gremlin Leader","floor":25,"turns":7},{"damage":20,"enemies":"Sentry and Sphere","floor":28,"turns":6},{"damage":12,"enemies":"Book of Stabbing","floor":29,"turns":6},{"damage":0,"enemies":"Snecko","floor":30,"turns":4},{"damage":16,"enemies":"Snake Plant","floor":31,"turns":3},{"damage":72,"enemies":"Automaton","floor":33,"turns":11},{"damage":19,"enemies":"Orb Walker","floor":35,"turns":4},{"damage":18,"enemies":"3 Darklings","floor":36,"turns":7},{"damage":7,"enemies":"Jaw Worm Horde","floor":38,"turns":5},{"damage":6,"enemies":"Reptomancer","floor":41,"turns":7},{"damage":18,"enemies":"Spire Growth","floor":45,"turns":6},{"damage":20,"enemies":"Nemesis","floor":46,"turns":7},{"damage":0,"enemies":"4 Shapes","floor":47,"turns":4},{"damage":3,"enemies":"Maw","floor":48,"turns":10},{"damage":74,"enemies":"Time Eater","floor":50,"turns":12}],"seed_played":"-8932948768243848928","potions_obtained":[{"floor":5,"key":"BlessingOfTheForge"},{"floor":12,"key":"FearPotion"},{"floor":13,"key":"Weak Potion"},{"floor":14,"key":"Fruit Juice"},{"floor":16,"key":"Swift Potion"},{"floor":18,"key":"Fire Potion"},{"floor":20,"key":"GamblersBrew"},{"floor":22,"key":"SpeedPotion"},{"floor":31,"key":"Ancient Potion"},{"floor":35,"key":"Weak Potion"},{"floor":36,"key":"SkillPotion"},{"floor":41,"key":"DuplicationPotion"},{"floor":46,"key":"Swift Potion"},{"floor":47,"key":"AttackPotion"}],"is_trial":false,"path_per_floor":["M","?","?","M","M","E","R","E","T","M","M","M","E","M","R","B",null,"M","$","M","?","M","E","R","E","T","T","M","E","M","M","R","B",null,"M","M","$","M","?","R","E","R","T","?","M","E","M","M","R","B",null],"character_chosen":"IRONCLAD","items_purchased":["Fire Breathing","Power Through+1"],"campfire_rested":1,"item_purchase_floors":[19,37],"current_hp_per_floor":[80,60,60,65,72,54,54,54,54,54,50,52,60,71,71,25,99,90,90,93,87,90,77,77,45,45,45,41,41,51,45,74,18,99,90,86,86,97,97,97,99,99,99,99,89,83,95,99,99,52],"gold":31,"neow_bonus":"RANDOM_COMMON_RELIC","is_daily":false,"chose_seed":false,"campfire_upgraded":6,"win_rate":0.0,"timestamp":1611239107,"path_taken":["M","?","?","M","M","E","R","E","T","M","M","M","E","M","R","BOSS","M","$","M","?","?","E","R","E","T","?","?","E","M","M","R","BOSS","M","M","$","M","?","R","E","R","T","?","M","E","M","?","R","BOSS"],"items_purchased_type":["Card","Card"],"build_version":"2020-12-22","purchased_purges":2,"victory":true,"max_hp_per_floor":[80,80,80,80,80,80,80,94,94,94,94,94,94,99,99,99,99,99,99,99,99,99,99,99,99,99,99,99,99,99,99,99,99,99,99,99,99,99,99,99,99,99,99,99,99,99,99,99,99,99],"relic_stats":{"Blood Vial":50,"Nunchaku":[11],"counters":[30,172],"Golden Idol":215,"Bird Faced Urn":[75],"Ectoplasm":774,"Bag of Preparation":[6],"Boot":[6],"obtain_stats":[{"Calipers":13,"Golden Idol":2,"Mango":8,"Bag of Preparation":46,"Boot":41,"Burning Blood":0,"Blood Vial":0,"CaptainsWheel":9,"Nunchaku":27,"HornCleat":6,"Bird Faced Urn":23,"Ectoplasm":17,"Mark of Pain":34,"Toxic Egg 2":29,"Red Skull":25,"Meat on the Bone":44},{"Calipers":9,"Golden Idol":1,"Mango":5,"Bag of Preparation":27,"Boot":25,"Burning Blood":0,"Blood Vial":0,"CaptainsWheel":5,"Nunchaku":16,"HornCleat":4,"Bird Faced Urn":15,"Ectoplasm":11,"Mark of Pain":21,"Toxic Egg 2":18,"Red Skull":16,"Meat on the Bone":25},{"Calipers":41,"Golden Idol":3,"Mango":26,"Bag of Preparation":146,"Boot":133,"Burning Blood":0,"Blood Vial":0,"CaptainsWheel":26,"Nunchaku":80,"HornCleat":15,"Bird Faced Urn":73,"Ectoplasm":55,"Mark of Pain":110,"Toxic Egg 2":92,"Red Skull":80,"Meat on the Bone":133}],"Burning Blood":175,"Meat on the Bone":12},"card_choices":[{"not_picked":["Headbutt","Feel No Pain"],"picked":"Wild Strike","floor":1},{"not_picked":["Combust","Shockwave"],"picked":"Spot Weakness","floor":4},{"not_picked":["Power Through","Sever Soul"],"picked":"Dual Wield","floor":5},{"not_picked":["Spot Weakness","Blood for Blood"],"picked":"Armaments","floor":6},{"not_picked":["Dropkick","Perfected Strike"],"picked":"Inflame","floor":8},{"not_picked":["Body Slam","Heavy Blade"],"picked":"Evolve","floor":10},{"not_picked":["Iron Wave","Reckless Charge"],"picked":"Shrug It Off","floor":11},{"not_picked":["Entrench","Clothesline"],"picked":"Fiend Fire","floor":12},{"not_picked":["Infernal Blade","Clothesline"],"picked":"Inflame","floor":13},{"not_picked":["Warcry","Wild Strike"],"picked":"Second Wind","floor":14},{"not_picked":["Double Tap","Juggernaut"],"picked":"Limit Break","floor":16},{"not_picked":["Sword Boomerang","Flex"],"picked":"Cleave","floor":18},{"not_picked":["Sword Boomerang","Body Slam"],"picked":"True Grit","floor":20},{"not_picked":["Second Wind","Perfected Strike","Twin Strike+1"],"picked":"SKIP","floor":22},{"not_picked":["Inflame+1","Combust+1"],"picked":"Body Slam","floor":23},{"not_picked":["Thunderclap","Sentinel+1"],"picked":"Impervious","floor":25},{"not_picked":["Hemokinesis+1","Flex","Clash+1"],"picked":"SKIP","floor":28},{"not_picked":["Anger","Reckless Charge"],"picked":"Heavy Blade","floor":29},{"not_picked":["Iron Wave","Havoc+1","Burning Pact+1"],"picked":"SKIP","floor":30},{"not_picked":["Twin Strike","Clash"],"picked":"Power Through+1","floor":31},{"not_picked":["Limit Break+1","Fiend Fire"],"picked":"Immolate","floor":33},{"not_picked":["Clash","Warcry+1"],"picked":"True Grit+1","floor":35},{"not_picked":["Iron Wave","Havoc+1"],"picked":"Shrug It Off+1","floor":36},{"not_picked":["Iron Wave+1","True Grit+1"],"picked":"Burning Pact+1","floor":38},{"not_picked":["Feed","Uppercut","Heavy Blade+1"],"picked":"SKIP","floor":41},{"not_picked":["Pommel Strike","True Grit+1"],"picked":"Clothesline","floor":45},{"not_picked":["Searing Blow","Clash"],"picked":"Pommel Strike+1","floor":46},{"not_picked":["Exhume+1","Perfected Strike+1"],"picked":"Dark Embrace","floor":47},{"not_picked":["Heavy Blade","Thunderclap","Perfected Strike+1"],"picked":"SKIP","floor":48}],"player_experience":213476,"relics_obtained":[{"floor":6,"key":"HornCleat"},{"floor":8,"key":"Mango"},{"floor":9,"key":"CaptainsWheel"},{"floor":13,"key":"Calipers"},{"floor":23,"key":"Bird Faced Urn"},{"floor":25,"key":"Red Skull"},{"floor":27,"key":"Nunchaku"},{"floor":29,"key":"Toxic Egg 2"},{"floor":41,"key":"Boot"},{"floor":46,"key":"Bag of Preparation"}],"event_choices":[{"damage_healed":0,"gold_gain":0,"player_choice":"Take Damage","damage_taken":20,"relics_obtained":["Golden Idol"],"max_hp_gain":0,"max_hp_loss":0,"event_name":"Golden Idol","floor":2,"gold_loss":0},{"damage_healed":0,"gold_gain":0,"player_choice":"Forge","damage_taken":0,"max_hp_gain":0,"max_hp_loss":0,"event_name":"Accursed Blacksmith","floor":3,"gold_loss":0,"cards_upgraded":["Wild Strike"]},{"damage_healed":0,"gold_gain":0,"player_choice":"","damage_taken":6,"max_hp_gain":0,"max_hp_loss":0,"event_name":"Knowing Skull","floor":21,"potions_obtained":[],"gold_loss":0,"cards_obtained":[]},{"cards_removed":["Inflame"],"damage_healed":0,"gold_gain":0,"player_choice":"Removed Power","damage_taken":0,"max_hp_gain":0,"max_hp_loss":0,"event_name":"Falling","floor":39,"gold_loss":0},{"damage_healed":0,"gold_gain":0,"player_choice":"Paid Gold","damage_taken":0,"relics_obtained":["Meat on the Bone"],"max_hp_gain":0,"max_hp_loss":0,"event_name":"WeMeetAgain","floor":44,"gold_loss":84}],"is_beta":false,"boss_relics":[{"not_picked":["Calling Bell","Pandora\u0027s Box"],"picked":"Ectoplasm"},{"not_picked":["Philosopher\u0027s Stone","Velvet Choker"],"picked":"Mark of Pain"}],"items_purged_floors":[19,37],"is_endless":false,"potions_floor_spawned":[5,12,13,14,16,18,20,22,31,35,36,41,46,47],"ascension_level":1}}