{"host":"t9zjxed0utvsfjwc","time":1611234379,"event":{"mods":["2.2 Compatiblity","Aspiration","BaseMod","Better Altar","Better Match","Better Note","Better Sensory Stone","Better Skull","Better Third Choice","Block Reminder","Colored Map","Colored Powertips","Hermit","Highlight Path","Hubris","Infinite Spire","Minty Spire (QoL Compilation)","Quick Restart","Rare Cards Sparkle","Replay The Spire","Shade Mod","StSLib","The Cursed","The Marked","The Runesmith","Unceasing Turn Reminder","everything is the same but u backflip on backflip"],"gold_per_floor":[117,117,117,133,152,186,186,67,67,90,100,0,0,29,29,29,29],"floor_reached":16,"language":"ENG","playtime":516,"items_purged":["hermit:Defend_Hermit","hermit:Strike_Hermit"],"score":100,"play_id":"0a93619f-81ef-42d3-b1be-cbc49214f52f","local_time":"20210121130619","is_ascension_mode":false,"campfire_choices":[{"data":"hermit:BodyArmor","floor":7,"key":"SMITH"},{"data":"hermit:HighCaliber","floor":13,"key":"SMITH"}],"circlet_count":0,"master_deck":["hermit:Strike_Hermit","hermit:Strike_Hermit","hermit:Strike_Hermit","hermit:Defend_Hermit","hermit:Defend_Hermit","hermit:Defend_Hermit","hermit:Snapshot","hermit:Covet","hermit:Glare","hermit:BodyArmor+1","hermit:HighCaliber+1","hermit:DeadOrAlive"],"relics":["hermit:Momento","NeowsBlessing","hubris:SlimyHat","CeramicFish","Nunchaku","infinitespire:PuzzleCube","aspiration:HummingbirdHeart","Pen Nib","Odd Mushroom"],"acts_visited":["Exordium"],"potions_floor_usage":[6,6,16,16],"damage_taken":[{"damage":0,"enemies":"2 Louse","floor":1,"turns":1},{"damage":0,"enemies":"Small Slimes","floor":4,"turns":1},{"damage":0,"enemies":"Cultist","floor":5,"turns":1},{"damage":5,"enemies":"3 Sentries","floor":6,"turns":8},{"damage":6,"enemies":"The Mushroom Lair","floor":10,"turns":4},{"damage":2,"enemies":"Gremlin Gang","floor":11,"turns":5},{"damage":0,"enemies":"Red Slaver","floor":14,"turns":2},{"damage":6,"enemies":"Hexaghost","floor":16,"turns":5}],"seed_played":"-7237549019363497661","potions_obtained":[{"floor":1,"key":"hermit:Tonic"},{"floor":4,"key":"Explosive Potion"},{"floor":6,"key":"Energy Potion"},{"floor":14,"key":"Death Potion"},{"floor":15,"key":"Languid Potion"}],"is_trial":false,"path_per_floor":["M","?","?","M","M","E","R","$","T","?","M","$","R","M","R_BF","B"],"character_chosen":"HERMIT","items_purchased":["hermit:HighCaliber"],"campfire_rested":0,"item_purchase_floors":[8],"current_hp_per_floor":[75,75,17,17,17,12,12,12,12,6,4,4,4,4,4,0,0],"gold":29,"neow_bonus":"THREE_ENEMY_KILL","is_daily":false,"chose_seed":false,"campfire_upgraded":2,"win_rate":0.0,"timestamp":1611234379,"path_taken":["M","?","?","?","?","E","R","?","T","?","M","$","R","M","R_BF","BOSS"],"items_purchased_type":["Card"],"build_version":"2020-12-22","purchased_purges":2,"victory":false,"max_hp_per_floor":[75,75,75,75,75,75,75,75,75,75,75,75,75,75,75,75,75],"card_choices":[{"not_picked":["hermit:Misfire","hermit:Combo"],"picked":"hermit:Glare","floor":1},{"not_picked":["hermit:Determination","hermit:Manifest","hermit:Horror"],"picked":"SKIP","floor":4},{"not_picked":["hermit:Dive","hermit:LuckOfTheDraw"],"picked":"hermit:BodyArmor","floor":5},{"not_picked":["hermit:LoneWolf","hermit:Vantage","hermit:TrackingShot"],"picked":"SKIP","floor":6},{"not_picked":["hermit:Manifest","hermit:HoleUp","hermit:CalledShot"],"picked":"SKIP","floor":11},{"not_picked":["hermit:Showdown","hermit:Enervate"],"picked":"hermit:DeadOrAlive","floor":14}],"player_experience":396477,"relics_obtained":[{"floor":2,"key":"hubris:SlimyHat"},{"floor":6,"key":"aspiration:HummingbirdHeart"},{"floor":9,"key":"Pen Nib"},{"floor":10,"key":"Odd Mushroom"}],"event_choices":[{"damage_healed":0,"gold_gain":0,"player_choice":"RE RE RE ","damage_taken":64,"relics_obtained":["CeramicFish","Nunchaku","infinitespire:PuzzleCube"],"max_hp_gain":0,"max_hp_loss":0,"event_name":"betterSkull:BetterSkull","floor":3,"gold_loss":0,"cards_upgraded":[]},{"damage_healed":0,"gold_gain":0,"player_choice":"Fought Mushrooms","damage_taken":0,"max_hp_gain":0,"max_hp_loss":0,"event_name":"Mushrooms","floor":10,"gold_loss":0}],"is_beta":false,"boss_relics":[],"items_purged_floors":[8,12],"is_endless":false,"potions_floor_spawned":[1,4,6,14],"killed_by":"Hexaghost","ascension_level":0}}