{"host":"l5xpox9cbdko122s","time":1611257113,"event":{"mods":["AchievementEnabler","BaseMod","Better Skull","Colored Map","Colored Powertips","Curses Come First","Displayed Cursed Tome","Hermit","Highlight Path","Minty Spire (QoL Compilation)","Quick Restart","Shop Mod","StSLib"],"gold_per_floor":[111,125,125,125,137,137,156,183,183,183,183,199,199,229,229,229,229],"floor_reached":16,"language":"ENG","playtime":883,"items_purged":[],"score":100,"play_id":"dd6867ce-8ffb-412e-8295-fd820115b0fe","local_time":"20210121142513","is_ascension_mode":false,"campfire_choices":[{"floor":6,"key":"RECALL"},{"floor":11,"key":"REST"},{"floor":13,"key":"REST"},{"floor":15,"key":"REST"}],"circlet_count":0,"master_deck":["Strike_R","Strike_R","Strike_R","Strike_R","Defend_R","Defend_R","Defend_R","Defend_R","Bash","Flex"],"relics":["Burning Blood","Orichalcum","Odd Mushroom"],"acts_visited":["Exordium"],"potions_floor_usage":[8,14],"damage_taken":[{"damage":9,"enemies":"Jaw Worm","floor":1,"turns":4},{"damage":0,"enemies":"2 Louse","floor":2,"turns":3},{"damage":0,"enemies":"Small Slimes","floor":5,"turns":3},{"damage":10,"enemies":"Exordium Wildlife","floor":7,"turns":4},{"damage":67,"enemies":"Lagavulin","floor":8,"turns":8},{"damage":16,"enemies":"Lots of Slimes","floor":12,"turns":8},{"damage":10,"enemies":"The Mushroom Lair","floor":14,"turns":5},{"damage":73,"enemies":"Hexaghost","floor":16,"turns":9}],"seed_played":"-4138583192514412625","potions_obtained":[{"floor":7,"key":"DistilledChaos"},{"floor":12,"key":"SneckoOil"}],"is_trial":false,"path_per_floor":["M","M","?","?","M","R","M","E","T","?","R","M","R","?","R","B"],"character_chosen":"IRONCLAD","items_purchased":[],"campfire_rested":3,"item_purchase_floors":[],"current_hp_per_floor":[77,80,80,73,79,79,75,14,14,14,38,28,52,48,72,0,0],"gold":229,"neow_bonus":"THREE_CARDS","is_daily":false,"chose_seed":false,"campfire_upgraded":0,"win_rate":0.0,"timestamp":1611257113,"path_taken":["M","M","?","?","M","R","M","E","T","?","R","?","R","?","R","BOSS"],"items_purchased_type":[],"build_version":"2020-12-22","purchased_purges":0,"victory":false,"max_hp_per_floor":[80,80,80,80,80,80,80,80,80,80,80,80,80,80,80,80,80],"card_choices":[{"not_picked":["Shrug It Off","Havoc","Thunderclap"],"picked":"SKIP","floor":1},{"not_picked":["Dropkick","Perfected Strike","Warcry"],"picked":"SKIP","floor":2},{"not_picked":["Body Slam","Carnage","Burning Pact"],"picked":"SKIP","floor":5},{"not_picked":["Sentinel","Iron Wave","Twin Strike"],"picked":"SKIP","floor":7},{"not_picked":["Headbutt","Combust","Perfected Strike"],"picked":"SKIP","floor":8},{"not_picked":["Body Slam","Shrug It Off"],"picked":"Flex","floor":12}],"player_experience":177210,"relics_obtained":[{"floor":8,"key":"Orichalcum"},{"floor":14,"key":"Odd Mushroom"}],"event_choices":[{"damage_healed":0,"gold_gain":0,"player_choice":"Ignored","damage_taken":0,"max_hp_gain":0,"max_hp_loss":0,"event_name":"Shining Light","floor":3,"gold_loss":0},{"cards_removed":["Strike_R"],"damage_healed":0,"gold_gain":0,"player_choice":"Card Removal","damage_taken":7,"max_hp_gain":0,"max_hp_loss":0,"event_name":"Golden Wing","floor":4,"gold_loss":0},{"damage_healed":0,"gold_gain":0,"player_choice":"Ignored","damage_taken":0,"max_hp_gain":0,"max_hp_loss":0,"event_name":"NoteForYourself","floor":10,"gold_loss":0},{"damage_healed":0,"gold_gain":0,"player_choice":"Fought Mushrooms","damage_taken":0,"max_hp_gain":0,"max_hp_loss":0,"event_name":"Mushrooms","floor":14,"gold_loss":0}],"is_beta":false,"boss_relics":[],"items_purged_floors":[],"is_endless":false,"potions_floor_spawned":[7,12],"killed_by":"Hexaghost","ascension_level":0}}