{"host":"5a3ojr29q3aeapfp","time":1611215194,"event":{"mods":["ATMod(∞¢Ë™Mod)","BaseMod","CapriCore","Colored Powertips","Downfall","GungeonMod","Hermit","Highlight Path","Koishi","Minty Spire (QoL Compilation)","Quick Restart","Remilia£®¿Ÿ√◊¿Ú—«£©","Spicy Shops","StSLib","The Cursed","The Immortal","The Marked","Youmu£®ªÍ∆«—˝√Œ£©","°æ“≈ŒÔø®≈∆°øREMEMod"],"gold_per_floor":[99,113,125,125,155,255,255,273,290,302,313,342,142,142,152,252,252,252,270,270,545,563,563,590,606,640,206,106,125,42,68,129,309,309,309,350,368,368,368,368,368,417,44,97,97,97,146,183,210,231,231,299,13,13,73,91],"floor_reached":57,"language":"ZHS","playtime":4473,"items_purged":["Parasite","Regret"],"score":1772,"play_id":"4f662e30-225b-48ed-97f3-4ccf4e049851","local_time":"20210121154634","is_ascension_mode":true,"campfire_choices":[{"data":"VoidnessSword","floor":1,"key":"SMITH"},{"floor":13,"key":"REST"},{"floor":18,"key":"RECALL"},{"data":"expansioncontent:DashGenerateEvil","floor":28,"key":"SMITH"},{"data":"AT_WarpDrive","floor":35,"key":"SMITH"},{"data":"bronze:BuggyMess","floor":40,"key":"SMITH"},{"data":"bronze:Flail","floor":46,"key":"SMITH"},{"data":"bronze:Verify","floor":54,"key":"SMITH"}],"circlet_count":0,"master_deck":["bronze:Strike","bronze:Strike","bronze:Strike","bronze:Strike","bronze:Defend","bronze:Defend","bronze:Defend","bronze:Defend","bronze:Replicate","bronze:Goto","VoidnessSword+1","AT_WarpDrive+1","bronze:Shield","bronze:Flail+1","bronze:Spike","bronze:Explode","bronze:WhirlingStrike","bronze:Turbo","bronze:Frontload","bronze:Frontload","bronze:BurnOut","downfall:Icky","bronze:Virus","bronze:Repulsor","bronze:Verify+1","bronze:Repair+1","RitualDagger","bronze:Overheat","bronze:MaxOutput","bronze:BitShift","expansioncontent:DashGenerateEvil+1","bronze:Overheat+1","bronze:Branch","bronze:Turbo","bronze:BuggyMess+1","bronze:CleanCode","bronze:Overheat+1","bronze:ForceShield+1","bronze:Frontload+1","expansioncontent:StudyTheSpire+1","bronze:Flail+1","expansioncontent:PrepareCrush","bronze:Return+1","bronze:HardenedForm","bronze:DigitalCarnage"],"relics":["bronze:BronzeCore","REME_ComplimentaryCards","AT_ATBox","Happy Flower","DemoMod:GundromedaStrain","downfall:HeartBlessingGreen","downfall:HeartBlessingBlue","Blue Candle","Black Star","AT_BladeRuinedKing","Pen Nib","Meat on the Bone","DemoMod:LamentConfigurum","Orichalcum","Bronze Scales","downfall:HeartBlessingRed","REME_HourglassOfDeath","AT_ArchangelStaff","REME_ArchaeologicalTools","AT_TrinityForce","Shuriken","ScarletDevilRocket","bronze:BottledCode","Thread and Needle","DemoMod:AgedBell","FossilizedHelix","DemoMod:GlassGuonStoneRelic","Membership Card","HandDrill","DemoMod:GreenGuonStone","AT_TimeSand","Calipers","Bird Faced Urn","DemoMod:JetPack","Mango","DemoMod:WhiteGuonStone","Boot","AT_ForceNature","DemoMod:ClearGuonStone","DemoMod:MeatBun","Anchor"],"acts_visited":["Exordium","TheCity","TheBeyond","TheEnding"],"potions_floor_usage":[4,26,33,56],"damage_taken":[{"damage":0,"enemies":"2 Louse","floor":2,"turns":3},{"damage":4,"enemies":"Small Slimes","floor":3,"turns":3},{"damage":32,"enemies":"Small Slimes","floor":4,"turns":4},{"damage":0,"enemies":"Cultist","floor":8,"turns":2},{"damage":0,"enemies":"3 Louse","floor":9,"turns":2},{"damage":4,"enemies":"Exordium Wildlife","floor":10,"turns":3},{"damage":13,"enemies":"Blue Slaver","floor":11,"turns":3},{"damage":0,"enemies":"3 Sentries","floor":12,"turns":3},{"damage":1,"enemies":"Large Slime","floor":15,"turns":3},{"damage":1,"enemies":"WA_ARCHETYPE_RETAIN","floor":16,"turns":4},{"damage":0,"enemies":"3 Byrds","floor":19,"turns":3},{"damage":14,"enemies":"Shell Parasite","floor":22,"turns":4},{"damage":13,"enemies":"Shelled Parasite and Fungi","floor":25,"turns":3},{"damage":24,"enemies":"Slavers","floor":26,"turns":3},{"damage":0,"enemies":"downfall:FleeingMerchant","floor":27,"turns":4},{"damage":0,"enemies":"Snecko","floor":29,"turns":3},{"damage":0,"enemies":"Gremlin Leader","floor":31,"turns":2},{"damage":0,"enemies":"Chosen and Byrds","floor":32,"turns":2},{"damage":0,"enemies":"SI_MIRROR_ARCHETYPE","floor":33,"turns":3},{"damage":19,"enemies":"3 Darklings","floor":36,"turns":2},{"damage":20,"enemies":"3 Shapes","floor":37,"turns":2},{"damage":0,"enemies":"Reptomancer","floor":42,"turns":2},{"damage":0,"enemies":"Nemesis","floor":44,"turns":2},{"damage":0,"enemies":"2 Orb Walkers","floor":47,"turns":3},{"damage":0,"enemies":"Reptomancer","floor":48,"turns":1},{"damage":0,"enemies":"Spire Growth","floor":49,"turns":2},{"damage":0,"enemies":"IC_BLOCK_ARCHETYPE","floor":50,"turns":3},{"damage":0,"enemies":"downfall:CharBossMerchant","floor":52,"turns":3},{"damage":0,"enemies":"downfall:NeowBoss","floor":55,"turns":4},{"damage":0,"enemies":"downfall:NeowBossFinal","floor":56,"turns":3}],"seed_played":"6698322183157771952","potions_obtained":[{"floor":2,"key":"EssenceOfSteel"},{"floor":3,"key":"LiquidMemories"},{"floor":8,"key":"Fire Potion"},{"floor":19,"key":"Regen Potion"},{"floor":26,"key":"Block Potion"},{"floor":37,"key":"ColorlessPotion"}],"is_trial":false,"path_per_floor":["R","M","M","?","?","?","T","M","M","M","M","E","R","?","M","B",null,"R","M","?","?","M","?","T","M","E","$","R","M","$","E","M","B",null,"R","M","M","?","?","R","T","E","$","E","?","R","?","E","M","B",null,"E","$","R","B","B",null],"character_chosen":"THE_AUTOMATON","items_purchased":["DemoMod:LamentConfigurum","Orichalcum","Bronze Scales","expansioncontent:DashGenerateEvil","bronze:Branch","Membership Card","HandDrill","expansioncontent:StudyTheSpire+1","AT_ForceNature","DemoMod:ClearGuonStone","DemoMod:MeatBun","Anchor"],"campfire_rested":1,"item_purchase_floors":[27,27,27,27,30,43,43,43,53,53,53,53],"current_hp_per_floor":[77,77,73,41,41,41,41,41,41,37,24,24,60,60,59,58,87,87,87,81,81,77,77,77,74,60,70,70,70,70,70,70,80,84,84,65,45,45,45,45,45,55,55,65,65,65,74,88,88,88,88,88,88,88,88,88],"gold":91,"neow_bonus":"TEN_PERCENT_HP_BONUS","is_daily":false,"chose_seed":false,"campfire_upgraded":6,"win_rate":0.0,"timestamp":1611215194,"path_taken":["R","M","M","?","?","?","T","M","M","M","M","E","R","?","M","BOSS","R","M","?","?","?","?","T","M","E","$","R","M","$","E","M","BOSS","R","M","M","?","?","R","T","E","$","E","?","R","?","E","M","BOSS","E","$","R","BOSS","BOSS"],"items_purchased_type":["Relic","Relic","Relic","Card","Card","Relic","Relic","Card","Relic","Relic","Relic","Relic"],"build_version":"2020-12-22","purchased_purges":2,"victory":true,"max_hp_per_floor":[77,77,77,77,77,77,77,77,77,77,77,77,87,87,87,87,87,87,87,87,87,87,87,87,87,87,84,84,84,84,84,84,84,84,84,84,84,84,74,74,74,74,74,74,74,74,74,88,88,88,88,88,88,88,88,88],"card_choices":[{"not_picked":["bronze:ClassDefault","bronze:Branch"],"picked":"bronze:Shield","floor":2},{"not_picked":["bronze:Overheat","bronze:DelayedSlice"],"picked":"bronze:Flail","floor":3},{"not_picked":[],"picked":"bronze:Spike","floor":4},{"not_picked":[],"picked":"bronze:Explode","floor":4},{"not_picked":["bronze:FineTuning","bronze:ClassDefault"],"picked":"bronze:WhirlingStrike","floor":4},{"not_picked":["bronze:CutThrough","bronze:WildBeam"],"picked":"bronze:Turbo","floor":8},{"not_picked":["bronze:Overheat","bronze:BronzeOrb"],"picked":"bronze:Frontload","floor":9},{"not_picked":["bronze:Shield","bronze:FindAndReplace","bronze:Iterate"],"picked":"SKIP","floor":10},{"not_picked":["bronze:DelayedGuard","bronze:ClassDefault"],"picked":"bronze:Frontload","floor":11},{"not_picked":["bronze:Turbo","bronze:Iterate"],"picked":"bronze:BurnOut","floor":12},{"not_picked":["bronze:FineTuning","bronze:Overload"],"picked":"bronze:Repulsor","floor":15},{"not_picked":["bronze:AlphaBuild","bronze:SpaghettiCode"],"picked":"bronze:Verify","floor":16},{"not_picked":["bronze:NullPointer","bronze:Invalidate"],"picked":"bronze:Repair+1","floor":19},{"not_picked":["bronze:FineTuning","bronze:Constructor","bronze:WildBeam"],"picked":"SKIP","floor":22},{"not_picked":["bronze:Branch","bronze:BitShift"],"picked":"bronze:Overheat","floor":25},{"not_picked":["bronze:Iterate","bronze:Branch"],"picked":"bronze:MaxOutput","floor":26},{"not_picked":["bronze:FineTuning+1","bronze:Invalidate"],"picked":"bronze:BitShift","floor":27},{"not_picked":["bronze:WhirlingStrike","bronze:FineTuning"],"picked":"bronze:Overheat+1","floor":29},{"not_picked":["bronze:ChosenStrike","bronze:GetLatest"],"picked":"bronze:Turbo","floor":31},{"not_picked":["bronze:Backtrace+1","bronze:BitShift"],"picked":"bronze:BuggyMess","floor":32},{"not_picked":["bronze:Mutator","bronze:SpaghettiCode"],"picked":"bronze:CleanCode","floor":33},{"not_picked":["bronze:WhirlingStrike+1","bronze:Allocate+1"],"picked":"bronze:Overheat+1","floor":36},{"not_picked":["bronze:Frontload+1","bronze:CutThrough"],"picked":"bronze:ForceShield+1","floor":37},{"not_picked":["bronze:BugBarrage","bronze:CutThrough"],"picked":"bronze:Frontload+1","floor":42},{"not_picked":["bronze:DelayedGuard+1","bronze:Overload+1"],"picked":"bronze:Flail+1","floor":44},{"not_picked":["expansioncontent:YouAreMine","expansioncontent:GuardianWhirl"],"picked":"expansioncontent:PrepareCrush","floor":45},{"not_picked":["bronze:WhirlingStrike+1","bronze:BronzeOrb"],"picked":"bronze:Return+1","floor":47},{"not_picked":["bronze:FineTuning","bronze:Frontload","bronze:BitShift+1"],"picked":"SKIP","floor":48},{"not_picked":["bronze:FineTuning+1","bronze:CloningBeam+1"],"picked":"bronze:HardenedForm","floor":49},{"not_picked":["bronze:OilSpill+1","bronze:Mutator"],"picked":"bronze:DigitalCarnage","floor":52}],"player_experience":182754,"relics_obtained":[{"floor":12,"key":"DemoMod:GundromedaStrain"},{"floor":24,"key":"AT_BladeRuinedKing"},{"floor":26,"key":"Pen Nib"},{"floor":26,"key":"Meat on the Bone"},{"floor":31,"key":"AT_ArchangelStaff"},{"floor":31,"key":"REME_ArchaeologicalTools"},{"floor":38,"key":"ScarletDevilRocket"},{"floor":41,"key":"Thread and Needle"},{"floor":42,"key":"DemoMod:AgedBell"},{"floor":42,"key":"FossilizedHelix"},{"floor":44,"key":"DemoMod:GreenGuonStone"},{"floor":44,"key":"AT_TimeSand"},{"floor":47,"key":"Calipers"},{"floor":48,"key":"DemoMod:JetPack"},{"floor":48,"key":"Mango"},{"floor":52,"key":"DemoMod:WhiteGuonStone"},{"floor":52,"key":"Boot"}],"event_choices":[{"damage_healed":0,"gold_gain":0,"player_choice":"Fight","damage_taken":0,"max_hp_gain":0,"max_hp_loss":0,"event_name":"Mysterious Sphere","floor":47,"gold_loss":0}],"is_beta":false,"boss_relics":[{"not_picked":["Snecko Eye","Coffee Dripper"],"picked":"Black Star"},{"not_picked":["bronze:MakeshiftBattery","Empty Cage"],"picked":"AT_TrinityForce"}],"items_purged_floors":[27,43],"is_endless":false,"potions_floor_spawned":[2,3,8,19,26,29,32,37,44,48],"ascension_level":1}}