{"host":"1ecbliur7lfoj0sl","time":1611192912,"event":{"mods":["Arknights The Spire","BaseMod","Minty Spire (QoL Compilation)","StSLib","Waifu the Spire"],"gold_per_floor":[112,138,153,153,103,103,119,119,199,230,250,250,266,279,279,381,381,395,406,72,90,109,109,141,141,164,192,212,125,141,141,141,239,239,253,253,269,168,168,200,200,253,253,253,278,278,304,304,304,304,304,304,27,61,61],"floor_reached":56,"language":"ZHS","playtime":2910,"items_purged":["ats:Strike C","ats:Defend","ats:Apocalypse"],"score":1270,"play_id":"d46278f3-3cc7-40e5-a5a7-9e59e5a9bdff","local_time":"20210121093512","is_ascension_mode":true,"campfire_choices":[{"data":"ats:Emotion Absorption","floor":6.0,"key":"SMITH"},{"data":"ats:Thorns","floor":8.0,"key":"SMITH"},{"data":"ats:Healing Strengthening","floor":15.0,"key":"SMITH"},{"data":"ats:Flexible Camouflage","floor":23.0,"key":"SMITH"},{"data":"ats:Encircling Forest","floor":25,"key":"SMITH"},{"data":"ats:Healing Drone","floor":32,"key":"SMITH"},{"data":"ats:Assault Order","floor":41,"key":"PURGE"},{"data":"ats:Strike S","floor":44,"key":"PURGE"},{"data":"ats:Strike G","floor":46,"key":"PURGE"},{"floor":49,"key":"RECALL"},{"data":"ats:Ambush","floor":52,"key":"SMITH"}],"circlet_count":0,"master_deck":["ats:Armor Crushing Shot","ats:Encircling Forest+1","ats:Flexible Camouflage+1","ats:Thorns+1","ats:Healing Strengthening+1","ats:Healing Drone+1","ats:Soul Rend","ats:Overload+1","ats:Wolf Pack+1","ats:Serious Mode","ats:Echo Reverb","ats:Demon Strength","ats:Wolf Pack+1","ats:Ambush+1","ats:Phantom","ats:Nebulous Foxfire"],"relics":["ats:Sanity","Incense Burner","Unceasing Top","Molten Egg 2","ats:Originium","Eternal Feather","Velvet Choker","Membership Card","Torii","Lizard Tail","ats:Berate","Bird Faced Urn","Empty Cage","Peace Pipe","Pocketwatch","Pantograph","Bag of Preparation","Happy Flower","Pen Nib","Mercury Hourglass","Blood Vial"],"acts_visited":["Exordium","TheCity","TheBeyond","TheEnding"],"potions_floor_usage":[24,27,27,55,55,55],"damage_taken":[{"damage":3.0,"enemies":"Cultist","floor":1.0,"turns":5.0},{"damage":0.0,"enemies":"2 Louse","floor":3.0,"turns":3.0},{"damage":8.0,"enemies":"Jaw Worm","floor":7.0,"turns":3.0},{"damage":38.0,"enemies":"3 Sentries","floor":10.0,"turns":14.0},{"damage":7.0,"enemies":"Exordium Wildlife","floor":11.0,"turns":4.0},{"damage":12.0,"enemies":"3 Louse","floor":13.0,"turns":7.0},{"damage":19.0,"enemies":"2 Fungi Beasts","floor":14.0,"turns":6.0},{"damage":179.0,"enemies":"The Guardian","floor":16.0,"turns":17.0},{"damage":50.0,"enemies":"Spheric Guardian","floor":18.0,"turns":8.0},{"damage":43.0,"enemies":"3 Byrds","floor":19.0,"turns":5.0},{"damage":9.0,"enemies":"Centurion and Healer","floor":21.0,"turns":8.0},{"damage":13.0,"enemies":"Sentry and Sphere","floor":22.0,"turns":6.0},{"damage":105,"enemies":"Gremlin Leader","floor":24,"turns":6},{"damage":27,"enemies":"Book of Stabbing","floor":27,"turns":7},{"damage":25,"enemies":"Shelled Parasite and Fungi","floor":28,"turns":6},{"damage":24,"enemies":"Centurion and Healer","floor":30,"turns":4},{"damage":58,"enemies":"Champ","floor":33,"turns":12},{"damage":31,"enemies":"3 Darklings","floor":35,"turns":9},{"damage":44,"enemies":"3 Shapes","floor":37,"turns":4},{"damage":63,"enemies":"Reptomancer","floor":40,"turns":7},{"damage":30,"enemies":"2 Orb Walkers","floor":42,"turns":5},{"damage":22,"enemies":"Giant Head","floor":45,"turns":6},{"damage":38,"enemies":"Nemesis","floor":47,"turns":5},{"damage":46,"enemies":"Time Eater","floor":50,"turns":10},{"damage":60,"enemies":"Shield and Spear","floor":54,"turns":8},{"damage":80,"enemies":"The Heart","floor":55,"turns":9}],"seed_played":"-1508218032119920658","potions_obtained":[{"floor":1.0,"key":"SpeedPotion"},{"floor":13.0,"key":"PowerPotion"},{"floor":14.0,"key":"Swift Potion"},{"floor":16.0,"key":"SkillPotion"},{"floor":22.0,"key":"CultistPotion"},{"floor":27,"key":"SneckoOil"},{"floor":30,"key":"AttackPotion"},{"floor":33,"key":"DistilledChaos"},{"floor":37,"key":"PowerPotion"},{"floor":54,"key":"Strength Potion"}],"is_trial":false,"path_per_floor":["M","T","M","T","?","R","M","R","T","E","M","?","M","M","R","B",null,"M","M","$","M","M","R","E","R","T","E","M","$","M","?","R","B",null,"M","?","M","$","?","E","R","?","T","R","E","R","E","?","R","B",null,"R","$","E","B",null],"character_chosen":"DOCTOR_CLASS","items_purchased":["Membership Card","Torii","ats:Serious Mode","ats:Demon Strength","ats:Nebulous Foxfire","Pen Nib","Mercury Hourglass"],"campfire_rested":0,"item_purchase_floors":[20,20,29,38,53,53,53],"current_hp_per_floor":[62,62,62,62,62,62,54,54,54,16,9,9,15,32,38,42,65,48,33,33,65,65,65,28,37,37,59,65,65,57,57,65,65,65,62,62,39,39,39,41,50,54,54,62,62,62,57,57,62,62,62,62,62,62,55],"gold":61,"neow_bonus":"ONE_RARE_RELIC","is_daily":false,"chose_seed":false,"campfire_upgraded":7,"win_rate":0.0,"timestamp":1611192912,"path_taken":["M","?","?","?","?","R","M","R","T","E","M","?","M","M","R","BOSS","M","M","$","?","M","R","E","R","T","E","M","?","M","?","R","BOSS","M","?","M","$","?","E","R","?","T","R","E","R","E","?","R","BOSS","R","$","E","BOSS"],"items_purchased_type":["Relic","Relic","Card","Card","Card","Relic","Relic"],"build_version":"2020-12-22","purchased_purges":3,"victory":true,"max_hp_per_floor":[65,65,65,65,65,65,65,65,65,65,65,65,65,65,65,65,65,65,65,65,65,65,65,65,65,65,65,65,65,65,65,65,65,65,65,62,62,62,62,62,62,62,62,62,62,62,62,62,62,62,62,62,62,62,62],"card_choices":[{"not_picked":["ats:Flame Of Heaven","ats:Leaping Hammer"],"picked":"ats:Encircling Forest","floor":1.0},{"not_picked":["ats:Explosion Area Strengthen","ats:Powerful Strike"],"picked":"ats:Flexible Camouflage","floor":3.0},{"not_picked":["ats:Consecutive Shot Auto","ats:Apocalypse"],"picked":"ats:Thorns","floor":7.0},{"not_picked":["ats:Curse Doll","ats:Soul Absorption"],"picked":"ats:Healing Strengthening","floor":10.0},{"not_picked":["ats:Defend Order","ats:Ignite+1"],"picked":"ats:Apocalypse","floor":11.0},{"not_picked":["ats:Beaten Up","ats:Rapid Magazine"],"picked":"ats:Healing Drone","floor":13.0},{"not_picked":["ats:Powerful Strike+1","ats:Encircling Forest","ats:Cat Scratch+1"],"picked":"SKIP","floor":14.0},{"not_picked":["ats:Calcification","ats:Dogmatic Field"],"picked":"ats:Soul Rend","floor":16.0},{"not_picked":["ats:Blood Oath+1","ats:Apocalypse"],"picked":"ats:Overload+1","floor":18.0},{"not_picked":["ats:Revitalization+1","ats:Directed Diagnosis","ats:Cat Scratch+1"],"picked":"SKIP","floor":19.0},{"not_picked":["ats:Collapsing Strike+1","ats:Flame Of Heaven+1","ats:Cat Scratch+1"],"picked":"SKIP","floor":21.0},{"not_picked":["ats:Shell Defense","ats:Curse Doll","ats:Explosion Area Strengthen+1"],"picked":"SKIP","floor":22.0},{"not_picked":["ats:Healing Drone+1","ats:Curse Doll","ats:Cat Scratch+1"],"picked":"SKIP","floor":24},{"not_picked":["ats:Cat Scratch+1","ats:Overload+1"],"picked":"ats:Wolf Pack+1","floor":27},{"not_picked":["ats:Poison Spread+1","ats:Chain Hook+1","ats:Flexible Camouflage"],"picked":"SKIP","floor":28},{"not_picked":["ats:Ignite+1","ats:Apocalypse","ats:Flexible Camouflage"],"picked":"SKIP","floor":30},{"not_picked":["ats:Durian","ats:Ambush"],"picked":"ats:Echo Reverb","floor":33},{"not_picked":["ats:Powerful Strike+1","ats:Explosion Area Strengthen+1","ats:Revitalization+1"],"picked":"SKIP","floor":35},{"not_picked":["ats:Healing Drone","ats:Blood Oath+1","ats:Curse Doll"],"picked":"SKIP","floor":37},{"not_picked":["ats:Explosion Area Strengthen+1","ats:Consecutive Shot Auto+1"],"picked":"ats:Wolf Pack+1","floor":40},{"not_picked":["ats:Flexible Camouflage","ats:Cat Scratch+1"],"picked":"ats:Ambush","floor":45},{"not_picked":["ats:Explosion Area Strengthen+1","ats:Spore Proliferation"],"picked":"ats:Phantom","floor":47},{"not_picked":["ats:Phantom","ats:Durian","ats:Sashimi Platter+1"],"picked":"SKIP","floor":54}],"player_experience":45768,"relics_obtained":[{"floor":4.0,"key":"Unceasing Top"},{"floor":9.0,"key":"Molten Egg 2"},{"floor":10.0,"key":"ats:Originium"},{"floor":10.0,"key":"Eternal Feather"},{"floor":24,"key":"ats:Originium"},{"floor":24,"key":"Lizard Tail"},{"floor":26,"key":"ats:Berate"},{"floor":27,"key":"ats:Originium"},{"floor":27,"key":"Bird Faced Urn"},{"floor":40,"key":"ats:Originium"},{"floor":40,"key":"Peace Pipe"},{"floor":42,"key":"Pocketwatch"},{"floor":43,"key":"Pantograph"},{"floor":45,"key":"Bag of Preparation"},{"floor":47,"key":"Happy Flower"},{"floor":54,"key":"Blood Vial"}],"event_choices":[{"cards_removed":["ats:Strike V"],"damage_healed":0.0,"max_hp_gain":0.0,"max_hp_loss":0.0,"gold_gain":0.0,"event_name":"The Cleric","player_choice":"Card Removal","floor":5.0,"gold_loss":50.0,"damage_taken":0.0},{"cards_removed":["ats:Defend"],"damage_healed":0.0,"max_hp_gain":0.0,"max_hp_loss":0.0,"gold_gain":0.0,"event_name":"Purifier","player_choice":"Purged","floor":12.0,"gold_loss":0.0,"damage_taken":0.0},{"damage_healed":0,"gold_gain":0,"player_choice":"Read","damage_taken":0,"max_hp_gain":0,"max_hp_loss":0,"event_name":"The Library","floor":31,"gold_loss":0,"cards_obtained":["ats:Assault Order"]},{"damage_healed":0,"gold_gain":0,"player_choice":"Max HP","damage_taken":0,"max_hp_gain":0,"max_hp_loss":3,"event_name":"Winding Halls","floor":36,"gold_loss":0},{"damage_healed":0,"gold_gain":0,"player_choice":"Ignored","damage_taken":0,"max_hp_gain":0,"max_hp_loss":0,"event_name":"Tomb of Lord Red Mask","floor":39,"gold_loss":0},{"damage_healed":0,"gold_gain":0,"player_choice":"Fight","damage_taken":0,"max_hp_gain":0,"max_hp_loss":0,"event_name":"Mysterious Sphere","floor":42,"gold_loss":0},{"cards_removed":["ats:Emotion Absorption"],"damage_healed":0,"gold_gain":0,"player_choice":"Removed Skill","damage_taken":0,"max_hp_gain":0,"max_hp_loss":0,"event_name":"Falling","floor":48,"gold_loss":0}],"is_beta":false,"boss_relics":[{"not_picked":["ats:Sanity Plus","Calling Bell"],"picked":"Velvet Choker"},{"not_picked":["Tiny House","ats:Omniscience"],"picked":"Empty Cage"}],"items_purged_floors":[20,29,38],"is_endless":false,"potions_floor_spawned":[1,13,14,16,19,22,27,30,33,37,45,54],"ascension_level":1}}