{"host":"9slw7l0ws16384qq","time":1611246699,"event":{"mods":["A Penny For Your Troubles","BaseMod","Colored Map","Evolution","Hubris","Minty Spire (QoL Compilation)","Replay The Spire","Shedinja","StS++","StSLib","The Dragon Tamer","The Marked"],"gold_per_floor":[117,135,104,104,104,104,123,142,221,69,83,95,95,113,113,244,244,259,279,279,48,68,68,68,86,86,101,115,115,138,88,88,219,219,237,261,261,285,285,129,147,147,170,209,209,87,87,102,102,103],"floor_reached":51,"language":"FRA","playtime":2305,"items_purged":["Bash","Strike_R+1"],"score":723,"play_id":"31b7114f-59c6-4b4a-adf4-c6bd4b4e3835","local_time":"20210121173139","is_ascension_mode":false,"campfire_choices":[{"data":"Clash","floor":6,"key":"SMITH"},{"data":"Uppercut","floor":13,"key":"SMITH"},{"data":"Flame Barrier","floor":23,"key":"SMITH"},{"data":"Iron Wave","floor":29,"key":"SMITH"},{"data":"Clash","floor":32,"key":"SMITH"},{"floor":42,"key":"REST"},{"data":"Defend_R+2","floor":47,"key":"SMITH"}],"circlet_count":0,"master_deck":["Strike_R+1","Strike_R+1","Strike_R+1","Strike_R+1","Defend_R+3","Defend_R+2","Defend_R+1","Clash+1","Flame Barrier+1","Uppercut+1","Clash+1","Iron Wave+1","Clash+1","AbeCurse","Seeing Red+1","Mayhem","Iron Wave+1","theMarked:SoldierOfQuellstein"],"relics":["Burning Blood","EVO:Axolotl","Pantograph","Replay:Baseball","Golden Idol","hubris:Backtick","hubris:MedicalManual","Membership Card","Quantum Egg","Abe\u0027s Treasure","Boot","Simple Rune","ReplayTheSpireMod:Ninjato","hubris:Metronome"],"acts_visited":["Exordium","TheCity","TheBeyond"],"potions_floor_usage":[25,50,50,50],"damage_taken":[{"damage":6,"enemies":"Cultist","floor":1,"turns":3},{"damage":5,"enemies":"Small Slimes","floor":2,"turns":3},{"damage":0,"enemies":"2 Louse","floor":7,"turns":2},{"damage":8,"enemies":"Large Slime","floor":8,"turns":7},{"damage":0,"enemies":"Exordium Wildlife","floor":11,"turns":3},{"damage":4,"enemies":"3 Louse","floor":12,"turns":2},{"damage":0,"enemies":"Looter","floor":14,"turns":1},{"damage":29,"enemies":"The Guardian","floor":16,"turns":11},{"damage":22,"enemies":"Spheric Guardian","floor":18,"turns":5},{"damage":15,"enemies":"Shell Parasite","floor":19,"turns":6},{"damage":0,"enemies":"Snecko","floor":22,"turns":4},{"damage":4,"enemies":"3 Cultists","floor":25,"turns":5},{"damage":0,"enemies":"Snake Plant","floor":27,"turns":3},{"damage":15,"enemies":"Shelled Parasite and Fungi","floor":28,"turns":4},{"damage":3,"enemies":"Cultist and Chosen","floor":30,"turns":4},{"damage":49,"enemies":"Collector","floor":33,"turns":13},{"damage":13,"enemies":"3 Darklings","floor":35,"turns":5},{"damage":18,"enemies":"Orb Walker","floor":36,"turns":4},{"damage":10,"enemies":"Jaw Worm Horde","floor":38,"turns":4},{"damage":40,"enemies":"Spire Growth","floor":41,"turns":4},{"damage":19,"enemies":"R_Hoarder","floor":44,"turns":6},{"damage":14,"enemies":"Maw","floor":48,"turns":7},{"damage":0,"enemies":"Time Eater","floor":50,"turns":12}],"seed_played":"4983424943397847198","potions_obtained":[{"floor":1,"key":"PowerPotion"},{"floor":2,"key":"Venom Potion"},{"floor":8,"key":"ColorlessPotion"},{"floor":11,"key":"SteroidPotion"},{"floor":19,"key":"Dexterity Potion"},{"floor":28,"key":"Explosive Potion"},{"floor":33,"key":"Dexterity Potion"}],"is_trial":false,"path_per_floor":["M","M","?","?","?","R","M","M","T","$","M","M","R","M","R_BF","B",null,"M","M","?","$","M","R","?","M","T","M","M","R","M","$","R","B",null,"M","M","?","M","?","$","M","R","T","E","?","$","R","M","R_BF","B",null],"character_chosen":"IRONCLAD","items_purchased":["Replay:Baseball","Membership Card","Mayhem","Boot","hubris:Metronome"],"campfire_rested":1,"item_purchase_floors":[10,21,40,40,46],"current_hp_per_floor":[80,80,80,80,80,80,80,78,78,78,80,80,80,80,60,57,80,64,55,55,55,61,61,61,63,63,69,60,60,63,63,63,37,80,73,61,61,57,57,57,23,45,45,45,45,45,45,37,37,68],"gold":103,"neow_bonus":"REMOVE_CARD","is_daily":false,"chose_seed":false,"campfire_upgraded":6,"win_rate":0.0,"timestamp":1611246699,"path_taken":["M","?","?","?","?","R","M","?","T","$","M","M","R","M","R_BF","BOSS","M","M","?","$","M","R","?","M","T","M","M","R","?","$","R","BOSS","M","M","?","M","?","$","M","R","T","E","?","$","R","M","R_BF","BOSS"],"items_purchased_type":["Relic","Relic","Card","Relic","Relic"],"build_version":"2020-12-22","purchased_purges":2,"victory":true,"max_hp_per_floor":[80,80,80,80,80,80,80,80,80,80,80,80,80,80,80,80,80,80,80,80,80,80,80,80,80,80,80,80,80,80,80,80,80,80,80,80,76,76,76,76,76,76,76,76,76,76,76,76,76,76],"card_choices":[{"not_picked":["Uppercut","Pommel Strike"],"picked":"Clash","floor":1},{"not_picked":["Replay:Undeath\u0027s Touch","StSpp:MuscleMemory","Heavy Blade"],"picked":"SKIP","floor":2},{"not_picked":["Replay:Many Hands","Fire Breathing","Heavy Blade"],"picked":"SKIP","floor":7},{"not_picked":["Shrug It Off","Fire Breathing"],"picked":"Flame Barrier","floor":8},{"not_picked":["Reckless Charge","Burning Pact"],"picked":"Uppercut","floor":11},{"not_picked":["Pommel Strike","Heavy Blade","Anger"],"picked":"SKIP","floor":12},{"not_picked":["Twin Strike","Heavy Blade","Wild Strike"],"picked":"SKIP","floor":14},{"not_picked":["hubris:ReadiedAction+1","Dark Embrace","Replay:Undeath\u0027s Touch"],"picked":"SKIP","floor":18},{"not_picked":["Second Wind+1","Armaments+1","Pummel"],"picked":"SKIP","floor":19},{"not_picked":["Rupture","Dropkick","hubris:CleavingFinish+1"],"picked":"SKIP","floor":22},{"not_picked":["Rupture","Dropkick","hubris:CleavingFinish+1"],"picked":"SKIP","floor":22},{"not_picked":["Twin Strike","StSpp:TheBiggerTheyAre"],"picked":"Iron Wave","floor":25},{"not_picked":["Body Slam","Evolve"],"picked":"Clash","floor":27},{"not_picked":["Spot Weakness","StSpp:Succumb","Cleave"],"picked":"SKIP","floor":28},{"not_picked":["Sentinel","StSpp:BladeOfBlood","Pommel Strike"],"picked":"SKIP","floor":30},{"not_picked":["Barricade","Eclipse"],"picked":"Juggernaut","floor":33},{"not_picked":["hubris:CleavingFinish+1","Heavy Blade+1","StSpp:Sprint"],"picked":"SKIP","floor":35},{"not_picked":["Evolve","True Grit+1","Cleave+1"],"picked":"SKIP","floor":36},{"not_picked":["Anger+1","Headbutt+1"],"picked":"Seeing Red+1","floor":38},{"not_picked":["ReplayTheSpireMod:Strike From Hell+1","StSpp:Sprint+1","Thunderclap"],"picked":"SKIP","floor":41},{"not_picked":["Cleave+1","Power Through"],"picked":"Iron Wave+1","floor":44},{"not_picked":["Body Slam+1","Wild Strike","Sword Boomerang+1"],"picked":"SKIP","floor":48}],"player_experience":1646286,"relics_obtained":[{"floor":9,"key":"Pantograph"},{"floor":26,"key":"Quantum Egg"},{"floor":43,"key":"Simple Rune"},{"floor":44,"key":"ReplayTheSpireMod:Ninjato"}],"event_choices":[{"damage_healed":0,"gold_gain":0,"player_choice":"Ignored","damage_taken":0,"max_hp_gain":0,"max_hp_loss":0,"event_name":"Liars Game","floor":5,"gold_loss":0},{"damage_healed":0,"gold_gain":0,"player_choice":"Take Damage","damage_taken":20,"relics_obtained":["Golden Idol"],"max_hp_gain":0,"max_hp_loss":0,"event_name":"Golden Idol","floor":15,"gold_loss":0},{"damage_healed":0,"gold_gain":0,"player_choice":"Simplicity","damage_taken":0,"max_hp_gain":0,"max_hp_loss":0,"event_name":"Back to Basics","floor":20,"gold_loss":0,"cards_upgraded":["Strike_R","Strike_R","Strike_R","Strike_R","Strike_R","Defend_R","Defend_R","Defend_R"]},{"damage_healed":0,"gold_gain":0,"player_choice":"Copied","damage_taken":0,"max_hp_gain":0,"max_hp_loss":0,"event_name":"Duplicator","floor":24,"gold_loss":0,"cards_obtained":["Clash"]},{"damage_healed":0,"gold_gain":0,"player_choice":"Max HP","damage_taken":0,"max_hp_gain":0,"max_hp_loss":4,"event_name":"Winding Halls","floor":37,"gold_loss":0},{"damage_healed":0,"gold_gain":0,"player_choice":"Ignored","damage_taken":0,"max_hp_gain":0,"max_hp_loss":0,"event_name":"SecretPortal","floor":45,"gold_loss":0},{"cards_removed":["Juggernaut"],"damage_healed":0,"gold_gain":0,"player_choice":"Took Card","damage_taken":0,"max_hp_gain":0,"max_hp_loss":0,"event_name":"NoteForYourself","floor":49,"gold_loss":0,"cards_obtained":["theMarked:SoldierOfQuellstein"]}],"is_beta":false,"boss_relics":[{"not_picked":["Runic Pyramid","Astrolabe"],"picked":"hubris:Backtick"},{"not_picked":["Pandora\u0027s Box","Empty Cage"],"picked":"Abe\u0027s Treasure"}],"items_purged_floors":[21,31],"is_endless":false,"potions_floor_spawned":[1,2,8,11,19,22,28,33,41,48],"ascension_level":0}}