{"host":"ygf22gznhdznt0qf","time":1611221067,"event":{"mods":["10 clothes from DAL","Act Like it!","Arknights The Spire","Ascension Reborn","BaseMod","Library of Ruina Extra","Lobotomy","LobotomyExtend","Minty Spire (QoL Compilation)","Quick Restart","StSLib","TestMod","The Runesmith","Waifu the Spire","【功能Mod】聪明的最终Boss","篝火指南","老伊莉雅"],"gold_per_floor":[112,28,28,45,61,61,60,60,106,123,123,93,93,93,93,159,159,159,159],"floor_reached":18,"language":"ZHS","playtime":1047,"items_purged":[],"score":172,"play_id":"6f62ffcd-f4d3-401d-96ab-f9cfd1e62b67","local_time":"20210121172427","is_ascension_mode":true,"campfire_choices":[{"data":"PrismaMod:IllyaFriendMaker","floor":6,"key":"SMITH"},{"data":"PrismaMod:IllyaAssassinRevenge","floor":11,"key":"SMITH"},{"floor":13,"key":"REST"},{"data":"PrismaMod:IllyaMinorReinForce","floor":15,"key":"SMITH"}],"circlet_count":0,"master_deck":["PrismaMod:IllyaCommonAttack","PrismaMod:IllyaCommonDefend","PrismaMod:IllyaCommonAttack","PrismaMod:IllyaCommonDefend","PrismaMod:IllyaCommonAttack","PrismaMod:IllyaCommonDefend","PrismaMod:IllyaCommonAttack","PrismaMod:IllyaCommonDefend","PrismaMod:IllyaCommonAttack","PrismaMod:IllyaCommonDefend","PrismaMod:IllyaUncommonAttack","PrismaMod:IllyaUncommonDefend","QueenOfHatred","PrismaMod:IllyaAssassinRevenge+1","PrismaMod:IllyaPoisoningPhantasm","PrismaMod:IllyaBerserCAR","Freischutz","PrismaMod:IllyaMinorReinForce+1","VoidDream","PrismaMod:IllyaFriendMaker+1","UniverseFragment","PrismaMod:IllyaDualEvoke","PrismaMod:IllyaBerserCAR","OSAHOGD","PrismaMod:IllyaDevil","OldLady","PrismaMod:IllyaUberPoisonBlock","PrismaMod:IllyaInstallAvenger","MHz","PrismaMod:IllyaInstallRuler"],"relics":["PrismaMod:PrismaRuby","testmod-TestBox","testmod-Nyarlathotep","CogitoBucket","testmod-IndustrialRevolution","testmod-DragonStarHat","Ancient Tea Set","HellTrain","SlaversCollar"],"acts_visited":["Exordium","TheCity"],"potions_floor_usage":[10],"damage_taken":[{"damage":2,"enemies":"Cultist","floor":1,"turns":3},{"damage":1,"enemies":"2 Louse","floor":4,"turns":3},{"damage":11,"enemies":"Jaw Worm","floor":5,"turns":3},{"damage":15,"enemies":"Lots of Slimes","floor":7,"turns":4},{"damage":1,"enemies":"Exordium Wildlife","floor":8,"turns":4},{"damage":21,"enemies":"3 Sentries","floor":10,"turns":8},{"damage":18,"enemies":"Gremlin Nob","floor":12,"turns":1},{"damage":0,"enemies":"Looter","floor":14,"turns":3},{"damage":43,"enemies":"Slime Boss","floor":16,"turns":9},{"damage":31,"enemies":"3 Byrds","floor":18,"turns":7}],"seed_played":"-6024700672580605423","potions_obtained":[{"floor":1,"key":"LiquidMemories"},{"floor":3,"key":"Fire Potion"},{"floor":10,"key":"Regen Potion"}],"is_trial":false,"path_per_floor":["M","$","?","M","M","R","M","M","T","E","R","E","R","M","R","B",null,"M"],"character_chosen":"ILLYA","items_purchased":["PrismaMod:IllyaPoisoningPhantasm","PrismaMod:IllyaBerserCAR"],"campfire_rested":1,"item_purchase_floors":[2,2],"current_hp_per_floor":[73,73,73,75,70,70,60,62,62,47,47,29,51,57,57,20,75,50,50],"gold":159,"neow_bonus":"","is_daily":false,"chose_seed":false,"campfire_upgraded":3,"win_rate":0.0,"timestamp":1611221067,"path_taken":["M","?","?","?","M","R","M","M","T","E","R","E","R","M","R","BOSS","M"],"items_purchased_type":["Card","Card"],"build_version":"2020-12-22","purchased_purges":0,"victory":false,"max_hp_per_floor":[75,75,75,75,75,75,75,75,75,75,75,75,75,75,75,75,75,75,75],"card_choices":[{"not_picked":["BeautyBeast","OldLady"],"picked":"QueenOfHatred","floor":1},{"not_picked":["PrismaMod:IllyaRapidFire","PrismaMod:IllyaBoysLove"],"picked":"PrismaMod:IllyaAssassinRevenge","floor":1},{"not_picked":["LittleHelper","WallGazer"],"picked":"Freischutz","floor":4},{"not_picked":["PrismaMod:IllyaAOECommonAttack","PrismaMod:IllyaPoisonTippedWeapons"],"picked":"PrismaMod:IllyaMinorReinForce","floor":4},{"not_picked":["Bloodbath","FieryBird","Wellcheers"],"picked":"Singing Bowl","floor":5},{"not_picked":["Scarecrow","Bloodbath"],"picked":"VoidDream","floor":5},{"not_picked":["PrismaMod:IllyaMinorRapidFire","PrismaMod:IllyaMaid"],"picked":"PrismaMod:IllyaFriendMaker","floor":5},{"not_picked":["ShyLook","Scorched"],"picked":"UniverseFragment","floor":7},{"not_picked":["PrismaMod:IllyaRapidFire","PrismaMod:IllyaGrail"],"picked":"PrismaMod:IllyaDualEvoke","floor":7},{"not_picked":["Murderer","CherryBlossoms","BlackSwan"],"picked":"Singing Bowl","floor":8},{"not_picked":["PrismaMod:IllyaGun","PrismaMod:IllyaBride"],"picked":"PrismaMod:IllyaBerserCAR","floor":8},{"not_picked":["PunishingBird","RedShoes"],"picked":"OSAHOGD","floor":10},{"not_picked":["PrismaMod:IllyaUberDefendChannel","PrismaMod:IllyaPoisonTippedWeapons"],"picked":"PrismaMod:IllyaDevil","floor":10},{"not_picked":["Bloodbath","Scarecrow"],"picked":"OldLady","floor":12},{"not_picked":["PrismaMod:IllyaCheapAttack","PrismaMod:IllyaUncommonDefend"],"picked":"PrismaMod:IllyaUberPoisonBlock","floor":12},{"not_picked":["FairyFestival","Murderer","LaLuna"],"picked":"Singing Bowl","floor":14},{"not_picked":["PrismaMod:IllyaRubysPotion","PrismaMod:IllyaHassanGift"],"picked":"PrismaMod:IllyaInstallAvenger","floor":14},{"not_picked":["WallGazer","HeroicMonk","MHz"],"picked":"Singing Bowl","floor":16},{"not_picked":["SpiderBud","Murderer"],"picked":"MHz","floor":16},{"not_picked":["PrismaMod:IllyaInstallAssassin","PrismaMod:IllyaUberPoisonChannel"],"picked":"PrismaMod:IllyaInstallRuler","floor":16}],"player_experience":40561,"relics_obtained":[{"floor":9,"key":"testmod-IndustrialRevolution"},{"floor":10,"key":"testmod-DragonStarHat"},{"floor":12,"key":"Ancient Tea Set"}],"event_choices":[{"damage_healed":0,"gold_gain":0,"player_choice":"Got Potions","damage_taken":0,"max_hp_gain":0,"max_hp_loss":0,"event_name":"Lab","floor":3,"gold_loss":0}],"is_beta":false,"boss_relics":[{"not_picked":["Snecko Eye","Tiny House"],"picked":"SlaversCollar"}],"items_purged_floors":[],"is_endless":false,"potions_floor_spawned":[1,8,10,16],"killed_by":"3 Byrds","ascension_level":0}}