{"host":"gbjphby09ecsfbbs","time":1611192416,"event":{"mods":["AchievementEnabler","BaseMod","Downfall","GifTheSpireLib","Minty Spire (QoL Compilation)","StSLib","The Animator","The Bug Knight","The Cursed","The Saiyan","The Servant 0.9.4"],"gold_per_floor":[119,119,44,55,72,72,105,105,105,117,117,133,133,159,159,260,260,279,204,231,250,263,263,294,311,311,311,311],"floor_reached":27,"language":"ENG","playtime":3263,"items_purged":["animator:Defend"],"score":243,"play_id":"c437431d-c665-4920-9839-061b850ae443","local_time":"20210120172656","is_ascension_mode":false,"campfire_choices":[{"data":"animator:Evileye","floor":6.0,"key":"SMITH"},{"floor":8,"key":"REST"},{"floor":15,"key":"REST"},{"floor":23,"key":"REST"}],"circlet_count":0,"master_deck":["animator:Strike_Konosuba","animator:Defend_Konosuba","animator:Kazuma+1","animator:Aqua","animator:WinryRockbell","animator:Evileye+1","animator:Entoma+1","animator:Sebas+1","animator:Scar","animator:Albedo","animator:Tatsumaki","animator:Tatsumaki","animator:Melzalgald","animator:PandorasActor","animator:SilverFang+1","animator:Genos","animator:Geryuganshoop"],"relics":["animator:LivingPicture","animator:TheMissingPiece","Happy Flower","Bottled Lightning","War Paint","animator:RacePiece","Bag of Marbles","Shovel","Paper Crane"],"acts_visited":["Exordium","TheCity"],"potions_floor_usage":[7,7,14,22,27,27],"damage_taken":[{"damage":4.0,"enemies":"Jaw Worm","floor":1.0,"turns":8.0},{"damage":0.0,"enemies":"Cultist","floor":4.0,"turns":7.0},{"damage":9.0,"enemies":"Small Slimes","floor":5.0,"turns":5.0},{"damage":53,"enemies":"Lagavulin","floor":7,"turns":12},{"damage":12,"enemies":"Red Slaver","floor":10,"turns":7},{"damage":0,"enemies":"Exordium Wildlife","floor":12,"turns":1},{"damage":15,"enemies":"3 Sentries","floor":14,"turns":4},{"damage":25,"enemies":"The Guardian","floor":16,"turns":8},{"damage":35,"enemies":"Chosen","floor":18,"turns":8},{"damage":13,"enemies":"2 Thieves","floor":21,"turns":2},{"damage":27,"enemies":"Snake Plant","floor":22,"turns":4},{"damage":21,"enemies":"HollowMod:Nosk","floor":24,"turns":7},{"damage":16,"enemies":"Snecko","floor":25,"turns":5},{"damage":12,"enemies":"Book of Stabbing","floor":27,"turns":2}],"seed_played":"-6802318612714069462","potions_obtained":[{"floor":1.0,"key":"FearPotion"},{"floor":2.0,"key":"Block Potion"},{"floor":2.0,"key":"FairyPotion"},{"floor":7,"key":"LiquidMemories"},{"floor":16,"key":"DuplicationPotion"},{"floor":21,"key":"Fire Potion"},{"floor":22,"key":"FearPotion"}],"is_trial":false,"path_per_floor":["M","?","$","M","M","R","E","R","T","M","?","M","?","E","R","B",null,"M","?","T","M","M","R","E","M","T","E"],"character_chosen":"THE_ANIMATOR","items_purchased":[],"campfire_rested":3,"item_purchase_floors":[],"current_hp_per_floor":[70,70,70,72,63,63,12,33,33,23,23,23,23,10,31,8,72,37,37,37,26,1,22,3,10,10,0,0],"gold":311,"neow_bonus":"TEN_PERCENT_HP_BONUS","is_daily":false,"chose_seed":false,"campfire_upgraded":1,"win_rate":0.0,"timestamp":1611192416,"path_taken":["M","?","$","M","M","R","E","R","T","?","?","M","?","E","R","BOSS","M","?","?","?","M","R","E","M","T","E"],"items_purchased_type":[],"build_version":"2020-12-22","purchased_purges":1,"victory":false,"max_hp_per_floor":[72,72,72,72,72,72,72,72,72,72,72,72,72,72,72,72,72,72,72,72,72,72,72,72,72,72,72,72],"card_choices":[{"not_picked":["animator:RoyMustang","animator:Witch"],"picked":"animator:WinryRockbell","floor":1.0},{"not_picked":["animator:UneriGinkaku","animator:Azekura"],"picked":"animator:Evileye","floor":4.0},{"not_picked":["animator:IrohaTamaki","animator:Vanir","animator:Kazuma"],"picked":"SKIP","floor":5.0},{"not_picked":["animator:Cocytus","animator:Evileye"],"picked":"animator:Entoma","floor":7},{"not_picked":["animator:Verdia","animator:Konayuki"],"picked":"animator:Sebas","floor":10},{"not_picked":["animator:Megumin","animator:Vanir"],"picked":"animator:Entoma","floor":12},{"not_picked":["animator:MaesHughes","animator:ZankiKiguchi"],"picked":"animator:Scar","floor":14},{"not_picked":["animator:MadokaKaname","animator:Eris"],"picked":"animator:Albedo","floor":16},{"not_picked":["animator:Cocytus","animator:Entoma"],"picked":"animator:PandorasActor","floor":18},{"not_picked":["animator:HighElfArcher","animator:Vanir"],"picked":"animator:SilverFang+1","floor":21},{"not_picked":["animator:YuiTsuruno","animator:Sloth+1","animator:DwarfShaman"],"picked":"SKIP","floor":22},{"not_picked":["animator:UneriGinkaku+1","animator:Gluttony"],"picked":"animator:Genos","floor":24},{"not_picked":["animator:Genos","animator:MumenRider"],"picked":"animator:Geryuganshoop","floor":25}],"player_experience":109393,"relics_obtained":[{"floor":7,"key":"Happy Flower"},{"floor":9,"key":"Bottled Lightning"},{"floor":14,"key":"War Paint"},{"floor":20,"key":"Bag of Marbles"},{"floor":24,"key":"Shovel"},{"floor":26,"key":"Paper Crane"}],"event_choices":[{"damage_healed":0.0,"max_hp_gain":0.0,"max_hp_loss":0.0,"gold_gain":0.0,"event_name":"Lab","player_choice":"Got Potions","floor":2.0,"gold_loss":0.0,"damage_taken":0.0},{"damage_healed":0,"gold_gain":0,"cards_transformed":["animator:Strike"],"player_choice":"Change","damage_taken":0,"max_hp_gain":0,"max_hp_loss":0,"event_name":"Living Wall","floor":11,"gold_loss":0,"cards_obtained":["animator:Tatsumaki"]},{"cards_removed":["animator:Strike"],"damage_healed":0,"gold_gain":0,"player_choice":"Purged","damage_taken":0,"max_hp_gain":0,"max_hp_loss":0,"event_name":"Purifier","floor":13,"gold_loss":0},{"cards_removed":["animator:Tatsumaki"],"damage_healed":0,"gold_gain":0,"player_choice":"Gave Gold","damage_taken":0,"max_hp_gain":0,"max_hp_loss":0,"event_name":"Beggar","floor":19,"gold_loss":75}],"is_beta":false,"boss_relics":[{"not_picked":["Empty Cage","Busted Crown"],"picked":"animator:RacePiece"}],"items_purged_floors":[3],"is_endless":false,"potions_floor_spawned":[1,5,7,16,21,22],"killed_by":"Book of Stabbing","ascension_level":0}}