{"host":"a0d98l75j0h1o085","time":1611257375,"event":{"mods":["AlwaysNeverKeys","BaseMod","Downfall","Highlight Path","Minty Spire (QoL Compilation)","StSLib"],"gold_per_floor":[112,125,125,137,137,165,165,198,224,242,267,292,292,292,292,292,292],"floor_reached":16,"language":"ENG","playtime":1542,"items_purged":[],"score":142,"play_id":"3588db22-32de-4bc0-96e0-2ccf7c0e9695","local_time":"20210121192935","is_ascension_mode":true,"campfire_choices":[{"data":"Eruption","floor":7,"key":"SMITH"},{"data":"1","floor":15,"key":"LIFT"}],"circlet_count":0,"master_deck":["Strike_P","Strike_P","Strike_P","Strike_P","Defend_P","Defend_P","Defend_P","Eruption+1","Vigilance","Evaluate","Fasting2","Protect","SandsOfTime","Wireheading","FearNoEvil","Prostrate","Injury"],"relics":["Coffee Dripper","Boot","Anchor","Girya","Bag of Marbles","Torii","Odd Mushroom","Bag of Preparation","Golden Idol"],"acts_visited":["Exordium"],"potions_floor_usage":[11,11,12],"damage_taken":[{"damage":5,"enemies":"Jaw Worm","floor":1,"turns":5},{"damage":0,"enemies":"Cultist","floor":2,"turns":4},{"damage":0,"enemies":"Small Slimes","floor":4,"turns":3},{"damage":25,"enemies":"3 Sentries","floor":6,"turns":7},{"damage":6,"enemies":"Lagavulin","floor":8,"turns":7},{"damage":0,"enemies":"Blue Slaver","floor":10,"turns":4},{"damage":15,"enemies":"Gremlin Nob","floor":11,"turns":4},{"damage":1,"enemies":"The Mushroom Lair","floor":12,"turns":3},{"damage":9,"enemies":"Slime Boss","floor":16,"turns":5}],"seed_played":"-884323888508517650","potions_obtained":[{"floor":1,"key":"BottledMiracle"},{"floor":4,"key":"BottledMiracle"},{"floor":10,"key":"champ:CounterPotion"}],"is_trial":false,"path_per_floor":["M","M","?","M","?","E","R","E","T","M","E","?","?","?","R","B"],"character_chosen":"WATCHER","items_purchased":[],"campfire_rested":0,"item_purchase_floors":[],"current_hp_per_floor":[67,67,60,60,60,35,35,29,29,29,14,13,6,6,6,0,0],"gold":292,"neow_bonus":"BOSS_RELIC","is_daily":false,"chose_seed":false,"campfire_upgraded":1,"win_rate":0.0,"timestamp":1611257375,"path_taken":["M","M","?","M","?","E","R","E","T","?","E","?","?","?","R","BOSS"],"items_purchased_type":[],"build_version":"2020-12-22","purchased_purges":0,"victory":false,"max_hp_per_floor":[72,72,72,72,72,72,72,72,72,72,72,72,72,72,72,72,72],"card_choices":[{"not_picked":["WreathOfFlame","ClearTheMind"],"picked":"Evaluate","floor":1},{"not_picked":["Worship","ThirdEye"],"picked":"Fasting2","floor":2},{"not_picked":["CutThroughFate","EmptyFist"],"picked":"Protect","floor":4},{"not_picked":["Fasting2","Wireheading"],"picked":"SandsOfTime","floor":6},{"not_picked":["Protect","Perseverance"],"picked":"Wireheading","floor":8},{"not_picked":["Vengeance","CarveReality","EmptyBody"],"picked":"SKIP","floor":10},{"not_picked":["CutThroughFate","Crescendo"],"picked":"FearNoEvil","floor":11},{"not_picked":["CrushJoints","JustLucky"],"picked":"Prostrate","floor":12}],"player_experience":775606,"relics_obtained":[{"floor":5,"key":"Boot"},{"floor":6,"key":"Anchor"},{"floor":8,"key":"Girya"},{"floor":9,"key":"Bag of Marbles"},{"floor":11,"key":"Torii"},{"floor":12,"key":"Odd Mushroom"}],"event_choices":[{"cards_removed":["Defend_P"],"damage_healed":0,"gold_gain":0,"player_choice":"Card Removal","damage_taken":7,"max_hp_gain":0,"max_hp_loss":0,"event_name":"Golden Wing","floor":3,"gold_loss":0},{"damage_healed":0,"gold_gain":0,"player_choice":"Relic","damage_taken":0,"max_hp_gain":0,"max_hp_loss":0,"event_name":"Wheel of Change","floor":5,"gold_loss":0},{"damage_healed":0,"gold_gain":0,"player_choice":"Fought Mushrooms","damage_taken":0,"max_hp_gain":0,"max_hp_loss":0,"event_name":"Mushrooms","floor":12,"gold_loss":0},{"damage_healed":0,"gold_gain":0,"player_choice":"Success","damage_taken":7,"relics_obtained":["Bag of Preparation"],"max_hp_gain":0,"max_hp_loss":0,"event_name":"Scrap Ooze","floor":13,"gold_loss":0},{"damage_healed":0,"gold_gain":0,"player_choice":"Take Wound","damage_taken":0,"relics_obtained":["Golden Idol"],"max_hp_gain":0,"max_hp_loss":0,"event_name":"Golden Idol","floor":14,"gold_loss":0,"cards_obtained":["Injury"]}],"is_beta":false,"boss_relics":[],"items_purged_floors":[],"is_endless":false,"potions_floor_spawned":[1,4,10],"killed_by":"Slime Boss","ascension_level":4}}