{"host":"y3tiaki6s4thc4y7","time":1611192068,"event":{"mods":["100% Spire Juice","2.2 Compatiblity","Act Like it!","Aspiration","BaseMod","Better Synergies","CapriCore","Challenge The Spire","Chen","Conspire","Halation","Hubris","Infinite Spire","Koishi","Marisa????????","Mimic Mod","Minty Spire (QoL Compilation)","Reimu??????","Relic Sorter","Remilia??????","Replay The Spire","Shop Mod","StSLib","The Immortal","Unknown Chances","Yakumo Yukari mod","vexMod"],"gold_per_floor":[131,143,68,84,100,100,126,126,194,208,234,234,234,247,247,247,247],"floor_reached":16,"language":"ENG","playtime":1065,"items_purged":[],"score":112,"play_id":"efc3ce05-f4a2-4f6a-8782-666cfb44834e","local_time":"20210120192108","is_ascension_mode":false,"campfire_choices":[{"data":"Mirror_FormAndEmptin_purple","floor":6,"key":"SMITH"},{"data":"Theboundaryofcreation_purpleEX","floor":8,"key":"SMITH"},{"data":"Nest_LightFlightworm_purple","floor":13,"key":"SMITH"},{"data":"ExistenceContinue_purple","floor":15,"key":"SMITH"}],"circlet_count":0,"master_deck":["AT_purpleEX","AT_purpleEX","AT_purpleEX","AT_purpleEX","Defend_purpleEX","Defend_purpleEX","Defend_purpleEX","Defend_purpleEX","Observe_purple_1","Observe_purple_2","Mirror_FormAndEmptin_purple+1","MeetDecomposer_purple","OmniscientAndOmnipotent_Monster_purple","WingOfChimera_purple","Theboundaryofcreation_purpleEX+1","Nest_LightFlightworm_purple+1","ExistenceContinue_purple+1"],"relics":["Boundary_crack","Memoryfragments_purpleEX","NeowsBlessing","CultistMask","Chameleon Ring","hubris:MysteriousPyramids","hubris:CuriousFeather"],"acts_visited":["Exordium"],"potions_floor_usage":[],"damage_taken":[{"damage":0,"enemies":"Small Slimes","floor":1,"turns":2},{"damage":0,"enemies":"Cultist","floor":2,"turns":1},{"damage":0,"enemies":"2 Louse","floor":4,"turns":1},{"damage":15,"enemies":"Large Slime","floor":5,"turns":7},{"damage":32,"enemies":"Replay:BlueRogue","floor":7,"turns":9},{"damage":0,"enemies":"2 Fungi Beasts","floor":10,"turns":4},{"damage":9,"enemies":"Lagavulin","floor":11,"turns":8},{"damage":0,"enemies":"Looter","floor":14,"turns":1},{"damage":26,"enemies":"Hexaghost","floor":16,"turns":9}],"seed_played":"-7909314279252496911","potions_obtained":[{"floor":1,"key":"ColorlessPotion"},{"floor":5,"key":"Cursed Concoction"},{"floor":11,"key":"Flashbang"}],"is_trial":false,"path_per_floor":["M","M","?","M","M","R","E","R","T","M","E","?","R","M","R","B"],"character_chosen":"Youkari","items_purchased":[],"campfire_rested":0,"item_purchase_floors":[],"current_hp_per_floor":[70,70,70,70,60,60,30,30,30,33,25,25,25,26,26,0,0],"gold":247,"neow_bonus":"THREE_ENEMY_KILL","is_daily":false,"chose_seed":false,"campfire_upgraded":4,"win_rate":0.0,"timestamp":1611192068,"path_taken":["M","M","?","M","M","R","E","R","T","?","E","?","R","M","R","BOSS"],"items_purchased_type":[],"build_version":"2020-12-22","purchased_purges":0,"victory":false,"max_hp_per_floor":[70,70,70,70,70,70,70,70,70,70,70,70,70,70,70,70,70],"card_choices":[{"not_picked":["Mirror_FourBoundary_purple","AdvanceAttack_purple"],"picked":"Mirror_FormAndEmptin_purple","floor":1},{"not_picked":["ButterflyHabitatTemple_purple","DimensionStaggered_purple"],"picked":"MeetDecomposer_purple","floor":2},{"not_picked":["MetroBOOM_purple","Line_surface_state_purple"],"picked":"OmniscientAndOmnipotent_Monster_purple","floor":4},{"not_picked":["MagicEyes_LaplaceDemon_purple","DimensionStaggered_purple"],"picked":"WingOfChimera_purple","floor":5},{"not_picked":["StateDuplicate_purple","Extrememeaning_purpleEX"],"picked":"Theboundaryofcreation_purpleEX","floor":7},{"not_picked":["Shallow_ocean_purpleEX","WingOfChimera_purple"],"picked":"Nest_LightFlightworm_purple","floor":10},{"not_picked":["Line_surface_state_purple","OmniscientAndOmnipotent_Monster_purple","WingOfChimera_purple"],"picked":"SKIP","floor":11},{"not_picked":["SfantasyHide_purple","PurpleNeedle_purple"],"picked":"ExistenceContinue_purple","floor":14}],"player_experience":132222,"relics_obtained":[{"floor":7,"key":"Chameleon Ring"},{"floor":9,"key":"hubris:MysteriousPyramids"},{"floor":11,"key":"hubris:CuriousFeather"}],"event_choices":[{"damage_healed":0,"gold_gain":0,"player_choice":"Trade","damage_taken":0,"relics_obtained":["CultistMask"],"max_hp_gain":0,"max_hp_loss":0,"event_name":"FaceTrader","floor":3,"gold_loss":0},{"damage_healed":0,"gold_gain":0,"player_choice":"Leave","damage_taken":0,"max_hp_gain":0,"max_hp_loss":0,"event_name":"conspire:Investor","floor":12,"gold_loss":0}],"is_beta":false,"boss_relics":[],"items_purged_floors":[],"is_endless":false,"potions_floor_spawned":[1,5,11,14],"killed_by":"Hexaghost","ascension_level":0}}