{"host":"c3lc60y5x60jlt1y","time":1611231708,"event":{"mods":["AchievementEnabler","BaseMod","Bestiary","Colored Map","Minty Spire (QoL Compilation)","Quick Restart","StSLib","ojb\u0027s Info Mod"],"gold_per_floor":[112,112,130,205,22,22,22,22,22,57,57,57,84,15,15,89,89,104,19,19,37,37,65,65,145,171,24,24,39,54,83,83,157,157,172,172,16,28,42,67,67,102,126,141,157,187,187,221,221,221],"floor_reached":51,"language":"ENG","playtime":50956,"items_purged":["Defend_B"],"score":1439,"play_id":"8f237a2e-410f-4fed-9b17-9b85a3756775","local_time":"20210121142148","is_ascension_mode":true,"campfire_choices":[{"data":"Reinforced Body","floor":6,"key":"SMITH"},{"data":"Static Discharge","floor":8,"key":"SMITH"},{"data":"Zap","floor":11,"key":"SMITH"},{"data":"Capacitor","floor":15,"key":"SMITH"},{"data":"Electrodynamics","floor":24,"key":"SMITH"},{"data":"Creative AI","floor":32,"key":"SMITH"},{"data":"Seek","floor":49,"key":"SMITH"}],"circlet_count":0,"master_deck":["AscendersBane","Strike_B+1","Defend_B","Zap+1","Dualcast","Static Discharge+1","Reinforced Body+1","Seek+1","Capacitor+1","Skim+1","Fission+1","Electrodynamics+1","Thunder Strike+1","Steam+1","Fission+1","Undo+1","Turbo+1","Glacier+1","Biased Cognition","Fusion+1","Scrape","Blizzard","Conserve Battery+1","Hologram+1","Creative AI+1","Rainbow+1","Coolheaded+1","Coolheaded+1","Glacier+1","Coolheaded+1","Barrage+1"],"relics":["Cracked Core","NeowsBlessing","Pantograph","Cables","Strawberry","Toxic Egg 2","Astrolabe","White Beast Statue","StoneCalendar","Vajra","Kunai","Anchor","MealTicket","Nuclear Battery","Toy Ornithopter","Orichalcum","Blood Vial","Art of War","Sundial","Frozen Egg 2"],"acts_visited":["Exordium","TheCity","TheBeyond"],"potions_floor_usage":[13,33,40,40,42,48,50],"damage_taken":[{"damage":0,"enemies":"Jaw Worm","floor":1,"turns":1},{"damage":0,"enemies":"2 Louse","floor":3,"turns":1},{"damage":0,"enemies":"Lagavulin","floor":10,"turns":1},{"damage":14,"enemies":"Gremlin Nob","floor":13,"turns":4},{"damage":44,"enemies":"Slime Boss","floor":16,"turns":9},{"damage":14,"enemies":"2 Thieves","floor":18,"turns":2},{"damage":4,"enemies":"Shell Parasite","floor":21,"turns":4},{"damage":0,"enemies":"Gremlin Leader","floor":23,"turns":6},{"damage":0,"enemies":"Shelled Parasite and Fungi","floor":29,"turns":3},{"damage":5,"enemies":"Centurion and Healer","floor":30,"turns":5},{"damage":0,"enemies":"Slavers","floor":31,"turns":4},{"damage":40,"enemies":"Collector","floor":33,"turns":8},{"damage":7,"enemies":"3 Shapes","floor":35,"turns":4},{"damage":0,"enemies":"Orb Walker","floor":38,"turns":3},{"damage":0,"enemies":"Spire Growth","floor":39,"turns":4},{"damage":34,"enemies":"Nemesis","floor":40,"turns":5},{"damage":40,"enemies":"Reptomancer","floor":42,"turns":10},{"damage":0,"enemies":"3 Darklings","floor":44,"turns":5},{"damage":6,"enemies":"Transient","floor":45,"turns":5},{"damage":12,"enemies":"Nemesis","floor":46,"turns":7},{"damage":0,"enemies":"Giant Head","floor":48,"turns":7},{"damage":11,"enemies":"Donu and Deca","floor":50,"turns":10}],"seed_played":"-2107781902970188148","potions_obtained":[{"floor":1,"key":"PotionOfCapacity"},{"floor":21,"key":"SteroidPotion"},{"floor":23,"key":"Energy Potion"},{"floor":29,"key":"LiquidBronze"},{"floor":30,"key":"DuplicationPotion"},{"floor":33,"key":"Block Potion"},{"floor":40,"key":"PowerPotion"},{"floor":42,"key":"Strength Potion"},{"floor":44,"key":"FairyPotion"},{"floor":45,"key":"DistilledChaos"},{"floor":48,"key":"Regen Potion"}],"is_trial":false,"path_per_floor":["M","?","M","?","$","R","?","R","T","E","R","?","E","$","R","B",null,"M","?","?","M","?","E","R","T","T","$","?","M","M","E","R","B",null,"M","?","$","M","M","E","?","E","T","M","M","E","?","E","R","B",null],"character_chosen":"DEFECT","items_purchased":["Seek","Go for the Eyes","Fission+1","Fusion+1","Toy Ornithopter"],"campfire_rested":0,"item_purchase_floors":[5,5,14,27,37],"current_hp_per_floor":[68,61,61,50,50,50,35,35,35,42,42,42,28,28,28,9,64,50,50,50,46,46,46,46,46,46,46,46,46,41,41,41,26,68,61,61,76,76,76,48,48,13,13,15,11,1,68,68,68,63],"gold":221,"neow_bonus":"THREE_ENEMY_KILL","is_daily":false,"chose_seed":false,"campfire_upgraded":7,"win_rate":0.0,"timestamp":1611231708,"path_taken":["M","?","M","?","$","R","?","R","T","E","R","?","E","?","R","BOSS","M","?","?","?","?","E","R","?","T","?","?","?","M","E","R","BOSS","M","?","$","M","M","E","?","E","T","M","M","E","?","E","R","BOSS"],"items_purchased_type":["Card","Card","Card","Card","Relic"],"build_version":"2020-12-22","purchased_purges":1,"victory":true,"max_hp_per_floor":[75,75,75,75,75,75,75,75,75,82,82,82,82,82,82,82,82,82,82,82,82,82,82,82,82,82,82,82,82,82,82,82,82,82,82,82,82,82,82,82,78,78,78,78,78,78,68,68,68,68],"card_choices":[{"not_picked":["Heatsinks","Redo"],"picked":"Static Discharge","floor":1},{"not_picked":["Barrage","Chaos"],"picked":"Reinforced Body","floor":3},{"not_picked":["Barrage","Rainbow"],"picked":"Capacitor","floor":10},{"not_picked":["White Noise+1","Melter"],"picked":"Skim+1","floor":13},{"not_picked":["Multi-Cast+1","Meteor Strike"],"picked":"Electrodynamics","floor":16},{"not_picked":["Doom and Gloom","Lockon"],"picked":"Undo+1","floor":18},{"not_picked":["Steam+1","Ball Lightning"],"picked":"Turbo+1","floor":21},{"not_picked":["Gash","Heatsinks"],"picked":"Biased Cognition","floor":23},{"not_picked":["Rebound","Scrape"],"picked":"Conserve Battery+1","floor":29},{"not_picked":["Ball Lightning","Turbo+1"],"picked":"Hologram+1","floor":30},{"not_picked":["Beam Cell","Fission+1"],"picked":"Creative AI","floor":31},{"not_picked":["Electrodynamics","Thunder Strike"],"picked":"Rainbow+1","floor":33},{"not_picked":["Rebound+1","Go for the Eyes"],"picked":"Coolheaded+1","floor":35},{"not_picked":["Biased Cognition","BootSequence+1"],"picked":"Coolheaded+1","floor":38},{"not_picked":["Ball Lightning","Reprogram+1","Go for the Eyes"],"picked":"SKIP","floor":39},{"not_picked":["Machine Learning","Sunder","Rebound"],"picked":"SKIP","floor":40},{"not_picked":["Steam Power+1","Scrape+1","Steam+1"],"picked":"SKIP","floor":42},{"not_picked":["Streamline","Doom and Gloom"],"picked":"Glacier+1","floor":44},{"not_picked":["Genetic Algorithm+1","Skim+1"],"picked":"Coolheaded+1","floor":45},{"not_picked":["Ball Lightning","Redo+1"],"picked":"Barrage+1","floor":46},{"not_picked":["Gash","Steam+1","Sunder"],"picked":"SKIP","floor":48}],"player_experience":8219003,"relics_obtained":[{"floor":9,"key":"Cables"},{"floor":10,"key":"Strawberry"},{"floor":13,"key":"Toxic Egg 2"},{"floor":23,"key":"Vajra"},{"floor":25,"key":"Kunai"},{"floor":26,"key":"Anchor"},{"floor":31,"key":"MealTicket"},{"floor":40,"key":"Orichalcum"},{"floor":42,"key":"Blood Vial"},{"floor":43,"key":"Art of War"},{"floor":46,"key":"Sundial"},{"floor":48,"key":"Frozen Egg 2"}],"event_choices":[{"damage_healed":0,"gold_gain":0,"player_choice":"Success","damage_taken":7,"relics_obtained":["Pantograph"],"max_hp_gain":0,"max_hp_loss":0,"event_name":"Scrap Ooze","floor":2,"gold_loss":0},{"damage_healed":0,"gold_gain":75,"player_choice":"Gather Gold","damage_taken":11,"max_hp_gain":0,"max_hp_loss":0,"event_name":"World of Goop","floor":4,"gold_loss":0},{"damage_healed":0,"gold_gain":0,"player_choice":"Entered Light","damage_taken":15,"max_hp_gain":0,"max_hp_loss":0,"event_name":"Shining Light","floor":7,"gold_loss":0,"cards_upgraded":["Strike_B","Strike_B"]},{"damage_healed":0,"gold_gain":0,"player_choice":"Ignored","damage_taken":0,"max_hp_gain":0,"max_hp_loss":0,"event_name":"Liars Game","floor":12,"gold_loss":0},{"damage_healed":0,"gold_gain":0,"player_choice":"Obtained Relic","damage_taken":0,"relics_obtained":["White Beast Statue"],"max_hp_gain":0,"max_hp_loss":0,"event_name":"Addict","floor":19,"gold_loss":85},{"cards_removed":["Go for the Eyes"],"damage_healed":0,"gold_gain":0,"player_choice":"Gave Card","damage_taken":0,"relics_obtained":["StoneCalendar"],"max_hp_gain":0,"max_hp_loss":0,"event_name":"WeMeetAgain","floor":20,"gold_loss":0},{"damage_healed":0,"gold_gain":0,"player_choice":"Read","damage_taken":0,"max_hp_gain":0,"max_hp_loss":0,"event_name":"The Library","floor":22,"gold_loss":0,"cards_obtained":["Glacier"]},{"damage_healed":0,"gold_gain":0,"cards_transformed":["Defend_B","Strike_B"],"player_choice":"Became Test Subject","damage_taken":0,"max_hp_gain":0,"max_hp_loss":0,"event_name":"Drug Dealer","floor":28,"gold_loss":0,"cards_obtained":["Scrape","Blizzard"]},{"damage_healed":0,"gold_gain":0,"player_choice":"Ignored","damage_taken":0,"max_hp_gain":0,"max_hp_loss":0,"event_name":"Tomb of Lord Red Mask","floor":36,"gold_loss":0},{"damage_healed":0,"gold_gain":0,"player_choice":"Max HP","damage_taken":0,"max_hp_gain":0,"max_hp_loss":4,"event_name":"Winding Halls","floor":41,"gold_loss":0},{"damage_healed":68,"gold_gain":0,"player_choice":"Heal","damage_taken":0,"max_hp_gain":0,"max_hp_loss":10,"event_name":"The Moai Head","floor":47,"gold_loss":0}],"is_beta":false,"boss_relics":[{"not_picked":["Coffee Dripper","Calling Bell"],"picked":"Astrolabe"},{"not_picked":["Busted Crown","Velvet Choker"],"picked":"Nuclear Battery"}],"items_purged_floors":[27],"is_endless":false,"potions_floor_spawned":[1,21,23,29,30,31,33,35,38,39,40,42,44,45,46,48],"ascension_level":13}}