{"host":"oeotdbd679q6m6vu","time":1611226365,"event":{"mods":["Act Like it!","BaseMod","Colored Map","Decade(Õı–°√˜)","Downfall","Friendly Minions","Gensokyo","GifTheSpireLib","Highlight Path","Lobotomy","Marisa£®ÏF”Í°°ƒß¿Ì…≥£©","Minty Spire (QoL Compilation)","Rare Cards Sparkle","Reimu£®≤©¿ˆ¡È√Œ£©","StSLib","The Animator","The Bug Knight","Youmu£®ªÍ∆«—˝√Œ£©"],"gold_per_floor":[99,115,128,141,141,160,184,44,76,76,76,111,111,126,144,358,358],"floor_reached":16,"language":"ZHS","playtime":965,"items_purged":[],"score":94,"play_id":"ae53f470-ae06-4348-8e7f-ac4b67779f49","local_time":"20210121055245","is_ascension_mode":false,"campfire_choices":[{"data":"UpSweep","floor":1,"key":"SMITH"},{"data":"MillisecondPulsars","floor":10,"key":"SMITH"},{"data":"BlazingStar","floor":13,"key":"SMITH"}],"circlet_count":0,"master_deck":["Strike_MRS","Strike_MRS","Strike_MRS","Strike_MRS","Defend_MRS","Defend_MRS","Defend_MRS","Defend_MRS","MasterSpark","UpSweep+1","UniverseFragment","WitchLeyline","Robbery","OSAHOGD","CrumblingArmor","MillisecondPulsars+1","ShootTheMoon","SporeBomb","Freischutz","AsteroidBelt","QueenOfHatred","Clumsy","BlazingStar+1","OldLady","FairyFestival","GrandCross","Gensokyo:SummonYinYangFox","DespairKnight","IllusionStar"],"relics":["MiniHakkero","CogitoBucket","Strawberry","Gensokyo:NagashiBinaDoll","AdjustmentMirror","Orichalcum","Gensokyo:Companionship"],"acts_visited":["Exordium"],"potions_floor_usage":[9,14,16],"damage_taken":[{"damage":5,"enemies":"Gensokyo:2_Kodama","floor":2,"turns":3},{"damage":3,"enemies":"Gensokyo:Python","floor":3,"turns":3},{"damage":10,"enemies":"downfall:FleeingMerchant","floor":4,"turns":4},{"damage":0,"enemies":"Gensokyo:3_Fairies","floor":6,"turns":3},{"damage":22,"enemies":"Gensokyo:3_Kodama","floor":9,"turns":3},{"damage":18,"enemies":"Gensokyo:LivingMonolith","floor":12,"turns":6},{"damage":4,"enemies":"Gensokyo:2_Rabbits","floor":14,"turns":4},{"damage":3,"enemies":"Gensokyo:Gryphon_and_Rabbit","floor":15,"turns":3},{"damage":35,"enemies":"SI_SHIV_ARCHETYPE","floor":16,"turns":3}],"seed_played":"2411502378417618993","potions_obtained":[{"floor":2,"key":"BottledSpark"},{"floor":3,"key":"Fire Potion"},{"floor":12,"key":"ColorlessPotion"}],"is_trial":false,"path_per_floor":["R","M","M","$","?","M","T","COS","M","R","?","M","R","M","M","B"],"character_chosen":"MARISA","items_purchased":[],"campfire_rested":0,"item_purchase_floors":[],"current_hp_per_floor":[75,70,67,57,57,57,64,64,42,42,42,30,30,32,35,0,0],"gold":358,"neow_bonus":"","is_daily":false,"chose_seed":false,"campfire_upgraded":3,"win_rate":0.0,"timestamp":1611226365,"path_taken":["R","M","M","$","?","M","T","COS","M","R","?","M","R","M","M","BOSS"],"items_purchased_type":[],"build_version":"2020-12-22","purchased_purges":0,"victory":false,"max_hp_per_floor":[75,75,75,75,75,75,82,82,82,82,82,82,82,82,82,82,82],"card_choices":[{"not_picked":["ShyLook","SnowQueen","MeatLantern"],"picked":"Singing Bowl","floor":2},{"not_picked":["Murderer","WallGazer"],"picked":"UniverseFragment","floor":2},{"not_picked":["Acceleration","NonDirectionalLaser"],"picked":"WitchLeyline","floor":2},{"not_picked":["MilkyWay","Singularity"],"picked":"Robbery","floor":3},{"not_picked":["ShyLook","CherryBlossoms"],"picked":"OSAHOGD","floor":3},{"not_picked":["Bloodbath","SnowQueen"],"picked":"CrumblingArmor","floor":4},{"not_picked":["GalacticHalo","GravityBeat"],"picked":"MillisecondPulsars","floor":4},{"not_picked":["GalacticHalo","LuminesStrike"],"picked":"ShootTheMoon","floor":5},{"not_picked":["MachineGunSpark","AbsoluteMagnitude"],"picked":"SporeBomb","floor":5},{"not_picked":["OldLady","VoidDream"],"picked":"Freischutz","floor":6},{"not_picked":["MysteriousBeam","LuminesStrike"],"picked":"AsteroidBelt","floor":6},{"not_picked":["LongBird","OldLady"],"picked":"QueenOfHatred","floor":9},{"not_picked":["Orbital","WitchLeyline","DarkSpark"],"picked":"SKIP","floor":9},{"not_picked":["Orbital","WitchLeyline","DarkSpark"],"picked":"SKIP","floor":9},{"not_picked":["DeepEcoloBomb","MysteriousBeam"],"picked":"BlazingStar","floor":12},{"not_picked":["NakedNest","MHz"],"picked":"OldLady","floor":12},{"not_picked":["HappyTeddy","RedShoes"],"picked":"FairyFestival","floor":14},{"not_picked":["DarkSpark","GalacticHalo"],"picked":"GrandCross","floor":14},{"not_picked":["RedShoes","PunishingBird"],"picked":"DespairKnight","floor":15},{"not_picked":["PulseMagic","DoubleSpark"],"picked":"IllusionStar","floor":15}],"player_experience":361867,"relics_obtained":[{"floor":7,"key":"Strawberry"}],"event_choices":[],"is_beta":false,"boss_relics":[],"items_purged_floors":[],"is_endless":false,"potions_floor_spawned":[2,3,12],"killed_by":"SI_SHIV_ARCHETYPE","ascension_level":0}}