{"host":"dztixnx9b0gu6w9i","time":1611265656,"event":{"mods":["BaseMod","Bestiary","Minty Spire (QoL Compilation)","Relic Stats","Slay the Relics Exporter","SpireBot","ojb\u0027s Better Paths Mod","ojb\u0027s Info Mod"],"gold_per_floor":[109,109,124,124,144,180,87,108,162,176,176,176,217,241,241,334,334,354,354,354,33,33,62,62,96,96,96,122,138,138,176,176,260,260,286,304,304,331,347,375,375,418,418,418,431,89,112,70,70,70,70,70,70,22,53,53],"floor_reached":57,"language":"ENG","playtime":9879,"items_purged":[],"score":2942,"play_id":"c9cdf6cd-79f7-4513-a9d7-1dfbc4cffde1","local_time":"20210121164736","is_ascension_mode":true,"campfire_choices":[{"data":"All Out Attack","floor":12,"key":"SMITH"},{"data":"Neutralize","floor":15,"key":"SMITH"},{"data":"Terror","floor":27,"key":"SMITH"},{"data":"Envenom","floor":32,"key":"SMITH"},{"data":"Wraith Form v2","floor":41,"key":"SMITH"},{"data":"Apotheosis","floor":44,"key":"SMITH"},{"floor":49,"key":"RECALL"},{"data":"Adrenaline","floor":53,"key":"SMITH"}],"circlet_count":0,"master_deck":["AscendersBane","Survivor","Neutralize+1","Masterful Stab","Endless Agony","Dagger Throw","Crippling Poison","All Out Attack+1","Eviscerate","Footwork","Terror+1","Die Die Die","Dagger Spray","Envenom+1","Venomology","Outmaneuver","Noxious Fumes","Deflect","Masterful Stab","Infinite Blades","Sucker Punch+1","Cloak And Dagger","Discovery","Slice+1","Crippling Poison+1","PiercingWail","Dodge and Roll+1","Adrenaline+1","Wraith Form v2+1","Finisher","Violence","Apotheosis+1","Dodge and Roll","Expertise","Acrobatics+1","Acrobatics","Acrobatics"],"relics":["Ring of the Snake","Omamori","Paper Crane","Bloody Idol","Ancient Tea Set","Pantograph","Gremlin Horn","Pandora\u0027s Box","Toolbox","Akabeko","Anchor","Sundial","Orichalcum","MutagenicStrength","CeramicFish","Busted Crown","Matryoshka","Blood Vial","Bronze Scales","Question Card","Lizard Tail","TungstenRod"],"acts_visited":["Exordium","TheCity","TheBeyond","TheEnding"],"potions_floor_usage":[6,16,21,23,23,28,28,33,38,40,45,47,50,56,56,56],"damage_taken":[{"damage":17,"enemies":"Jaw Worm","floor":1,"turns":6},{"damage":1,"enemies":"2 Louse","floor":3,"turns":4},{"damage":0,"enemies":"Cultist","floor":5,"turns":3},{"damage":34,"enemies":"Lagavulin","floor":6,"turns":10},{"damage":0,"enemies":"3 Louse","floor":8,"turns":3},{"damage":2,"enemies":"Looter","floor":10,"turns":3},{"damage":0,"enemies":"Gremlin Nob","floor":13,"turns":3},{"damage":0,"enemies":"Blue Slaver","floor":14,"turns":3},{"damage":7,"enemies":"The Guardian","floor":16,"turns":13},{"damage":0,"enemies":"3 Byrds","floor":18,"turns":4},{"damage":22,"enemies":"Book of Stabbing","floor":23,"turns":4},{"damage":0,"enemies":"Gremlin Leader","floor":25,"turns":4},{"damage":6,"enemies":"Slavers","floor":28,"turns":4},{"damage":1,"enemies":"Chosen","floor":29,"turns":3},{"damage":0,"enemies":"Gremlin Leader","floor":31,"turns":1},{"damage":11,"enemies":"Collector","floor":33,"turns":5},{"damage":0,"enemies":"Orb Walker","floor":35,"turns":2},{"damage":0,"enemies":"3 Shapes","floor":38,"turns":5},{"damage":0,"enemies":"3 Darklings","floor":39,"turns":1},{"damage":1,"enemies":"Giant Head","floor":40,"turns":4},{"damage":0,"enemies":"Nemesis","floor":42,"turns":5},{"damage":3,"enemies":"Transient","floor":45,"turns":6},{"damage":3,"enemies":"Sphere and 2 Shapes","floor":47,"turns":4},{"damage":4,"enemies":"Donu and Deca","floor":50,"turns":6},{"damage":37,"enemies":"Time Eater","floor":51,"turns":12},{"damage":97,"enemies":"Shield and Spear","floor":55,"turns":9},{"damage":34,"enemies":"The Heart","floor":56,"turns":8}],"seed_played":"2837002207050662408","potions_obtained":[{"floor":1,"key":"Explosive Potion"},{"floor":8,"key":"EssenceOfSteel"},{"floor":16,"key":"Regen Potion"},{"floor":18,"key":"Fruit Juice"},{"floor":28,"key":"Fire Potion"},{"floor":29,"key":"SkillPotion"},{"floor":33,"key":"SteroidPotion"},{"floor":42,"key":"SkillPotion"},{"floor":47,"key":"LiquidMemories"}],"is_trial":false,"path_per_floor":["M","?","M","?","M","E","?","M","T","M","?","R","E","M","R","B",null,"M","?","?","$","?","E","?","E","T","R","E","M","?","E","R","B",null,"M","?","?","M","M","E","R","E","T","R","M","$","M","$","R","B","B",null,"R","$","E","B",null],"character_chosen":"THE_SILENT","items_purchased":["Toolbox","Fire Potion","Discovery","Lizard Tail","Acrobatics","Acrobatics"],"campfire_rested":0,"item_purchase_floors":[21,21,21,46,48,54],"current_hp_per_floor":[42,42,41,41,41,7,7,7,7,5,20,20,20,20,20,38,55,55,55,55,60,60,52,52,57,57,57,56,60,60,65,65,64,65,65,65,65,65,65,65,65,65,65,65,65,65,65,65,65,61,28,56,56,61,27,20],"gold":53,"neow_bonus":"RANDOM_COMMON_RELIC","is_daily":false,"chose_seed":false,"campfire_upgraded":7,"win_rate":0.0,"timestamp":1611265656,"path_taken":["M","?","M","?","M","E","?","?","T","M","?","R","E","M","R","BOSS","M","?","?","$","?","E","?","E","T","R","E","?","?","E","R","BOSS","M","?","?","M","M","E","R","E","T","R","M","$","?","?","R","BOSS","BOSS","R","$","E","BOSS"],"items_purchased_type":["Relic","Potion","Card","Relic","Card","Card"],"build_version":"2020-12-22","purchased_purges":0,"victory":true,"max_hp_per_floor":[66,66,66,60,60,60,60,60,60,60,60,60,60,60,60,60,60,60,60,60,65,65,65,65,65,65,65,65,65,65,65,65,65,65,65,65,65,65,65,65,65,65,65,65,65,65,65,65,65,65,65,65,65,65,65,65],"relic_stats":{"Gremlin Horn":[20,20],"counters":[27,135],"CeramicFish":90,"Orichalcum":[132],"Question Card":3,"Blood Vial":6,"Lizard Tail":32,"Busted Crown":22,"Sundial":[6],"Bloody Idol":62,"Pantograph":52,"Bronze Scales":[237],"Pandora\u0027s Box":["Dagger Spray","Envenom","Venomology","Flechettes","Outmaneuver","Accuracy","Noxious Fumes","Deflect","Masterful Stab","Infinite Blades"],"obtain_stats":[{"Gremlin Horn":13,"Golden Idol":4,"CeramicFish":31,"Omamori":0,"Paper Crane":2,"Orichalcum":28,"Ancient Tea Set":6,"Question Card":43,"Akabeko":23,"Blood Vial":42,"Anchor":25,"Lizard Tail":46,"Busted Crown":34,"Matryoshka":40,"Sundial":26,"Pantograph":7,"Bloody Idol":22,"MutagenicStrength":30,"Bronze Scales":43,"Toolbox":21,"Pandora\u0027s Box":17,"TungstenRod":55,"Ring of the Snake":0},{"Gremlin Horn":7,"Golden Idol":2,"CeramicFish":15,"Omamori":0,"Paper Crane":1,"Orichalcum":13,"Ancient Tea Set":4,"Question Card":21,"Akabeko":11,"Blood Vial":21,"Anchor":12,"Lizard Tail":22,"Busted Crown":16,"Matryoshka":20,"Sundial":12,"Pantograph":4,"Bloody Idol":10,"MutagenicStrength":14,"Bronze Scales":21,"Toolbox":10,"Pandora\u0027s Box":9,"TungstenRod":26,"Ring of the Snake":0},{"Gremlin Horn":32,"Golden Idol":10,"CeramicFish":68,"Omamori":0,"Paper Crane":6,"Orichalcum":64,"Ancient Tea Set":23,"Question Card":90,"Akabeko":56,"Blood Vial":90,"Anchor":60,"Lizard Tail":96,"Busted Crown":73,"Matryoshka":85,"Sundial":60,"Pantograph":23,"Bloody Idol":52,"MutagenicStrength":67,"Bronze Scales":90,"Toolbox":52,"Pandora\u0027s Box":48,"TungstenRod":127,"Ring of the Snake":0}],"TungstenRod":42,"Ring of the Snake":[56]},"card_choices":[{"not_picked":["Expertise","Acrobatics"],"picked":"Masterful Stab","floor":1},{"not_picked":["Expertise","Bane"],"picked":"Endless Agony","floor":3},{"not_picked":["Deadly Poison","Acrobatics"],"picked":"Dagger Throw","floor":5},{"not_picked":["Bane","Catalyst"],"picked":"Crippling Poison","floor":6},{"not_picked":["Noxious Fumes","Slice"],"picked":"All Out Attack","floor":8},{"not_picked":["PiercingWail","Dagger Throw"],"picked":"Eviscerate","floor":10},{"not_picked":["All Out Attack","Prepared"],"picked":"Footwork","floor":13},{"not_picked":["PiercingWail","Outmaneuver"],"picked":"Terror","floor":14},{"not_picked":["Unload","Doppelganger"],"picked":"Die Die Die","floor":16},{"not_picked":["Bane","Dagger Throw"],"picked":"Sucker Punch+1","floor":18},{"not_picked":["Poisoned Stab","PiercingWail"],"picked":"Slice+1","floor":23},{"not_picked":["Poisoned Stab","Deadly Poison"],"picked":"Crippling Poison+1","floor":25},{"not_picked":["Dodge and Roll","Unload"],"picked":"PiercingWail","floor":28},{"not_picked":["Acrobatics","Cloak And Dagger"],"picked":"Dodge and Roll+1","floor":29},{"not_picked":["Masterful Stab","Sucker Punch+1"],"picked":"Adrenaline","floor":31},{"not_picked":["Tools of the Trade","Malaise"],"picked":"Wraith Form v2","floor":33},{"not_picked":[],"picked":"Finisher","floor":35},{"not_picked":[],"picked":"Violence","floor":36},{"not_picked":[],"picked":"Apotheosis","floor":36},{"not_picked":[],"picked":"Dodge and Roll","floor":38},{"not_picked":["Tactician"],"picked":"SKIP","floor":39},{"not_picked":["Prepared"],"picked":"SKIP","floor":40},{"not_picked":[],"picked":"Expertise","floor":42},{"not_picked":["Setup","Dodge and Roll"],"picked":"SKIP","floor":45},{"not_picked":["Flying Knee+1"],"picked":"Acrobatics+1","floor":47},{"not_picked":["Dagger Spray+1","Skewer"],"picked":"SKIP","floor":55}],"player_experience":8205295,"relics_obtained":[{"floor":6,"key":"Ancient Tea Set"},{"floor":13,"key":"Gremlin Horn"},{"floor":23,"key":"Akabeko"},{"floor":25,"key":"Anchor"},{"floor":26,"key":"Sundial"},{"floor":28,"key":"Orichalcum"},{"floor":31,"key":"CeramicFish"},{"floor":40,"key":"Matryoshka"},{"floor":42,"key":"Blood Vial"},{"floor":43,"key":"Bronze Scales"},{"floor":43,"key":"Question Card"},{"floor":55,"key":"TungstenRod"}],"event_choices":[{"damage_healed":0,"gold_gain":0,"player_choice":"Box","damage_taken":0,"relics_obtained":["Paper Crane"],"max_hp_gain":0,"max_hp_loss":0,"event_name":"Big Fish","floor":2,"gold_loss":0,"cards_obtained":["Regret"]},{"damage_healed":0,"gold_gain":0,"player_choice":"Lose Max HP","damage_taken":0,"relics_obtained":["Golden Idol"],"max_hp_gain":0,"max_hp_loss":6,"event_name":"Golden Idol","floor":4,"gold_loss":0},{"damage_healed":0,"gold_gain":0,"player_choice":"Paid Gold","damage_taken":0,"relics_obtained":["Pantograph"],"max_hp_gain":0,"max_hp_loss":0,"event_name":"WeMeetAgain","floor":7,"gold_loss":93},{"damage_healed":15,"gold_gain":0,"player_choice":"Healed and dodged fight","damage_taken":0,"max_hp_gain":0,"max_hp_loss":0,"event_name":"Mushrooms","floor":11,"gold_loss":0,"cards_obtained":["Parasite"]},{"damage_healed":0,"gold_gain":0,"player_choice":"Read","damage_taken":0,"max_hp_gain":0,"max_hp_loss":0,"event_name":"The Library","floor":19,"gold_loss":0,"cards_obtained":["Cloak And Dagger"]},{"cards_removed":["Flechettes"],"damage_healed":0,"gold_gain":0,"player_choice":"Elegance","damage_taken":0,"max_hp_gain":0,"max_hp_loss":0,"event_name":"Back to Basics","floor":20,"gold_loss":0},{"damage_healed":0,"gold_gain":0,"player_choice":"Gave Idol","damage_taken":0,"relics_obtained":["Bloody Idol"],"max_hp_gain":0,"max_hp_loss":0,"event_name":"Forgotten Altar","floor":22,"relics_lost":["Golden Idol"],"gold_loss":0},{"damage_healed":0,"gold_gain":0,"player_choice":"Ignored","damage_taken":0,"max_hp_gain":0,"max_hp_loss":0,"event_name":"Vampires","floor":24,"gold_loss":0},{"damage_healed":0,"gold_gain":0,"player_choice":"Inject Mutagens","damage_taken":0,"relics_obtained":["MutagenicStrength"],"max_hp_gain":0,"max_hp_loss":0,"event_name":"Drug Dealer","floor":30,"gold_loss":0},{"damage_healed":0,"gold_gain":0,"player_choice":"Memory 3","damage_taken":10,"max_hp_gain":0,"max_hp_loss":0,"event_name":"SensoryStone","floor":36,"gold_loss":0},{"cards_removed":["Accuracy"],"damage_healed":0,"gold_gain":0,"player_choice":"Purged","damage_taken":0,"max_hp_gain":0,"max_hp_loss":0,"event_name":"Purifier","floor":37,"gold_loss":0}],"is_beta":false,"boss_relics":[{"not_picked":["Runic Dome","Ring of the Serpent"],"picked":"Pandora\u0027s Box"},{"not_picked":["Fusion Hammer","Runic Pyramid"],"picked":"Busted Crown"}],"items_purged_floors":[],"is_endless":false,"potions_floor_spawned":[1,8,16,18,28,29,33,38,42,47,55],"ascension_level":20}}