{"host":"3a1ypf1irl30q4k8","time":1611244810,"event":{"mods":["AchievementEnabler","BaseMod","Bestiary","Colored Map","Minty Spire (QoL Compilation)","Relic Stats"],"gold_per_floor":[113,38,38,38,51,51,51,78,78,111,111,130,146,165,165,263,263,263,263,263,69,54,54,54,54,54,54,54,54,54,54,54,54,54,54,54,54,54,54,54,54,54,54,54,54],"floor_reached":44,"language":"ENG","playtime":2522,"items_purged":["Defend_R"],"score":696,"play_id":"4624add9-287b-43a0-846b-45ae495a2631","local_time":"20210121160010","is_ascension_mode":true,"campfire_choices":[{"data":"Thunderclap","floor":6.0,"key":"SMITH"},{"data":"Bash","floor":15.0,"key":"SMITH"},{"data":"Shrug It Off","floor":23.0,"key":"SMITH"},{"data":"Shrug It Off","floor":25.0,"key":"SMITH"},{"data":"Reaper","floor":32.0,"key":"SMITH"},{"data":"Flame Barrier","floor":41,"key":"SMITH"}],"circlet_count":0,"master_deck":["Strike_R","Strike_R","Strike_R+1","Defend_R","Defend_R","Defend_R","Bash+1","Thunderclap+1","Anger+1","Clash","Flame Barrier+1","Sever Soul","Clash","Twin Strike","Shrug It Off+1","Reaper+1","Spot Weakness","Clash","Shrug It Off+1","Inflame","Clash","Perfected Strike+1","Carnage+1","Thunderclap+1","Clash+1","Exhume","PanicButton","Double Tap"],"relics":["Burning Blood","NeowsBlessing","Gambling Chip","Ornamental Fan","StoneCalendar","Ectoplasm","Red Mask","Centennial Puzzle","Molten Egg 2","StrikeDummy","Bottled Tornado","Empty Cage","Ginger","Frozen Egg 2","Self Forming Clay"],"acts_visited":["Exordium","TheCity","TheBeyond"],"potions_floor_usage":[40,42,44],"damage_taken":[{"damage":0.0,"enemies":"Jaw Worm","floor":1.0,"turns":1.0},{"damage":0.0,"enemies":"Small Slimes","floor":5.0,"turns":1.0},{"damage":0.0,"enemies":"Lagavulin","floor":8.0,"turns":1.0},{"damage":15.0,"enemies":"3 Sentries","floor":10.0,"turns":7.0},{"damage":0.0,"enemies":"2 Louse","floor":12.0,"turns":3.0},{"damage":0.0,"enemies":"Exordium Thugs","floor":13.0,"turns":2.0},{"damage":2.0,"enemies":"3 Louse","floor":14.0,"turns":2.0},{"damage":22.0,"enemies":"The Guardian","floor":16.0,"turns":7.0},{"damage":0.0,"enemies":"Chosen","floor":18.0,"turns":3.0},{"damage":12.0,"enemies":"Masked Bandits","floor":19.0,"turns":3.0},{"damage":0.0,"enemies":"2 Thieves","floor":22.0,"turns":2.0},{"damage":19.0,"enemies":"Book of Stabbing","floor":24.0,"turns":4.0},{"damage":11.0,"enemies":"Slavers","floor":27.0,"turns":3.0},{"damage":4.0,"enemies":"Cultist and Chosen","floor":28.0,"turns":3.0},{"damage":0.0,"enemies":"Shelled Parasite and Fungi","floor":29.0,"turns":2.0},{"damage":0.0,"enemies":"3 Cultists","floor":30.0,"turns":2.0},{"damage":7.0,"enemies":"Book of Stabbing","floor":31.0,"turns":3.0},{"damage":53.0,"enemies":"Collector","floor":33.0,"turns":7.0},{"damage":10.0,"enemies":"3 Shapes","floor":35.0,"turns":4.0},{"damage":20.0,"enemies":"3 Darklings","floor":38.0,"turns":4.0},{"damage":19,"enemies":"Mind Bloom Boss Battle","floor":39,"turns":5},{"damage":35,"enemies":"Reptomancer","floor":40,"turns":5},{"damage":81,"enemies":"Giant Head","floor":42,"turns":8},{"damage":37,"enemies":"Nemesis","floor":44,"turns":4}],"seed_played":"-1391030173456152924","potions_obtained":[{"floor":8.0,"key":"SmokeBomb"},{"floor":13.0,"key":"EssenceOfSteel"},{"floor":14.0,"key":"FairyPotion"},{"floor":16.0,"key":"Fruit Juice"},{"floor":18.0,"key":"SkillPotion"},{"floor":33.0,"key":"ElixirPotion"},{"floor":38,"key":"Dexterity Potion"},{"floor":39,"key":"Regen Potion"},{"floor":40,"key":"Swift Potion"}],"is_trial":false,"path_per_floor":["M","$","?","$","M","R","?","E","T","E","?","M","M","M","R","B",null,"M","?","?","$","M","R","E","R","T","E","M","M","M","E","R","B",null,"M","?","?","M","?","E","R","E","T","E"],"character_chosen":"IRONCLAD","items_purchased":["Thunderclap","Anger","Shrug It Off","Inflame"],"campfire_rested":0,"item_purchase_floors":[2,2,21,21],"current_hp_per_floor":[80,80,73,73,79,79,63,69,69,60,60,66,72,76,76,60,80,85,79,79,79,85,85,72,72,72,83,85,85,85,84,84,37,85,81,81,81,77,64,52,52,30,30,0,0],"gold":54,"neow_bonus":"THREE_ENEMY_KILL","is_daily":false,"chose_seed":false,"campfire_upgraded":6,"win_rate":0.0,"timestamp":1611244810,"path_taken":["M","$","?","$","M","R","?","E","T","E","?","M","M","?","R","BOSS","M","?","?","$","M","R","E","R","T","E","M","M","M","E","R","BOSS","M","?","?","M","?","E","R","E","T","E"],"items_purchased_type":["Card","Card","Card","Card"],"build_version":"2020-12-22","purchased_purges":1,"victory":false,"max_hp_per_floor":[80,80,80,80,80,80,80,80,80,80,80,80,80,80,80,80,80,85,85,85,85,85,85,85,85,85,85,85,85,85,85,85,85,85,85,85,81,81,81,81,81,81,81,81,81],"relic_stats":{"Centennial Puzzle":[30],"counters":[24,86],"Ornamental Fan":[176],"Self Forming Clay":[15],"Gambling Chip":[43],"StoneCalendar":[97],"Ectoplasm":499,"Ginger":[3],"obtain_stats":[{"NeowsBlessing":0,"Self Forming Clay":42,"StoneCalendar":10,"Ginger":39,"Bottled Tornado":31,"Frozen Egg 2":40,"Empty Cage":34,"Burning Blood":0,"Centennial Puzzle":24,"Ornamental Fan":9,"Gambling Chip":8,"Molten Egg 2":26,"Ectoplasm":17,"Red Mask":19,"StrikeDummy":27},{"NeowsBlessing":0,"Self Forming Clay":23,"StoneCalendar":4,"Ginger":21,"Bottled Tornado":17,"Frozen Egg 2":22,"Empty Cage":18,"Burning Blood":0,"Centennial Puzzle":12,"Ornamental Fan":3,"Gambling Chip":3,"Molten Egg 2":12,"Ectoplasm":8,"Red Mask":10,"StrikeDummy":13},{"NeowsBlessing":0,"Self Forming Clay":82,"StoneCalendar":10,"Ginger":69,"Bottled Tornado":49,"Frozen Egg 2":74,"Empty Cage":56,"Burning Blood":0,"Centennial Puzzle":36,"Ornamental Fan":3,"Gambling Chip":3,"Molten Egg 2":36,"Ectoplasm":24,"Red Mask":30,"StrikeDummy":39}],"Burning Blood":114},"card_choices":[{"not_picked":["Armaments","Sword Boomerang"],"picked":"Perfected Strike","floor":1.0},{"not_picked":["Flex","Combust"],"picked":"Clash","floor":5.0},{"not_picked":["Sword Boomerang","Entrench"],"picked":"Flame Barrier","floor":8.0},{"not_picked":["Sword Boomerang","Rampage"],"picked":"Sever Soul","floor":10.0},{"not_picked":["Dark Embrace","Infernal Blade"],"picked":"Clash","floor":12.0},{"not_picked":["Havoc","Entrench"],"picked":"Twin Strike","floor":13.0},{"not_picked":["Spot Weakness","Limit Break"],"picked":"Shrug It Off","floor":14.0},{"not_picked":["Berserk","Immolate"],"picked":"Reaper","floor":16.0},{"not_picked":["Havoc+1","Twin Strike+1"],"picked":"Spot Weakness","floor":18.0},{"not_picked":["Headbutt","Flame Barrier+1"],"picked":"Clash","floor":19.0},{"not_picked":["Wild Strike+1","Fire Breathing","Twin Strike+1"],"picked":"SKIP","floor":22.0},{"not_picked":["Wild Strike","Cleave"],"picked":"Clash","floor":24.0},{"not_picked":["Pummel+1","True Grit"],"picked":"Perfected Strike+1","floor":27.0},{"not_picked":["Clothesline+1","Immolate+1"],"picked":"Carnage+1","floor":28.0},{"not_picked":["Burning Pact","Heavy Blade+1"],"picked":"Thunderclap+1","floor":29.0},{"not_picked":["Headbutt+1","Feel No Pain+1","Thunderclap+1"],"picked":"SKIP","floor":30.0},{"not_picked":["Fire Breathing","Ghostly Armor"],"picked":"Clash+1","floor":31.0},{"not_picked":["Barricade","Limit Break"],"picked":"Exhume","floor":33.0},{"not_picked":["Searing Blow+1","Anger+1","Clothesline+1"],"picked":"SKIP","floor":35.0},{"not_picked":["Panacea","The Bomb"],"picked":"PanicButton","floor":36.0},{"not_picked":["Sword Boomerang+1","Heavy Blade+1","Flex"],"picked":"SKIP","floor":38},{"not_picked":["Anger+1","Sword Boomerang+1","Pommel Strike+1"],"picked":"SKIP","floor":40},{"not_picked":["Clothesline+1","Anger+1"],"picked":"Double Tap","floor":42}],"player_experience":1146023,"relics_obtained":[{"floor":8.0,"key":"Gambling Chip"},{"floor":9.0,"key":"Ornamental Fan"},{"floor":10.0,"key":"StoneCalendar"},{"floor":19.0,"key":"Red Mask"},{"floor":24.0,"key":"Centennial Puzzle"},{"floor":26.0,"key":"Molten Egg 2"},{"floor":27.0,"key":"StrikeDummy"},{"floor":31.0,"key":"Bottled Tornado"},{"floor":39,"key":"Ginger"},{"floor":40,"key":"Frozen Egg 2"},{"floor":42,"key":"Self Forming Clay"}],"event_choices":[{"cards_removed":["Strike_R"],"damage_healed":0.0,"max_hp_gain":0.0,"max_hp_loss":0.0,"gold_gain":0.0,"event_name":"Golden Wing","player_choice":"Card Removal","floor":3.0,"gold_loss":0.0,"damage_taken":7.0},{"damage_healed":0.0,"max_hp_gain":0.0,"max_hp_loss":0.0,"gold_gain":0.0,"event_name":"Shining Light","player_choice":"Entered Light","floor":7.0,"gold_loss":0.0,"damage_taken":16.0,"cards_upgraded":["Strike_R","Anger"]},{"damage_healed":0.0,"max_hp_gain":0.0,"max_hp_loss":0.0,"gold_gain":0.0,"event_name":"Liars Game","player_choice":"Ignored","floor":11.0,"gold_loss":0.0,"damage_taken":0.0},{"damage_healed":0.0,"max_hp_gain":0.0,"max_hp_loss":0.0,"gold_gain":0.0,"event_name":"Masked Bandits","player_choice":"Fought Bandits","floor":19.0,"gold_loss":0.0,"damage_taken":0.0},{"damage_healed":0.0,"max_hp_gain":0.0,"max_hp_loss":0.0,"gold_gain":0.0,"event_name":"Ghosts","player_choice":"Ignored","floor":20.0,"gold_loss":0.0,"damage_taken":0.0},{"damage_healed":0.0,"max_hp_gain":0.0,"max_hp_loss":0.0,"gold_gain":0.0,"event_name":"SensoryStone","player_choice":"Memory 1","floor":36.0,"gold_loss":0.0,"damage_taken":0.0},{"damage_healed":0.0,"max_hp_gain":0.0,"max_hp_loss":4.0,"gold_gain":0.0,"event_name":"Winding Halls","player_choice":"Max HP","floor":37.0,"gold_loss":0.0,"damage_taken":0.0},{"damage_healed":0,"gold_gain":0,"player_choice":"Fight","damage_taken":0,"max_hp_gain":0,"max_hp_loss":0,"event_name":"MindBloom","floor":39,"gold_loss":0}],"is_beta":false,"boss_relics":[{"not_picked":["Tiny House","Snecko Eye"],"picked":"Ectoplasm"},{"not_picked":["Mark of Pain","Fusion Hammer"],"picked":"Empty Cage"}],"items_purged_floors":[21],"is_endless":false,"potions_floor_spawned":[8,13,14,16,18,22,24,33,38,39,40],"killed_by":"Nemesis","ascension_level":4}}