{"host":"0v07cr0k93jhgkpm","time":1611206340,"event":{"mods":["BaseMod","Colored Map","DeckTracker","Minty Spire (QoL Compilation)","Quick Restart","SuperFastMode"],"gold_per_floor":[115,115,135,135,153,186,186,196,196,224,244,244,33,52,52,129,129,139,189,200,200,200,200,200],"floor_reached":23,"language":"KOR","playtime":740,"items_purged":[],"score":502,"play_id":"c31126d2-5a4d-4c37-a625-c4bb427ffd9f","local_time":"20210121141900","is_ascension_mode":true,"campfire_choices":[{"floor":7.0,"key":"REST"},{"floor":15.0,"key":"REST"}],"circlet_count":0,"master_deck":["AscendersBane","Strike_P","Strike_P","Strike_P","Strike_P","Defend_P","Defend_P","Eruption+1","Vigilance","BowlingBash","EmptyFist","FollowUp","Halt","Perseverance+1","Protect","Tantrum","EmptyMind","DeusExMachina","ClearTheMind","EmptyBody"],"relics":["PureWater","Bag of Marbles","Unceasing Top","Lantern","VioletLotus"],"acts_visited":["Exordium","TheCity"],"potions_floor_usage":[],"damage_taken":[{"damage":5.0,"enemies":"2 Louse","floor":1.0,"turns":2.0},{"damage":2.0,"enemies":"Cultist","floor":3.0,"turns":3.0},{"damage":4.0,"enemies":"Small Slimes","floor":5.0,"turns":2.0},{"damage":9.0,"enemies":"Gremlin Nob","floor":6.0,"turns":3.0},{"damage":6.0,"enemies":"Looter","floor":8.0,"turns":3.0},{"damage":16.0,"enemies":"Lagavulin","floor":10.0,"turns":7.0},{"damage":14.0,"enemies":"Exordium Thugs","floor":11.0,"turns":6.0},{"damage":0.0,"enemies":"2 Fungi Beasts","floor":14.0,"turns":2.0},{"damage":0.0,"enemies":"Slime Boss","floor":16.0,"turns":5.0},{"damage":33.0,"enemies":"Shell Parasite","floor":18.0,"turns":4.0},{"damage":33.0,"enemies":"Chosen","floor":20.0,"turns":4.0},{"damage":26,"enemies":"Book of Stabbing","floor":23,"turns":3}],"seed_played":"2976556001809683638","potions_obtained":[{"floor":3.0,"key":"BottledMiracle"},{"floor":10.0,"key":"BottledMiracle"},{"floor":11.0,"key":"DistilledChaos"},{"floor":16.0,"key":"EntropicBrew"},{"floor":20,"key":"SteroidPotion"}],"is_trial":false,"path_per_floor":["M","?","M","?","M","E","R","M","T","E","M","?","$","M","R","B",null,"M","?","M","?","?","E"],"character_chosen":"WATCHER","items_purchased":["EmptyMind","Lantern"],"campfire_rested":2,"item_purchase_floors":[13,13],"current_hp_per_floor":[56,56,54,47,43,34,54,48,48,32,18,18,18,18,38,38,61,28,28,20,20,20,0,0],"gold":200,"neow_bonus":"UPGRADE_CARD","is_daily":false,"chose_seed":false,"campfire_upgraded":0,"win_rate":0.0,"timestamp":1611206340,"path_taken":["M","?","?","?","M","E","R","M","T","E","M","?","$","?","R","BOSS","M","?","M","?","?","E"],"items_purchased_type":["Card","Relic"],"build_version":"2020-12-22","purchased_purges":0,"victory":false,"max_hp_per_floor":[68,68,68,68,68,68,68,68,68,68,68,68,68,68,68,68,68,68,68,68,68,68,68,68],"card_choices":[{"not_picked":["Evaluate","CrushJoints"],"picked":"BowlingBash","floor":1.0},{"not_picked":["JustLucky","EmptyBody"],"picked":"EmptyFist","floor":3.0},{"not_picked":["DeceiveReality","CutThroughFate"],"picked":"FollowUp","floor":5.0},{"not_picked":["FollowUp","FlyingSleeves"],"picked":"Halt","floor":6.0},{"not_picked":["CrushJoints","Study"],"picked":"Perseverance","floor":8.0},{"not_picked":["Swivel","Prostrate"],"picked":"Protect","floor":10.0},{"not_picked":["Alpha","ClearTheMind"],"picked":"Tantrum","floor":11.0},{"not_picked":["Vengeance","ForeignInfluence","Evaluate"],"picked":"SKIP","floor":14.0},{"not_picked":["LessonLearned","DevaForm"],"picked":"DeusExMachina","floor":16.0},{"not_picked":["ThirdEye","PathToVictory"],"picked":"ClearTheMind","floor":18.0},{"not_picked":["ClearTheMind+1","ThirdEye"],"picked":"EmptyBody","floor":20}],"player_experience":2505251,"relics_obtained":[{"floor":6.0,"key":"Bag of Marbles"},{"floor":10.0,"key":"Unceasing Top"}],"event_choices":[{"cards_removed":["Defend_P"],"damage_healed":0.0,"max_hp_gain":0.0,"max_hp_loss":0.0,"gold_gain":0.0,"event_name":"Bonfire Elementals","player_choice":"Offered Basic","floor":2.0,"gold_loss":0.0,"damage_taken":0.0},{"cards_removed":["Defend_P"],"damage_healed":0.0,"max_hp_gain":0.0,"max_hp_loss":0.0,"gold_gain":0.0,"event_name":"Golden Wing","player_choice":"Card Removal","floor":4.0,"gold_loss":0.0,"damage_taken":7.0},{"damage_healed":0.0,"max_hp_gain":0.0,"max_hp_loss":0.0,"gold_gain":0.0,"event_name":"Accursed Blacksmith","player_choice":"Forge","floor":12.0,"gold_loss":0.0,"damage_taken":0.0,"cards_upgraded":["Perseverance"]},{"damage_healed":0.0,"max_hp_gain":0.0,"max_hp_loss":0.0,"gold_gain":50.0,"event_name":"Nest","player_choice":"Stole From Cult","floor":19.0,"gold_loss":0.0,"damage_taken":0.0},{"damage_healed":0,"gold_gain":0,"player_choice":"Ignored","damage_taken":0,"max_hp_gain":0,"max_hp_loss":0,"event_name":"Vampires","floor":21,"gold_loss":0},{"damage_healed":0,"gold_gain":0,"player_choice":"Ignored","damage_taken":0,"max_hp_gain":0,"max_hp_loss":0,"event_name":"Cursed Tome","floor":22,"gold_loss":0}],"is_beta":false,"boss_relics":[{"not_picked":["Runic Pyramid","Pandora\u0027s Box"],"picked":"VioletLotus"}],"items_purged_floors":[],"is_endless":false,"potions_floor_spawned":[3,10,11,16,20],"killed_by":"Book of Stabbing","ascension_level":20}}