{"host":"wghdsg8ym2wc7ov9","time":1611256783,"event":{"mods":["AchievementEnabler","Astrologer","BaseMod","Beaked The Cultist","Better Altar","Better Note","ChefMod","Colored Map","Evolution","Fox Events","Hermit","Highlight Path","Jorbs\u0027s Wanderer Trilogy","KinomotoSakuraMod(????)","Minty Spire (QoL Compilation)","Random Character Button","Relic Stats","SIMod","Shop Mod","StSLib","The Blackbeard","The Bladedancer","The Construct","The Cursed","The Death Knight","The Gatherer","The Hierophant","The Marked","The Mystic","The Necromancer","The Runesmith","The Senshi","The Servant 0.9.4"],"gold_per_floor":[114,130,141,141,153,153,184,196,196,196,196,196],"floor_reached":10,"language":"ENG","playtime":3444,"items_purged":[],"score":74,"play_id":"cc8e3189-8087-4bb0-9102-464b6e339adf","local_time":"20210121111943","is_ascension_mode":true,"metric_token":2129,"campfire_choices":[{"data":"Gatherer:HeartToFruit","floor":6,"key":"SMITH"}],"circlet_count":0,"master_deck":["Gatherer:Strike_Gatherer","Gatherer:Strike_Gatherer","Gatherer:Strike_Gatherer","Gatherer:Strike_Gatherer","Gatherer:Strike_Gatherer","Gatherer:Defend_Gatherer","Gatherer:Defend_Gatherer","Gatherer:Defend_Gatherer","Gatherer:Defend_Gatherer","Gatherer:Defend_Gatherer","Gatherer:Centralize","Gatherer:FlowerWhip","Discovery","Gatherer:ScherryThrow","Gatherer:EnergyBasket","Gatherer:ScentOfRosmari","Gatherer:HeartToFruit+1","Gatherer:Herbalism","Gatherer:CollectorsShot"],"relics":["Gatherer:AlchemyBag","EVO:Axolotl","construct:BoolHorns","Bottled Lightning"],"acts_visited":["Exordium"],"potions_floor_usage":[],"damage_taken":[{"damage":0,"enemies":"2 Louse","floor":1,"turns":2},{"damage":3,"enemies":"Small Slimes","floor":2,"turns":3},{"damage":0,"enemies":"Cultist","floor":3,"turns":3},{"damage":0,"enemies":"2 Fungi Beasts","floor":5,"turns":4},{"damage":25,"enemies":"3 Sentries","floor":7,"turns":10},{"damage":8,"enemies":"Large Slime","floor":8,"turns":6},{"damage":48,"enemies":"Lagavulin","floor":10,"turns":10}],"seed_played":"-1330033280373231826","potions_obtained":[{"floor":2,"key":"Fire Potion"},{"floor":7,"key":"Strength Potion"}],"is_trial":false,"path_per_floor":["M","M","M","?","M","R","E","M","T","E"],"character_chosen":"THE_GATHERER","items_purchased":[],"campfire_rested":0,"item_purchase_floors":[],"current_hp_per_floor":[72,69,69,69,69,69,48,44,44,0,0,0],"gold":196,"neow_bonus":"RANDOM_COLORLESS","is_daily":false,"chose_seed":false,"campfire_upgraded":1,"win_rate":0.0,"timestamp":1611256783,"path_taken":["M","M","M","?","M","R","E","M","T","E"],"items_purchased_type":[],"build_version":"2020-12-22","purchased_purges":0,"victory":false,"max_hp_per_floor":[72,72,72,72,72,72,76,80,80,80,80,80],"relic_stats":{"counters":[7,38],"obtain_stats":[{"construct:BoolHorns":7,"EVO:Axolotl":0,"Bottled Lightning":9,"Gatherer:AlchemyBag":0},{"construct:BoolHorns":5,"EVO:Axolotl":0,"Bottled Lightning":6,"Gatherer:AlchemyBag":0},{"construct:BoolHorns":22,"EVO:Axolotl":0,"Bottled Lightning":28,"Gatherer:AlchemyBag":0}]},"card_choices":[{"not_picked":["Blind","Jack Of All Trades"],"picked":"Discovery","floor":0},{"not_picked":["Gatherer:GatherMaterial","Gatherer:QuickSynthesis"],"picked":"Gatherer:ScherryThrow","floor":1},{"not_picked":["Gatherer:AcidicSpray","Gatherer:FlowerFalling"],"picked":"Gatherer:EnergyBasket","floor":2},{"not_picked":["Gatherer:EnergyBasket","Gatherer:SaveValuables"],"picked":"Gatherer:ScentOfRosmari","floor":3},{"not_picked":["Gatherer:WitheringStrike","Gatherer:SaveValuables"],"picked":"Gatherer:HeartToFruit","floor":5},{"not_picked":["Gatherer:TreeGrowth","Gatherer:Frenzy"],"picked":"Gatherer:Herbalism","floor":7},{"not_picked":["Gatherer:BambuSword","Gatherer:RecipeChange"],"picked":"Gatherer:CollectorsShot","floor":8}],"player_experience":697488,"relics_obtained":[{"floor":7,"key":"construct:BoolHorns"},{"floor":9,"key":"Bottled Lightning"}],"event_choices":[{"damage_healed":0,"gold_gain":0,"player_choice":"Leave","damage_taken":0,"max_hp_gain":0,"max_hp_loss":0,"event_name":"The Cleric","floor":4,"gold_loss":0}],"is_beta":false,"boss_relics":[],"items_purged_floors":[],"is_endless":false,"potions_floor_spawned":[2,7],"killed_by":"Lagavulin","ascension_level":1}}