{"host":"8i4doyxqctgl5qb0","time":1611240230,"event":{"mods":["AchievementEnabler","BaseMod","Block Reminder","Colored Powertips","Downfall","Minty Spire (QoL Compilation)","Permanent Neow","Potion Indicator Mod","Rare Cards Sparkle","StSLib","SuperFastMode","The Jungle"],"gold_per_floor":[199,261,261,276,292,292,292,311,326,343,243,37,37,37,57,152,152,152,152,169,182,182,182,256,274,174,192,192,211,211,221,221,221,221],"floor_reached":32,"language":"ZHS","playtime":1129,"items_purged":[],"score":259,"play_id":"cf337322-99c8-4ee4-9484-4f6b6ebc3b1a","local_time":"20210121224350","is_ascension_mode":false,"campfire_choices":[{"floor":11.0,"key":"REST"},{"data":"sneckomod:Cheat","floor":13.0,"key":"SMITH"},{"floor":18.0,"key":"RECALL"},{"data":"sneckomod:UnknownRareAttack","floor":26.0,"key":"SMITH"},{"data":"sneckomod:SerpentMind","floor":28,"key":"SMITH"},{"floor":30,"key":"REST"}],"circlet_count":0,"master_deck":["sneckomod:Defend","sneckomod:Defend","sneckomod:Defend+1","sneckomod:TailWhip","sneckomod:SnekBite","sneckomod:Unknown","Bullet Time+1","sneckomod:Unknown1Cost","sneckomod:DiceBoulder","sneckomod:QuickBite","sneckomod:QuickMove","sneckomod:UnknownWeak","sneckomod:UnknownDraw","sneckomod:Cheat+1","sneckomod:Unknown0Cost","sneckomod:CheapStock","sneckomod:SerpentMind+1","sneckomod:SoulRoll+1","sneckomod:UnknownBlock+1","sneckomod:DiceBlock+1","sneckomod:UnknownRareAttack+1","Bite","Bite","Bite","Bite","Bite","sneckomod:DiceBlock"],"relics":["sneckomod:SneckoSoul","InkBottle","War Paint","downfall:HeartBlessingBlue","MealTicket","expansioncontent:StudyCardRelic","Singing Bowl","downfall:HeartBlessingRed"],"acts_visited":["Exordium","TheCity"],"potions_floor_usage":[],"damage_taken":[{"damage":16.0,"enemies":"Gremlin Nob","floor":2.0,"turns":3.0},{"damage":6.0,"enemies":"Jaw Worm","floor":4.0,"turns":2.0},{"damage":7.0,"enemies":"2 Louse","floor":5.0,"turns":2.0},{"damage":6.0,"enemies":"Small Slimes","floor":8.0,"turns":3.0},{"damage":0.0,"enemies":"2 Fungi Beasts","floor":9.0,"turns":2.0},{"damage":3.0,"enemies":"Exordium Thugs","floor":10.0,"turns":4.0},{"damage":0.0,"enemies":"downfall:FleeingMerchant","floor":12.0,"turns":4.0},{"damage":9.0,"enemies":"Lots of Slimes","floor":15.0,"turns":5.0},{"damage":53.0,"enemies":"DF_ARCHETYPE_STREAMLINE","floor":16.0,"turns":9.0},{"damage":0.0,"enemies":"Chosen","floor":19.0,"turns":1.0},{"damage":3.0,"enemies":"Snecko","floor":20.0,"turns":4.0},{"damage":22.0,"enemies":"Snake Plant","floor":21.0,"turns":4.0},{"damage":35.0,"enemies":"Centurion and Healer","floor":25.0,"turns":7.0},{"damage":16.0,"enemies":"Chosen and Byrds","floor":27.0,"turns":5.0},{"damage":8,"enemies":"Snecko","floor":29,"turns":5},{"damage":35,"enemies":"Centurion and Healer","floor":31,"turns":6},{"damage":0,"enemies":"Snake Plant","floor":32,"turns":1}],"seed_played":"6517120545102455056","potions_obtained":[{"floor":2.0,"key":"PowerPotion"},{"floor":5.0,"key":"Fire Potion"},{"floor":10.0,"key":"Ancient Potion"},{"floor":15.0,"key":"Guardian:BlockOnCardUsePotion"},{"floor":20.0,"key":"EssenceOfSteel"}],"is_trial":false,"path_per_floor":["R","?","?","M","M","?","T","M","M","M","R","$","R","?","M","B",null,"R","M","M","M","?","?","T","M","R","M","R","M","R","M","M"],"character_chosen":"THE_SNECKO","items_purchased":["MealTicket","sneckomod:Unknown0Cost"],"campfire_rested":2,"item_purchase_floors":[12,12],"current_hp_per_floor":[90,74,62,56,49,49,49,43,43,40,80,80,80,80,71,18,100,100,100,97,75,75,69,69,54,54,44,44,46,67,44,44,44,44],"gold":221,"neow_bonus":"HUNDRED_GOLD","is_daily":false,"chose_seed":false,"campfire_upgraded":3,"win_rate":0.0,"timestamp":1611240230,"path_taken":["R","?","?","M","M","?","T","M","M","M","R","$","R","?","M","BOSS","R","M","M","M","?","?","T","M","R","M","R","M","R","M","M"],"items_purchased_type":["Relic","Card"],"build_version":"2020-12-22","purchased_purges":0,"victory":false,"max_hp_per_floor":[90,90,90,90,90,90,90,90,90,90,100,100,100,100,100,100,100,100,100,100,100,100,69,69,71,71,71,71,73,73,75,75,75,75],"card_choices":[{"not_picked":["sneckomod:UnknownCommonSkill","sneckomod:SoulDraw"],"picked":"sneckomod:Unknown1Cost","floor":2.0},{"not_picked":["sneckomod:SoulDraw","sneckomod:SoulRoll"],"picked":"sneckomod:DiceBoulder","floor":4.0},{"not_picked":["sneckomod:SoulRoll","sneckomod:DiceCrush"],"picked":"sneckomod:QuickBite","floor":5.0},{"not_picked":["sneckomod:SoulDraw","sneckomod:UnknownCommonSkill"],"picked":"sneckomod:QuickMove","floor":8.0},{"not_picked":["sneckomod:UnknownClassTHE_BRONZE_AUTOMATON","sneckomod:QuickBite"],"picked":"sneckomod:UnknownWeak","floor":9.0},{"not_picked":["sneckomod:QuickMove","sneckomod:SoulRoll"],"picked":"sneckomod:UnknownDraw","floor":10.0},{"not_picked":["sneckomod:Nope","sneckomod:UnknownStrength"],"picked":"sneckomod:Cheat","floor":12.0},{"not_picked":["sneckomod:UnknownDraw","sneckomod:SoulDraw"],"picked":"sneckomod:CheapStock","floor":15.0},{"not_picked":["sneckomod:GlitteringGambit","sneckomod:UnknownRareSkill"],"picked":"sneckomod:SerpentMind","floor":16.0},{"not_picked":["sneckomod:DiceBoulder","sneckomod:UnknownExhaust"],"picked":"sneckomod:SoulRoll+1","floor":19.0},{"not_picked":["sneckomod:RainOfDice","sneckomod:QuickMove+1"],"picked":"sneckomod:UnknownBlock+1","floor":20.0},{"not_picked":["sneckomod:SoulRoll+1","sneckomod:UnknownCommonAttack"],"picked":"sneckomod:DiceBlock+1","floor":21.0},{"not_picked":["sneckomod:UnknownExhaust","sneckomod:DiceCrush","sneckomod:Unknown1Cost+1"],"picked":"Singing Bowl","floor":25.0},{"not_picked":["sneckomod:QuickMove","sneckomod:UnknownExhaust"],"picked":"sneckomod:DiceBlock","floor":27.0},{"not_picked":["sneckomod:Unknown2Cost","sneckomod:UnknownUncommonAttack","sneckomod:UnknownBlock"],"picked":"Singing Bowl","floor":29},{"not_picked":["sneckomod:UnknownBlock","sneckomod:WideSting","sneckomod:IronFang"],"picked":"Singing Bowl","floor":31}],"player_experience":234557,"relics_obtained":[{"floor":2.0,"key":"InkBottle"},{"floor":24.0,"key":"Singing Bowl"}],"event_choices":[{"damage_healed":0.0,"max_hp_gain":0.0,"max_hp_loss":0.0,"gold_gain":0.0,"event_name":"Scrap Ooze","player_choice":"Success","floor":3.0,"gold_loss":0.0,"damage_taken":12.0,"relics_obtained":["War Paint"]},{"damage_healed":0.0,"max_hp_gain":0.0,"max_hp_loss":0.0,"gold_gain":0.0,"event_name":"The Library","player_choice":"Read","floor":22.0,"gold_loss":0.0,"damage_taken":0.0,"cards_obtained":["sneckomod:UnknownRareAttack"]},{"damage_healed":0.0,"max_hp_gain":0.0,"max_hp_loss":31.0,"gold_gain":0.0,"event_name":"Vampires","player_choice":"Became a vampire","floor":23.0,"gold_loss":0.0,"damage_taken":0.0,"cards_obtained":["Bite","Bite","Bite","Bite","Bite"]}],"is_beta":false,"boss_relics":[{"not_picked":["Fusion Hammer","Runic Pyramid"],"picked":"expansioncontent:StudyCardRelic"}],"items_purged_floors":[],"is_endless":false,"potions_floor_spawned":[2,5,10,15,20,27,31],"killed_by":"Snake Plant","ascension_level":0}}