{"host":"981nlwu0905dw1bz","time":1611257996,"event":{"mods":["AchievementEnabler","BaseMod","DeckTracker","Minty Spire (QoL Compilation)","Rare Cards Sparkle","SuperFastMode"],"gold_per_floor":[112,112,31,43,62,97,97,122,122,122,157,157,176,186,186,285,285,302,302,302,227,227,227,245,265,290,95,106,117,117,127,127,225,225,245,245,245,245,295,295,307,22,45,45,57,71,87,104,104,104],"floor_reached":51,"language":"KOR","playtime":2902,"items_purged":["Strike_G"],"score":1023,"play_id":"ed01f902-a493-46a8-9611-4a5cc7c3bcb3","local_time":"20210122043956","is_ascension_mode":true,"campfire_choices":[{"data":"Crippling Poison","floor":7.0,"key":"SMITH"},{"floor":10.0,"key":"REST"},{"data":"Noxious Fumes","floor":15.0,"key":"SMITH"},{"data":"Dash","floor":23.0,"key":"SMITH"},{"data":"Venomology","floor":30.0,"key":"SMITH"},{"data":"Noxious Fumes","floor":32.0,"key":"SMITH"},{"floor":40,"key":"REST"},{"floor":49,"key":"REST"}],"circlet_count":0,"master_deck":["AscendersBane","Strike_G","Defend_G","Defend_G","Defend_G","Defend_G","Survivor","Neutralize","Escape Plan","Discovery","Noxious Fumes+1","Dash+1","Poisoned Stab","Crippling Poison+1","Venomology+1","Acrobatics","Die Die Die","Noxious Fumes+1","Deadly Poison+1","Madness","Madness","Footwork"],"relics":["Ring of the Snake","Art of War","Meat on the Bone","Pocketwatch","FossilizedHelix","Lantern","Empty Cage","Letter Opener","Snake Skull","Fusion Hammer","InkBottle","CaptainsWheel","HornCleat","Vajra"],"acts_visited":["Exordium","TheCity","TheBeyond"],"potions_floor_usage":[39,39,41,45,46,47,50,50,50],"damage_taken":[{"damage":5.0,"enemies":"Small Slimes","floor":1.0,"turns":4.0},{"damage":0.0,"enemies":"Cultist","floor":4.0,"turns":3.0},{"damage":0.0,"enemies":"2 Louse","floor":5.0,"turns":2.0},{"damage":12.0,"enemies":"Lagavulin","floor":6.0,"turns":6.0},{"damage":9.0,"enemies":"3 Sentries","floor":8.0,"turns":7.0},{"damage":0.0,"enemies":"Lagavulin","floor":11.0,"turns":6.0},{"damage":4.0,"enemies":"Gremlin Gang","floor":13.0,"turns":4.0},{"damage":0.0,"enemies":"Looter","floor":14.0,"turns":3.0},{"damage":19.0,"enemies":"The Guardian","floor":16.0,"turns":8.0},{"damage":0.0,"enemies":"Chosen","floor":18.0,"turns":5.0},{"damage":3.0,"enemies":"2 Thieves","floor":24.0,"turns":3.0},{"damage":0.0,"enemies":"Snake Plant","floor":25.0,"turns":3.0},{"damage":13.0,"enemies":"Sentry and Sphere","floor":28.0,"turns":6.0},{"damage":6.0,"enemies":"Chosen and Byrds","floor":29.0,"turns":5.0},{"damage":6.0,"enemies":"3 Cultists","floor":31.0,"turns":5.0},{"damage":39.0,"enemies":"Automaton","floor":33.0,"turns":8.0},{"damage":0.0,"enemies":"3 Shapes","floor":35.0,"turns":4.0},{"damage":0,"enemies":"Mind Bloom Boss Battle","floor":39,"turns":5},{"damage":0,"enemies":"3 Darklings","floor":41,"turns":3},{"damage":6,"enemies":"Writhing Mass","floor":45,"turns":6},{"damage":11,"enemies":"Jaw Worm Horde","floor":46,"turns":4},{"damage":0,"enemies":"4 Shapes","floor":47,"turns":4},{"damage":0,"enemies":"Sphere and 2 Shapes","floor":48,"turns":3},{"damage":66,"enemies":"Donu and Deca","floor":50,"turns":10}],"seed_played":"-5347134041288500354","potions_obtained":[{"floor":1.0,"key":"Swift Potion"},{"floor":4.0,"key":"Block Potion"},{"floor":11.0,"key":"DuplicationPotion"},{"floor":16.0,"key":"FearPotion"},{"floor":18.0,"key":"LiquidMemories"},{"floor":28.0,"key":"Regen Potion"},{"floor":33.0,"key":"CultistPotion"},{"floor":35.0,"key":"Block Potion"},{"floor":39,"key":"DistilledChaos"},{"floor":47,"key":"Regen Potion"},{"floor":48,"key":"PowerPotion"}],"is_trial":false,"path_per_floor":["M","?","$","M","M","E","R","E","T","R","E","?","M","M","R","B",null,"M","?","?","?","$","R","M","M","T","$","M","M","R","M","R","B",null,"M","$","T","?","?","R","M","$","T","?","M","M","M","M","R","B",null],"character_chosen":"THE_SILENT","items_purchased":["Dash","Noxious Fumes","AttackPotion","HornCleat","Footwork"],"campfire_rested":3,"item_purchase_floors":[3,27,27,42,42],"current_hp_per_floor":[58,58,58,58,58,46,46,37,37,58,58,58,54,54,54,47,64,64,64,64,64,64,64,61,61,61,61,48,57,57,51,51,24,59,59,59,59,50,50,70,70,70,70,70,64,53,53,53,70,31],"gold":104,"neow_bonus":"RANDOM_COMMON_RELIC","is_daily":false,"chose_seed":false,"campfire_upgraded":5,"win_rate":0.0,"timestamp":1611257996,"path_taken":["M","?","?","M","M","E","R","E","T","R","E","?","?","M","R","BOSS","M","?","?","?","?","R","M","M","T","$","M","M","R","M","R","BOSS","M","$","?","?","?","R","M","?","T","?","M","M","M","M","R","BOSS"],"items_purchased_type":["Card","Card","Potion","Relic","Card"],"build_version":"2020-12-22","purchased_purges":1,"victory":true,"max_hp_per_floor":[70,70,70,70,70,70,70,70,70,70,70,70,70,70,70,70,70,70,70,70,70,70,70,70,70,70,70,70,70,70,70,70,70,70,70,70,70,70,70,70,70,70,70,70,70,70,70,70,70,70],"card_choices":[{"not_picked":["Dodge and Roll","Well Laid Plans"],"picked":"Escape Plan","floor":1.0},{"not_picked":["Catalyst","Reflex"],"picked":"Poisoned Stab","floor":4.0},{"not_picked":["Bane","Poisoned Stab","Blade Dance"],"picked":"SKIP","floor":5.0},{"not_picked":["Dagger Throw","Sucker Punch"],"picked":"Crippling Poison","floor":6.0},{"not_picked":["PiercingWail","Sucker Punch"],"picked":"Venomology","floor":8.0},{"not_picked":["Reflex","Prepared"],"picked":"Acrobatics","floor":11.0},{"not_picked":["Dagger Spray","Grand Finale","Prepared"],"picked":"SKIP","floor":13.0},{"not_picked":["Underhanded Strike","Flying Knee","Poisoned Stab"],"picked":"SKIP","floor":14.0},{"not_picked":["All Out Attack","Outmaneuver","Distraction"],"picked":"SKIP","floor":18.0},{"not_picked":["Backflip","PiercingWail","Slice"],"picked":"SKIP","floor":24.0},{"not_picked":["Prepared","Dagger Throw","Blur"],"picked":"SKIP","floor":25.0},{"not_picked":["Bane","Outmaneuver"],"picked":"Deadly Poison+1","floor":28.0},{"not_picked":["Heel Hook","Dagger Spray","Setup+1"],"picked":"SKIP","floor":29.0},{"not_picked":["Doppelganger","Cloak And Dagger","Expertise"],"picked":"SKIP","floor":31.0},{"not_picked":["Flying Knee+1","Finisher","Cloak And Dagger"],"picked":"SKIP","floor":35.0},{"not_picked":["Tactician","Bane+1","Escape Plan+1"],"picked":"SKIP","floor":41},{"not_picked":["Backstab","Choke","Blade Dance+1"],"picked":"SKIP","floor":45},{"not_picked":["Flying Knee","Deflect","Dash+1"],"picked":"SKIP","floor":46},{"not_picked":["Dagger Spray+1","Blade Dance","Prepared+1"],"picked":"SKIP","floor":47},{"not_picked":["Outmaneuver+1","Backflip","Underhanded Strike+1"],"picked":"SKIP","floor":48}],"player_experience":552463,"relics_obtained":[{"floor":6.0,"key":"Meat on the Bone"},{"floor":8.0,"key":"Pocketwatch"},{"floor":9.0,"key":"FossilizedHelix"},{"floor":11.0,"key":"Lantern"},{"floor":26.0,"key":"Snake Skull"},{"floor":37.0,"key":"InkBottle"},{"floor":39,"key":"CaptainsWheel"},{"floor":43,"key":"Vajra"}],"event_choices":[{"damage_healed":0.0,"max_hp_gain":0.0,"max_hp_loss":0.0,"gold_gain":0.0,"event_name":"Match and Keep!","player_choice":"2 cards matched","floor":2.0,"gold_loss":0.0,"damage_taken":0.0,"cards_obtained":["Discovery","Noxious Fumes"]},{"damage_healed":0.0,"max_hp_gain":0.0,"max_hp_loss":0.0,"gold_gain":0.0,"cards_transformed":["Strike_G"],"event_name":"Transmorgrifier","player_choice":"Transformed","floor":12.0,"gold_loss":0.0,"damage_taken":0.0,"cards_obtained":["Die Die Die"]},{"damage_healed":0.0,"max_hp_gain":0.0,"max_hp_loss":0.0,"gold_gain":0.0,"event_name":"The Mausoleum","player_choice":"Opened","floor":19.0,"gold_loss":0.0,"damage_taken":0.0,"relics_obtained":["Letter Opener"],"cards_obtained":["Writhe"]},{"damage_healed":0.0,"max_hp_gain":0.0,"max_hp_loss":0.0,"gold_gain":0.0,"event_name":"Vampires","player_choice":"Ignored","floor":20.0,"gold_loss":0.0,"damage_taken":0.0},{"cards_removed":["Writhe"],"damage_healed":0.0,"max_hp_gain":0.0,"max_hp_loss":0.0,"gold_gain":0.0,"event_name":"Beggar","player_choice":"Gave Gold","floor":21.0,"gold_loss":75.0,"damage_taken":0.0},{"damage_healed":0,"gold_gain":0,"player_choice":"Embrace Madness","damage_taken":9,"max_hp_gain":0,"max_hp_loss":0,"event_name":"Winding Halls","floor":38,"gold_loss":0,"cards_obtained":["Madness","Madness"]},{"damage_healed":0,"gold_gain":0,"player_choice":"Fight","damage_taken":0,"max_hp_gain":0,"max_hp_loss":0,"event_name":"MindBloom","floor":39,"gold_loss":0},{"cards_removed":["Defend_G"],"damage_healed":0,"gold_gain":0,"player_choice":"Removed Skill","damage_taken":0,"max_hp_gain":0,"max_hp_loss":0,"event_name":"Falling","floor":44,"gold_loss":0}],"is_beta":false,"boss_relics":[{"not_picked":["Runic Pyramid","Ring of the Serpent"],"picked":"Empty Cage"},{"not_picked":["Astrolabe","Pandora\u0027s Box"],"picked":"Fusion Hammer"}],"items_purged_floors":[27],"is_endless":false,"potions_floor_spawned":[1,4,11,16,18,28,33,35,39,46,47,48],"ascension_level":11}}