{"host":"omsykib0woddca32","time":1611229478,"event":{"mods":["BaseMod","Colored Powertips","Lobotomy","Minty Spire (QoL Compilation)","Random Character Button","Shop Mod","StSLib"],"gold_per_floor":[115,131,131,144,154,154,171,189,242,274,286,328,340,381,393,500,512,535,202,220,220,238,238,252,264,264,264,264,264],"floor_reached":28,"language":"ZHS","playtime":1699,"items_purged":["Strike_G"],"score":284,"play_id":"bf2390fb-7260-4bc0-8d33-bbb320cbb91c","local_time":"20210121194438","is_ascension_mode":false,"campfire_choices":[{"data":"Neutralize","floor":6.0,"key":"SMITH"},{"data":"Predator","floor":11.0,"key":"SMITH"},{"data":"A Thousand Cuts","floor":15.0,"key":"SMITH"},{"data":"Calculated Gamble","floor":23.0,"key":"SMITH"},{"data":"Storm of Steel","floor":27.0,"key":"SMITH"}],"circlet_count":0,"master_deck":["Strike_G","Strike_G","Strike_G","Defend_G","Defend_G","Defend_G","Defend_G","Defend_G","Survivor","Neutralize+1","Predator+1","BlueStar","GreedKing","Blade Dance","SnowQueen","A Thousand Cuts+1","Cloak And Dagger","HeroicMonk","Calculated Gamble","Storm of Steel+1","Calculated Gamble+1","Footwork","Accuracy","Reflex"],"relics":["Ring of the Snake","CogitoBucket","MawBank","Molten Egg 2","Letter Opener","SacredBark","BehaviorAdjustment"],"acts_visited":["Exordium","TheCity"],"potions_floor_usage":[28],"damage_taken":[{"damage":1.0,"enemies":"Jaw Worm","floor":1.0,"turns":5.0},{"damage":0.0,"enemies":"Cultist","floor":2.0,"turns":5.0},{"damage":2.0,"enemies":"Small Slimes","floor":4.0,"turns":3.0},{"damage":0.0,"enemies":"Exordium Thugs","floor":5.0,"turns":3.0},{"damage":2.0,"enemies":"Exordium Wildlife","floor":7.0,"turns":3.0},{"damage":12.0,"enemies":"Large Slime","floor":8.0,"turns":9.0},{"damage":0.0,"enemies":"3 Louse","floor":10.0,"turns":2.0},{"damage":0.0,"enemies":"Gremlin Nob","floor":12.0,"turns":2.0},{"damage":13.0,"enemies":"Lagavulin","floor":14.0,"turns":5.0},{"damage":28.0,"enemies":"The Guardian","floor":16.0,"turns":10.0},{"damage":76.0,"enemies":"Chosen","floor":18.0,"turns":5.0},{"damage":2.0,"enemies":"2 Thieves","floor":20.0,"turns":2.0},{"damage":4.0,"enemies":"Sentry and Sphere","floor":22.0,"turns":3.0},{"damage":4.0,"enemies":"Snake Plant","floor":24.0,"turns":2.0},{"damage":0.0,"enemies":"Snecko","floor":25.0,"turns":1.0},{"damage":41,"enemies":"Shelled Parasite and Fungi","floor":28,"turns":3}],"seed_played":"-8988659427573879476","potions_obtained":[{"floor":2.0,"key":"FearPotion"},{"floor":8.0,"key":"Weak Potion"},{"floor":12.0,"key":"Regen Potion"},{"floor":18.0,"key":"Fire Potion"}],"is_trial":false,"path_per_floor":["M","M","?","M","M","R","M","M","T","M","R","E","?","E","R","B",null,"M","$","M","?","M","R","M","M","T","R","M"],"character_chosen":"THE_SILENT","items_purchased":["Storm of Steel","Calculated Gamble","Footwork"],"campfire_rested":0,"item_purchase_floors":[19,19,19],"current_hp_per_floor":[69,69,69,67,67,67,65,53,53,53,53,53,58,45,45,17,75,18,18,16,41,37,37,36,36,36,36,0,0],"gold":264,"neow_bonus":"","is_daily":false,"chose_seed":false,"campfire_upgraded":5,"win_rate":0.0,"timestamp":1611229478,"path_taken":["M","M","?","M","M","R","M","M","T","M","R","E","?","E","R","BOSS","M","$","M","?","M","R","M","M","T","R","M"],"items_purchased_type":["Card","Card","Card"],"build_version":"2020-12-22","purchased_purges":1,"victory":false,"max_hp_per_floor":[70,70,70,70,70,70,70,70,70,70,70,70,75,75,75,75,75,75,75,75,75,75,75,75,75,75,75,75,75],"card_choices":[{"not_picked":["VoidDream","BeautyBeast","UniverseFragment"],"picked":"Singing Bowl","floor":1.0},{"not_picked":["Deflect","Distraction","Eviscerate"],"picked":"SKIP","floor":1.0},{"not_picked":["Wellcheers","CherryBlossoms","OldLady"],"picked":"Singing Bowl","floor":2.0},{"not_picked":["Concentrate","Expertise"],"picked":"Predator","floor":2.0},{"not_picked":["CrumblingArmor","WallGazer"],"picked":"BlueStar","floor":4.0},{"not_picked":["Flying Knee","Backstab","Poisoned Stab"],"picked":"SKIP","floor":4.0},{"not_picked":["Mercenary","SpiderBud","ShyLook"],"picked":"Singing Bowl","floor":5.0},{"not_picked":["Deadly Poison","Night Terror","Infinite Blades"],"picked":"SKIP","floor":5.0},{"not_picked":["ShyLook","RedShoes"],"picked":"GreedKing","floor":7.0},{"not_picked":["Outmaneuver","Dagger Spray","Distraction"],"picked":"SKIP","floor":7.0},{"not_picked":["Distraction","Backflip"],"picked":"Blade Dance","floor":8.0},{"not_picked":["Scorched","Freischutz","Bloodbath"],"picked":"Singing Bowl","floor":10.0},{"not_picked":["Outmaneuver","Quick Slash","Dagger Throw"],"picked":"SKIP","floor":10.0},{"not_picked":["QueenOfHatred","Murderer","Mercenary"],"picked":"Singing Bowl","floor":12.0},{"not_picked":["LaLuna","WhitesApple"],"picked":"SnowQueen","floor":12.0},{"not_picked":["Outmaneuver","Finisher+1"],"picked":"A Thousand Cuts","floor":12.0},{"not_picked":["CrumblingArmor","Murderer","BeautyBeast"],"picked":"Singing Bowl","floor":14.0},{"not_picked":["Catalyst","Dodge and Roll"],"picked":"Cloak And Dagger","floor":14.0},{"not_picked":["Murderer","Yin","BeautyBeast"],"picked":"Singing Bowl","floor":16.0},{"not_picked":["GalaxyChild","ShyLook"],"picked":"HeroicMonk","floor":16.0},{"not_picked":["LittlePrince","LongBird","FieryBird"],"picked":"Singing Bowl","floor":18.0},{"not_picked":["Bane+1","Outmaneuver+1"],"picked":"Calculated Gamble","floor":18.0},{"not_picked":["Eviscerate+1","Distraction","Deadly Poison"],"picked":"SKIP","floor":20.0},{"not_picked":["Yin","BeautyBeast","Woodsman"],"picked":"Singing Bowl","floor":22.0},{"not_picked":["Predator+1","Flying Knee+1","Flechettes+1"],"picked":"SKIP","floor":22.0},{"not_picked":["Blur+1","Blade Dance"],"picked":"Accuracy","floor":24.0},{"not_picked":["Deflect","Dagger Spray+1"],"picked":"Reflex","floor":25.0}],"player_experience":99558,"relics_obtained":[{"floor":9.0,"key":"MawBank"},{"floor":12.0,"key":"Molten Egg 2"},{"floor":14.0,"key":"Letter Opener"}],"event_choices":[{"cards_removed":["Strike_G"],"damage_healed":0.0,"max_hp_gain":0.0,"max_hp_loss":0.0,"gold_gain":0.0,"event_name":"Purifier","player_choice":"Purged","floor":3.0,"gold_loss":0.0,"damage_taken":0.0},{"damage_healed":0.0,"max_hp_gain":5.0,"max_hp_loss":0.0,"gold_gain":0.0,"event_name":"Big Fish","player_choice":"Donut","floor":13.0,"gold_loss":0.0,"damage_taken":0.0},{"damage_healed":25.0,"max_hp_gain":0.0,"max_hp_loss":0.0,"gold_gain":0.0,"event_name":"The Library","player_choice":"Heal","floor":21.0,"gold_loss":0.0,"damage_taken":0.0}],"is_beta":false,"boss_relics":[{"not_picked":["Velvet Choker","Cursed Key"],"picked":"SacredBark"}],"items_purged_floors":[19],"is_endless":false,"potions_floor_spawned":[2,8,12,18],"killed_by":"Shelled Parasite and Fungi","ascension_level":0}}