{"host":"37ccm3d17clopct7","time":1611223196,"event":{"mods":["BaseMod","Lobotomy","Minty Spire (QoL Compilation)","StSLib","The Bug Knight","The Cursed","The Hierophant","The Runesmith"],"gold_per_floor":[270,288,58,78,78,78,92,92,92,92,107,120,220,288,288,387,437,456,443,443,443,62,62,62,62,107,107,117,117,117],"floor_reached":29,"language":"KOR","playtime":1933,"items_purged":["TheCursedMod:Defend_TheCursed","TheCursedMod:Strike_TheCursed"],"score":213,"play_id":"905bdf18-567f-4118-bf3e-82d3713c8b96","local_time":"20210121185956","is_ascension_mode":false,"campfire_choices":[{"data":"TheCursedMod:CursedWand","floor":6,"key":"SMITH"},{"data":"TheCursedMod:Obscuration","floor":8,"key":"SMITH"},{"data":"TheCursedMod:CleanUpWorkshop","floor":15,"key":"SMITH"},{"data":"TheCursedMod:FleshFromBone","floor":24,"key":"SMITH"},{"data":"TheCursedMod:Neurasthenia","floor":27,"key":"SMITH"}],"circlet_count":0,"master_deck":["TheCursedMod:Strike_TheCursed","TheCursedMod:Strike_TheCursed","TheCursedMod:Strike_TheCursed+1","TheCursedMod:Defend_TheCursed","TheCursedMod:Defend_TheCursed","TheCursedMod:CursedWand+1","TheCursedMod:CleanUpWorkshop+1","TheCursedMod:Dregs","TheCursedMod:Obscuration+1","Wellcheers","TheCursedMod:SpitefulStrike","TheCursedMod:SpitefulPlan","ShyLook","TheCursedMod:CursedShiv","OldLady","TheCursedMod:Stigma","TheCursedMod:CircleOfAbyss","UniverseFragment","TheCursedMod:Neurasthenia+1","TheCursedMod:CursedAmulet","Bloodbath","TheCursedMod:CursedMace","LaLuna","TheCursedMod:FleshFromBone+1","TheCursedMod:LuckyCharm","Dark Shackles"],"relics":["TheCursedMod:BlackMagic101","CogitoBucket","Juzu Bracelet","MealTicket","Tiny House","MutagenicStrength","Strawberry","Lantern"],"acts_visited":["Exordium","TheCity"],"potions_floor_usage":[12,16,28,29,29],"damage_taken":[{"damage":0,"enemies":"Cultist","floor":1,"turns":5},{"damage":1,"enemies":"Jaw Worm","floor":2,"turns":6},{"damage":0,"enemies":"Small Slimes","floor":4,"turns":3},{"damage":0,"enemies":"3 Louse","floor":7,"turns":4},{"damage":5,"enemies":"Exordium Thugs","floor":11,"turns":5},{"damage":3,"enemies":"Exordium Wildlife","floor":12,"turns":14},{"damage":28,"enemies":"Slime Boss","floor":16,"turns":18},{"damage":18,"enemies":"Spheric Guardian","floor":18,"turns":7},{"damage":11,"enemies":"2 Thieves","floor":19,"turns":4},{"damage":18,"enemies":"Centurion and Healer","floor":28,"turns":7},{"damage":71,"enemies":"Cultist and Chosen","floor":29,"turns":6}],"seed_played":"-2499116625714165324","potions_obtained":[{"floor":1,"key":"SkillPotion"},{"floor":2,"key":"GamblersBrew"},{"floor":4,"key":"Explosive Potion"},{"floor":17,"key":"Regen Potion"},{"floor":18,"key":"Block Potion"}],"is_trial":false,"path_per_floor":["M","M","$","M","?","R","M","R","T","?","M","M","?","?","R","B",null,"M","M","?","?","$","?","R","?","T","R","M","M"],"character_chosen":"THE_CURSED","items_purchased":["Juzu Bracelet","TheCursedMod:LuckyCharm","Strawberry","Dark Shackles"],"campfire_rested":0,"item_purchase_floors":[3,22,22,22],"current_hp_per_floor":[75,74,74,75,75,75,75,75,75,68,63,66,66,66,66,41,80,65,55,55,55,77,77,77,77,77,77,66,0,0],"gold":117,"neow_bonus":"","is_daily":false,"chose_seed":false,"campfire_upgraded":5,"win_rate":0.0,"timestamp":1611223196,"path_taken":["M","M","$","M","?","R","M","R","T","?","M","M","?","?","R","BOSS","M","M","?","?","$","?","R","?","T","R","M","M"],"items_purchased_type":["Relic","Card","Relic","Card"],"build_version":"2020-12-22","purchased_purges":2,"victory":false,"max_hp_per_floor":[75,75,75,75,75,75,75,75,75,75,75,75,75,75,75,75,80,80,80,80,80,87,87,87,87,87,87,87,87,87],"card_choices":[{"not_picked":["MeatLantern","VoidDream","LittleHelper"],"picked":"Singing Bowl","floor":1},{"not_picked":["TheCursedMod:VitalStrike","TheCursedMod:Mangle"],"picked":"TheCursedMod:Obscuration","floor":1},{"not_picked":["Scorched","VoidDream"],"picked":"Wellcheers","floor":2},{"not_picked":["TheCursedMod:LuckyCharm","TheCursedMod:FuryStrike"],"picked":"TheCursedMod:SpitefulStrike","floor":2},{"not_picked":["CherryBlossoms","BigBird","FairyFestival"],"picked":"Singing Bowl","floor":4},{"not_picked":["TheCursedMod:FuryStrike","TheCursedMod:Stretching"],"picked":"TheCursedMod:SpitefulPlan","floor":4},{"not_picked":["DespairKnight","BeautyBeast","FairyFestival"],"picked":"Singing Bowl","floor":7},{"not_picked":["Scorched","CherryBlossoms"],"picked":"ShyLook","floor":7},{"not_picked":["TheCursedMod:Evocation","TheCursedMod:BloodBarrier"],"picked":"TheCursedMod:CursedShiv","floor":7},{"not_picked":["Laetitia","CherryBlossoms"],"picked":"OldLady","floor":11},{"not_picked":["TheCursedMod:CircleOfBlood","TheCursedMod:Stretching"],"picked":"TheCursedMod:Stigma","floor":11},{"not_picked":["PunishingBird","Murderer","CherryBlossoms"],"picked":"Singing Bowl","floor":12},{"not_picked":["TheCursedMod:TacticalStrike","TheCursedMod:Obscuration"],"picked":"TheCursedMod:CircleOfAbyss","floor":12},{"not_picked":["CrumblingArmor","MHz","LittleHelper"],"picked":"Singing Bowl","floor":16},{"not_picked":["SingingMachine","BeautyBeast"],"picked":"UniverseFragment","floor":16},{"not_picked":["TheCursedMod:CircleOfAbyss","TheCursedMod:DemonSword"],"picked":"TheCursedMod:Neurasthenia","floor":16},{"not_picked":["TheCursedMod:FuryStrike","TheCursedMod:CursedBoomerang"],"picked":"TheCursedMod:CursedAmulet","floor":17},{"not_picked":["Murderer","CrumblingArmor"],"picked":"Bloodbath","floor":18},{"not_picked":["TheCursedMod:CursedArmor","TheCursedMod:CursedBlade"],"picked":"TheCursedMod:CursedMace","floor":18},{"not_picked":["Freischutz","QueenBee"],"picked":"LaLuna","floor":19},{"not_picked":["TheCursedMod:FuryStrike","TheCursedMod:RavingStaff"],"picked":"TheCursedMod:FleshFromBone","floor":19},{"not_picked":["GalaxyChild","QueenBee","WhitesApple"],"picked":"Singing Bowl","floor":28},{"not_picked":["TheCursedMod:CursedMace","TheCursedMod:BlessingInDisguise","TheCursedMod:ForbiddenAlchemy"],"picked":"SKIP","floor":28}],"player_experience":84353,"relics_obtained":[{"floor":9,"key":"MealTicket"},{"floor":26,"key":"Lantern"}],"event_choices":[{"damage_healed":0,"gold_gain":0,"player_choice":"Ignored","damage_taken":0,"max_hp_gain":0,"max_hp_loss":0,"event_name":"Golden Idol","floor":5,"gold_loss":0},{"damage_healed":0,"gold_gain":0,"player_choice":"Damaged","damage_taken":7,"max_hp_gain":0,"max_hp_loss":0,"event_name":"Wheel of Change","floor":10,"gold_loss":0},{"damage_healed":0,"gold_gain":100,"player_choice":"Pray","damage_taken":0,"max_hp_gain":0,"max_hp_loss":0,"event_name":"Golden Shrine","floor":13,"gold_loss":0},{"damage_healed":0,"gold_gain":68,"player_choice":"Gained Gold","damage_taken":0,"max_hp_gain":0,"max_hp_loss":0,"event_name":"Golden Wing","floor":14,"gold_loss":0},{"cards_removed":["TheCursedMod:Defend_TheCursed"],"damage_healed":0,"gold_gain":0,"player_choice":"Elegance","damage_taken":0,"max_hp_gain":0,"max_hp_loss":0,"event_name":"Back to Basics","floor":20,"gold_loss":0},{"damage_healed":0,"gold_gain":0,"player_choice":"Inject Mutagens","damage_taken":0,"relics_obtained":["MutagenicStrength"],"max_hp_gain":0,"max_hp_loss":0,"event_name":"Drug Dealer","floor":21,"gold_loss":0},{"damage_healed":0,"gold_gain":0,"player_choice":"Ignored","damage_taken":0,"max_hp_gain":0,"max_hp_loss":0,"event_name":"Vampires","floor":23,"gold_loss":0},{"damage_healed":0,"gold_gain":0,"player_choice":"Ignored","damage_taken":0,"max_hp_gain":0,"max_hp_loss":0,"event_name":"Cursed Tome","floor":25,"gold_loss":0}],"is_beta":false,"boss_relics":[{"not_picked":["Snecko Eye","Velvet Choker"],"picked":"Tiny House"}],"items_purged_floors":[3,22],"is_endless":false,"potions_floor_spawned":[1,2,4,18,19],"killed_by":"Cultist and Chosen","ascension_level":0}}