{"host":"d8hh7rr4yzitjeuj","time":1611214899,"event":{"mods":["2.2 Compatiblity","AchievementEnabler","Act Like it!","BaseMod","Colored Map","Colored Powertips","Highlight Path","Keyboard Shortcuts","Minty Spire (QoL Compilation)","Permanent Neow","Quick Restart","StSLib","SuperFastMode"],"gold_per_floor":[111,111,123,142,155,155,171,171,171,199,54,127,152,168,168,168,168],"floor_reached":16,"language":"KOR","playtime":352,"items_purged":[],"score":224,"play_id":"317cf75f-5121-475b-aec6-ecd43cd312a4","local_time":"20210121164139","is_ascension_mode":true,"campfire_choices":[{"data":"Sunder","floor":6.0,"key":"SMITH"},{"floor":8.0,"key":"REST"},{"data":"Go for the Eyes","floor":15,"key":"SMITH"}],"circlet_count":0,"master_deck":["AscendersBane","Strike_B","Strike_B","Strike_B+1","Strike_B+1","Defend_B","Defend_B","Defend_B","Defend_B","Zap","Dualcast","Fission","Ball Lightning","Go for the Eyes+1","Undo","Sunder+1","Leap","Aggregate","Sweeping Beam","BootSequence","Steam","Barrage"],"relics":["Cracked Core","Turnip","Kunai","Peace Pipe"],"acts_visited":[],"potions_floor_usage":[10,13,16],"damage_taken":[{"damage":10.0,"enemies":"Small Slimes","floor":1.0,"turns":4.0},{"damage":0.0,"enemies":"2 Louse","floor":3.0,"turns":2.0},{"damage":0.0,"enemies":"Cultist","floor":4.0,"turns":3.0},{"damage":1.0,"enemies":"Looter","floor":5.0,"turns":3.0},{"damage":4.0,"enemies":"Red Slaver","floor":7.0,"turns":3.0},{"damage":6,"enemies":"3 Sentries","floor":10,"turns":6},{"damage":15,"enemies":"Lagavulin","floor":13,"turns":7},{"damage":0,"enemies":"Exordium Wildlife","floor":14,"turns":2},{"damage":31,"enemies":"Hexaghost","floor":16,"turns":9}],"seed_played":"-2119736156121546805","potions_obtained":[{"floor":3.0,"key":"Block Potion"},{"floor":4.0,"key":"PotionOfCapacity"},{"floor":5.0,"key":"Strength Potion"},{"floor":10,"key":"SpeedPotion"}],"is_trial":false,"path_per_floor":["M","?","M","M","M","R","M","R","T","E","$","?","E","M","R","B"],"character_chosen":"DEFECT","items_purchased":["Sweeping Beam","BootSequence"],"campfire_rested":1,"item_purchase_floors":[11,11],"current_hp_per_floor":[54,33,33,33,32,32,28,49,49,43,43,43,28,28,28,0,0],"gold":168,"neow_bonus":"ONE_RANDOM_RARE_CARD","is_daily":false,"chose_seed":false,"campfire_upgraded":2,"win_rate":0.0,"timestamp":1611214899,"path_taken":["M","?","M","M","M","R","M","R","T","E","$","?","E","M","R","BOSS"],"items_purchased_type":["Card","Card"],"build_version":"2020-12-22","purchased_purges":0,"victory":false,"max_hp_per_floor":[71,71,71,71,71,71,71,71,71,71,71,71,71,71,71,71,71],"card_choices":[{"not_picked":["Recycle","Hologram"],"picked":"Ball Lightning","floor":1.0},{"not_picked":["Coolheaded","Recycle"],"picked":"Go for the Eyes","floor":3.0},{"not_picked":["Fusion","Redo"],"picked":"Undo","floor":4.0},{"not_picked":["BootSequence","Force Field"],"picked":"Sunder","floor":5.0},{"not_picked":["Static Discharge","Barrage"],"picked":"Leap","floor":7.0},{"not_picked":["Genetic Algorithm","Loop"],"picked":"Aggregate","floor":10},{"not_picked":["Biased Cognition","Cold Snap"],"picked":"Steam","floor":13},{"not_picked":["BootSequence","Doom and Gloom"],"picked":"Barrage","floor":14}],"player_experience":1449158,"relics_obtained":[{"floor":9.0,"key":"Turnip"},{"floor":10,"key":"Kunai"},{"floor":13,"key":"Peace Pipe"}],"event_choices":[{"damage_healed":0.0,"max_hp_gain":0.0,"max_hp_loss":0.0,"gold_gain":0.0,"event_name":"Shining Light","player_choice":"Entered Light","floor":2.0,"gold_loss":0.0,"damage_taken":21.0,"cards_upgraded":["Strike_B","Strike_B"]},{"damage_healed":0,"gold_gain":73,"player_choice":"Gained Gold","damage_taken":0,"max_hp_gain":0,"max_hp_loss":0,"event_name":"Golden Wing","floor":12,"gold_loss":0}],"is_beta":false,"boss_relics":[],"items_purged_floors":[],"is_endless":false,"potions_floor_spawned":[3,4,5,10],"killed_by":"Hexaghost","ascension_level":20}}