{"host":"h0xw20cia6ppa69g","time":1611224043,"event":{"mods":["AchievementEnabler","BaseMod","Colored Map","Filter the Spire","Googly Eyes","Minty Spire (QoL Compilation)","Relic Stats","StSLib","The Awakened One except there are too many feathers","everything is the same but u backflip on backflip"],"gold_per_floor":[114,64,76,96,116,143,143,173,173,173,183,183,183,197,197,297,297,309,408,423,475,226,226,254,103,154,184,33,43,58,74,74,175,175,206,230,254,266,278,290,335,40,40,67,96,141,159,159,159,159,159,159,13,39,39],"floor_reached":56,"language":"ENG","playtime":1921,"items_purged":[],"score":1457,"play_id":"31d03344-2764-4a31-b8df-3a033ecece5e","local_time":"20210121041403","is_ascension_mode":true,"campfire_choices":[{"data":"Bloodletting","floor":7.0,"key":"SMITH"},{"data":"Demon Form","floor":10.0,"key":"SMITH"},{"data":"Whirlwind","floor":15.0,"key":"SMITH"},{"data":"Entrench","floor":23,"key":"SMITH"},{"floor":32,"key":"REST"},{"floor":40,"key":"RECALL"},{"floor":49,"key":"REST"},{"data":"Limit Break","floor":52,"key":"SMITH"}],"circlet_count":0,"master_deck":["Bash","Disarm","Juggernaut","Bloodletting+1","Entrench+1","Demon Form+1","Thunderclap","Whirlwind+1","Pummel","Shrug It Off","Second Wind","Ghostly Armor","Impervious","Shrug It Off","Twin Strike","Double Tap","Metallicize","Body Slam","Disarm","Impervious","True Grit","Heavy Blade+1","Battle Trance","True Grit+1","Shockwave","Shrug It Off","Barricade","Power Through","Disarm","Burning Pact+1","Offering","Limit Break+1","Shrug It Off+1","Clothesline+1","Feel No Pain+1"],"relics":["Pandora\u0027s Box","Red Skull","Tiny Chest","Velvet Choker","Happy Flower","DollysMirror","Self Forming Clay","Brimstone","Dream Catcher","Akabeko","Omamori","Calling Bell","MawBank","Molten Egg 2","Champion Belt","PreservedInsect","Potion Belt","Toy Ornithopter","Bag of Preparation","Oddly Smooth Stone","StoneCalendar","ClockworkSouvenir","InkBottle"],"acts_visited":["Exordium","TheCity","TheBeyond","TheEnding"],"potions_floor_usage":[24,31,37,55,55,55],"damage_taken":[{"damage":16.0,"enemies":"Jaw Worm","floor":1.0,"turns":3.0},{"damage":0.0,"enemies":"Small Slimes","floor":3.0,"turns":2.0},{"damage":0.0,"enemies":"2 Louse","floor":4.0,"turns":1.0},{"damage":15.0,"enemies":"Blue Slaver","floor":5.0,"turns":4.0},{"damage":6.0,"enemies":"Lagavulin","floor":6.0,"turns":7.0},{"damage":8.0,"enemies":"Gremlin Nob","floor":8.0,"turns":3.0},{"damage":3.0,"enemies":"Exordium Thugs","floor":11.0,"turns":3.0},{"damage":0.0,"enemies":"Large Slime","floor":14.0,"turns":6.0},{"damage":3.0,"enemies":"Slime Boss","floor":16.0,"turns":3.0},{"damage":3.0,"enemies":"2 Thieves","floor":18.0,"turns":4.0},{"damage":2.0,"enemies":"Chosen","floor":20.0,"turns":4.0},{"damage":35,"enemies":"Slavers","floor":24,"turns":6},{"damage":16,"enemies":"Gremlin Leader","floor":27,"turns":4},{"damage":0,"enemies":"Snecko","floor":29,"turns":2},{"damage":3,"enemies":"Snake Plant","floor":30,"turns":1},{"damage":13,"enemies":"Shelled Parasite and Fungi","floor":31,"turns":2},{"damage":14,"enemies":"Collector","floor":33,"turns":4},{"damage":14,"enemies":"3 Shapes","floor":35,"turns":3},{"damage":12,"enemies":"Orb Walker","floor":36,"turns":4},{"damage":10,"enemies":"4 Shapes","floor":37,"turns":6},{"damage":11,"enemies":"Giant Head","floor":41,"turns":6},{"damage":28,"enemies":"Nemesis","floor":45,"turns":9},{"damage":16,"enemies":"2 Orb Walkers","floor":46,"turns":3},{"damage":0,"enemies":"Sphere and 2 Shapes","floor":47,"turns":2},{"damage":14,"enemies":"Donu and Deca","floor":50,"turns":6},{"damage":43,"enemies":"Shield and Spear","floor":54,"turns":4},{"damage":42,"enemies":"The Heart","floor":55,"turns":8}],"seed_played":"4889906232358498468","potions_obtained":[{"floor":3.0,"key":"Energy Potion"},{"floor":4.0,"key":"LiquidMemories"},{"floor":5.0,"key":"FearPotion"},{"floor":8.0,"key":"Regen Potion"},{"floor":24,"key":"DuplicationPotion"},{"floor":31,"key":"Dexterity Potion"},{"floor":33,"key":"BloodPotion"},{"floor":37,"key":"EssenceOfSteel"},{"floor":46,"key":"BloodPotion"},{"floor":54,"key":"Block Potion"}],"is_trial":false,"path_per_floor":["M","?","M","M","M","E","R","E","T","R","M","?","?","M","R","B",null,"M","?","M","T","$","R","E","$","T","E","$","M","M","M","R","B",null,"M","M","M","?","$","R","E","$","T","T","E","?","M","?","R","B",null,"R","$","E","B",null],"character_chosen":"IRONCLAD","items_purchased":["Body Slam","Disarm","DollysMirror","Brimstone","Omamori","Potion Belt","Offering","ClockworkSouvenir"],"campfire_rested":2,"item_purchase_floors":[22,22,22,25,28,42,42,53],"current_hp_per_floor":[64,64,64,64,49,43,43,35,35,35,32,32,32,32,32,29,80,77,77,75,75,75,75,40,40,40,24,24,24,21,13,37,23,80,66,54,60,80,80,80,69,69,69,69,41,25,25,15,39,25,80,80,80,37,26],"gold":39,"neow_bonus":"BOSS_RELIC","is_daily":false,"chose_seed":false,"campfire_upgraded":5,"win_rate":0.0,"timestamp":1611224043,"path_taken":["M","?","M","M","M","E","R","E","T","R","M","?","?","M","R","BOSS","M","?","M","?","$","R","E","$","T","E","?","M","M","M","R","BOSS","M","M","M","?","$","R","E","?","T","?","E","?","?","?","R","BOSS","R","$","E","BOSS"],"items_purchased_type":["Card","Card","Relic","Relic","Relic","Relic","Card","Relic"],"build_version":"2020-12-22","purchased_purges":0,"victory":true,"max_hp_per_floor":[80,80,80,80,80,80,80,80,80,80,80,80,80,80,80,80,80,80,80,80,80,80,80,80,80,80,80,80,80,80,80,80,80,80,80,80,80,80,80,80,80,80,80,80,80,80,80,80,80,80,80,80,80,80,80],"relic_stats":{"Happy Flower":[23],"counters":[27,110],"Self Forming Clay":[117],"StoneCalendar":[40],"PreservedInsect":115,"Bag of Preparation":[12],"MawBank":96,"Dream Catcher":2,"Pandora\u0027s Box":["Disarm","Juggernaut","Bloodletting","Entrench","Intimidate","Demon Form","Thunderclap","Whirlwind","Pummel"],"Tiny Chest":2,"Champion Belt":[26],"obtain_stats":[{"Potion Belt":42,"Happy Flower":21,"Self Forming Clay":24,"Velvet Choker":17,"Oddly Smooth Stone":45,"StoneCalendar":46,"PreservedInsect":41,"Omamori":28,"Bag of Preparation":44,"MawBank":34,"Burning Blood":0,"Akabeko":27,"ClockworkSouvenir":53,"Calling Bell":34,"Dream Catcher":26,"DollysMirror":22,"Brimstone":25,"Pandora\u0027s Box":0,"Tiny Chest":8,"Molten Egg 2":34,"Champion Belt":34,"Red Skull":6,"Toy Ornithopter":43,"InkBottle":54},{"Potion Belt":21,"Happy Flower":11,"Self Forming Clay":12,"Velvet Choker":9,"Oddly Smooth Stone":22,"StoneCalendar":23,"PreservedInsect":21,"Omamori":13,"Bag of Preparation":21,"MawBank":17,"Burning Blood":0,"Akabeko":13,"ClockworkSouvenir":25,"Calling Bell":17,"Dream Catcher":12,"DollysMirror":11,"Brimstone":12,"Pandora\u0027s Box":0,"Tiny Chest":6,"Molten Egg 2":17,"Champion Belt":17,"Red Skull":5,"Toy Ornithopter":21,"InkBottle":26},{"Potion Belt":78,"Happy Flower":40,"Self Forming Clay":46,"Velvet Choker":32,"Oddly Smooth Stone":87,"StoneCalendar":90,"PreservedInsect":78,"Omamori":50,"Bag of Preparation":78,"MawBank":59,"Burning Blood":0,"Akabeko":50,"ClockworkSouvenir":98,"Calling Bell":59,"Dream Catcher":46,"DollysMirror":40,"Brimstone":46,"Pandora\u0027s Box":0,"Tiny Chest":20,"Molten Egg 2":59,"Champion Belt":59,"Red Skull":17,"Toy Ornithopter":78,"InkBottle":102}],"Toy Ornithopter":15,"InkBottle":[2]},"card_choices":[{"not_picked":["Body Slam","Clash"],"picked":"Shrug It Off","floor":1.0},{"not_picked":["Carnage","Heavy Blade"],"picked":"Second Wind","floor":3.0},{"not_picked":["Second Wind","Reckless Charge"],"picked":"Ghostly Armor","floor":4.0},{"not_picked":["Clothesline","Intimidate","Wild Strike"],"picked":"SKIP","floor":5.0},{"not_picked":["Shrug It Off","Sentinel"],"picked":"Impervious","floor":6.0},{"not_picked":["Havoc","Seeing Red"],"picked":"Shrug It Off","floor":8.0},{"not_picked":["Clash","Wild Strike"],"picked":"Twin Strike","floor":11.0},{"not_picked":["Infernal Blade","Warcry","Anger"],"picked":"SKIP","floor":14.0},{"not_picked":["Impervious","Bludgeon"],"picked":"Double Tap","floor":16.0},{"not_picked":["Flex","Whirlwind","Fire Breathing"],"picked":"SKIP","floor":18.0},{"not_picked":["Anger","Shrug It Off"],"picked":"Metallicize","floor":20.0},{"not_picked":["Pummel","Seeing Red"],"picked":"True Grit","floor":24},{"not_picked":["Inflame","Wild Strike"],"picked":"Heavy Blade+1","floor":27},{"not_picked":["Headbutt","Flex"],"picked":"Battle Trance","floor":29},{"not_picked":["Thunderclap+1","Flex"],"picked":"True Grit+1","floor":30},{"not_picked":["Rampage","Wild Strike"],"picked":"Shockwave","floor":31},{"not_picked":["Twin Strike","Perfected Strike"],"picked":"Shrug It Off","floor":32},{"not_picked":["Bludgeon","Demon Form"],"picked":"Barricade","floor":33},{"not_picked":["Anger+1","Flex+1","Body Slam+1"],"picked":"SKIP","floor":35},{"not_picked":["Body Slam+1","Dark Embrace"],"picked":"Power Through","floor":36},{"not_picked":["Clothesline+1","Thunderclap+1"],"picked":"Disarm","floor":37},{"not_picked":["Perfected Strike+1","Searing Blow+1"],"picked":"Burning Pact+1","floor":41},{"not_picked":["Burning Pact+1","Armaments+1"],"picked":"Limit Break","floor":45},{"not_picked":["Cleave+1","Rupture"],"picked":"Shrug It Off+1","floor":46},{"not_picked":["Rampage+1","Clash+1"],"picked":"Clothesline+1","floor":47},{"not_picked":["Ghostly Armor","Heavy Blade+1"],"picked":"Feel No Pain+1","floor":49},{"not_picked":["Spot Weakness+1","Carnage+1","Flex+1"],"picked":"SKIP","floor":54}],"player_experience":3743511,"relics_obtained":[{"floor":6.0,"key":"Red Skull"},{"floor":8.0,"key":"Tiny Chest"},{"floor":21.0,"key":"Happy Flower"},{"floor":24,"key":"Self Forming Clay"},{"floor":26,"key":"Dream Catcher"},{"floor":27,"key":"Akabeko"},{"floor":34,"key":"MawBank"},{"floor":34,"key":"Molten Egg 2"},{"floor":34,"key":"Champion Belt"},{"floor":41,"key":"PreservedInsect"},{"floor":43,"key":"Toy Ornithopter"},{"floor":44,"key":"Bag of Preparation"},{"floor":45,"key":"Oddly Smooth Stone"},{"floor":46,"key":"StoneCalendar"},{"floor":54,"key":"InkBottle"}],"event_choices":[{"cards_removed":["Intimidate"],"damage_healed":0.0,"max_hp_gain":0.0,"max_hp_loss":0.0,"gold_gain":0.0,"event_name":"The Cleric","player_choice":"Card Removal","floor":2.0,"gold_loss":50.0,"damage_taken":0.0},{"damage_healed":0.0,"max_hp_gain":0.0,"max_hp_loss":0.0,"gold_gain":0.0,"event_name":"Liars Game","player_choice":"Ignored","floor":12.0,"gold_loss":0.0,"damage_taken":0.0},{"damage_healed":0.0,"max_hp_gain":0.0,"max_hp_loss":0.0,"gold_gain":0.0,"event_name":"Golden Wing","player_choice":"Ignored","floor":13.0,"gold_loss":0.0,"damage_taken":0.0},{"damage_healed":0.0,"max_hp_gain":0.0,"max_hp_loss":0.0,"gold_gain":99.0,"event_name":"Nest","player_choice":"Stole From Cult","floor":19.0,"gold_loss":0.0,"damage_taken":0.0},{"damage_healed":20,"gold_gain":0,"player_choice":"Writhe","damage_taken":0,"max_hp_gain":0,"max_hp_loss":0,"event_name":"Winding Halls","floor":38,"gold_loss":0,"cards_obtained":["Writhe"]},{"damage_healed":0,"gold_gain":0,"player_choice":"Fight","damage_taken":0,"max_hp_gain":0,"max_hp_loss":0,"event_name":"Mysterious Sphere","floor":46,"gold_loss":0},{"damage_healed":0,"gold_gain":0,"player_choice":"Memory 3","damage_taken":10,"max_hp_gain":0,"max_hp_loss":0,"event_name":"SensoryStone","floor":48,"gold_loss":0}],"is_beta":false,"boss_relics":[{"not_picked":["Runic Dome","SlaversCollar"],"picked":"Velvet Choker"},{"not_picked":["Empty Cage","Coffee Dripper"],"picked":"Calling Bell"}],"items_purged_floors":[],"is_endless":false,"potions_floor_spawned":[3,4,5,8,14,24,30,31,33,37,46,54],"ascension_level":1}}