{"host":"few9iyaxiywls251","time":1611190361,"event":{"mods":["BaseMod","Bestiary","Curses Come First","Highlight Path","Minty Spire (QoL Compilation)","Shop Mod","StSLib","The Marked"],"gold_per_floor":[117,136,0,12,112,139,139,149,149,1,12,12,45,62,62,167,167,185,205,220,233,253,282,302,315,315,333,360,375,375,388,388,484,484,501,517,166,181,200,200,200,200,200,200,200,200,110,110,110,110,110],"floor_reached":50,"language":"ENG","playtime":6103,"items_purged":["Defend_P","Strike_P"],"score":525,"play_id":"ce572b4c-f132-4acd-96de-412bf19aa8e7","local_time":"20210120185241","is_ascension_mode":false,"campfire_choices":[{"data":"Eruption","floor":7.0,"key":"SMITH"},{"data":"Crescendo","floor":12.0,"key":"SMITH"},{"data":"Vault","floor":15.0,"key":"SMITH"},{"floor":32,"key":"REST"},{"data":"Ragnarok","floor":40,"key":"SMITH"},{"data":"Tantrum","floor":42,"key":"SMITH"},{"data":"WheelKick","floor":46,"key":"SMITH"},{"data":"ClearTheMind","floor":49,"key":"SMITH"}],"circlet_count":0,"master_deck":["Strike_P+1","Strike_P+1","Defend_P+1","Defend_P+1","Defend_P+1","Eruption+1","Vigilance+1","WheelKick+1","Conclude","ClearTheMind+1","CutThroughFate+1","WindmillStrike+1","ThirdEye","Vault+1","Crescendo+1","Tantrum+1","LessonLearned","Protect","SpiritShield+1","Scrawl+1","Ragnarok+1","Wallop+1"],"relics":["PureWater","Vajra","TeardropLocket","Question Card","Cursed Key","Juzu Bracelet","Eternal Feather","Coffee Dripper","StrikeDummy"],"acts_visited":["Exordium","TheCity","TheBeyond"],"potions_floor_usage":[33,33,50,50],"damage_taken":[{"damage":0.0,"enemies":"Cultist","floor":1.0,"turns":2.0},{"damage":0.0,"enemies":"Small Slimes","floor":2.0,"turns":2.0},{"damage":0.0,"enemies":"2 Louse","floor":4.0,"turns":1.0},{"damage":2.0,"enemies":"3 Sentries","floor":6.0,"turns":4.0},{"damage":12.0,"enemies":"Blue Slaver","floor":8.0,"turns":2.0},{"damage":0.0,"enemies":"Gremlin Gang","floor":11.0,"turns":1.0},{"damage":0.0,"enemies":"Lagavulin","floor":13.0,"turns":5.0},{"damage":0.0,"enemies":"Exordium Thugs","floor":14.0,"turns":2.0},{"damage":33.0,"enemies":"The Guardian","floor":16.0,"turns":5.0},{"damage":2.0,"enemies":"Shell Parasite","floor":18.0,"turns":3.0},{"damage":0.0,"enemies":"Spheric Guardian","floor":19.0,"turns":3.0},{"damage":18.0,"enemies":"Shelled Parasite and Fungi","floor":20.0,"turns":3.0},{"damage":0.0,"enemies":"3 Cultists","floor":21.0,"turns":2.0},{"damage":0.0,"enemies":"Snecko","floor":22.0,"turns":3.0},{"damage":19.0,"enemies":"Slavers","floor":23.0,"turns":2.0},{"damage":0.0,"enemies":"Shelled Parasite and Fungi","floor":24.0,"turns":3.0},{"damage":11.0,"enemies":"Centurion and Healer","floor":25.0,"turns":3.0},{"damage":0.0,"enemies":"Chosen and Byrds","floor":27.0,"turns":5.0},{"damage":3.0,"enemies":"Book of Stabbing","floor":28.0,"turns":3.0},{"damage":9.0,"enemies":"Snake Plant","floor":29.0,"turns":4.0},{"damage":8,"enemies":"Snecko","floor":31,"turns":4},{"damage":14,"enemies":"Champ","floor":33,"turns":9},{"damage":0,"enemies":"3 Darklings","floor":35,"turns":3},{"damage":0,"enemies":"3 Shapes","floor":36,"turns":2},{"damage":0,"enemies":"Jaw Worm Horde","floor":38,"turns":2},{"damage":6,"enemies":"4 Shapes","floor":39,"turns":2},{"damage":98,"enemies":"Time Eater","floor":50,"turns":10}],"seed_played":"-430210392011768329","potions_obtained":[{"floor":2.0,"key":"SkillPotion"},{"floor":13.0,"key":"AttackPotion"},{"floor":14.0,"key":"BottledMiracle"},{"floor":18.0,"key":"SteroidPotion"},{"floor":22.0,"key":"Weak Potion"},{"floor":23.0,"key":"Dexterity Potion"},{"floor":25.0,"key":"SkillPotion"},{"floor":27.0,"key":"StancePotion"},{"floor":29.0,"key":"BlessingOfTheForge"},{"floor":36,"key":"Regen Potion"}],"is_trial":false,"path_per_floor":["M","M","$","M","?","E","R","M","T","$","M","R","E","M","R","B",null,"M","M","M","M","M","E","M","M","T","M","E","M","?","M","R","B",null,"M","M","$","M","M","R","?","R","T","?","?","R","?","$","R","B"],"character_chosen":"WATCHER","items_purchased":["CutThroughFate","WindmillStrike","ThirdEye","Tantrum","StrikeDummy"],"campfire_rested":1,"item_purchase_floors":[3,3,3,10,37],"current_hp_per_floor":[72,72,72,72,72,70,70,58,58,58,58,58,58,58,58,25,72,70,70,52,52,52,33,33,22,22,22,19,10,10,2,35,21,72,72,72,72,72,66,72,72,72,72,72,72,72,72,72,72,0,0],"gold":110,"neow_bonus":"THREE_CARDS","is_daily":false,"chose_seed":false,"campfire_upgraded":7,"win_rate":0.0,"timestamp":1611190361,"path_taken":["M","?","?","M","?","E","R","?","T","$","M","R","E","M","R","BOSS","M","M","M","M","M","E","M","M","T","M","E","M","?","M","R","BOSS","M","M","$","M","M","R","?","R","T","?","?","R","?","?","R","BOSS"],"items_purchased_type":["Card","Card","Card","Card","Relic"],"build_version":"2020-12-22","purchased_purges":2,"victory":false,"max_hp_per_floor":[72,72,72,72,72,72,72,72,72,72,72,72,72,72,72,72,72,72,72,72,72,72,72,72,72,72,72,72,72,72,72,72,72,72,72,72,72,72,72,72,72,72,72,72,72,72,72,72,72,72,72],"card_choices":[{"not_picked":["CutThroughFate","Protect"],"picked":"WheelKick","floor":0.0},{"not_picked":["ClearTheMind","EmptyBody"],"picked":"Conclude","floor":1.0},{"not_picked":["WheelKick","Prostrate"],"picked":"ClearTheMind","floor":2.0},{"not_picked":["Halt","CutThroughFate","MentalFortress"],"picked":"SKIP","floor":4.0},{"not_picked":["BattleHymn","WheelKick"],"picked":"Vault","floor":6.0},{"not_picked":["PathToVictory","Halt"],"picked":"Crescendo","floor":8.0},{"not_picked":["ThirdEye","Vault"],"picked":"Evaluate","floor":11.0},{"not_picked":["FlyingSleeves","BowlingBash","WindmillStrike"],"picked":"SKIP","floor":13.0},{"not_picked":["CarveReality","ReachHeaven","JustLucky","MentalFortress"],"picked":"SKIP","floor":14.0},{"not_picked":["DeusExMachina","Brilliance","Devotion"],"picked":"LessonLearned","floor":16.0},{"not_picked":["JustLucky","Evaluate","Consecrate"],"picked":"Protect","floor":18.0},{"not_picked":["FlyingSleeves","PathToVictory","Halt+1","Evaluate"],"picked":"SKIP","floor":19.0},{"not_picked":["WreathOfFlame+1","ReachHeaven","Study+1","FlyingSleeves+1"],"picked":"SKIP","floor":20.0},{"not_picked":["MentalFortress","CarveReality","Indignation+1","FlurryOfBlows"],"picked":"SKIP","floor":21.0},{"not_picked":["Conclude","EmptyBody+1","EmptyFist","Sanctity"],"picked":"SKIP","floor":22.0},{"not_picked":["FlurryOfBlows","EmptyBody","Collect+1","Swivel"],"picked":"SKIP","floor":23.0},{"not_picked":["EmptyBody","ThirdEye","PathToVictory","Meditate"],"picked":"SKIP","floor":24.0},{"not_picked":["Crescendo","Protect+1","Nirvana+1","Vengeance"],"picked":"SKIP","floor":25.0},{"not_picked":["Evaluate","Consecrate+1","Perseverance+1"],"picked":"SpiritShield","floor":27.0},{"not_picked":["Nirvana","CutThroughFate+1","Prostrate"],"picked":"Scrawl","floor":28.0},{"not_picked":["EmptyBody","CrushJoints","WheelKick","Prostrate"],"picked":"SKIP","floor":29.0},{"not_picked":["Tantrum","FlyingSleeves","Prostrate","CutThroughFate"],"picked":"SKIP","floor":31},{"not_picked":["Devotion","Alpha","Omniscience"],"picked":"Ragnarok","floor":33},{"not_picked":["Evaluate+1","ThirdEye","BowlingBash","EmptyFist"],"picked":"SKIP","floor":35},{"not_picked":["Halt","TalkToTheHand+1","Protect+1"],"picked":"Wallop+1","floor":36},{"not_picked":["PathToVictory+1","Swivel","CutThroughFate+1","Pray+1"],"picked":"SKIP","floor":38},{"not_picked":["ClearTheMind+1","LessonLearned","JustLucky","ThirdEye"],"picked":"SKIP","floor":39}],"player_experience":138524,"relics_obtained":[{"floor":6.0,"key":"Vajra"},{"floor":9.0,"key":"TeardropLocket"},{"floor":13.0,"key":"Question Card"},{"floor":23.0,"key":"Juzu Bracelet"},{"floor":28.0,"key":"Eternal Feather"}],"event_choices":[{"damage_healed":0.0,"max_hp_gain":0.0,"max_hp_loss":0.0,"gold_gain":100.0,"event_name":"Golden Shrine","player_choice":"Pray","floor":5.0,"gold_loss":0.0,"damage_taken":0.0},{"damage_healed":0,"gold_gain":0,"player_choice":"Ignored","damage_taken":0,"max_hp_gain":0,"max_hp_loss":0,"event_name":"Cursed Tome","floor":30,"gold_loss":0},{"cards_removed":["Evaluate"],"damage_healed":0,"gold_gain":0,"player_choice":"Removed Skill","damage_taken":0,"max_hp_gain":0,"max_hp_loss":0,"event_name":"Falling","floor":41,"gold_loss":0},{"damage_healed":0,"gold_gain":0,"player_choice":"Ignored","damage_taken":0,"max_hp_gain":0,"max_hp_loss":0,"event_name":"Mysterious Sphere","floor":44,"gold_loss":0},{"damage_healed":0,"gold_gain":0,"player_choice":"Forge","damage_taken":0,"max_hp_gain":0,"max_hp_loss":0,"event_name":"Accursed Blacksmith","floor":45,"gold_loss":0,"cards_upgraded":["WindmillStrike"]},{"cards_removed":["Strike_P"],"damage_healed":0,"gold_gain":0,"player_choice":"Upgrade and Remove","damage_taken":0,"max_hp_gain":0,"max_hp_loss":0,"event_name":"Designer","floor":47,"gold_loss":90,"cards_upgraded":["SpiritShield"]}],"is_beta":false,"boss_relics":[{"not_picked":["Busted Crown","Snecko Eye"],"picked":"Cursed Key"},{"not_picked":["VioletLotus","SacredBark"],"picked":"Coffee Dripper"}],"items_purged_floors":[10,37],"is_endless":false,"potions_floor_spawned":[2,4,13,14,18,19,22,23,25,27,29,36],"killed_by":"Time Eater","ascension_level":0}}