{"host":"vahfsrte3c21740v","time":1611254624,"event":{"mods":["2.2 Compatiblity","AchievementEnabler","Aspiration","BaseMod","BetterRewards","Block Reminder","Colored Map","Colored Powertips","Conspire","Highlight Path","Hubris","Minty Spire (QoL Compilation)","Permanent Neow","Quick Restart","Rare Cards Sparkle","Reworked Bosses","StSLib","The Factory","The Jungle","Wandering Minibosses","everything is the same but u backflip on backflip","vexMod"],"gold_per_floor":[48,48,96,96,96,195,195,282,282,378,420,477,477,534,534,822,822,822,637,637,637,637,637,637,637,637,637,637,637,637,637,637,637,637,637,637,637,637,637,637,637,637,637,637,637,637,637,637,637,637,637,637,637,637,637],"floor_reached":56,"language":"ENG","playtime":5160,"items_purged":[],"score":1852,"play_id":"e7190df0-931d-41ec-b3d4-c58725c8c60d","local_time":"20210121184344","daily_mods":["Hoarder","Chimera","Shiny","Allstar","Red Cards","Green Cards","Blue Cards","Purple Cards","Heirloom","Time Dilation","Flight","DeadlyEvents","Binary","Cursed Run","Elite Swarm","Midas","Uncertain Future","Diverse","Colorless Cards"],"is_ascension_mode":false,"campfire_choices":[{"floor":7,"key":"RECALL"},{"floor":15,"key":"REST"},{"floor":23,"key":"REST"},{"floor":25,"key":"REST"},{"floor":32,"key":"REST"},{"floor":41,"key":"REST"},{"floor":49,"key":"REST"},{"floor":52,"key":"REST"}],"circlet_count":0,"master_deck":["Strike_R","Strike_G","Strike_B","hubris:Strike_Merchant","Defend_R","Defend_G+1","Defend_B","hubris:Defend_Merchant","hubris:MerchantsHand","hubris:MerchantsHand","Demon Form","Wraith Form v2+1","Echo Form","DevaForm","hubris:Hubris","Bash","Survivor","Zap","Eruption","Strike_R","Strike_G","Strike_B","Defend_R","Defend_G","Defend_P","Brilliance","Devotion","LessonLearned","Vault","Alpha","Establishment","DeusExMachina","Judgement","ConjureBlade","MasterReality","Blasphemy","Ragnarok","Scrawl","Wish","Omniscience","SpiritShield","DevaForm","Hyperbeam","Machine Learning","Buffer","Seek","Echo Form","All For One","Reboot","Fission","Core Surge","Thunder Strike","hubris:DoWhile","Biased Cognition","Electrodynamics","Rainbow","Meteor Strike","Amplify","hubris:Prefetch","hubris:SpecializedCircuitry","Creative AI","Corpse Explosion","Die Die Die","Adrenaline","Envenom","Doppelganger","Burst","Wraith Form v2","Tools of the Trade","After Image","A Thousand Cuts","Venomology","Malaise","Phantasmal Killer","aspiration:Lunge","Night Terror","Unload","Bullet Time","Storm of Steel","Glass Knife","Grand Finale","Double Tap","Demon Form","Fiend Fire","conspire:Purge","Berserk","Impervious","Juggernaut","Brutality","conspire:HitWhereItHurts","Exhume","Offering","Bludgeon","Feed","Limit Break","Corruption","Barricade","hubris:StunningStrike","Reaper","Immolate","Metamorphosis","Master of Strategy","Magnetism","Chrysalis","Mayhem","Secret Weapon","vexMod:StairwayStrike","Sadistic Nature","Transmutation","HandOfGreed","Apotheosis","Panache","Violence","Secret Technique","The Bomb","hubris:EnhanceAbility","Chrysalis","Chrysalis","Chrysalis","Impatience","Impatience","Impatience","PanicButton","PanicButton","PanicButton","Finesse","Finesse","Finesse","Blind","Blind","Blind","CutThroughFate","CutThroughFate","CutThroughFate","Injury","Injury","Master of Strategy+1","Master of Strategy+1","Master of Strategy+1","DeceiveReality+1","DeceiveReality+1","DeceiveReality+1","Writhe","Writhe","Writhe","hubris:EnhanceAbility","hubris:EnhanceAbility","hubris:EnhanceAbility","All For One+1","All For One+1","All For One+1","Writhe","Writhe","Writhe","Exhume+1","Exhume+1","Exhume+1","Swift Strike+1","Swift Strike+1","Swift Strike+1","Omniscience+1","Omniscience+1","Omniscience+1","Echo Form+1","Echo Form+1","Echo Form+1","Stack+1","Stack+1","Stack+1","Meteor Strike+1","Meteor Strike+1","Meteor Strike+1","Flying Knee","Flying Knee","Flying Knee","hubris:Disease","hubris:Disease","hubris:Disease","hubris:Compulsion","hubris:Compulsion","hubris:Compulsion"],"relics":["Snecko Eye","Smiling Mask","hubris:NiceRug","conspire:InfiniteJournal","Toxic Egg 2","hubris:Towel","Eternal Feather","Orichalcum","Ice Cream","Oddly Smooth Stone","Ectoplasm","theJungle:Creamberry","hubris:DeckOfHolding","Pen Nib","Calipers","Runic Dome","aspiration:HummingbirdHeart","Bottled Tornado","Bag of Marbles","aspiration:FrozenJewel","aspiration:FetidBarrel","Paper Frog"],"acts_visited":["Exordium","Exordium","theJungle:Jungle","TheEnding"],"potions_floor_usage":[21,28,31,33,35,39,50,55,55],"damage_taken":[{"damage":0,"enemies":"2 Louse","floor":1,"turns":1},{"damage":0,"enemies":"Small Slimes","floor":3,"turns":1},{"damage":7,"enemies":"Gremlin Nob","floor":6,"turns":5},{"damage":5,"enemies":"Lagavulin","floor":8,"turns":4},{"damage":9,"enemies":"Gremlin Nob","floor":10,"turns":3},{"damage":0,"enemies":"Cultist","floor":11,"turns":3},{"damage":0,"enemies":"Large Slime","floor":12,"turns":4},{"damage":2,"enemies":"3 Louse","floor":14,"turns":2},{"damage":0,"enemies":"Slime Boss","floor":16,"turns":4},{"damage":4,"enemies":"theJungle:MUSHROOMGANG","floor":18,"turns":4},{"damage":7,"enemies":"theJungle:Flameango_and_Byrd","floor":21,"turns":4},{"damage":13,"enemies":"Snake Plant","floor":22,"turns":3},{"damage":0,"enemies":"theJungle:2_Flameangoes","floor":24,"turns":5},{"damage":0,"enemies":"theJungle:Cassacara","floor":28,"turns":6},{"damage":0,"enemies":"theJungle:2_Phrogs","floor":30,"turns":5},{"damage":0,"enemies":"theJungle:Lyon","floor":31,"turns":6},{"damage":7,"enemies":"theJungle:QueenSpyder","floor":33,"turns":9},{"damage":7,"enemies":"theFactory:4_Mini-Bots","floor":35,"turns":2},{"damage":0,"enemies":"theFactory:BigBot","floor":37,"turns":2},{"damage":23,"enemies":"theFactory:Personnel_and_Mini-Bots","floor":39,"turns":5},{"damage":9,"enemies":"theFactory:Manservantes","floor":40,"turns":6},{"damage":18,"enemies":"theFactory:SmogElemental","floor":42,"turns":5},{"damage":0,"enemies":"theFactory:DrinkBrewer","floor":44,"turns":4},{"damage":0,"enemies":"theFactory:Sentries_and_Big_Bot","floor":45,"turns":3},{"damage":1,"enemies":"theFactory:ShrapnelTosser","floor":46,"turns":5},{"damage":9,"enemies":"theFactory:SmogElemental","floor":47,"turns":3},{"damage":0,"enemies":"theFactory:Personnel_and_Big_Bot","floor":48,"turns":3},{"damage":0,"enemies":"theFactory:Experiment01","floor":50,"turns":6},{"damage":0,"enemies":"Shield and Spear","floor":54,"turns":3},{"damage":15,"enemies":"The Heart","floor":55,"turns":7}],"seed_played":"8887768391490477673","potions_obtained":[{"floor":3,"key":"ElixirPotion"},{"floor":8,"key":"AttackPotion"},{"floor":14,"key":"Energy Potion"},{"floor":21,"key":"Strength Potion"},{"floor":31,"key":"BloodPotion"},{"floor":33,"key":"DuplicationPotion"},{"floor":35,"key":"LiquidBronze"}],"is_trial":true,"path_per_floor":["M","?","M","?","?","E","R","E","T","E","M","M","$","M","R","B",null,"M","?","?","M","M","R","M","R","T","T","E","$","E","M","R","B",null,"M","?","M","$","M","E","R","E","T","E","M","M","E","M","R","B",null,"R","$","E","B",null],"character_chosen":"IRONCLAD","items_purchased":[],"campfire_rested":7,"item_purchase_floors":[],"current_hp_per_floor":[75,75,75,75,75,68,75,70,70,61,61,61,61,59,75,75,75,71,71,66,59,50,75,75,75,75,75,75,75,75,75,75,72,75,68,68,68,68,49,45,80,62,62,62,80,79,70,73,83,83,83,83,83,83,83],"gold":637,"neow_bonus":"","is_daily":false,"chose_seed":false,"campfire_upgraded":0,"win_rate":0.0,"timestamp":1611254624,"path_taken":["M","?","M","?","?","E","R","E","T","E","M","M","$","M","R","BOSS","M","?","?","M","M","R","M","R","T","?","E","$","E","M","R","BOSS","M","?","M","$","M","E","R","E","T","?","?","M","E","M","R","BOSS","R","$","E","BOSS"],"items_purchased_type":[],"build_version":"2020-12-22","purchased_purges":0,"victory":true,"max_hp_per_floor":[75,75,75,75,75,75,75,75,75,75,75,75,75,75,75,75,75,75,75,75,75,75,75,75,75,75,75,75,75,75,75,75,75,75,75,75,75,75,75,80,80,80,80,80,80,80,80,83,83,83,83,83,83,83,83],"card_choices":[{"not_picked":["Outmaneuver"],"picked":"CutThroughFate","floor":1},{"not_picked":["Perfected Strike","hubris:SlightOfHand+1"],"picked":"SKIP","floor":3},{"not_picked":["Demon Form","Corpse Explosion+1"],"picked":"SKIP","floor":6},{"not_picked":["Burst+1"],"picked":"Master of Strategy+1","floor":8},{"not_picked":["Brilliance","Envenom"],"picked":"SKIP","floor":10},{"not_picked":["Cloak And Dagger+1","PiercingWail+1"],"picked":"SKIP","floor":11},{"not_picked":["Body Slam"],"picked":"DeceiveReality+1","floor":12},{"not_picked":["Prepared+1","Malaise+1"],"picked":"SKIP","floor":14},{"not_picked":["Grand Finale"],"picked":"hubris:EnhanceAbility","floor":16},{"not_picked":["Poisoned Stab","Underhanded Strike"],"picked":"SKIP","floor":18},{"not_picked":["Flechettes+1","Warcry+1"],"picked":"SKIP","floor":21},{"not_picked":["Whirlwind+1","Clash"],"picked":"SKIP","floor":22},{"not_picked":["Twin Strike+1","Backflip+1"],"picked":"SKIP","floor":24},{"not_picked":["Fission+1","Burst+1"],"picked":"SKIP","floor":28},{"not_picked":["Thinking Ahead+1"],"picked":"All For One+1","floor":30},{"not_picked":["FlyingSleeves","Genetic Algorithm+1"],"picked":"SKIP","floor":31},{"not_picked":["conspire:Purge+1"],"picked":"Exhume+1","floor":33},{"not_picked":["Blade Dance+1","Weave+1"],"picked":"SKIP","floor":35},{"not_picked":["Twin Strike+1"],"picked":"Swift Strike+1","floor":37},{"not_picked":["BowlingBash+1","Conserve Battery+1"],"picked":"SKIP","floor":39},{"not_picked":["Doppelganger+1","HandOfGreed+1"],"picked":"SKIP","floor":40},{"not_picked":["Berserk+1"],"picked":"Omniscience+1","floor":42},{"not_picked":["A Thousand Cuts+1"],"picked":"Echo Form+1","floor":44},{"not_picked":["JustLucky","SashWhip"],"picked":"SKIP","floor":45},{"not_picked":["Streamline"],"picked":"Stack+1","floor":46},{"not_picked":["Biased Cognition+1"],"picked":"Meteor Strike+1","floor":47},{"not_picked":["Well Laid Plans+1"],"picked":"Flying Knee","floor":48},{"not_picked":["Grand Finale+1","Core Surge+1"],"picked":"SKIP","floor":54}],"player_experience":86211,"relics_obtained":[{"floor":6,"key":"Eternal Feather"},{"floor":8,"key":"Orichalcum"},{"floor":9,"key":"Ice Cream"},{"floor":10,"key":"Oddly Smooth Stone"},{"floor":27,"key":"hubris:DeckOfHolding"},{"floor":28,"key":"Pen Nib"},{"floor":30,"key":"Calipers"},{"floor":40,"key":"aspiration:HummingbirdHeart"},{"floor":42,"key":"Bottled Tornado"},{"floor":43,"key":"Bag of Marbles"},{"floor":44,"key":"aspiration:FrozenJewel"},{"floor":47,"key":"aspiration:FetidBarrel"},{"floor":54,"key":"Paper Frog"}],"event_choices":[{"damage_healed":0,"gold_gain":0,"player_choice":"Upgraded","damage_taken":0,"max_hp_gain":0,"max_hp_loss":0,"event_name":"Upgrade Shrine","floor":5,"gold_loss":0,"cards_upgraded":["Wraith Form v2"]},{"damage_healed":0,"gold_gain":0,"player_choice":"Ignored","damage_taken":0,"max_hp_gain":0,"max_hp_loss":0,"event_name":"Golden Shrine","floor":36,"gold_loss":0}],"is_beta":false,"boss_relics":[{"not_picked":["hubris:ScarierMask","Empty Cage"],"picked":"Ectoplasm"},{"not_picked":["hubris:RunicObelisk","hubris:Stopwatch"],"picked":"Runic Dome"}],"items_purged_floors":[],"is_endless":false,"potions_floor_spawned":[3,8,14,21,31,33,35,37,39,46,50],"ascension_level":0}}