{"host":"kiczkwpc36uxnkg8","time":1611238976,"event":{"mods":["AchievementEnabler","Act Like it!","Aspiration","BaseMod","Better Note","Colored Powertips","Conspire","Defective Defect","Energized Spire","GifTheSpireLib","GungeonMod","Hermit","Hubris","Infinite Spire","Koishi","Marisa????????","Minty Spire (QoL Compilation)","Pale of the Ancients","Permanent Neow","Quick Restart","Relic Filter","Remilia??????","Replay The Spire","Spicy Shops","StSLib","Stuff the Spire","The Animator","The Bug Knight","The Kombatant","Uncapped","Wandering Minibosses"],"gold_per_floor":[115,115,40,40,52,52,52,52,52,63,63,77,103,113,113,214,314,330,330,344,363,363,363,393,343,343,343,343],"floor_reached":27,"language":"ENG","playtime":1215,"items_purged":["Defend_R"],"score":266,"play_id":"66b7919c-d403-416f-9b25-d0d3c62ec0eb","local_time":"20210121142256","is_ascension_mode":true,"campfire_choices":[{"data":"Heavy Blade","floor":6,"key":"SMITH"},{"floor":8,"key":"REST"},{"floor":23,"key":"REST"}],"circlet_count":0,"master_deck":["Strike_R","Strike_R","Strike_R","Strike_R","Defend_R","Defend_R","Defend_R","AbeCurse","Perfected Strike+1","Warcry","Heavy Blade","Dual Wield","Iron Wave","Clash","ReplayTheSpireMod:LeadingStrike+1"],"relics":["Abe\u0027s Treasure","Iron Hammer","Kunai","Replay:Wanted Poster","hubris:DisguiseKit","Replay:Mystery Machine"],"acts_visited":["Exordium","TheCity"],"potions_floor_usage":[13,16,24,27,27],"damage_taken":[{"damage":0,"enemies":"2 Louse","floor":1,"turns":2},{"damage":2,"enemies":"Small Slimes","floor":5,"turns":3},{"damage":0,"enemies":"Jaw Worm","floor":10,"turns":2},{"damage":5,"enemies":"Looter","floor":12,"turns":3},{"damage":17,"enemies":"Gremlin Nob","floor":13,"turns":4},{"damage":14,"enemies":"conspire:2 RoseBushes","floor":14,"turns":3},{"damage":16,"enemies":"Fading Forest","floor":16,"turns":11},{"damage":9,"enemies":"conspire:FuzzyDice","floor":18,"turns":7},{"damage":13,"enemies":"2 Thieves","floor":20,"turns":3},{"damage":37,"enemies":"Chosen and Byrds","floor":21,"turns":5},{"damage":10,"enemies":"HollowMod:Nosk","floor":24,"turns":9},{"damage":56,"enemies":"Book of Stabbing","floor":27,"turns":4}],"seed_played":"6085354449395519861","potions_obtained":[{"floor":12,"key":"LifebloodPotion"},{"floor":13,"key":"DemoMod:LeadSkinPotion"},{"floor":14,"key":"Venom Potion"},{"floor":18,"key":"SkillPotion"},{"floor":20,"key":"BloodPotion"},{"floor":24,"key":"Swift Potion"}],"is_trial":false,"path_per_floor":["M","?","$","?","M","R","?","R","T","M","?","M","E","M","R","B",null,"M","?","M","M","?","R","E","?","T","E"],"character_chosen":"IRONCLAD","items_purchased":[],"campfire_rested":2,"item_purchase_floors":[],"current_hp_per_floor":[80,80,80,80,78,78,71,80,80,80,80,75,58,44,44,40,80,71,71,58,21,21,45,35,35,35,0,0],"gold":343,"neow_bonus":"BOSS_RELIC","is_daily":false,"chose_seed":false,"campfire_upgraded":1,"win_rate":0.0,"timestamp":1611238976,"path_taken":["M","?","$","?","M","R","?","R","T","?","?","M","E","M","R","BOSS","M","?","M","?","?","R","E","?","T","E"],"items_purchased_type":[],"build_version":"2020-12-22","purchased_purges":1,"victory":false,"max_hp_per_floor":[80,80,80,80,80,80,80,80,80,80,80,80,80,80,80,80,80,80,80,80,80,80,80,80,80,80,80,80],"card_choices":[{"not_picked":["Abandon","ReplayTheSpireMod:Limb From Limb"],"picked":"Perfected Strike","floor":1},{"not_picked":["Ghostly Armor","Headbutt"],"picked":"Heavy Blade","floor":5},{"not_picked":["StuffTheSpire:Incineration","Body Slam"],"picked":"Warcry","floor":10},{"not_picked":["Ghostly Armor","Battle Trance","Iron Wave"],"picked":"SKIP","floor":12},{"not_picked":["Perfected Strike","Flame Barrier"],"picked":"Heavy Blade","floor":13},{"not_picked":["Shrug It Off","Thunderclap"],"picked":"Dual Wield","floor":14},{"not_picked":["Blood for Blood","Iron Wave+1","DemoMod:WhiteBlade"],"picked":"SKIP","floor":18},{"not_picked":["hubris:ReadiedAction+1","conspire:ExplosiveBarrier","Replay:Undeath\u0027s Touch"],"picked":"SKIP","floor":20},{"not_picked":["Shockwave","Thunderclap"],"picked":"Clash","floor":21},{"not_picked":["Run Through+1","Thunderclap"],"picked":"ReplayTheSpireMod:LeadingStrike+1","floor":24}],"player_experience":773370,"relics_obtained":[{"floor":9,"key":"Iron Hammer"},{"floor":13,"key":"Kunai"},{"floor":24,"key":"hubris:DisguiseKit"},{"floor":26,"key":"Replay:Mystery Machine"}],"event_choices":[{"cards_removed":["Bash"],"damage_healed":0,"gold_gain":0,"player_choice":"Card Removal","damage_taken":7,"max_hp_gain":0,"max_hp_loss":0,"event_name":"Golden Wing","floor":7,"gold_loss":0},{"damage_healed":0,"gold_gain":0,"player_choice":"Leave","damage_taken":0,"max_hp_gain":0,"max_hp_loss":0,"event_name":"conspire:Investor","floor":11,"gold_loss":0},{"damage_healed":0,"gold_gain":0,"player_choice":"Bought 0 Potions","damage_taken":0,"max_hp_gain":0,"max_hp_loss":0,"event_name":"The Woman in Blue","floor":19,"gold_loss":0},{"cards_removed":["Heavy Blade"],"damage_healed":0,"gold_gain":0,"player_choice":"Elegance","damage_taken":0,"max_hp_gain":0,"max_hp_loss":0,"event_name":"Back to Basics","floor":22,"gold_loss":0},{"damage_healed":0,"gold_gain":0,"player_choice":"Bet on Murderer","damage_taken":0,"max_hp_gain":0,"max_hp_loss":0,"event_name":"The Joust","floor":25,"gold_loss":50}],"is_beta":false,"boss_relics":[{"not_picked":["infinitespire:Burning Sword","conspire:RoyalGoblet"],"picked":"Replay:Wanted Poster"}],"items_purged_floors":[3],"is_endless":false,"potions_floor_spawned":[12,13,14,18,20,24],"killed_by":"Book of Stabbing","ascension_level":3}}