{"host":"ia9e4s524g7bamk7","time":1611240776,"event":{"mods":["BaseMod","Minty Spire (QoL Compilation)"],"gold_per_floor":[119,138,138,154,170,170,170,214,214,214,238,256,256,299,299,430,430,449,449,449,63,63,99,99,30,56,72,85,85,104,138,138,259,259,273,273,273,273,173,212,192,236,263,310,340,352,395,431,443,455,467,479,34,34,34],"floor_reached":54,"language":"ENG","playtime":8065,"items_purged":["Strike_R","Twin Strike+1"],"score":991,"play_id":"07d5577f-5995-4ab5-86f7-cb6163a807a5","local_time":"20210121155256","is_ascension_mode":true,"campfire_choices":[{"data":"Bash","floor":6.0,"key":"SMITH"},{"data":"Fiend Fire","floor":13.0,"key":"SMITH"},{"data":"Seeing Red","floor":15.0,"key":"SMITH"},{"data":"Reaper","floor":24.0,"key":"SMITH"},{"floor":32,"key":"REST"},{"floor":46,"key":"RECALL"},{"data":"Body Slam","floor":49,"key":"SMITH"},{"data":"Body Slam","floor":52,"key":"SMITH"}],"circlet_count":0,"master_deck":["Defend_R+1","Defend_R+1","Defend_R+1","Defend_R+1","Bash+1","Iron Wave+1","Spot Weakness+1","Fiend Fire+1","Impervious+1","Seeing Red+1","Reaper+1","Burning Pact+1","Pommel Strike+1","Dark Embrace+1","Warcry+1","Juggernaut+1","Entrench+1","Barricade+1","Warcry+1","Body Slam+1","Body Slam+1","Impervious"],"relics":["Burning Blood","NeowsBlessing","Golden Idol","Bag of Preparation","Nunchaku","Question Card","Mark of Pain","Enchiridion","Lantern","Pocketwatch","Sundial","Oddly Smooth Stone","Juzu Bracelet","Runic Dome","Mark of the Bloom","Girya","War Paint","MawBank","Red Skull","Orichalcum","Calipers"],"acts_visited":["Exordium","TheCity","TheBeyond","TheEnding"],"potions_floor_usage":[33,54,54,54],"damage_taken":[{"damage":0.0,"enemies":"Cultist","floor":1.0,"turns":1.0},{"damage":0.0,"enemies":"Jaw Worm","floor":2.0,"turns":1.0},{"damage":0.0,"enemies":"Small Slimes","floor":4.0,"turns":1.0},{"damage":6.0,"enemies":"Looter","floor":5.0,"turns":4.0},{"damage":24.0,"enemies":"Gremlin Nob","floor":8.0,"turns":4.0},{"damage":0.0,"enemies":"Blue Slaver","floor":11.0,"turns":1.0},{"damage":0.0,"enemies":"Large Slime","floor":12.0,"turns":3.0},{"damage":13.0,"enemies":"Lagavulin","floor":14.0,"turns":5.0},{"damage":30.0,"enemies":"Slime Boss","floor":16.0,"turns":8.0},{"damage":24.0,"enemies":"Shell Parasite","floor":18.0,"turns":6.0},{"damage":19.0,"enemies":"Book of Stabbing","floor":23.0,"turns":4.0},{"damage":0.0,"enemies":"Chosen","floor":27.0,"turns":1.0},{"damage":17.0,"enemies":"Centurion and Healer","floor":28.0,"turns":4.0},{"damage":0.0,"enemies":"Snecko","floor":30.0,"turns":3.0},{"damage":72.0,"enemies":"Gremlin Leader","floor":31.0,"turns":6.0},{"damage":8,"enemies":"Automaton","floor":33,"turns":16},{"damage":0,"enemies":"Orb Walker","floor":35,"turns":4},{"damage":14,"enemies":"Reptomancer","floor":40,"turns":5},{"damage":9,"enemies":"Nemesis","floor":42,"turns":5},{"damage":0,"enemies":"Giant Head","floor":44,"turns":6},{"damage":14,"enemies":"3 Shapes","floor":45,"turns":3},{"damage":0,"enemies":"Reptomancer","floor":47,"turns":8},{"damage":18,"enemies":"Transient","floor":48,"turns":5},{"damage":0,"enemies":"Awakened One","floor":50,"turns":5},{"damage":22,"enemies":"Shield and Spear","floor":54,"turns":2}],"seed_played":"-8044269042495261937","potions_obtained":[{"floor":2.0,"key":"Ancient Potion"},{"floor":5.0,"key":"FairyPotion"},{"floor":8.0,"key":"BloodPotion"},{"floor":11.0,"key":"EssenceOfSteel"},{"floor":16.0,"key":"PowerPotion"},{"floor":18.0,"key":"PowerPotion"},{"floor":35,"key":"ColorlessPotion"},{"floor":41,"key":"SteroidPotion"},{"floor":48,"key":"Weak Potion"}],"is_trial":false,"path_per_floor":["M","M","?","M","M","R","?","E","T","?","M","M","R","E","R","B",null,"M","?","?","$","?","E","R","$","T","M","M","?","M","E","R","B",null,"M","?","T","?","$","E","?","E","T","E","M","R","E","M","R","B",null,"R","$","E"],"character_chosen":"IRONCLAD","items_purchased":["Pocketwatch","Dark Embrace","Impervious","Calipers"],"campfire_rested":1,"item_purchase_floors":[21,25,53,53],"current_hp_per_floor":[80,80,60,66,66,66,59,41,41,41,63,69,69,62,62,38,80,67,51,51,51,51,38,38,38,38,44,50,50,56,17,41,39,80,80,80,80,76,76,62,62,53,53,53,39,39,39,21,21,21,21,21,21,0,0],"gold":34,"neow_bonus":"THREE_ENEMY_KILL","is_daily":false,"chose_seed":false,"campfire_upgraded":6,"win_rate":0.0,"timestamp":1611240776,"path_taken":["M","?","?","M","M","R","?","E","T","?","M","M","R","E","R","BOSS","M","?","?","$","?","E","R","$","T","M","M","?","M","E","R","BOSS","M","?","?","?","$","E","?","E","T","E","M","R","E","M","R","BOSS","R","$","E"],"items_purchased_type":["Relic","Card","Card","Relic"],"build_version":"2020-12-22","purchased_purges":2,"victory":false,"max_hp_per_floor":[80,80,80,80,80,80,80,80,80,80,80,80,80,80,80,80,80,80,80,80,80,80,80,80,80,80,80,80,80,80,80,80,80,80,80,80,80,76,76,76,76,76,76,76,76,76,76,76,76,76,76,76,76,76,76],"card_choices":[{"not_picked":["True Grit","Thunderclap","Clothesline"],"picked":"SKIP","floor":1.0},{"not_picked":["Cleave","Blood for Blood"],"picked":"Twin Strike","floor":2.0},{"not_picked":["Warcry","Reckless Charge"],"picked":"Iron Wave","floor":4.0},{"not_picked":["Headbutt","Hemokinesis"],"picked":"Spot Weakness","floor":5.0},{"not_picked":["Carnage","Inflame"],"picked":"Fiend Fire","floor":8.0},{"not_picked":["Reckless Charge","Infernal Blade","Carnage"],"picked":"SKIP","floor":11.0},{"not_picked":["Sword Boomerang","Second Wind","Rupture"],"picked":"SKIP","floor":12.0},{"not_picked":["Thunderclap","Ghostly Armor"],"picked":"Seeing Red","floor":14.0},{"not_picked":["Limit Break","Brutality","Berserk"],"picked":"Reaper","floor":16.0},{"not_picked":["Iron Wave","Sword Boomerang","Reckless Charge+1"],"picked":"Burning Pact","floor":18.0},{"not_picked":["Clothesline","Perfected Strike","Infernal Blade"],"picked":"Pommel Strike+1","floor":23.0},{"not_picked":["Seeing Red","Sword Boomerang","Thunderclap","Armaments"],"picked":"SKIP","floor":27.0},{"not_picked":["Anger","Shrug It Off","Iron Wave+1","Pommel Strike"],"picked":"SKIP","floor":28.0},{"not_picked":["Second Wind","Feel No Pain","Anger","Searing Blow"],"picked":"SKIP","floor":30.0},{"not_picked":["Power Through","Warcry","Burning Pact"],"picked":"Entrench","floor":31.0},{"not_picked":["Impervious","Offering","Reaper"],"picked":"Barricade","floor":33},{"not_picked":["Heavy Blade+1","Sword Boomerang+1","Shrug It Off+1"],"picked":"Warcry","floor":35},{"not_picked":["Twin Strike+1","Headbutt","Thunderclap","Pummel+1"],"picked":"SKIP","floor":40},{"not_picked":["Fire Breathing","Sever Soul","Corruption","Clothesline+1"],"picked":"SKIP","floor":42},{"not_picked":["Second Wind+1","Iron Wave+1","Armaments+1"],"picked":"Body Slam","floor":44},{"not_picked":["Pommel Strike","Headbutt","Twin Strike+1","True Grit"],"picked":"SKIP","floor":45},{"not_picked":["Sword Boomerang+1","Iron Wave","Armaments","Fire Breathing"],"picked":"SKIP","floor":47},{"not_picked":["Blood for Blood","Iron Wave+1","Shrug It Off"],"picked":"Body Slam","floor":48}],"player_experience":167912,"relics_obtained":[{"floor":8.0,"key":"Bag of Preparation"},{"floor":9.0,"key":"Nunchaku"},{"floor":14.0,"key":"Question Card"},{"floor":19.0,"key":"Enchiridion"},{"floor":23.0,"key":"Sundial"},{"floor":26.0,"key":"Oddly Smooth Stone"},{"floor":31.0,"key":"Juzu Bracelet"},{"floor":40,"key":"Girya"},{"floor":42,"key":"War Paint"},{"floor":43,"key":"MawBank"},{"floor":44,"key":"Red Skull"},{"floor":47,"key":"Orichalcum"}],"event_choices":[{"damage_healed":0.0,"max_hp_gain":0.0,"max_hp_loss":0.0,"gold_gain":0.0,"event_name":"Golden Idol","player_choice":"Take Damage","floor":3.0,"gold_loss":0.0,"damage_taken":20.0,"relics_obtained":["Golden Idol"]},{"cards_removed":["Strike_R"],"damage_healed":0.0,"max_hp_gain":0.0,"max_hp_loss":0.0,"gold_gain":0.0,"event_name":"Golden Wing","player_choice":"Card Removal","floor":7.0,"gold_loss":0.0,"damage_taken":7.0},{"damage_healed":0.0,"max_hp_gain":0.0,"max_hp_loss":0.0,"gold_gain":0.0,"cards_transformed":["Strike_R"],"event_name":"Living Wall","player_choice":"Change","floor":10.0,"gold_loss":0.0,"damage_taken":0.0,"cards_obtained":["Impervious"]},{"damage_healed":0.0,"max_hp_gain":0.0,"max_hp_loss":0.0,"gold_gain":0.0,"event_name":"Cursed Tome","player_choice":"Obtained Book","floor":19.0,"gold_loss":0.0,"damage_taken":16.0},{"damage_healed":0.0,"max_hp_gain":0.0,"max_hp_loss":0.0,"gold_gain":0.0,"event_name":"The Mausoleum","player_choice":"Opened","floor":20.0,"gold_loss":0.0,"damage_taken":0.0,"relics_obtained":["Lantern"],"cards_obtained":["Writhe"]},{"cards_removed":["Writhe"],"damage_healed":0.0,"max_hp_gain":0.0,"max_hp_loss":0.0,"gold_gain":0.0,"event_name":"Back to Basics","player_choice":"Elegance","floor":22.0,"gold_loss":0.0,"damage_taken":0.0},{"damage_healed":0.0,"max_hp_gain":0.0,"max_hp_loss":0.0,"gold_gain":0.0,"cards_transformed":["Strike_R","Strike_R"],"event_name":"Drug Dealer","player_choice":"Became Test Subject","floor":29.0,"gold_loss":0.0,"damage_taken":0.0,"cards_obtained":["Warcry","Juggernaut"]},{"damage_healed":0,"gold_gain":0,"player_choice":"Upgrade","damage_taken":0,"relics_obtained":["Mark of the Bloom"],"max_hp_gain":0,"max_hp_loss":0,"event_name":"MindBloom","floor":36,"gold_loss":0,"cards_upgraded":["Defend_R","Defend_R","Defend_R","Defend_R","Twin Strike","Iron Wave","Spot Weakness","Impervious","Burning Pact","Dark Embrace","Warcry","Juggernaut","Entrench","Barricade","Warcry"]},{"damage_healed":0,"gold_gain":0,"player_choice":"Max HP","damage_taken":0,"max_hp_gain":0,"max_hp_loss":4,"event_name":"Winding Halls","floor":38,"gold_loss":0},{"damage_healed":0,"gold_gain":0,"player_choice":"Bought 1 Potion","damage_taken":0,"max_hp_gain":0,"max_hp_loss":0,"event_name":"The Woman in Blue","floor":41,"gold_loss":0}],"is_beta":false,"boss_relics":[{"not_picked":["Sozu","Ectoplasm"],"picked":"Mark of Pain"},{"not_picked":["Tiny House","Black Blood"],"picked":"Runic Dome"}],"items_purged_floors":[21,39],"is_endless":false,"potions_floor_spawned":[2,5,8,11,16,18,23,28,30,35,45,48],"killed_by":"Shield and Spear","ascension_level":2}}