{"host":"sav7uxregyirlf69","time":1611209827,"event":{"mods":["AchievementEnabler","BaseMod","Colored Map","DeckTracker","Keyboard Shortcuts","Minty Spire (QoL Compilation)","READ ME - Guardian Mod","StSLib","SuperFastMode"],"gold_per_floor":[109,109,128,141,151,185,185,219,243,111,111,28,28,28],"floor_reached":13,"language":"KOR","playtime":150,"items_purged":[],"score":186,"play_id":"75baf089-25b6-469b-8762-f2dca9a08713","local_time":"20210121151707","is_ascension_mode":true,"campfire_choices":[{"data":"White Noise","floor":7,"key":"SMITH"},{"floor":11,"key":"REST"}],"circlet_count":0,"master_deck":["AscendersBane","Strike_B","Strike_B","Strike_B","Strike_B","Defend_B","Defend_B","Defend_B","Defend_B","Zap","Dualcast","White Noise+1","Cold Snap","BootSequence","Consume","Lockon"],"relics":["Cracked Core","NeowsBlessing","FaceOfCleric","Omamori","Potion Belt","Tiny Chest","Oddly Smooth Stone"],"acts_visited":["Exordium"],"potions_floor_usage":[6,6],"damage_taken":[{"damage":0,"enemies":"2 Louse","floor":1,"turns":1},{"damage":0,"enemies":"Cultist","floor":3,"turns":1},{"damage":0,"enemies":"Small Slimes","floor":4,"turns":1},{"damage":8,"enemies":"Blue Slaver","floor":5,"turns":3},{"damage":30,"enemies":"Gremlin Nob","floor":6,"turns":4},{"damage":12,"enemies":"Lagavulin","floor":8,"turns":8},{"damage":75,"enemies":"Gremlin Nob","floor":13,"turns":4}],"seed_played":"3850981954263776510","potions_obtained":[{"floor":3,"key":"FocusPotion"},{"floor":4,"key":"SkillPotion"}],"is_trial":false,"path_per_floor":["M","?","M","M","M","E","R","E","T","?","R","$","E"],"character_chosen":"DEFECT","items_purchased":["Lockon"],"campfire_rested":1,"item_purchase_floors":[12],"current_hp_per_floor":[64,64,65,66,59,30,30,19,19,19,41,41,0,0],"gold":28,"neow_bonus":"THREE_ENEMY_KILL","is_daily":false,"chose_seed":false,"campfire_upgraded":1,"win_rate":0.0,"timestamp":1611209827,"path_taken":["M","?","?","M","M","E","R","E","T","?","R","?","E"],"items_purchased_type":["Card"],"build_version":"2020-12-22","purchased_purges":0,"victory":false,"max_hp_per_floor":[71,71,72,73,74,75,75,76,76,76,76,76,76,76],"card_choices":[{"not_picked":["Leap","Coolheaded"],"picked":"White Noise","floor":1},{"not_picked":["Gash","Coolheaded"],"picked":"Cold Snap","floor":3},{"not_picked":["Ball Lightning","Multi-Cast"],"picked":"BootSequence","floor":4},{"not_picked":["Redo","Skim","Barrage"],"picked":"SKIP","floor":5},{"not_picked":["Leap","Compile Driver"],"picked":"Consume","floor":6},{"not_picked":["Blizzard","Fusion","Rebound"],"picked":"SKIP","floor":8}],"player_experience":1340960,"relics_obtained":[{"floor":6,"key":"Omamori"},{"floor":8,"key":"Potion Belt"},{"floor":9,"key":"Tiny Chest"}],"event_choices":[{"damage_healed":0,"gold_gain":0,"player_choice":"Trade","damage_taken":0,"relics_obtained":["FaceOfCleric"],"max_hp_gain":0,"max_hp_loss":0,"event_name":"FaceTrader","floor":2,"gold_loss":0},{"damage_healed":0,"gold_gain":0,"player_choice":"Paid Gold","damage_taken":0,"relics_obtained":["Oddly Smooth Stone"],"max_hp_gain":0,"max_hp_loss":0,"event_name":"WeMeetAgain","floor":10,"gold_loss":132}],"is_beta":false,"boss_relics":[],"items_purged_floors":[],"is_endless":false,"potions_floor_spawned":[3,4],"killed_by":"Gremlin Nob","ascension_level":20}}