{"host":"TheHustler","time":1611242411,"event":{"mods":["BaseMod","Block Reminder","Colored Map","Colored Powertips","Minty Spire (QoL Compilation)","Quick Restart","StSLib","SuperFastMode","Unceasing Turn Reminder"],"gold_per_floor":[114,129,79,94,109,139,139,139,164,179,194,224,224,243,243,368,368,387,406,226,245,273,273,311,311,336,336,355,355,374,393,393,518,518,537,556,575,575,575,613,613,613,638,657,676,630,630,649,649,649],"floor_reached":51,"language":"ENG","playtime":1065,"items_purged":[],"score":963,"play_id":"2109a2af-9eb1-4c1b-9cdf-ffaa3e02a6a4","local_time":"20210121162011","daily_mods":["Chimera","Hoarder","Binary"],"is_ascension_mode":false,"campfire_choices":[{"data":"Zap","floor":8.0,"key":"SMITH"},{"data":"Eruption","floor":15.0,"key":"SMITH"},{"data":"Whirlwind","floor":23.0,"key":"SMITH"},{"data":"Whirlwind","floor":25.0,"key":"SMITH"},{"floor":32.0,"key":"REST"},{"floor":42,"key":"REST"},{"floor":49,"key":"REST"}],"circlet_count":0,"master_deck":["Bash","Zap+1","Eruption+1","Strike_R+1","Strike_G","Strike_B+1","Defend_R","Defend_G","Defend_P","Whirlwind+1","Whirlwind+1","Perfected Strike","Perfected Strike","Perfected Strike","Wild Strike","Wild Strike","Wild Strike","Perfected Strike","Perfected Strike","Perfected Strike","Dropkick","Dropkick","Dropkick","Twin Strike","Twin Strike","Twin Strike","Intimidate","Intimidate","Intimidate","Clothesline","Clothesline","Clothesline","Perfected Strike","Perfected Strike","Perfected Strike","Apotheosis","Apotheosis","Apotheosis","Shrug It Off","Shrug It Off","Shrug It Off","Twin Strike+1","Twin Strike+1","Twin Strike+1","Carnage+1","Carnage+1","Carnage+1","Wild Strike","Wild Strike","Wild Strike","Shockwave+1","Shockwave+1","Shockwave+1","Barricade","Barricade","Barricade","Perfected Strike","Perfected Strike","Perfected Strike","Shockwave","Shockwave","Shockwave","Trip","Trip","Trip","Mayhem","Mayhem","Mayhem","Thinking Ahead","Thinking Ahead","Thinking Ahead","Shrug It Off","Shrug It Off","Shrug It Off","Shrug It Off","Shrug It Off","Shrug It Off","Shrug It Off","Shrug It Off","Shrug It Off"],"relics":["Burning Blood","Whetstone","Bag of Preparation","Boot","Golden Idol","Snecko Eye","Red Mask","Akabeko","Nloth\u0027s Gift","SlaversCollar","TungstenRod","Bronze Scales"],"acts_visited":["Exordium","TheCity","TheBeyond"],"potions_floor_usage":[50,50,50,50],"damage_taken":[{"damage":8.0,"enemies":"Jaw Worm","floor":1.0,"turns":4.0},{"damage":7.0,"enemies":"Small Slimes","floor":2.0,"turns":4.0},{"damage":0.0,"enemies":"2 Louse","floor":4.0,"turns":2.0},{"damage":12.0,"enemies":"2 Fungi Beasts","floor":5.0,"turns":2.0},{"damage":14.0,"enemies":"Gremlin Nob","floor":6.0,"turns":3.0},{"damage":14.0,"enemies":"Gremlin Gang","floor":10.0,"turns":2.0},{"damage":10.0,"enemies":"Looter","floor":11.0,"turns":2.0},{"damage":9.0,"enemies":"3 Sentries","floor":12.0,"turns":2.0},{"damage":8.0,"enemies":"Large Slime","floor":14.0,"turns":3.0},{"damage":0.0,"enemies":"Slime Boss","floor":16.0,"turns":2.0},{"damage":0.0,"enemies":"3 Byrds","floor":18.0,"turns":2.0},{"damage":3.0,"enemies":"Shell Parasite","floor":19.0,"turns":2.0},{"damage":0.0,"enemies":"Snake Plant","floor":21.0,"turns":1.0},{"damage":0.0,"enemies":"Masked Bandits","floor":22.0,"turns":2.0},{"damage":33.0,"enemies":"Slavers","floor":24.0,"turns":4.0},{"damage":0.0,"enemies":"Snecko","floor":28.0,"turns":2.0},{"damage":11.0,"enemies":"Shelled Parasite and Fungi","floor":30.0,"turns":2.0},{"damage":0.0,"enemies":"Chosen and Byrds","floor":31.0,"turns":1.0},{"damage":18.0,"enemies":"Collector","floor":33.0,"turns":4.0},{"damage":0.0,"enemies":"3 Shapes","floor":35.0,"turns":1.0},{"damage":11.0,"enemies":"Orb Walker","floor":36.0,"turns":2.0},{"damage":0.0,"enemies":"Maw","floor":37.0,"turns":3.0},{"damage":8,"enemies":"Nemesis","floor":40,"turns":7},{"damage":0,"enemies":"Transient","floor":44,"turns":5},{"damage":0,"enemies":"Sphere and 2 Shapes","floor":45,"turns":3},{"damage":0,"enemies":"Jaw Worm Horde","floor":48,"turns":1},{"damage":63,"enemies":"Awakened One","floor":50,"turns":8}],"seed_played":"811174962971598332","potions_obtained":[{"floor":1.0,"key":"Weak Potion"},{"floor":4.0,"key":"Fire Potion"},{"floor":6.0,"key":"DuplicationPotion"},{"floor":14.0,"key":"EntropicBrew"},{"floor":19.0,"key":"PowerPotion"}],"is_trial":false,"path_per_floor":["M","M","?","M","M","E","?","R","T","M","M","E","?","M","R","B",null,"M","M","$","M","?","R","E","R","T","?","M","$","M","M","R","B",null,"M","M","M","$","?","E","?","R","T","M","M","$","?","M","R","B",null],"character_chosen":"IRONCLAD","items_purchased":["Apotheosis","Shrug It Off"],"campfire_rested":3,"item_purchase_floors":[20,46],"current_hp_per_floor":[78,77,77,80,74,66,71,71,71,63,59,56,56,54,54,60,79,79,79,79,79,79,79,52,52,52,52,58,58,53,59,79,67,79,79,74,79,79,75,73,64,75,75,75,75,75,75,75,75,18],"gold":649,"neow_bonus":"","is_daily":true,"chose_seed":false,"campfire_upgraded":4,"win_rate":0.0,"timestamp":1611242411,"path_taken":["M","M","?","M","M","E","?","R","T","M","M","E","?","M","R","BOSS","M","M","$","M","?","R","E","R","T","?","M","$","M","M","R","BOSS","M","?","M","$","?","E","?","R","T","M","M","$","?","M","R","BOSS"],"items_purchased_type":["Card","Card"],"build_version":"2020-12-18","purchased_purges":0,"victory":true,"max_hp_per_floor":[80,80,80,80,80,80,85,85,85,85,85,85,79,79,79,79,79,79,79,79,79,79,79,79,79,79,79,79,79,79,79,79,79,79,79,79,79,79,75,75,75,75,75,75,75,75,75,75,75,75],"card_choices":[{"not_picked":["Burning Pact"],"picked":"Whirlwind","floor":1.0},{"not_picked":["Anger"],"picked":"Perfected Strike","floor":2.0},{"not_picked":["Heavy Blade"],"picked":"Wild Strike","floor":4.0},{"not_picked":["Iron Wave"],"picked":"Perfected Strike","floor":5.0},{"not_picked":["Body Slam"],"picked":"Dropkick","floor":6.0},{"not_picked":["Brutality"],"picked":"Twin Strike","floor":10.0},{"not_picked":["Headbutt","Bloodletting"],"picked":"SKIP","floor":11.0},{"not_picked":["Heavy Blade"],"picked":"Intimidate","floor":12.0},{"not_picked":["Hemokinesis","Warcry"],"picked":"SKIP","floor":14.0},{"not_picked":["Hemokinesis"],"picked":"Clothesline","floor":18.0},{"not_picked":["Iron Wave"],"picked":"Perfected Strike","floor":19.0},{"not_picked":["Wild Strike"],"picked":"Shrug It Off","floor":21.0},{"not_picked":["Thunderclap+1"],"picked":"Twin Strike+1","floor":24.0},{"not_picked":["Pommel Strike"],"picked":"Carnage+1","floor":28.0},{"not_picked":["Thunderclap"],"picked":"Wild Strike","floor":30.0},{"not_picked":["Second Wind"],"picked":"Shockwave+1","floor":31.0},{"not_picked":["Limit Break"],"picked":"Barricade","floor":33.0},{"not_picked":["Sword Boomerang+1","Thunderclap+1"],"picked":"SKIP","floor":35.0},{"not_picked":["Burning Pact"],"picked":"Perfected Strike","floor":36.0},{"not_picked":["Clash"],"picked":"Shockwave","floor":37.0},{"not_picked":["Berserk","Searing Blow+1"],"picked":"SKIP","floor":40},{"not_picked":["Purity"],"picked":"Trip","floor":41},{"not_picked":["Madness"],"picked":"Mayhem","floor":41},{"not_picked":["Secret Technique"],"picked":"Thinking Ahead","floor":41},{"not_picked":["Sword Boomerang"],"picked":"Shrug It Off","floor":44},{"not_picked":["Fire Breathing+1","Heavy Blade+1"],"picked":"SKIP","floor":45},{"not_picked":["Feed"],"picked":"Shrug It Off","floor":48}],"player_experience":642654,"relics_obtained":[{"floor":6.0,"key":"Whetstone"},{"floor":9.0,"key":"Bag of Preparation"},{"floor":12.0,"key":"Boot"},{"floor":22.0,"key":"Red Mask"},{"floor":24.0,"key":"Singing Bowl"},{"floor":26.0,"key":"Akabeko"},{"floor":40,"key":"TungstenRod"},{"floor":43,"key":"Bronze Scales"}],"event_choices":[{"cards_removed":["Whirlwind"],"damage_healed":0.0,"max_hp_gain":0.0,"max_hp_loss":0.0,"gold_gain":0.0,"event_name":"The Cleric","player_choice":"Card Removal","floor":3.0,"gold_loss":50.0,"damage_taken":0.0},{"damage_healed":0.0,"max_hp_gain":5.0,"max_hp_loss":0.0,"gold_gain":0.0,"event_name":"Big Fish","player_choice":"Donut","floor":7.0,"gold_loss":0.0,"damage_taken":0.0},{"damage_healed":0.0,"max_hp_gain":0.0,"max_hp_loss":6.0,"gold_gain":0.0,"event_name":"Golden Idol","player_choice":"Lose Max HP","floor":13.0,"gold_loss":0.0,"damage_taken":0.0,"relics_obtained":["Golden Idol"]},{"damage_healed":0.0,"max_hp_gain":0.0,"max_hp_loss":0.0,"gold_gain":0.0,"event_name":"Masked Bandits","player_choice":"Fought Bandits","floor":22.0,"gold_loss":0.0,"damage_taken":0.0},{"damage_healed":0.0,"max_hp_gain":0.0,"max_hp_loss":0.0,"gold_gain":0.0,"event_name":"N\u0027loth","player_choice":"Traded Relic","floor":27.0,"relics_lost":["Singing Bowl"],"gold_loss":0.0,"damage_taken":0.0,"relics_obtained":["Nloth\u0027s Gift"]},{"damage_healed":0.0,"max_hp_gain":0.0,"max_hp_loss":4.0,"gold_gain":0.0,"event_name":"Winding Halls","player_choice":"Max HP","floor":39.0,"gold_loss":0.0,"damage_taken":0.0},{"damage_healed":0,"gold_gain":0,"player_choice":"Memory 3","damage_taken":10,"max_hp_gain":0,"max_hp_loss":0,"event_name":"SensoryStone","floor":41,"gold_loss":0},{"cards_removed":["Survivor"],"damage_healed":0,"gold_gain":0,"player_choice":"Removed Skill","damage_taken":0,"max_hp_gain":0,"max_hp_loss":0,"event_name":"Falling","floor":47,"gold_loss":0}],"is_beta":true,"boss_relics":[{"not_picked":["SacredBark","Sozu"],"picked":"Snecko Eye"},{"not_picked":["Runic Cube","Tiny House"],"picked":"SlaversCollar"}],"items_purged_floors":[],"is_endless":false,"potions_floor_spawned":[1,4,6,14,18,19,24,30,31,36,40,45,48],"ascension_level":0}}