{"host":"lh9qfzqeqctr28d2","time":1611226037,"event":{"mods":["BaseMod","Luminous","Minty Spire (QoL Compilation)","Quick Restart","Relic Stats","Remilia£®¿Ÿ√◊¿Ú—«£©","Replay The Spire","StSLib","Yakumo Yukari mod"],"gold_per_floor":[109,109,109,119,138,163,163,163,163,163],"floor_reached":9,"language":"ZHS","playtime":319,"items_purged":[],"score":61,"play_id":"08d91f0c-46ad-43e3-b86e-51c92f519a9a","local_time":"20210121184717","is_ascension_mode":false,"campfire_choices":[],"circlet_count":0,"master_deck":["Luminous:Light_Flash_Shower","Luminous:Light_Flash_Shower+1","Luminous:Dark_Abyssal_Drop","Luminous:Dark_Abyssal_Drop","Luminous:Dark_Abyssal_Drop+1","Luminous:Defend_Luminous","Luminous:Defend_Luminous","Luminous:Defend_Luminous","Luminous:Defend_Luminous","Luminous:Switch_Luminous","Luminous:Light_Track","Luminous:Light_Wash_Luminous","Luminous:Balance_Ender"],"relics":["Luminous:MirrorRelic","NeowsBlessing","Girya"],"acts_visited":["Exordium"],"potions_floor_usage":[],"damage_taken":[{"damage":0,"enemies":"Jaw Worm","floor":1,"turns":1},{"damage":0,"enemies":"2 Louse","floor":4,"turns":1},{"damage":0,"enemies":"Small Slimes","floor":5,"turns":1},{"damage":32,"enemies":"3 Sentries","floor":6,"turns":9},{"damage":21,"enemies":"Lagavulin","floor":9,"turns":3}],"seed_played":"1564638721739743936","potions_obtained":[{"floor":1,"key":"Strength Potion"}],"is_trial":false,"path_per_floor":["M","?","?","M","M","E","PTL","PTL","E"],"character_chosen":"LuminousClass","items_purchased":[],"campfire_rested":0,"item_purchase_floors":[],"current_hp_per_floor":[75,60,53,53,53,21,21,21,0,0],"gold":163,"neow_bonus":"THREE_ENEMY_KILL","is_daily":false,"chose_seed":false,"campfire_upgraded":0,"win_rate":0.0,"timestamp":1611226037,"path_taken":["M","?","?","M","M","E","PTL","PTL","E"],"items_purchased_type":[],"build_version":"2020-12-22","purchased_purges":0,"victory":false,"max_hp_per_floor":[75,75,75,75,75,75,75,75,75,75],"relic_stats":{"counters":[5,15],"obtain_stats":[{"Girya":6,"NeowsBlessing":0,"Luminous:MirrorRelic":0},{"Girya":4,"NeowsBlessing":0,"Luminous:MirrorRelic":0},{"Girya":12,"NeowsBlessing":0,"Luminous:MirrorRelic":0}]},"card_choices":[{"not_picked":["Luminous:Light_Spectral_Light","Luminous:Light_Sylvan_Lance"],"picked":"Luminous:Light_Track","floor":1},{"not_picked":["Luminous:Blinding_Pillar_Luminous","Luminous:Light_Disperse","Luminous:Dark_Dim_Erosion"],"picked":"SKIP","floor":4},{"not_picked":["Luminous:Dark_Morning_Star","Luminous:Dark_Pressure_Void"],"picked":"Luminous:Light_Wash_Luminous","floor":5},{"not_picked":["Luminous:Light_Disperse","Luminous:Dark_Pressure_Void"],"picked":"Luminous:Balance_Ender","floor":6}],"player_experience":452353,"relics_obtained":[{"floor":6,"key":"Girya"}],"event_choices":[{"damage_healed":0,"gold_gain":0,"player_choice":"Entered Light","damage_taken":15,"max_hp_gain":0,"max_hp_loss":0,"event_name":"Shining Light","floor":2,"gold_loss":0,"cards_upgraded":["Luminous:Dark_Abyssal_Drop","Luminous:Light_Flash_Shower"]},{"cards_removed":["Luminous:Light_Flash_Shower"],"damage_healed":0,"gold_gain":0,"player_choice":"Card Removal","damage_taken":7,"max_hp_gain":0,"max_hp_loss":0,"event_name":"Golden Wing","floor":3,"gold_loss":0}],"is_beta":false,"boss_relics":[],"items_purged_floors":[],"is_endless":false,"potions_floor_spawned":[1],"killed_by":"Lagavulin","ascension_level":0}}