{"host":"ohasw6cj6ginaxmb","time":1611189149,"event":{"mods":["AchievementEnabler","Aspiration","BaseMod","BetterRewards","CapriCore","Colored Map","Friendly Minions","GifTheSpireLib","GungeonMod","Lobotomy","LobotomyExtend","Minty Spire (QoL Compilation)","Replay The Spire","StSLib","The Bladedancer"],"gold_per_floor":[114,114,133,148,166,166,166,166,166,166,193,203,3,32,47,47,47,47,47],"floor_reached":18,"language":"ENG","playtime":1025,"items_purged":["Strike_R","Defend_R"],"score":162,"play_id":"2f3f5dbb-9b90-482a-9f6c-fcac6e895b42","local_time":"20210120193229","is_ascension_mode":false,"campfire_choices":[{"data":"Anger","floor":8,"key":"SMITH"},{"data":"Bash","floor":17,"key":"SMITH"}],"circlet_count":0,"master_deck":["Strike_R","Strike_R","Strike_R","Defend_R","Defend_R","Bash+1","Flex","Combust","Twin Strike","Flex","Body Slam","Anger+1","Reaper+1","Cleave","Flex","Dazed","Headbutt+1","Pommel Strike"],"relics":["Burning Blood","BargainBundle","LetterFromLob","Omamori","aspiration:Lifesprig"],"acts_visited":["Exordium"],"potions_floor_usage":[5,12,14,14,18],"damage_taken":[{"damage":0,"enemies":"Small Slimes","floor":1,"turns":3},{"damage":7,"enemies":"Jaw Worm","floor":3,"turns":2},{"damage":2,"enemies":"Cultist","floor":4,"turns":3},{"damage":7,"enemies":"Exordium Wildlife","floor":5,"turns":3},{"damage":6,"enemies":"Gremlin Gang","floor":12,"turns":2},{"damage":19,"enemies":"Lagavulin","floor":14,"turns":3},{"damage":1,"enemies":"Large Slime","floor":15,"turns":3},{"damage":6,"enemies":"Hexaghost","floor":18,"turns":3}],"seed_played":"-6790056223532109497","potions_obtained":[{"floor":3,"key":"Toxic Potion"},{"floor":12,"key":"AttackPotion"},{"floor":14,"key":"LiquidMemories"}],"is_trial":false,"path_per_floor":["M","?","M","M","M","PTL","PTL","R","?","?","T","M","$","E","M","M","R","B"],"character_chosen":"IRONCLAD","items_purchased":["BargainBundle","Flex","Combust","Swift Potion","BlessingOfTheForge","AttackPotion","Flex","True Grit"],"campfire_rested":0,"item_purchase_floors":[0,0,0,0,0,0,13,13],"current_hp_per_floor":[80,80,79,80,79,79,79,79,72,72,72,80,80,67,80,1,1,0,0],"gold":47,"neow_bonus":"","is_daily":false,"chose_seed":false,"campfire_upgraded":2,"win_rate":0.0,"timestamp":1611189149,"path_taken":["M","?","M","M","M","PTL","PTL","R","?","?","T","M","$","E","M","M","R","BOSS"],"items_purchased_type":["Relic","Card","Card","Potion","Potion","Potion","Card","Card"],"build_version":"2020-12-22","purchased_purges":2,"victory":false,"max_hp_per_floor":[80,80,80,80,80,80,80,80,80,80,80,80,80,80,80,1,1,1,1],"card_choices":[{"not_picked":["Searing Blow","Pummel"],"picked":"Twin Strike","floor":1},{"not_picked":["Wild Strike","Sword Boomerang"],"picked":"Flex","floor":3},{"not_picked":["Run Through","Replay:Undeath\u0027s Touch"],"picked":"Body Slam","floor":4},{"not_picked":["Massacre","Power Through"],"picked":"Anger","floor":5},{"not_picked":["Clash","True Grit"],"picked":"Cleave","floor":12},{"not_picked":["Rupture","Reckless Charge"],"picked":"Headbutt","floor":14},{"not_picked":["Battle Trance","Run Through"],"picked":"Pommel Strike","floor":15}],"player_experience":33407,"relics_obtained":[{"floor":1,"key":"LetterFromLob"},{"floor":11,"key":"Omamori"},{"floor":14,"key":"aspiration:Lifesprig"}],"event_choices":[{"damage_healed":0,"gold_gain":0,"player_choice":"Leave","damage_taken":0,"max_hp_gain":0,"max_hp_loss":0,"event_name":"The Cleric","floor":2,"gold_loss":0},{"cards_removed":["Strike_R"],"damage_healed":0,"gold_gain":0,"player_choice":"Card Removal","damage_taken":7,"max_hp_gain":0,"max_hp_loss":0,"event_name":"Golden Wing","floor":9,"gold_loss":0}],"is_beta":false,"boss_relics":[],"items_purged_floors":[0,13],"is_endless":false,"potions_floor_spawned":[3,12,14],"killed_by":"Hexaghost","ascension_level":0}}