{"host":"vzkpoqyw8ea6g4k2","time":1611233562,"event":{"mods":["2.2 Compatiblity","AchievementEnabler","BaseMod","Colored Map","Colored Powertips","Dark Map","Koishi","Minty Spire (QoL Compilation)","Permanent Neow","Quick Restart","StSLib","SuperFastMode"],"gold_per_floor":[13,31,46,63,83,83,60,60,87,112,128,128,145,172,172,273,273,293,306,4,18,28,28,60,60,60,22,40,40,53,64,64,64,64],"floor_reached":33,"language":"KOR","playtime":1427,"items_purged":["Koishi:BasicStrike"],"score":283,"play_id":"8e2b2ff4-a23e-4f72-b2ca-e3f278096d34","local_time":"20210121215242","is_ascension_mode":false,"campfire_choices":[{"data":"Koishi:HauntingSlash","floor":6,"key":"SMITH"},{"data":"Koishi:StingingMind","floor":12,"key":"SMITH"},{"data":"Koishi:EmbersOfLove","floor":15,"key":"SMITH"},{"data":"Koishi:HeartStoppingHorror","floor":23,"key":"SMITH"},{"data":"Koishi:SilentAndRestless","floor":32,"key":"SMITH"}],"circlet_count":0,"master_deck":["Koishi:BasicStrike","Koishi:BasicStrike","Koishi:BasicDefend","Koishi:BasicDefend","Koishi:BasicDefend","Koishi:Provoke","Koishi:HauntingSlash+1","Koishi:EmbersOfLove","Koishi:RacingHeart","Koishi:ParalyzingFear","Koishi:Whimsy","Koishi:Whimsy","Koishi:StingingMind+1","Koishi:RacingHeart","Koishi:EmbersOfLove+1","Koishi:HeartStoppingHorror+1","CurseOfTheBell","Koishi:CatchAndRose+1","Koishi:UnseenTerror","Koishi:IdleWhim+1","Koishi:YoukaiPolygraph+1","Koishi:SilentAndRestless+1","Koishi:VengefulSpirit+1","Koishi:JumpScare+1","Koishi:RacingHeart+1"],"relics":["Koishi:ImaginaryFriend","Orichalcum","Akabeko","Happy Flower","Calling Bell","Potion Belt","Frozen Egg 2","FossilizedHelix","Membership Card","Incense Burner","Bird Faced Urn","Ornamental Fan","Nloth\u0027s Gift"],"acts_visited":["Exordium","TheCity"],"potions_floor_usage":[16,16,30,30,33],"damage_taken":[{"damage":1,"enemies":"Cultist","floor":1,"turns":4},{"damage":0,"enemies":"2 Louse","floor":2,"turns":3},{"damage":0,"enemies":"Small Slimes","floor":3,"turns":3},{"damage":10,"enemies":"3 Louse","floor":4,"turns":4},{"damage":9,"enemies":"Looter","floor":5,"turns":3},{"damage":16,"enemies":"Gremlin Nob","floor":10,"turns":5},{"damage":2,"enemies":"Blue Slaver","floor":11,"turns":3},{"damage":0,"enemies":"Exordium Wildlife","floor":13,"turns":3},{"damage":13,"enemies":"3 Sentries","floor":14,"turns":7},{"damage":38,"enemies":"The Guardian","floor":16,"turns":12},{"damage":10,"enemies":"Spheric Guardian","floor":18,"turns":4},{"damage":7,"enemies":"Shell Parasite","floor":19,"turns":4},{"damage":28,"enemies":"Sentry and Sphere","floor":21,"turns":6},{"damage":5,"enemies":"Snake Plant","floor":22,"turns":4},{"damage":28,"enemies":"Slavers","floor":24,"turns":8},{"damage":10,"enemies":"3 Cultists","floor":28,"turns":5},{"damage":0,"enemies":"Centurion and Healer","floor":30,"turns":5},{"damage":0,"enemies":"Snecko","floor":31,"turns":5},{"damage":72,"enemies":"Collector","floor":33,"turns":8}],"seed_played":"-1874440183336041264","potions_obtained":[{"floor":1,"key":"Strength Potion"},{"floor":4,"key":"Swift Potion"},{"floor":5,"key":"Fire Potion"},{"floor":14,"key":"PowerPotion"},{"floor":16,"key":"FearPotion"},{"floor":18,"key":"LiquidMemories"},{"floor":28,"key":"Block Potion"},{"floor":30,"key":"FearPotion"}],"is_trial":false,"path_per_floor":["M","M","M","M","M","R","$","?","T","E","M","R","M","E","R","B",null,"M","M","$","M","M","R","E","?","T","$","M","?","M","M","R","B"],"character_chosen":"KOISHI","items_purchased":["Koishi:StingingMind","Membership Card","Incense Burner"],"campfire_rested":0,"item_purchase_floors":[7,20,20],"current_hp_per_floor":[60,60,60,51,44,44,44,44,44,44,50,50,52,47,47,25,60,50,55,55,35,42,42,26,26,26,26,30,30,46,60,60,0,0],"gold":64,"neow_bonus":"REMOVE_TWO","is_daily":false,"chose_seed":false,"campfire_upgraded":5,"win_rate":0.0,"timestamp":1611233562,"path_taken":["M","M","M","?","M","R","$","?","T","E","M","R","M","E","R","BOSS","M","M","$","M","?","R","E","?","T","$","M","?","?","M","R","BOSS"],"items_purchased_type":["Card","Relic","Relic"],"build_version":"2020-12-22","purchased_purges":1,"victory":false,"max_hp_per_floor":[60,60,60,60,60,60,60,60,60,60,60,60,60,60,60,60,60,60,60,60,60,60,60,60,60,60,60,60,60,60,60,60,60,60],"card_choices":[{"not_picked":["Koishi:FourthEye","Koishi:BloodcurdlingScream"],"picked":"Koishi:EmbersOfLove","floor":1},{"not_picked":["Koishi:EmbersOfLove","Koishi:MassHysteria"],"picked":"Koishi:RacingHeart","floor":2},{"not_picked":["Koishi:JumpScare","Koishi:PredatoryInstincts"],"picked":"Koishi:ParalyzingFear","floor":3},{"not_picked":["Koishi:Bloodlust","Koishi:UnconsciousUprising"],"picked":"Koishi:Whimsy","floor":4},{"not_picked":["Koishi:UnconsciousUprising","Koishi:DNAsFlaw"],"picked":"Koishi:Whimsy","floor":5},{"not_picked":["Koishi:SubconsciousSweep","Koishi:RollingInRichesHeart"],"picked":"Koishi:RacingHeart","floor":10},{"not_picked":["Koishi:SubterraneanRose","Koishi:Vanish","Koishi:StingingMind"],"picked":"SKIP","floor":11},{"not_picked":["Koishi:SubterraneanRose","Koishi:DNAsFlaw"],"picked":"Koishi:EmbersOfLove","floor":13},{"not_picked":["Koishi:HeartfeltFancy","Koishi:Prune","Koishi:CatchAndRose"],"picked":"SKIP","floor":14},{"not_picked":["Koishi:HeartfeltFancy","Koishi:Prune","Koishi:CatchAndRose"],"picked":"SKIP","floor":14},{"not_picked":["Koishi:Heartbroken","Koishi:FormlessExistence"],"picked":"Koishi:HeartStoppingHorror","floor":16},{"not_picked":["Koishi:EmbryosDream","Koishi:PhantomStrike"],"picked":"Koishi:CatchAndRose+1","floor":18},{"not_picked":["Koishi:ParalyzingFear","Koishi:Bloodlust+1"],"picked":"Koishi:UnseenTerror","floor":19},{"not_picked":["Koishi:Bloodlust","Koishi:GeneticsOfTheUnconscious"],"picked":"Koishi:IdleWhim+1","floor":21},{"not_picked":["Koishi:UnansweredLove+1","Koishi:PhantomStrike"],"picked":"Koishi:YoukaiPolygraph+1","floor":22},{"not_picked":["Koishi:PhantomStrike","Koishi:GhostParty"],"picked":"Koishi:SilentAndRestless","floor":24},{"not_picked":["Koishi:PhantomBarrier+1","Koishi:EmbryosDream"],"picked":"Koishi:VengefulSpirit+1","floor":28},{"not_picked":["Koishi:DanmakuParanoia","Koishi:UnconsciousUrges+1"],"picked":"Koishi:JumpScare+1","floor":30},{"not_picked":["Koishi:PhantomStrike","Koishi:SpiritedAway"],"picked":"Koishi:RacingHeart+1","floor":31}],"player_experience":22349,"relics_obtained":[{"floor":9,"key":"Orichalcum"},{"floor":10,"key":"Akabeko"},{"floor":14,"key":"Happy Flower"},{"floor":17,"key":"Potion Belt"},{"floor":17,"key":"Frozen Egg 2"},{"floor":17,"key":"FossilizedHelix"},{"floor":24,"key":"Bird Faced Urn"},{"floor":26,"key":"Ornamental Fan"}],"event_choices":[{"damage_healed":0,"gold_gain":0,"player_choice":"Got Potions","damage_taken":0,"max_hp_gain":0,"max_hp_loss":0,"event_name":"Lab","floor":8,"gold_loss":0},{"damage_healed":0,"gold_gain":0,"player_choice":"Inject Mutagens","damage_taken":0,"relics_obtained":["MutagenicStrength"],"max_hp_gain":0,"max_hp_loss":0,"event_name":"Drug Dealer","floor":25,"gold_loss":0},{"damage_healed":0,"gold_gain":0,"player_choice":"Traded Relic","damage_taken":0,"relics_obtained":["Nloth\u0027s Gift"],"max_hp_gain":0,"max_hp_loss":0,"event_name":"N\u0027loth","floor":29,"relics_lost":["MutagenicStrength"],"gold_loss":0}],"is_beta":false,"boss_relics":[{"not_picked":["Runic Dome","Coffee Dripper"],"picked":"Calling Bell"}],"items_purged_floors":[27],"is_endless":false,"potions_floor_spawned":[1,4,5,11,14,16,18,28,30],"killed_by":"Collector","ascension_level":0}}