{"host":"9l1knhxfturzliqa","time":1611200651,"event":{"mods":["BaseMod","Colored Map","Colored Powertips","DeckTracker","Highlight Path","Keyboard Shortcuts","Minty Spire (QoL Compilation)","Random Character Button"],"gold_per_floor":[117,117,117,135,154,183,183,31,31,31,31,65,85,96,96,167,167,187,200,210,227,240,240,270,270,295,295,295,2,16,16,16,88,88,105,118,118,135,0,0,0,0,51,51,63,73,92,125,125,125],"floor_reached":51,"language":"KOR","playtime":3684,"items_purged":["Defend_G","Strike_G"],"score":1529,"play_id":"fe150478-81cc-40fa-b895-c763f2abb329","local_time":"20210121124411","is_ascension_mode":true,"campfire_choices":[{"data":"Noxious Fumes","floor":7.0,"key":"SMITH"},{"floor":10.0,"key":"REST"},{"floor":15.0,"key":"REST"},{"floor":23.0,"key":"REST"},{"data":"Adrenaline","floor":25.0,"key":"SMITH"},{"data":"Burst","floor":28.0,"key":"SMITH"},{"data":"Catalyst","floor":32.0,"key":"SMITH"},{"data":"Madness","floor":40.0,"key":"SMITH"},{"data":"Madness","floor":41.0,"key":"SMITH"},{"data":"Night Terror","floor":42.0,"key":"SMITH"},{"floor":49.0,"key":"REST"}],"circlet_count":0,"master_deck":["AscendersBane","Strike_G+1","Strike_G+1","Defend_G+1","Defend_G+1","Defend_G+1","Survivor+1","Neutralize+1","Reflex+1","Noxious Fumes+1","Masterful Stab+1","Deadly Poison+1","Cloak And Dagger+1","Burst+1","Crippling Poison+1","Flechettes+1","Corpse Explosion+1","Backflip+1","Prepared+1","Adrenaline+1","Prepared+1","Catalyst+1","Bouncing Flask+1","Night Terror+1","Calculated Gamble+1","Madness+1","Madness+1","Reflex+1"],"relics":["Ring of the Snake","Ornamental Fan","Matryoshka","White Beast Statue","Empty Cage","Happy Flower","Question Card","War Paint","Oddly Smooth Stone","WingedGreaves","Toy Ornithopter","Busted Crown","Red Mask","Anchor","Mark of the Bloom","Kunai"],"acts_visited":["Exordium","TheCity","TheBeyond"],"potions_floor_usage":[50,50],"damage_taken":[{"damage":0.0,"enemies":"2 Louse","floor":1.0,"turns":4.0},{"damage":7.0,"enemies":"Small Slimes","floor":4.0,"turns":5.0},{"damage":1.0,"enemies":"Cultist","floor":5.0,"turns":4.0},{"damage":14.0,"enemies":"Lagavulin","floor":6.0,"turns":5.0},{"damage":25.0,"enemies":"Gremlin Nob","floor":12.0,"turns":4.0},{"damage":12.0,"enemies":"Exordium Thugs","floor":13.0,"turns":5.0},{"damage":3.0,"enemies":"Looter","floor":14.0,"turns":4.0},{"damage":21.0,"enemies":"Hexaghost","floor":16.0,"turns":11.0},{"damage":3.0,"enemies":"Spheric Guardian","floor":18.0,"turns":3.0},{"damage":12.0,"enemies":"3 Byrds","floor":19.0,"turns":3.0},{"damage":11.0,"enemies":"Cultist and Chosen","floor":20.0,"turns":5.0},{"damage":0.0,"enemies":"3 Cultists","floor":21.0,"turns":2.0},{"damage":0.0,"enemies":"Sentry and Sphere","floor":22.0,"turns":2.0},{"damage":19.0,"enemies":"Slavers","floor":24.0,"turns":2.0},{"damage":0.0,"enemies":"Snecko","floor":30.0,"turns":4.0},{"damage":25.0,"enemies":"Champ","floor":33.0,"turns":7.0},{"damage":0.0,"enemies":"3 Darklings","floor":35.0,"turns":2.0},{"damage":0.0,"enemies":"Orb Walker","floor":36.0,"turns":2.0},{"damage":16.0,"enemies":"Maw","floor":38.0,"turns":6.0},{"damage":0.0,"enemies":"Transient","floor":45.0,"turns":2.0},{"damage":0.0,"enemies":"4 Shapes","floor":46.0,"turns":4.0},{"damage":0.0,"enemies":"Maw","floor":47.0,"turns":2.0},{"damage":0.0,"enemies":"Nemesis","floor":48.0,"turns":3.0},{"damage":0,"enemies":"Time Eater","floor":50,"turns":2}],"seed_played":"4609803300229515241","potions_obtained":[{"floor":1.0,"key":"PowerPotion"},{"floor":6.0,"key":"Block Potion"},{"floor":11.0,"key":"SneckoOil"},{"floor":12.0,"key":"SkillPotion"},{"floor":13.0,"key":"Weak Potion"},{"floor":14.0,"key":"GamblersBrew"},{"floor":16.0,"key":"Poison Potion"},{"floor":18.0,"key":"BlessingOfTheForge"},{"floor":20.0,"key":"SteroidPotion"},{"floor":21.0,"key":"PowerPotion"},{"floor":22.0,"key":"EntropicBrew"},{"floor":24.0,"key":"Swift Potion"},{"floor":30.0,"key":"FearPotion"},{"floor":33.0,"key":"DuplicationPotion"},{"floor":35.0,"key":"Poison Potion"},{"floor":36.0,"key":"Swift Potion"},{"floor":38.0,"key":"PowerPotion"},{"floor":45.0,"key":"GamblersBrew"},{"floor":48.0,"key":"SkillPotion"}],"is_trial":false,"path_per_floor":["M","?","?","M","M","E","R","$","T","R","?","E","M","M","R","B",null,"M","M","M","M","M","R","E","R","T","T","R","$","M","?","R","B",null,"M","M","?","M","?","R","R","R","T","?","M","M","M","E","R","B",null],"character_chosen":"THE_SILENT","items_purchased":["Burst","Toy Ornithopter","Prepared"],"campfire_rested":4,"item_purchase_floors":[8,29,29],"current_hp_per_floor":[65,43,43,36,35,21,21,21,21,42,42,17,5,2,23,2,55,52,40,29,29,29,50,31,31,31,31,31,31,36,36,36,16,58,63,63,50,39,39,39,39,39,39,39,39,39,39,39,39,39],"gold":125,"neow_bonus":"TEN_PERCENT_HP_BONUS","is_daily":false,"chose_seed":false,"campfire_upgraded":7,"win_rate":0.0,"timestamp":1611200651,"path_taken":["M","?","?","M","?","E","R","?","T","R","?","E","M","M","R","BOSS","M","?","M","M","M","R","E","R","T","?","R","$","M","?","R","BOSS","M","M","?","M","?","R","R","R","T","?","M","M","M","E","R","BOSS"],"items_purchased_type":["Card","Relic","Card"],"build_version":"2020-12-22","purchased_purges":2,"victory":true,"max_hp_per_floor":[72,72,72,72,72,72,72,72,72,72,72,72,72,72,72,72,72,72,72,72,72,72,72,72,72,72,72,72,72,72,72,72,72,72,72,72,72,72,72,72,72,72,72,72,72,72,72,72,72,72],"card_choices":[{"not_picked":["Distraction","Flechettes"],"picked":"Reflex","floor":1.0},{"not_picked":["Deadly Poison","Quick Slash"],"picked":"Masterful Stab","floor":4.0},{"not_picked":["Quick Slash","Flying Knee"],"picked":"Deadly Poison","floor":5.0},{"not_picked":["Dash","Slice"],"picked":"Cloak And Dagger","floor":6.0},{"not_picked":["Underhanded Strike","Choke","Outmaneuver"],"picked":"SKIP","floor":12.0},{"not_picked":["Dash","Deflect"],"picked":"Crippling Poison","floor":13.0},{"not_picked":["Setup","Underhanded Strike"],"picked":"Flechettes","floor":14.0},{"not_picked":["Doppelganger","Storm of Steel"],"picked":"Corpse Explosion","floor":16.0},{"not_picked":["Sucker Punch","Skewer","Masterful Stab"],"picked":"SKIP","floor":18.0},{"not_picked":["Quick Slash","Expertise","Flying Knee"],"picked":"SKIP","floor":19.0},{"not_picked":["Predator","Concentrate"],"picked":"Backflip","floor":20.0},{"not_picked":["Flying Knee","Deadly Poison"],"picked":"Prepared","floor":21.0},{"not_picked":["Slice","Blade Dance","Caltrops"],"picked":"SKIP","floor":22.0},{"not_picked":["Underhanded Strike","Cloak And Dagger"],"picked":"Adrenaline","floor":24.0},{"not_picked":["Backstab","Well Laid Plans+1","Flying Knee"],"picked":"Catalyst","floor":30.0},{"not_picked":["After Image","Storm of Steel","Envenom"],"picked":"Night Terror","floor":33.0},{"not_picked":["Dash"],"picked":"Calculated Gamble+1","floor":35.0},{"not_picked":["Sucker Punch","Accuracy"],"picked":"SKIP","floor":36.0},{"not_picked":["Heel Hook+1"],"picked":"Reflex","floor":38.0},{"not_picked":["Slice+1","Bane+1"],"picked":"SKIP","floor":45.0},{"not_picked":["Predator","Backflip"],"picked":"SKIP","floor":46.0},{"not_picked":["Sucker Punch+1","Acrobatics"],"picked":"SKIP","floor":47.0},{"not_picked":["Masterful Stab","Corpse Explosion"],"picked":"SKIP","floor":48.0}],"player_experience":508083,"relics_obtained":[{"floor":6.0,"key":"Ornamental Fan"},{"floor":9.0,"key":"Matryoshka"},{"floor":12.0,"key":"White Beast Statue"},{"floor":24.0,"key":"Happy Flower"},{"floor":26.0,"key":"Question Card"},{"floor":26.0,"key":"War Paint"},{"floor":27.0,"key":"Oddly Smooth Stone"},{"floor":27.0,"key":"WingedGreaves"},{"floor":43.0,"key":"Anchor"},{"floor":48.0,"key":"Kunai"}],"event_choices":[{"damage_healed":0.0,"max_hp_gain":0.0,"max_hp_loss":0.0,"gold_gain":0.0,"event_name":"Shining Light","player_choice":"Entered Light","floor":2.0,"gold_loss":0.0,"damage_taken":22.0,"cards_upgraded":["Strike_G","Strike_G"]},{"damage_healed":0.0,"max_hp_gain":0.0,"max_hp_loss":0.0,"gold_gain":0.0,"cards_transformed":["Strike_G"],"event_name":"Transmorgrifier","player_choice":"Transformed","floor":3.0,"gold_loss":0.0,"damage_taken":0.0,"cards_obtained":["Noxious Fumes"]},{"damage_healed":0.0,"max_hp_gain":0.0,"max_hp_loss":0.0,"gold_gain":0.0,"event_name":"Lab","player_choice":"Got Potions","floor":11.0,"gold_loss":0.0,"damage_taken":0.0},{"damage_healed":0.0,"max_hp_gain":0.0,"max_hp_loss":0.0,"gold_gain":0.0,"event_name":"The Library","player_choice":"Read","floor":31.0,"gold_loss":0.0,"damage_taken":0.0,"cards_obtained":["Bouncing Flask"]},{"damage_healed":0.0,"max_hp_gain":0.0,"max_hp_loss":0.0,"gold_gain":0.0,"event_name":"Winding Halls","player_choice":"Embrace Madness","floor":37.0,"gold_loss":0.0,"damage_taken":13.0,"cards_obtained":["Madness","Madness"]},{"damage_healed":0.0,"max_hp_gain":0.0,"max_hp_loss":0.0,"gold_gain":0.0,"event_name":"Tomb of Lord Red Mask","player_choice":"Paid","floor":39.0,"gold_loss":135.0,"damage_taken":0.0,"relics_obtained":["Red Mask"]},{"damage_healed":0.0,"max_hp_gain":0.0,"max_hp_loss":0.0,"gold_gain":0.0,"event_name":"MindBloom","player_choice":"Upgrade","floor":44.0,"gold_loss":0.0,"damage_taken":0.0,"cards_upgraded":["Defend_G","Defend_G","Defend_G","Survivor","Neutralize","Reflex","Masterful Stab","Cloak And Dagger","Crippling Poison","Flechettes","Corpse Explosion","Backflip","Prepared","Bouncing Flask","Reflex"],"relics_obtained":["Mark of the Bloom"]}],"is_beta":false,"boss_relics":[{"not_picked":["Philosopher\u0027s Stone","Cursed Key"],"picked":"Empty Cage"},{"not_picked":["Runic Dome","Black Star"],"picked":"Busted Crown"}],"items_purged_floors":[8,29],"is_endless":false,"potions_floor_spawned":[1,6,12,13,14,16,18,19,20,21,22,24,30,33,35,36,38,45,46,47,48],"ascension_level":19}}