{"host":"ifd7sfhtlbe34qll","time":1611205936,"event":{"mods":["2.2 Compatiblity","BaseMod","Block Reminder","Colored Map","Curses Come First","Highlight Path","Minty Spire (QoL Compilation)","Potion Indicator Mod","Quick Restart","Relic Stats","StSLib"],"gold_per_floor":[113,125,125,95,105,136,148,148,148,161,171,203,203,30,30,109,109,119,132,27,27,43,73,85,97,109,146,158,185,197,124,136,148,148],"floor_reached":33,"language":"ENG","playtime":1134,"items_purged":[],"score":590,"play_id":"4df28c94-3e2d-4033-bb69-6c22f708cca4","local_time":"20210120231216","is_ascension_mode":true,"campfire_choices":[{"floor":8.0,"key":"REST"},{"floor":13.0,"key":"REST"},{"floor":15.0,"key":"REST"},{"floor":24,"key":"REST"},{"floor":28,"key":"REST"},{"floor":32,"key":"REST"}],"circlet_count":0,"master_deck":["AscendersBane","Strike_G","Strike_G","Strike_G","Strike_G","Strike_G","Defend_G","Defend_G","Defend_G+1","Defend_G","Defend_G","Survivor+1","Neutralize+1","Dagger Spray","Predator","Dagger Spray","Venomology","Masterful Stab","PiercingWail","Dash","Noxious Fumes","Dagger Spray","Skewer","Malaise","Crippling Poison","Footwork","Backflip","Well Laid Plans","Deadly Poison+1","Footwork","Dodge and Roll+1","Envenom","Sucker Punch+1"],"relics":["Fusion Hammer","Dream Catcher","War Paint","StrikeDummy","Chemical X","Black Star","Mummified Hand","MawBank","Meat on the Bone","Bottled Lightning","Smiling Mask","Matryoshka"],"acts_visited":["Exordium","TheCity"],"potions_floor_usage":[23,23,27,27,29,33,33],"damage_taken":[{"damage":0.0,"enemies":"Small Slimes","floor":1.0,"turns":4.0},{"damage":1.0,"enemies":"Cultist","floor":2.0,"turns":4.0},{"damage":9.0,"enemies":"Jaw Worm","floor":5.0,"turns":4.0},{"damage":7.0,"enemies":"3 Sentries","floor":6.0,"turns":5.0},{"damage":9.0,"enemies":"Blue Slaver","floor":7.0,"turns":3.0},{"damage":0.0,"enemies":"3 Louse","floor":10.0,"turns":3.0},{"damage":0.0,"enemies":"2 Fungi Beasts","floor":11.0,"turns":2.0},{"damage":6.0,"enemies":"Gremlin Nob","floor":12.0,"turns":3.0},{"damage":28.0,"enemies":"Slime Boss","floor":16.0,"turns":6.0},{"damage":10.0,"enemies":"Shell Parasite","floor":18.0,"turns":6.0},{"damage":6.0,"enemies":"Chosen","floor":19.0,"turns":5.0},{"damage":6.0,"enemies":"Snake Plant","floor":22.0,"turns":5.0},{"damage":34,"enemies":"Gremlin Leader","floor":23,"turns":8},{"damage":16,"enemies":"Slavers","floor":27,"turns":4},{"damage":35,"enemies":"Sentry and Sphere","floor":29,"turns":8},{"damage":40,"enemies":"Collector","floor":33,"turns":5}],"seed_played":"806417857028430801","potions_obtained":[{"floor":2.0,"key":"GamblersBrew"},{"floor":4.0,"key":"BlessingOfTheForge"},{"floor":6.0,"key":"FearPotion"},{"floor":22.0,"key":"Energy Potion"},{"floor":23,"key":"Swift Potion"}],"is_trial":false,"path_per_floor":["M","M","?","?","M","E","M","R","T","M","M","E","R","$","R","B",null,"M","M","$","?","M","E","R","?","T","E","R","M","$","?","R","B"],"character_chosen":"THE_SILENT","items_purchased":["Chemical X","Footwork","Backflip"],"campfire_rested":6,"item_purchase_floors":[14,20,20],"current_hp_per_floor":[59,58,58,58,49,42,33,52,52,52,52,46,65,65,66,38,59,49,43,43,43,37,3,22,22,22,18,37,14,14,14,33,0,0],"gold":148,"neow_bonus":"BOSS_RELIC","is_daily":false,"chose_seed":false,"campfire_upgraded":0,"win_rate":0.0,"timestamp":1611205936,"path_taken":["M","M","?","?","M","E","?","R","T","M","M","E","R","$","R","BOSS","M","?","$","?","M","E","R","?","T","E","R","M","$","?","R","BOSS"],"items_purchased_type":["Relic","Card","Card"],"build_version":"2020-12-22","purchased_purges":0,"victory":false,"max_hp_per_floor":[66,66,66,66,66,66,66,66,66,66,66,66,66,66,66,66,66,66,66,66,66,66,66,66,66,66,66,66,66,66,66,66,66,66],"relic_stats":{"Dream Catcher":6,"counters":[16,75],"Mummified Hand":[9],"Black Star":2,"Chemical X":[16],"War Paint":["Defend_G","Survivor"],"MawBank":120,"Smiling Mask":0,"obtain_stats":[{"War Paint":9,"MawBank":23,"Smiling Mask":27,"Dream Catcher":6,"Matryoshka":31,"Mummified Hand":23,"Fusion Hammer":0,"Black Star":17,"Chemical X":14,"Bottled Lightning":27,"StrikeDummy":12,"Ring of the Snake":0,"Meat on the Bone":26},{"War Paint":5,"MawBank":13,"Smiling Mask":14,"Dream Catcher":4,"Matryoshka":15,"Mummified Hand":13,"Fusion Hammer":0,"Black Star":9,"Chemical X":8,"Bottled Lightning":14,"StrikeDummy":8,"Ring of the Snake":0,"Meat on the Bone":13},{"War Paint":20,"MawBank":58,"Smiling Mask":62,"Dream Catcher":17,"Matryoshka":70,"Mummified Hand":58,"Fusion Hammer":0,"Black Star":34,"Chemical X":28,"Bottled Lightning":62,"StrikeDummy":28,"Ring of the Snake":0,"Meat on the Bone":58}],"Meat on the Bone":24},"card_choices":[{"not_picked":["Blade Dance","Dagger Throw"],"picked":"Dagger Spray","floor":1.0},{"not_picked":["Bane","Prepared"],"picked":"Predator","floor":2.0},{"not_picked":["Tactician","Blade Dance"],"picked":"Dagger Spray","floor":5.0},{"not_picked":["Bouncing Flask","Flechettes"],"picked":"Venomology","floor":6.0},{"not_picked":["Blade Dance","PiercingWail"],"picked":"Masterful Stab","floor":7.0},{"not_picked":["Quick Slash","Cloak And Dagger"],"picked":"PiercingWail","floor":8.0},{"not_picked":["Flying Knee","Dagger Spray"],"picked":"Dash","floor":10.0},{"not_picked":["Heel Hook","Blade Dance"],"picked":"Noxious Fumes","floor":11.0},{"not_picked":["Dodge and Roll","Blade Dance"],"picked":"Dagger Spray","floor":12.0},{"not_picked":["Acrobatics","Unload"],"picked":"Skewer","floor":13.0},{"not_picked":["Burst","Wraith Form v2"],"picked":"Malaise","floor":16.0},{"not_picked":["Underhanded Strike+1","Flying Knee","Quick Slash"],"picked":"SKIP","floor":18.0},{"not_picked":["Concentrate","Flying Knee"],"picked":"Crippling Poison","floor":19.0},{"not_picked":["PiercingWail","Quick Slash"],"picked":"Well Laid Plans","floor":22.0},{"not_picked":["Caltrops","Dodge and Roll"],"picked":"Deadly Poison+1","floor":23},{"not_picked":["Deadly Poison","Dagger Spray"],"picked":"Footwork","floor":24},{"not_picked":["Slice","Terror"],"picked":"Dodge and Roll+1","floor":27},{"not_picked":["Setup","Dagger Spray"],"picked":"Envenom","floor":28},{"not_picked":["Tactician","Distraction","Reflex"],"picked":"SKIP","floor":29},{"not_picked":["Deflect","Slice"],"picked":"Sucker Punch+1","floor":32}],"player_experience":1446667,"relics_obtained":[{"floor":6.0,"key":"Dream Catcher"},{"floor":9.0,"key":"War Paint"},{"floor":12.0,"key":"StrikeDummy"},{"floor":23,"key":"Mummified Hand"},{"floor":23,"key":"MawBank"},{"floor":26,"key":"Meat on the Bone"},{"floor":27,"key":"Bottled Lightning"},{"floor":27,"key":"Smiling Mask"}],"event_choices":[{"damage_healed":0.0,"max_hp_gain":0.0,"max_hp_loss":0.0,"gold_gain":0.0,"event_name":"Living Wall","player_choice":"Grow","floor":3.0,"gold_loss":0.0,"damage_taken":0.0,"cards_upgraded":["Neutralize"]},{"damage_healed":0.0,"max_hp_gain":0.0,"max_hp_loss":0.0,"gold_gain":0.0,"event_name":"The Woman in Blue","player_choice":"Bought 2 Potions","floor":4.0,"gold_loss":0.0,"damage_taken":0.0},{"damage_healed":0.0,"max_hp_gain":0.0,"max_hp_loss":0.0,"gold_gain":0.0,"event_name":"The Mausoleum","player_choice":"Ignored","floor":21.0,"gold_loss":0.0,"damage_taken":0.0},{"damage_healed":0,"gold_gain":0,"player_choice":"Ignored","damage_taken":0,"max_hp_gain":0,"max_hp_loss":0,"event_name":"Cursed Tome","floor":25,"gold_loss":0},{"damage_healed":0,"gold_gain":0,"player_choice":"Obtained Relic","damage_taken":0,"relics_obtained":["Matryoshka"],"max_hp_gain":0,"max_hp_loss":0,"event_name":"Addict","floor":31,"gold_loss":85}],"is_beta":false,"boss_relics":[{"not_picked":["Astrolabe","Velvet Choker"],"picked":"Black Star"}],"items_purged_floors":[],"is_endless":false,"potions_floor_spawned":[2,6,10,22,23],"killed_by":"Collector","ascension_level":20}}