{"host":"0fm1w3v00gid44jl","time":1611204099,"event":{"mods":["AchievementEnabler","BaseMod","Colored Map","Colored Powertips","Displayed Cursed Tome","Downfall","Googly Eyes","Highlight Path","Minty Spire (QoL Compilation)","Permanent Neow","Relic Stats","StSLib","SuperFastMode","slay the spire mod where everything is the same but ironclad has a cowboy hat"],"gold_per_floor":[0,12,31,47,47,66,116,147,30,30,30,15,15,25,42,146,146,46,62,47,66,85,185,185,185,198,198,223,239,239,189,200,200,200,200],"floor_reached":33,"language":"ENG","playtime":1623,"items_purged":[],"score":294,"play_id":"ec690356-ae28-4135-b34c-818c8a2c935d","local_time":"20210120224139","is_ascension_mode":false,"campfire_choices":[{"data":"bronze:Goto","floor":1,"key":"SMITH"},{"floor":11,"key":"REST"},{"floor":13,"key":"REST"},{"data":"bronze:SpaghettiCode","floor":18,"key":"SMITH"},{"data":"bronze:Verify","floor":25,"key":"SMITH"},{"data":"bronze:ClassDefault","floor":30,"key":"SMITH"}],"circlet_count":0,"master_deck":["bronze:Strike","bronze:Strike","bronze:Strike","bronze:Strike","bronze:Defend","bronze:Defend","bronze:Defend","bronze:Defend","bronze:Replicate","bronze:Goto+1","bronze:ForLoop","bronze:Separator","bronze:ChosenStrike","bronze:OilSpill","bronze:FollowUp","bronze:Return","bronze:ChosenStrike","bronze:Philosophize+1","bronze:InfiniteBeams","bronze:WhirlingStrike","bronze:FineTuning","bronze:Turbo","bronze:Constructor","bronze:SpaghettiCode+1","bronze:Frontload","bronze:FineTuning","bronze:DelayedGuard","bronze:DonuBeam","bronze:Verify+1","bronze:BronzeOrb+1","bronze:SpaghettiCode+1","bronze:ClassDefault","bronze:Repair","bronze:ClassDefault+1","bronze:FineTuning"],"relics":["bronze:PlatinumCore","Turnip","bronze:BottledCode","Dream Catcher","Happy Flower","downfall:HeartBlessingGreen","Pear","Prayer Wheel"],"acts_visited":["Exordium","TheCity"],"potions_floor_usage":[33],"damage_taken":[{"damage":1,"enemies":"Cultist","floor":2,"turns":3},{"damage":3,"enemies":"2 Louse","floor":3,"turns":4},{"damage":2,"enemies":"Small Slimes","floor":4,"turns":4},{"damage":8,"enemies":"2 Fungi Beasts","floor":6,"turns":4},{"damage":19,"enemies":"3 Sentries","floor":8,"turns":6},{"damage":2,"enemies":"downfall:FleeingMerchant","floor":9,"turns":4},{"damage":7,"enemies":"downfall:FleeingMerchant","floor":12,"turns":4},{"damage":0,"enemies":"Large Slime","floor":14,"turns":4},{"damage":0,"enemies":"3 Louse","floor":15,"turns":2},{"damage":18,"enemies":"IC_STATUS_ARCHETYPE","floor":16,"turns":6},{"damage":0,"enemies":"Spheric Guardian","floor":19,"turns":3},{"damage":0,"enemies":"downfall:FleeingMerchant","floor":20,"turns":4},{"damage":0,"enemies":"Chosen","floor":21,"turns":4},{"damage":0,"enemies":"Shelled Parasite and Fungi","floor":22,"turns":4},{"damage":14,"enemies":"Shelled Parasite and Fungi","floor":23,"turns":3},{"damage":0,"enemies":"Cultist and Chosen","floor":26,"turns":4},{"damage":22,"enemies":"Slavers","floor":28,"turns":3},{"damage":2,"enemies":"Chosen and Byrds","floor":29,"turns":3},{"damage":0,"enemies":"Snake Plant","floor":32,"turns":2},{"damage":68,"enemies":"DF_ARCHETYPE_CLAW","floor":33,"turns":9}],"seed_played":"6332353643168059785","potions_obtained":[{"floor":4,"key":"Weak Potion"},{"floor":6,"key":"SneckoOil"},{"floor":8,"key":"Energy Potion"},{"floor":14,"key":"AttackPotion"},{"floor":32,"key":"bronze:CleanCodePotion"}],"is_trial":false,"path_per_floor":["R","M","M","M","?","M","T","E","$","?","R","$","R","M","M","B",null,"R","M","$","M","M","?","T","R","M","?","E","M","R","?","M","B"],"character_chosen":"THE_AUTOMATON","items_purchased":["bronze:ChosenStrike","bronze:Philosophize"],"campfire_rested":2,"item_purchase_floors":[9,9],"current_hp_per_floor":[70,69,66,64,60,52,52,33,31,31,49,42,60,60,60,42,60,60,60,60,60,60,46,56,56,56,56,34,32,32,60,60,0,0,0],"gold":200,"neow_bonus":"ONE_RARE_RELIC","is_daily":false,"chose_seed":false,"campfire_upgraded":4,"win_rate":0.0,"timestamp":1611204099,"path_taken":["R","?","M","M","?","M","T","E","$","?","R","$","R","M","M","BOSS","R","M","$","M","M","?","T","R","M","?","E","?","R","?","M","BOSS"],"items_purchased_type":["Card","Card"],"build_version":"2020-12-22","purchased_purges":0,"victory":false,"max_hp_per_floor":[70,70,70,70,60,60,60,60,60,60,60,60,60,60,60,60,60,60,60,60,60,60,60,70,70,70,70,70,70,70,70,70,70,70,70],"relic_stats":{"Dream Catcher":2,"Happy Flower":[19],"counters":[20,80],"Prayer Wheel":2,"Turnip":[7],"obtain_stats":[{"bronze:BottledCode":5,"bronze:PlatinumCore":17,"Dream Catcher":7,"bronze:BronzeCore":0,"Pear":24,"Happy Flower":8,"downfall:HeartBlessingGreen":18,"Prayer Wheel":28,"Turnip":0},{"bronze:BottledCode":3,"bronze:PlatinumCore":10,"Dream Catcher":4,"bronze:BronzeCore":0,"Pear":15,"Happy Flower":5,"downfall:HeartBlessingGreen":10,"Prayer Wheel":17,"Turnip":0},{"bronze:BottledCode":11,"bronze:PlatinumCore":41,"Dream Catcher":15,"bronze:BronzeCore":0,"Pear":59,"Happy Flower":21,"downfall:HeartBlessingGreen":41,"Prayer Wheel":66,"Turnip":0}]},"card_choices":[{"not_picked":["bronze:BitShift","bronze:Invalidate"],"picked":"bronze:ForLoop","floor":2},{"not_picked":["bronze:Turbo","bronze:Constructor"],"picked":"bronze:Separator","floor":3},{"not_picked":["bronze:BuggyMess","bronze:NullPointer"],"picked":"bronze:ChosenStrike","floor":4},{"not_picked":["bronze:Frontload","bronze:Terminator"],"picked":"bronze:OilSpill","floor":6},{"not_picked":["bronze:FindAndReplace","bronze:MaxOutput"],"picked":"bronze:FollowUp","floor":8},{"not_picked":["bronze:Overheat","bronze:Invalidate"],"picked":"bronze:Return","floor":9},{"not_picked":["bronze:Frontload","bronze:CutThrough"],"picked":"bronze:InfiniteBeams","floor":11},{"not_picked":["bronze:ForLoop","bronze:BugBarrage"],"picked":"bronze:WhirlingStrike","floor":12},{"not_picked":["bronze:Overload","bronze:ItsAFeature"],"picked":"bronze:FineTuning","floor":13},{"not_picked":["bronze:BugBarrage","bronze:DarkDash"],"picked":"bronze:Turbo","floor":14},{"not_picked":["bronze:ForLoop","bronze:Invalidate"],"picked":"bronze:Constructor","floor":15},{"not_picked":["bronze:HyperBeam","bronze:Assembly"],"picked":"bronze:SpaghettiCode","floor":16},{"not_picked":["bronze:InfiniteBeams","bronze:Invalidate"],"picked":"bronze:Frontload","floor":19},{"not_picked":["bronze:DelayedGuard","bronze:Branch+1"],"picked":"bronze:FineTuning","floor":20},{"not_picked":["bronze:Separator","bronze:Shield"],"picked":"bronze:DelayedGuard","floor":21},{"not_picked":["bronze:Overheat","bronze:Branch+1","bronze:BugBarrage+1"],"picked":"SKIP","floor":22},{"not_picked":[],"picked":"bronze:DonuBeam","floor":23},{"not_picked":["bronze:BuggyMess","bronze:FineTuning"],"picked":"bronze:Verify","floor":23},{"not_picked":["bronze:DelayedGuard","bronze:Backtrace"],"picked":"bronze:BronzeOrb+1","floor":26},{"not_picked":["bronze:Invalidate","bronze:InfiniteBeams"],"picked":"bronze:ClassDefault","floor":28},{"not_picked":["bronze:Shield+1","bronze:BronzeArmor"],"picked":"bronze:Repair","floor":29},{"not_picked":["bronze:Frontload","bronze:Fortify"],"picked":"bronze:ClassDefault","floor":29},{"not_picked":["bronze:Separator","bronze:BugBarrage"],"picked":"bronze:FineTuning","floor":32},{"not_picked":["bronze:WhirlingStrike","bronze:MaxOutput","bronze:Turbo"],"picked":"SKIP","floor":32}],"player_experience":1480055,"relics_obtained":[{"floor":7,"key":"Dream Catcher"},{"floor":8,"key":"Happy Flower"},{"floor":24,"key":"Pear"},{"floor":28,"key":"Prayer Wheel"}],"event_choices":[{"damage_healed":0,"gold_gain":0,"player_choice":"Grow","damage_taken":0,"max_hp_gain":0,"max_hp_loss":0,"event_name":"Living Wall","floor":10,"gold_loss":0,"cards_upgraded":["bronze:Philosophize"]}],"is_beta":false,"boss_relics":[{"not_picked":["Busted Crown","SlaversCollar"],"picked":"bronze:PlatinumCore"}],"items_purged_floors":[],"is_endless":false,"potions_floor_spawned":[4,6,8,14,16,19,23,32],"killed_by":"DF_ARCHETYPE_CLAW","ascension_level":0}}