{"host":"6ayekdpky30mcb5q","time":1611191571,"event":{"mods":["Act Like it!","Bard","BaseMod","Colored Map","GifTheSpireLib","Gremlin Mod","Hallownest","Hermit","Hero for Fun","Highlight Path","Jorbs\u0027s Wanderer Trilogy","Minty Spire (QoL Compilation)","StSLib","The Bladedancer","The Bug Knight","The Disciple","The Forsaken","WoW Paladin Mod"],"gold_per_floor":[114,126,142,142,67,99,99,99,99,174,187,187,98,126,126,228,228,246,260,112,112,112,112,123,123,150,165,80,97,17,36,36,144,144,167,186,241,241,257,257,61,123,123,148,172,172,172,172,172,184,184],"floor_reached":50,"language":"ENG","playtime":3512,"items_purged":["hermit:Strike_Hermit"],"score":475,"play_id":"e138762d-9873-4c1b-a91f-583fac7ece63","local_time":"20210120191251","is_ascension_mode":false,"campfire_choices":[{"data":"hermit:EyeOfTheStorm","floor":7,"key":"SMITH"},{"data":"hermit:PistolWhip","floor":15,"key":"SMITH"},{"data":"RitualDagger","floor":23,"key":"SMITH"},{"data":"hermit:LowProfile","floor":25,"key":"SMITH"},{"data":"hermit:Dive","floor":32,"key":"SMITH"},{"data":"hermit:Scavenge","floor":40,"key":"SMITH"},{"floor":47,"key":"RECALL"},{"data":"hermit:Glare","floor":49,"key":"SMITH"}],"circlet_count":0,"master_deck":["hermit:Strike_Hermit","hermit:Strike_Hermit","hermit:Defend_Hermit+1","hermit:Defend_Hermit","hermit:Defend_Hermit","hermit:Snapshot","hermit:Covet+1","hermit:PistolWhip+1","hermit:LowProfile+1","hermit:EyeOfTheStorm+1","hermit:Spite","Swift Strike","hermit:Horror","hermit:Dive+1","RitualDagger+1","hermit:Scavenge+1","hermit:Manifest","hermit:Vantage+1","hermit:NoHoldsBarred","hermit:Dive+1","hermit:FromBeyond","hermit:Vantage+1","hermit:GhostlyPresence+1","hermit:Glare+1","hermit:Feint+1","hermit:WideOpen+1","hermit:Scavenge","Writhe"],"relics":["hermit:Momento","StrikeDummy","MealTicket","Gambling Chip","Runic Dome","Sling","MutagenicStrength","Orichalcum","theForsaken:Gavel","SlaversCollar","Bird Faced Urn","Lee\u0027s Waffle","Lizard Tail"],"acts_visited":["Exordium","TheCity","TheBeyond"],"potions_floor_usage":[],"damage_taken":[{"damage":0.0,"enemies":"2 Louse","floor":1.0,"turns":3.0},{"damage":0.0,"enemies":"Small Slimes","floor":2.0,"turns":2.0},{"damage":1.0,"enemies":"Cultist","floor":3.0,"turns":3.0},{"damage":26,"enemies":"3 Sentries","floor":6,"turns":12},{"damage":0,"enemies":"Blue Slaver","floor":11,"turns":2},{"damage":8,"enemies":"Gremlin Nob","floor":14,"turns":4},{"damage":2,"enemies":"Hexaghost","floor":16,"turns":8},{"damage":0,"enemies":"3 Byrds","floor":18,"turns":4},{"damage":0,"enemies":"Chosen","floor":19,"turns":3},{"damage":30,"enemies":"Snake Plant","floor":24,"turns":4},{"damage":0,"enemies":"Centurion and Healer","floor":27,"turns":7},{"damage":10,"enemies":"Shelled Parasite and Fungi","floor":29,"turns":5},{"damage":2,"enemies":"Cultist and Chosen","floor":31,"turns":6},{"damage":37,"enemies":"Automaton","floor":33,"turns":13},{"damage":9,"enemies":"Orb Walker","floor":35,"turns":4},{"damage":0,"enemies":"3 Shapes","floor":36,"turns":2},{"damage":0,"enemies":"Mind Bloom Boss Battle","floor":37,"turns":9},{"damage":8,"enemies":"Jaw Worm Horde","floor":39,"turns":4},{"damage":14,"enemies":"2 Orb Walkers","floor":42,"turns":5},{"damage":0,"enemies":"4 Shapes","floor":44,"turns":5},{"damage":5,"enemies":"3 Darklings","floor":45,"turns":8},{"damage":135,"enemies":"Time Eater","floor":50,"turns":14}],"seed_played":"7838723610438036048","potions_obtained":[{"floor":2.0,"key":"LiquidMemories"},{"floor":3.0,"key":"Swift Potion"},{"floor":11,"key":"GamblersBrew"}],"is_trial":false,"path_per_floor":["M","M","M","?","$","E","R","?","T","?","M","?","$","E","R","B",null,"M","M","$","?","?","R","M","R","T","M","?","M","$","M","R","B",null,"M","M","?","?","M","R","$","?","T","M","M","?","R","?","R","B"],"character_chosen":"HERMIT","items_purchased":["Swift Strike","Sling","hermit:NoHoldsBarred","hermit:Glare","Lee\u0027s Waffle"],"campfire_rested":0,"item_purchase_floors":[13,20,30,41,41],"current_hp_per_floor":[75,75,74,59,59,33,33,33,33,22,22,22,37,29,29,27,75,75,75,75,75,69,69,39,39,39,39,39,29,44,42,42,5,75,66,66,66,66,58,58,82,68,68,68,63,82,82,82,82,0,0],"gold":184,"neow_bonus":"REMOVE_CARD","is_daily":false,"chose_seed":false,"campfire_upgraded":7,"win_rate":0.0,"timestamp":1611191571,"path_taken":["M","M","M","?","$","E","R","?","T","?","M","?","$","E","R","BOSS","M","?","$","?","?","R","M","R","T","M","?","M","?","M","R","BOSS","M","M","?","?","M","R","$","?","T","?","M","?","R","?","R","BOSS"],"items_purchased_type":["Card","Relic","Card","Card","Relic"],"build_version":"2020-12-22","purchased_purges":1,"victory":false,"max_hp_per_floor":[75,75,75,75,75,75,75,75,75,75,75,75,75,75,75,75,75,75,75,75,75,75,75,75,75,75,75,75,75,75,75,75,75,75,75,75,75,75,75,75,82,82,82,82,82,82,82,82,82,82,82],"card_choices":[{"not_picked":["hermit:HighCaliber","hermit:Dive"],"picked":"hermit:PistolWhip","floor":1.0},{"not_picked":["hermit:Gestalt","hermit:Combo"],"picked":"hermit:LowProfile","floor":2.0},{"not_picked":["hermit:Misfire","hermit:Dive"],"picked":"hermit:LuckOfTheDraw","floor":3.0},{"not_picked":["hermit:CalledShot","hermit:Feint"],"picked":"hermit:EyeOfTheStorm","floor":6},{"not_picked":["hermit:Ricochet","hermit:Midnight"],"picked":"hermit:Spite","floor":11},{"not_picked":["hermit:Magnum","hermit:TakeAim"],"picked":"hermit:Horror","floor":14},{"not_picked":["hermit:Snipe","hermit:Manifest"],"picked":"hermit:Dive+1","floor":18},{"not_picked":["hermit:WideOpen","hermit:Glare","hermit:BodyArmor"],"picked":"SKIP","floor":19},{"not_picked":["hermit:LowProfile","hermit:BodyArmor"],"picked":"hermit:Scavenge","floor":24},{"not_picked":["hermit:Glare","hermit:HoleUp"],"picked":"hermit:Manifest","floor":27},{"not_picked":["hermit:Snipe","hermit:Magnum"],"picked":"hermit:Vantage+1","floor":29},{"not_picked":["hermit:Desperado","hermit:Horror"],"picked":"hermit:Dive","floor":31},{"not_picked":["hermit:Gambit","hermit:Magnum"],"picked":"hermit:FromBeyond","floor":33},{"not_picked":["hermit:Coalescence+1","hermit:HoleUp"],"picked":"hermit:Vantage+1","floor":35},{"not_picked":["hermit:CursedWeapon","hermit:Vantage+1","hermit:Roulette"],"picked":"SKIP","floor":36},{"not_picked":["hermit:ItchyTrigger","hermit:CursedWeapon+1"],"picked":"hermit:GhostlyPresence+1","floor":39},{"not_picked":["hermit:HighCaliber+1","hermit:Manifest+1"],"picked":"hermit:Feint+1","floor":42},{"not_picked":["hermit:BodyArmor","hermit:HoleUp"],"picked":"hermit:WideOpen+1","floor":44},{"not_picked":["hermit:TrackingShot+1","hermit:HighCaliber"],"picked":"hermit:Scavenge","floor":45}],"player_experience":596240,"relics_obtained":[{"floor":6,"key":"StrikeDummy"},{"floor":9,"key":"MealTicket"},{"floor":14,"key":"Gambling Chip"},{"floor":26,"key":"Orichalcum"},{"floor":37,"key":"Bird Faced Urn"},{"floor":42,"key":"Lizard Tail"}],"event_choices":[{"damage_healed":0.0,"max_hp_gain":0.0,"max_hp_loss":0.0,"gold_gain":0.0,"event_name":"Shining Light","player_choice":"Entered Light","floor":4.0,"gold_loss":0.0,"damage_taken":15.0,"cards_upgraded":["hermit:Defend_Hermit","hermit:Covet"]},{"cards_removed":["hermit:Defend_Hermit"],"damage_healed":0,"gold_gain":0,"player_choice":"Forget","damage_taken":0,"max_hp_gain":0,"max_hp_loss":0,"event_name":"Living Wall","floor":8,"gold_loss":0},{"damage_healed":0,"gold_gain":75,"player_choice":"Gather Gold","damage_taken":11,"max_hp_gain":0,"max_hp_loss":0,"event_name":"World of Goop","floor":10,"gold_loss":0},{"cards_removed":["hermit:LuckOfTheDraw"],"damage_healed":0,"gold_gain":0,"player_choice":"Purged","damage_taken":0,"max_hp_gain":0,"max_hp_loss":0,"event_name":"Purifier","floor":12,"gold_loss":0},{"damage_healed":0,"gold_gain":0,"player_choice":"Inject Mutagens","damage_taken":0,"relics_obtained":["MutagenicStrength"],"max_hp_gain":0,"max_hp_loss":0,"event_name":"Drug Dealer","floor":21,"gold_loss":0},{"damage_healed":0,"gold_gain":0,"player_choice":"Joined the Cult","damage_taken":6,"max_hp_gain":0,"max_hp_loss":0,"event_name":"Nest","floor":22,"gold_loss":0,"cards_obtained":["RitualDagger"]},{"damage_healed":0,"gold_gain":0,"player_choice":"Obtained Relic","damage_taken":0,"relics_obtained":["theForsaken:Gavel"],"max_hp_gain":0,"max_hp_loss":0,"event_name":"Addict","floor":28,"gold_loss":85},{"damage_healed":0,"gold_gain":0,"player_choice":"Fight","damage_taken":0,"max_hp_gain":0,"max_hp_loss":0,"event_name":"MindBloom","floor":37,"gold_loss":0},{"damage_healed":0,"gold_gain":0,"player_choice":"Ignored","damage_taken":0,"max_hp_gain":0,"max_hp_loss":0,"event_name":"Tomb of Lord Red Mask","floor":38,"gold_loss":0},{"damage_healed":0,"gold_gain":0,"player_choice":"Fight","damage_taken":0,"max_hp_gain":0,"max_hp_loss":0,"event_name":"Mysterious Sphere","floor":42,"gold_loss":0},{"damage_healed":21,"gold_gain":0,"player_choice":"Writhe","damage_taken":0,"max_hp_gain":0,"max_hp_loss":0,"event_name":"Winding Halls","floor":46,"gold_loss":0,"cards_obtained":["Writhe"]},{"damage_healed":0,"gold_gain":0,"player_choice":"Memory 1","damage_taken":0,"max_hp_gain":0,"max_hp_loss":0,"event_name":"SensoryStone","floor":48,"gold_loss":0}],"is_beta":false,"boss_relics":[{"not_picked":["Velvet Choker","theForsaken:PaleLantern"],"picked":"Runic Dome"},{"not_picked":["Philosopher\u0027s Stone","hermit:DentedPlate"],"picked":"SlaversCollar"}],"items_purged_floors":[5],"is_endless":false,"potions_floor_spawned":[2,3,11,18,27,29,35,39],"killed_by":"Time Eater","ascension_level":0}}