{"host":"p4zwdb2o9iawjdqa","time":1611211481,"event":{"mods":["BaseMod","BetterRewards","Hubris","Minty Spire (QoL Compilation)","Replay The Spire","Shop Mod","StSLib","The Animator"],"gold_per_floor":[110,110,125,137,187,187,214,224,306,306,306],"floor_reached":10,"language":"ENG","playtime":261,"items_purged":[],"score":126,"play_id":"094726e8-47c5-4c32-bd6f-6e1df8152ef7","local_time":"20210120224441","is_ascension_mode":true,"campfire_choices":[{"data":"Neutralize","floor":6,"key":"SMITH"}],"circlet_count":0,"master_deck":["AscendersBane","Strike_G","Strike_G","Strike_G","Strike_G","Strike_G","Defend_G","Defend_G","Defend_G","Defend_G","Survivor","Neutralize+1","PiercingWail","Hidden Blade","Heel Hook","Underhanded Strike","Blur"],"relics":["Ring of the Snake","NeowsBlessing","hubris:FunFungus","hubris:DisguiseKit"],"acts_visited":["Exordium"],"potions_floor_usage":[7,10],"damage_taken":[{"damage":0,"enemies":"Small Slimes","floor":1,"turns":1},{"damage":0,"enemies":"Cultist","floor":3,"turns":1},{"damage":0,"enemies":"2 Louse","floor":4,"turns":1},{"damage":30,"enemies":"Lagavulin","floor":7,"turns":8},{"damage":13,"enemies":"Red Slaver","floor":8,"turns":4},{"damage":20,"enemies":"Gremlin Nob","floor":10,"turns":3}],"seed_played":"-8605608189765418262","potions_obtained":[{"floor":4,"key":"SteroidPotion"},{"floor":8,"key":"AttackPotion"}],"is_trial":false,"path_per_floor":["M","?","M","M","?","R","E","M","T","E"],"character_chosen":"THE_SILENT","items_purchased":[],"campfire_rested":0,"item_purchase_floors":[],"current_hp_per_floor":[59,59,59,59,59,59,29,16,16,0,0],"gold":306,"neow_bonus":"THREE_ENEMY_KILL","is_daily":false,"chose_seed":false,"campfire_upgraded":1,"win_rate":0.0,"timestamp":1611211481,"path_taken":["M","?","M","M","?","R","E","M","T","E"],"items_purchased_type":[],"build_version":"2020-12-22","purchased_purges":0,"victory":false,"max_hp_per_floor":[66,66,66,66,66,66,66,66,66,66,66],"card_choices":[{"not_picked":["Blur","Cloak And Dagger"],"picked":"PiercingWail","floor":1},{"not_picked":["Prepared","Choke"],"picked":"Hidden Blade","floor":3},{"not_picked":["Poisoned Stab","Flying Knee"],"picked":"Heel Hook","floor":4},{"not_picked":["Bullet Time","Bane"],"picked":"Underhanded Strike","floor":7},{"not_picked":["Catalyst","Expertise"],"picked":"Blur","floor":8}],"player_experience":350808,"relics_obtained":[{"floor":7,"key":"hubris:FunFungus"},{"floor":9,"key":"hubris:DisguiseKit"}],"event_choices":[{"cards_removed":["Defend_G"],"damage_healed":0,"gold_gain":0,"player_choice":"Forget","damage_taken":0,"max_hp_gain":0,"max_hp_loss":0,"event_name":"Living Wall","floor":2,"gold_loss":0},{"damage_healed":0,"gold_gain":50,"player_choice":"Pray","damage_taken":0,"max_hp_gain":0,"max_hp_loss":0,"event_name":"Golden Shrine","floor":5,"gold_loss":0}],"is_beta":false,"boss_relics":[],"items_purged_floors":[],"is_endless":false,"potions_floor_spawned":[4,8],"killed_by":"Gremlin Nob","ascension_level":17}}