{"host":"ELF","time":1611238771,"event":{"mods":["BaseMod","Bestiary","Minty Spire (QoL Compilation)","Relic Stats","Slay the Relics Exporter"],"gold_per_floor":[18,33,48,48,64,100,100,100,100,60,81,94,19,19,19,115,115,35,58,108,108,108],"floor_reached":21,"language":"ENG","playtime":3120,"items_purged":["Strike_B"],"score":358,"play_id":"1af32904-2493-4933-bc68-8df4710d6484","local_time":"20210121081931","is_ascension_mode":true,"campfire_choices":[{"floor":7,"key":"REST"},{"data":"Streamline","floor":15,"key":"SMITH"}],"circlet_count":0,"master_deck":["AscendersBane","Strike_B","Defend_B","Defend_B","Defend_B","Zap","Dualcast","Coolheaded","Auto Shields","Streamline+1","Undo","Capacitor","Barrage","Gash","Cold Snap","Echo Form","Doom and Gloom","Steam"],"relics":["Cracked Core","Golden Idol","Smiling Mask","Boot","Inserter"],"acts_visited":["Exordium","TheCity"],"potions_floor_usage":[5,6,16,19],"damage_taken":[{"damage":0,"enemies":"Cultist","floor":1,"turns":3},{"damage":5,"enemies":"Small Slimes","floor":2,"turns":4},{"damage":2,"enemies":"2 Louse","floor":3,"turns":3},{"damage":24,"enemies":"Exordium Thugs","floor":5,"turns":4},{"damage":15,"enemies":"3 Sentries","floor":6,"turns":7},{"damage":3,"enemies":"Blue Slaver","floor":11,"turns":4},{"damage":0,"enemies":"Looter","floor":12,"turns":3},{"damage":7,"enemies":"The Guardian","floor":16,"turns":12},{"damage":20,"enemies":"2 Thieves","floor":18,"turns":4},{"damage":19,"enemies":"3 Byrds","floor":19,"turns":4},{"damage":23,"enemies":"Centurion and Healer","floor":21,"turns":5}],"seed_played":"-6339349712715862551","potions_obtained":[{"floor":2,"key":"DistilledChaos"},{"floor":5,"key":"Fire Potion"},{"floor":6,"key":"SmokeBomb"},{"floor":10,"key":"AttackPotion"},{"floor":10,"key":"EssenceOfDarkness"},{"floor":19,"key":"Dexterity Potion"}],"is_trial":false,"path_per_floor":["M","M","M","?","M","E","R","?","T","?","M","M","$","?","R","B",null,"M","M","?","M"],"character_chosen":"DEFECT","items_purchased":["Cold Snap"],"campfire_rested":1,"item_purchase_floors":[13],"current_hp_per_floor":[64,59,57,57,33,18,37,30,30,30,27,27,27,48,48,41,58,38,19,19,0,0],"gold":108,"neow_bonus":"REMOVE_TWO","is_daily":false,"chose_seed":false,"campfire_upgraded":1,"win_rate":0.0,"timestamp":1611238771,"path_taken":["M","M","M","?","M","E","R","?","T","?","?","M","$","?","R","BOSS","M","M","?","M"],"items_purchased_type":["Card"],"build_version":"2020-12-18","purchased_purges":1,"victory":false,"max_hp_per_floor":[71,71,71,64,64,64,64,64,64,64,64,64,64,64,64,64,64,64,64,64,64,64],"relic_stats":{"Inserter":[6],"counters":[11,53],"Golden Idol":41,"Smiling Mask":25,"Boot":[29],"obtain_stats":[{"Inserter":17,"Golden Idol":4,"Cracked Core":0,"Smiling Mask":6,"Boot":9},{"Inserter":8,"Golden Idol":3,"Cracked Core":0,"Smiling Mask":5,"Boot":5},{"Inserter":40,"Golden Idol":10,"Cracked Core":0,"Smiling Mask":21,"Boot":21}]},"card_choices":[{"not_picked":["Hologram","Ball Lightning"],"picked":"Coolheaded","floor":1},{"not_picked":["Hologram","Melter"],"picked":"Auto Shields","floor":2},{"not_picked":["Hologram","Redo"],"picked":"Streamline","floor":3},{"not_picked":["Go for the Eyes","Hello World"],"picked":"Undo","floor":5},{"not_picked":["Force Field","Chaos"],"picked":"Capacitor","floor":6},{"not_picked":["Scrape","Compile Driver"],"picked":"Barrage","floor":11},{"not_picked":["Conserve Battery","Turbo"],"picked":"Gash","floor":12},{"not_picked":["Rainbow","Hyperbeam"],"picked":"Echo Form","floor":16},{"not_picked":["Conserve Battery","Beam Cell"],"picked":"Doom and Gloom","floor":18},{"not_picked":["Go for the Eyes","Barrage"],"picked":"Steam","floor":19}],"player_experience":3247894,"relics_obtained":[{"floor":6,"key":"Smiling Mask"},{"floor":9,"key":"Boot"}],"event_choices":[{"damage_healed":0,"gold_gain":0,"player_choice":"Lose Max HP","damage_taken":0,"relics_obtained":["Golden Idol"],"max_hp_gain":0,"max_hp_loss":7,"event_name":"Golden Idol","floor":4,"gold_loss":0},{"cards_removed":["Strike_B"],"damage_healed":0,"gold_gain":0,"player_choice":"Card Removal","damage_taken":7,"max_hp_gain":0,"max_hp_loss":0,"event_name":"Golden Wing","floor":8,"gold_loss":0},{"damage_healed":0,"gold_gain":0,"player_choice":"Bought 3 Potions","damage_taken":0,"max_hp_gain":0,"max_hp_loss":0,"event_name":"The Woman in Blue","floor":10,"gold_loss":0},{"damage_healed":21,"gold_gain":0,"player_choice":"Banana","damage_taken":0,"max_hp_gain":0,"max_hp_loss":0,"event_name":"Big Fish","floor":14,"gold_loss":0},{"damage_healed":0,"gold_gain":50,"player_choice":"Stole From Cult","damage_taken":0,"max_hp_gain":0,"max_hp_loss":0,"event_name":"Nest","floor":20,"gold_loss":0}],"is_beta":true,"boss_relics":[{"not_picked":["Ectoplasm","SlaversCollar"],"picked":"Inserter"}],"items_purged_floors":[13],"is_endless":false,"potions_floor_spawned":[2,5,6,19],"killed_by":"Centurion and Healer","ascension_level":20}}