{"host":"30wt20ujo94jt0x4","time":1611235759,"event":{"mods":["AchievementEnabler","Act Like it!","BaseMod","Bestiary","Colored Map","Googly Eyes","Hermit","Highlight Path","Koishi","Marisa????????","Minty Spire (QoL Compilation)","Rare Cards Sparkle","StSLib","The IronCluck","Waifu the Spire","Yuyuko","slay the spire mod where everything is the same but ironclad has a cowboy hat"],"gold_per_floor":[118,129,35,51,71,105,105,121,121,121,22,22,33,33,33,133,133,148,148,148,148,159,159,175,175,199,199,52,65,65,77,77,173,173,185,185,185,185],"floor_reached":37,"language":"ENG","playtime":3390,"items_purged":["Shame","hermit:Strike_Hermit+1"],"score":369,"play_id":"a85fd5d3-2e13-48c3-8d52-b5ebd57b895d","local_time":"20210121212919","is_ascension_mode":false,"campfire_choices":[{"floor":7,"key":"REST"},{"floor":10,"key":"REST"},{"floor":12,"key":"REST"},{"floor":15,"key":"REST"},{"floor":23,"key":"REST"},{"floor":27,"key":"REST"},{"floor":30,"key":"REST"},{"floor":32,"key":"REST"}],"circlet_count":0,"master_deck":["hermit:Strike_Hermit+1","hermit:Strike_Hermit+1","hermit:Strike_Hermit+1","hermit:Defend_Hermit+1","hermit:Defend_Hermit+1","hermit:Defend_Hermit+1","hermit:Defend_Hermit+1","hermit:Covet","hermit:Dive","hermit:Shortfuse","hermit:Coalescence","hermit:DeadMansHand","hermit:Vantage","hermit:Snipe","hermit:ItchyTrigger","hermit:TakeCover","hermit:Adapt","hermit:Feint+1","hermit:Vantage+1","hermit:Headshot","hermit:Brawl","hermit:Combo","hermit:Determination+1","hermit:Deadeye+1","hermit:Roughhouse+1","hermit:Headshot"],"relics":["hermit:Momento","WingedGreaves","Shuriken","Pantograph","Gambling Chip","Black Star","Question Card","Ancient Tea Set","Toy Ornithopter","Astrolabe"],"acts_visited":["Exordium","TheCity","TheBeyond"],"potions_floor_usage":[31,33,33],"damage_taken":[{"damage":5,"enemies":"Jaw Worm","floor":1,"turns":5},{"damage":0,"enemies":"Cultist","floor":2,"turns":5},{"damage":0,"enemies":"Small Slimes","floor":4,"turns":2},{"damage":5,"enemies":"Looter","floor":5,"turns":2},{"damage":48,"enemies":"3 Sentries","floor":6,"turns":14},{"damage":12,"enemies":"Gremlin Gang","floor":8,"turns":8},{"damage":18,"enemies":"2 Fungi Beasts","floor":13,"turns":6},{"damage":56,"enemies":"Slime Boss","floor":16,"turns":14},{"damage":29,"enemies":"Spheric Guardian","floor":18,"turns":5},{"damage":21,"enemies":"Chosen","floor":22,"turns":11},{"damage":22,"enemies":"Snake Plant","floor":24,"turns":6},{"damage":19,"enemies":"Sentry and Sphere","floor":29,"turns":15},{"damage":19,"enemies":"Centurion and Healer","floor":31,"turns":13},{"damage":79,"enemies":"Collector","floor":33,"turns":14},{"damage":57,"enemies":"Orb Walker","floor":35,"turns":7},{"damage":30,"enemies":"3 Darklings","floor":37,"turns":3}],"seed_played":"-1520536037082982748","potions_obtained":[{"floor":6,"key":"Ancient Potion"},{"floor":13,"key":"Energy Potion"},{"floor":16,"key":"FearPotion"},{"floor":24,"key":"DuplicationPotion"},{"floor":33,"key":"BlessingOfTheForge"}],"is_trial":false,"path_per_floor":["M","M","?","M","M","E","R","M","T","R","$","R","M","?","R","B",null,"M","?","T","?","M","R","M","T","T","R","$","M","R","M","R","B",null,"M","?","M"],"character_chosen":"HERMIT","items_purchased":["hermit:ItchyTrigger","hermit:Headshot"],"campfire_rested":8,"item_purchase_floors":[11,28],"current_hp_per_floor":[70,70,70,70,65,17,39,27,27,49,49,71,53,53,75,19,75,46,32,32,32,11,35,13,13,13,37,37,18,42,28,52,6,80,23,23,0,0],"gold":185,"neow_bonus":"ONE_RARE_RELIC","is_daily":false,"chose_seed":false,"campfire_upgraded":0,"win_rate":0.0,"timestamp":1611235759,"path_taken":["M","M","?","?","M","E","R","M","T","R","?","R","M","?","R","BOSS","M","?","?","?","M","R","M","?","T","R","$","?","R","M","R","BOSS","M","?","M"],"items_purchased_type":["Card","Card"],"build_version":"2020-12-22","purchased_purges":2,"victory":false,"max_hp_per_floor":[75,75,75,75,75,75,75,75,75,75,75,75,75,75,75,75,75,75,80,80,80,80,80,80,80,80,80,80,80,80,80,80,80,80,80,80,80,80],"card_choices":[{"not_picked":["hermit:HoleUp","hermit:ItchyTrigger"],"picked":"hermit:Dive","floor":1},{"not_picked":["hermit:Determination","hermit:Dive"],"picked":"hermit:Shortfuse","floor":2},{"not_picked":["hermit:HighCaliber","hermit:NoHoldsBarred"],"picked":"hermit:Coalescence","floor":4},{"not_picked":["hermit:LowProfile","hermit:TrackingShot"],"picked":"hermit:DeadMansHand","floor":5},{"not_picked":["hermit:Desperado","hermit:BlackWind"],"picked":"hermit:Vantage","floor":6},{"not_picked":["hermit:CalledShot","hermit:Ricochet"],"picked":"hermit:Snipe","floor":8},{"not_picked":["hermit:HoleUp","hermit:LowProfile"],"picked":"hermit:TakeCover","floor":13},{"not_picked":["hermit:BlackWind","hermit:EternalForm"],"picked":"hermit:Adapt","floor":16},{"not_picked":["hermit:ItchyTrigger","hermit:Virtue"],"picked":"hermit:Feint+1","floor":18},{"not_picked":["hermit:Manifest+1","hermit:Deadeye","hermit:LowProfile"],"picked":"hermit:ShadowCloak","floor":22},{"not_picked":["hermit:Manifest+1","hermit:Virtue","hermit:Snipe+1"],"picked":"hermit:Vantage+1","floor":24},{"not_picked":["hermit:Showdown","hermit:Quickdraw","hermit:Vantage+1"],"picked":"hermit:Brawl","floor":29},{"not_picked":["hermit:Misfire","hermit:HoleUp+1","hermit:Feint"],"picked":"hermit:Combo","floor":31},{"not_picked":["hermit:DeadOrAlive","hermit:Magnum","hermit:BlackWind"],"picked":"hermit:FatalDesire","floor":33},{"not_picked":["hermit:Shortfuse+1","hermit:WideOpen","hermit:Desperado+1"],"picked":"hermit:Headshot","floor":35}],"player_experience":35101,"relics_obtained":[{"floor":6,"key":"Pantograph"},{"floor":9,"key":"Gambling Chip"},{"floor":20,"key":"Question Card"},{"floor":25,"key":"Ancient Tea Set"},{"floor":26,"key":"Toy Ornithopter"}],"event_choices":[{"damage_healed":0,"gold_gain":0,"player_choice":"Paid Gold","damage_taken":0,"relics_obtained":["Shuriken"],"max_hp_gain":0,"max_hp_loss":0,"event_name":"WeMeetAgain","floor":3,"gold_loss":94},{"damage_healed":0,"gold_gain":0,"player_choice":"Ignored","damage_taken":0,"max_hp_gain":0,"max_hp_loss":0,"event_name":"Golden Idol","floor":14,"gold_loss":0},{"damage_healed":0,"gold_gain":0,"player_choice":"Shed Blood","damage_taken":19,"max_hp_gain":5,"max_hp_loss":0,"event_name":"Forgotten Altar","floor":19,"gold_loss":0},{"damage_healed":0,"gold_gain":0,"player_choice":"Simplicity","damage_taken":0,"max_hp_gain":0,"max_hp_loss":0,"event_name":"Back to Basics","floor":21,"gold_loss":0,"cards_upgraded":["hermit:Strike_Hermit","hermit:Strike_Hermit","hermit:Strike_Hermit","hermit:Strike_Hermit","hermit:Defend_Hermit","hermit:Defend_Hermit","hermit:Defend_Hermit","hermit:Defend_Hermit"]},{"damage_healed":0,"gold_gain":0,"player_choice":"Ignored","damage_taken":0,"max_hp_gain":0,"max_hp_loss":0,"event_name":"Mysterious Sphere","floor":36,"gold_loss":0}],"is_beta":false,"boss_relics":[{"not_picked":["Busted Crown","Coffee Dripper"],"picked":"Black Star"},{"not_picked":["SlaversCollar","SacredBark"],"picked":"Astrolabe"}],"items_purged_floors":[11,28],"is_endless":false,"potions_floor_spawned":[6,13,16,24,29,33],"killed_by":"3 Darklings","ascension_level":0}}