{"host":"rolltorest","time":1611208108,"event":{"mods":["BaseMod","Minty Spire (QoL Compilation)","Relic Stats","Slay the Relics Exporter","StSLib"],"gold_per_floor":[115,115,115,26,26,26,54,54,354,354,374,384,384,415,415,489,489,507,487,31,50,50,50,81,81,108,127,127,162,182,230,230,230,230],"floor_reached":33,"language":"ENG","playtime":886,"items_purged":["Strike_B"],"score":718,"play_id":"4ebd0353-48fa-4da2-bd21-c0cac3a620d1","local_time":"20210120214828","is_ascension_mode":true,"campfire_choices":[{"data":"Zap","floor":6,"key":"SMITH"},{"data":"Hologram","floor":8,"key":"SMITH"},{"data":"Dualcast","floor":10,"key":"SMITH"},{"data":"Cold Snap","floor":15,"key":"SMITH"},{"data":"Turbo","floor":23,"key":"SMITH"},{"data":"Meteor Strike","floor":25,"key":"SMITH"},{"data":"Compile Driver","floor":28,"key":"SMITH"},{"floor":32,"key":"REST"}],"circlet_count":0,"master_deck":["AscendersBane","Strike_B","Strike_B","Strike_B","Defend_B+1","Defend_B+1","Defend_B+1","Defend_B+1","Zap+1","Dualcast+1","Doom and Gloom+1","Hologram+1","Cold Snap+1","Meteor Strike+1","Compile Driver+1","Turbo+1","Aggregate+1","White Noise+1","Redo+1","Reinforced Body+1","Ball Lightning"],"relics":["Cracked Core","NeowsBlessing","Bag of Marbles","Boot","Old Coin","InkBottle","Nuclear Battery","Ice Cream","Toxic Egg 2","War Paint","Happy Flower","Art of War"],"acts_visited":["Exordium","TheCity"],"potions_floor_usage":[14,24,30,31],"damage_taken":[{"damage":0,"enemies":"Small Slimes","floor":1,"turns":1},{"damage":0,"enemies":"Gremlin Nob","floor":7,"turns":1},{"damage":0,"enemies":"Jaw Worm","floor":11,"turns":1},{"damage":0,"enemies":"Cultist","floor":12,"turns":3},{"damage":18,"enemies":"Lagavulin","floor":14,"turns":4},{"damage":15,"enemies":"The Guardian","floor":16,"turns":14},{"damage":6,"enemies":"Chosen","floor":18,"turns":4},{"damage":8,"enemies":"3 Byrds","floor":21,"turns":4},{"damage":0,"enemies":"Slavers","floor":24,"turns":2},{"damage":0,"enemies":"Shelled Parasite and Fungi","floor":27,"turns":2},{"damage":27,"enemies":"Book of Stabbing","floor":29,"turns":4},{"damage":0,"enemies":"Sentry and Sphere","floor":30,"turns":3},{"damage":4,"enemies":"Slavers","floor":31,"turns":5},{"damage":36,"enemies":"Automaton","floor":33,"turns":6}],"seed_played":"6096969613458890282","potions_obtained":[{"floor":11,"key":"FocusPotion"},{"floor":12,"key":"DuplicationPotion"},{"floor":16,"key":"SneckoOil"},{"floor":27,"key":"LiquidMemories"},{"floor":30,"key":"ColorlessPotion"}],"is_trial":false,"path_per_floor":["M","?","?","$","?","R","E","R","T","R","M","M","?","E","R","B",null,"M","?","$","M","$","R","E","R","T","M","R","E","M","E","R","B"],"character_chosen":"DEFECT","items_purchased":["Doom and Gloom","Ice Cream","Compile Driver"],"campfire_rested":1,"item_purchase_floors":[4,20,20],"current_hp_per_floor":[64,59,38,38,38,38,38,38,38,38,38,38,61,43,43,28,60,54,54,54,46,46,46,46,46,46,46,46,19,19,15,36,0,0],"gold":230,"neow_bonus":"THREE_ENEMY_KILL","is_daily":false,"chose_seed":false,"campfire_upgraded":7,"win_rate":0.0,"timestamp":1611208108,"path_taken":["M","?","?","$","?","R","E","R","T","R","M","?","?","E","R","BOSS","M","?","?","M","$","R","E","R","T","M","R","E","M","E","R","BOSS"],"items_purchased_type":["Card","Relic","Card"],"build_version":"2020-12-18","purchased_purges":1,"victory":false,"max_hp_per_floor":[71,71,71,71,71,71,71,71,71,71,71,71,71,71,71,71,71,71,71,71,71,71,71,71,71,71,71,71,71,71,71,71,71,71],"relic_stats":{"Happy Flower":[4],"counters":[14,54],"Art of War":[0],"War Paint":["Defend_B","Defend_B"],"Boot":[16],"obtain_stats":[{"Ice Cream":20,"NeowsBlessing":0,"Happy Flower":29,"Bag of Marbles":2,"Art of War":31,"Toxic Egg 2":24,"War Paint":26,"Cracked Core":0,"Boot":7,"InkBottle":14,"Old Coin":9,"Nuclear Battery":17},{"Ice Cream":7,"NeowsBlessing":0,"Happy Flower":11,"Bag of Marbles":1,"Art of War":13,"Toxic Egg 2":9,"War Paint":9,"Cracked Core":0,"Boot":2,"InkBottle":5,"Old Coin":2,"Nuclear Battery":6},{"Ice Cream":28,"NeowsBlessing":0,"Happy Flower":40,"Bag of Marbles":1,"Art of War":48,"Toxic Egg 2":34,"War Paint":34,"Cracked Core":0,"Boot":2,"InkBottle":10,"Old Coin":2,"Nuclear Battery":24}],"InkBottle":[20]},"card_choices":[{"not_picked":["Leap","Steam","Gash"],"picked":"SKIP","floor":1},{"not_picked":["Steam","Turbo"],"picked":"Hologram","floor":7},{"not_picked":["Stack","Go for the Eyes","Conserve Battery"],"picked":"SKIP","floor":11},{"not_picked":["Beam Cell","Barrage"],"picked":"Cold Snap","floor":12},{"not_picked":["Aggregate","Barrage","Hologram"],"picked":"SKIP","floor":14},{"not_picked":["Reboot","Fission"],"picked":"Meteor Strike","floor":16},{"not_picked":["Turbo","Blizzard+1","Barrage"],"picked":"SKIP","floor":18},{"not_picked":["Cold Snap","Static Discharge"],"picked":"Turbo","floor":21},{"not_picked":["Storm+1","Barrage"],"picked":"Aggregate+1","floor":24},{"not_picked":["Scrape+1","Consume+1"],"picked":"White Noise+1","floor":27},{"not_picked":["Sunder","Sweeping Beam"],"picked":"Redo+1","floor":29},{"not_picked":["Rebound","Coolheaded+1"],"picked":"Reinforced Body+1","floor":30},{"not_picked":["Scrape","Hello World"],"picked":"Ball Lightning","floor":31}],"player_experience":1754309,"relics_obtained":[{"floor":7,"key":"Boot"},{"floor":9,"key":"Old Coin"},{"floor":14,"key":"InkBottle"},{"floor":24,"key":"Toxic Egg 2"},{"floor":26,"key":"War Paint"},{"floor":29,"key":"Happy Flower"},{"floor":31,"key":"Art of War"}],"event_choices":[{"damage_healed":0,"gold_gain":0,"player_choice":"Success","damage_taken":5,"relics_obtained":["Bag of Marbles"],"max_hp_gain":0,"max_hp_loss":0,"event_name":"Scrap Ooze","floor":2,"gold_loss":0},{"damage_healed":0,"gold_gain":0,"player_choice":"Entered Light","damage_taken":21,"max_hp_gain":0,"max_hp_loss":0,"event_name":"Shining Light","floor":3,"gold_loss":0,"cards_upgraded":["Defend_B","Defend_B"]},{"damage_healed":0,"gold_gain":0,"player_choice":"Grow","damage_taken":0,"max_hp_gain":0,"max_hp_loss":0,"event_name":"Living Wall","floor":5,"gold_loss":0,"cards_upgraded":["Doom and Gloom"]},{"damage_healed":23,"gold_gain":0,"player_choice":"Banana","damage_taken":0,"max_hp_gain":0,"max_hp_loss":0,"event_name":"Big Fish","floor":13,"gold_loss":0},{"damage_healed":0,"gold_gain":0,"player_choice":"Bought 1 Potion","damage_taken":0,"max_hp_gain":0,"max_hp_loss":0,"event_name":"The Woman in Blue","floor":19,"gold_loss":0}],"is_beta":true,"boss_relics":[{"not_picked":["Coffee Dripper","FrozenCore"],"picked":"Nuclear Battery"}],"items_purged_floors":[20],"is_endless":false,"potions_floor_spawned":[11,12,16,27,29,30],"killed_by":"Automaton","ascension_level":20}}