{"host":"hwrdjx5eod2cxh09","time":1611244541,"event":{"mods":["AchievementEnabler","BaseMod","Bestiary","Minty Spire (QoL Compilation)","Relic Stats"],"gold_per_floor":[116,116,131,149,169,169,198,198,222,222,236,254,285,298,298,402,402,416,426,376,389,314,344,344,364,391,391,102,127,146,160,160,265,265,277,292,342,362,362,362,391,410,410,410,259,292,392,402,402,402,402,402,7,7,7],"floor_reached":54,"language":"ENG","playtime":3038,"items_purged":["Strike_R","Strike_R","Defend_R"],"score":815,"play_id":"d939b4f4-0689-48ea-8eef-543685ad0658","local_time":"20210122005541","is_ascension_mode":true,"campfire_choices":[{"data":"Intimidate","floor":6,"key":"SMITH"},{"data":"Whirlwind","floor":8,"key":"SMITH"},{"data":"Iron Wave","floor":10,"key":"SMITH"},{"data":"Inflame","floor":15,"key":"SMITH"},{"floor":27,"key":"REST"},{"data":"Limit Break","floor":32,"key":"SMITH"},{"data":"Flame Barrier","floor":40,"key":"SMITH"},{"floor":44,"key":"RECALL"},{"data":"Offering","floor":49,"key":"SMITH"},{"data":"Rampage","floor":52,"key":"SMITH"}],"circlet_count":0,"master_deck":["Defend_R","Defend_R","Bash","Wild Strike","Rampage+1","Whirlwind+1","Iron Wave+1","Intimidate+1","Rage","Battle Trance","Pommel Strike","Inflame+1","Offering+1","Reaper","Flame Barrier+1","Blood for Blood","Armaments+1","Limit Break+1","Dark Embrace+1","Pommel Strike+1","Reaper","Entrench","Juggernaut","Uppercut+1","Shrug It Off","Shrug It Off+1"],"relics":["Burning Blood","Smiling Mask","Happy Flower","MealTicket","Snecko Eye","Mummified Hand","Pen Nib","Orichalcum","Black Star","Peace Pipe","Boot","Regal Pillow","Strawberry","Nunchaku","Bottled Tornado","Bag of Preparation"],"acts_visited":["Exordium","TheCity","TheBeyond","TheEnding"],"potions_floor_usage":[7,23,23,31,37,37,37,46,54],"damage_taken":[{"damage":8,"enemies":"Small Slimes","floor":1,"turns":4},{"damage":0,"enemies":"Cultist","floor":3,"turns":2},{"damage":0,"enemies":"2 Louse","floor":4,"turns":2},{"damage":8,"enemies":"2 Fungi Beasts","floor":5,"turns":3},{"damage":21,"enemies":"Gremlin Nob","floor":7,"turns":4},{"damage":0,"enemies":"Blue Slaver","floor":11,"turns":3},{"damage":0,"enemies":"3 Louse","floor":12,"turns":1},{"damage":6,"enemies":"3 Sentries","floor":13,"turns":4},{"damage":2,"enemies":"2 Fungi Beasts","floor":14,"turns":3},{"damage":40,"enemies":"The Guardian","floor":16,"turns":9},{"damage":29,"enemies":"2 Thieves","floor":18,"turns":3},{"damage":0,"enemies":"3 Byrds","floor":19,"turns":3},{"damage":20,"enemies":"Snake Plant","floor":21,"turns":4},{"damage":57,"enemies":"Book of Stabbing","floor":23,"turns":7},{"damage":6,"enemies":"Centurion and Healer","floor":25,"turns":4},{"damage":9,"enemies":"Slavers","floor":29,"turns":4},{"damage":11,"enemies":"Snecko","floor":30,"turns":4},{"damage":16,"enemies":"Chosen and Byrds","floor":31,"turns":6},{"damage":6,"enemies":"Collector","floor":33,"turns":4},{"damage":0,"enemies":"3 Shapes","floor":35,"turns":3},{"damage":6,"enemies":"Orb Walker","floor":36,"turns":2},{"damage":68,"enemies":"2 Orb Walkers","floor":37,"turns":7},{"damage":6,"enemies":"3 Darklings","floor":38,"turns":3},{"damage":23,"enemies":"Reptomancer","floor":41,"turns":5},{"damage":42,"enemies":"Sphere and 2 Shapes","floor":42,"turns":7},{"damage":39,"enemies":"Nemesis","floor":46,"turns":5},{"damage":26,"enemies":"4 Shapes","floor":48,"turns":7},{"damage":46,"enemies":"Time Eater","floor":50,"turns":9},{"damage":92,"enemies":"Shield and Spear","floor":54,"turns":5}],"seed_played":"7555741810171875582","potions_obtained":[{"floor":5,"key":"Strength Potion"},{"floor":11,"key":"SpeedPotion"},{"floor":12,"key":"FearPotion"},{"floor":14,"key":"Swift Potion"},{"floor":16,"key":"SkillPotion"},{"floor":23,"key":"SpeedPotion"},{"floor":29,"key":"Explosive Potion"},{"floor":35,"key":"AttackPotion"},{"floor":41,"key":"Strength Potion"},{"floor":48,"key":"EssenceOfSteel"}],"is_trial":false,"path_per_floor":["M","?","M","M","M","R","E","R","T","R","M","M","E","M","R","B",null,"M","M","$","M","?","E","?","M","T","R","$","E","M","M","R","B",null,"M","M","?","M","?","R","E","M","T","R","$","E","?","M","R","B",null,"R","$","E"],"character_chosen":"IRONCLAD","items_purchased":["Limit Break","DuplicationPotion","Shrug It Off","EssenceOfSteel","Bottled Tornado","Bag of Preparation"],"campfire_rested":1,"item_purchase_floors":[28,28,45,45,53,53],"current_hp_per_floor":[54,54,60,66,64,64,49,49,49,49,55,61,61,65,65,31,80,57,63,78,67,67,23,23,33,33,57,72,80,80,70,70,70,80,80,80,29,68,68,68,69,78,78,78,80,76,76,70,70,46,87,87,87,0,0],"gold":7,"neow_bonus":"TRANSFORM_TWO_CARDS","is_daily":false,"chose_seed":false,"campfire_upgraded":8,"win_rate":0.0,"timestamp":1611244541,"path_taken":["M","?","M","M","M","R","E","R","T","R","M","M","E","M","R","BOSS","M","?","$","M","?","E","?","M","T","R","?","E","M","M","R","BOSS","M","M","?","M","?","R","E","M","T","R","?","E","?","?","R","BOSS","R","$","E"],"items_purchased_type":["Card","Potion","Card","Potion","Relic","Relic"],"build_version":"2020-12-22","purchased_purges":3,"victory":false,"max_hp_per_floor":[80,80,80,80,80,80,80,80,80,80,80,80,80,80,80,80,80,80,80,80,80,80,80,80,80,80,80,80,80,80,80,80,80,80,80,80,80,80,80,80,80,80,80,80,80,87,87,87,87,87,87,87,87,87,87],"relic_stats":{"Regal Pillow":0,"Happy Flower":[37],"counters":[29,127],"Pen Nib":[12],"Bag of Preparation":[2],"Orichalcum":[66],"Smiling Mask":150,"Boot":[16],"Burning Blood":145,"Peace Pipe":0,"Nunchaku":[3],"Mummified Hand":[56],"Snecko Eye":[176,161,150,188],"MealTicket":32,"Black Star":2,"obtain_stats":[{"Regal Pillow":41,"Happy Flower":9,"Pen Nib":26,"Bag of Preparation":53,"Orichalcum":29,"Bottled Tornado":53,"Smiling Mask":7,"Boot":41,"Burning Blood":0,"Peace Pipe":37,"Nunchaku":46,"Mummified Hand":23,"Strawberry":46,"Snecko Eye":17,"MealTicket":13,"Black Star":34},{"Regal Pillow":24,"Happy Flower":5,"Pen Nib":15,"Bag of Preparation":28,"Orichalcum":16,"Bottled Tornado":28,"Smiling Mask":5,"Boot":24,"Burning Blood":0,"Peace Pipe":22,"Nunchaku":26,"Mummified Hand":14,"Strawberry":26,"Snecko Eye":10,"MealTicket":8,"Black Star":19},{"Regal Pillow":94,"Happy Flower":15,"Pen Nib":56,"Bag of Preparation":122,"Orichalcum":60,"Bottled Tornado":122,"Smiling Mask":15,"Boot":94,"Burning Blood":0,"Peace Pipe":86,"Nunchaku":106,"Mummified Hand":52,"Strawberry":106,"Snecko Eye":35,"MealTicket":23,"Black Star":74}]},"card_choices":[{"not_picked":["Wild Strike","Heavy Blade"],"picked":"Whirlwind","floor":1},{"not_picked":["Rampage","Burning Pact"],"picked":"Intimidate","floor":3},{"not_picked":["Pummel","Entrench","Body Slam"],"picked":"SKIP","floor":4},{"not_picked":["Feel No Pain","Bloodletting"],"picked":"Rage","floor":5},{"not_picked":["Wild Strike","Havoc"],"picked":"Battle Trance","floor":7},{"not_picked":["Rampage","Perfected Strike"],"picked":"Pommel Strike","floor":11},{"not_picked":["Sever Soul","True Grit"],"picked":"Inflame","floor":12},{"not_picked":["Clothesline","Shockwave"],"picked":"Offering","floor":13},{"not_picked":["Thunderclap","Hemokinesis","Clothesline"],"picked":"SKIP","floor":14},{"not_picked":["Barricade","Exhume"],"picked":"Reaper","floor":16},{"not_picked":["Anger","Clothesline"],"picked":"Flame Barrier","floor":18},{"not_picked":["Iron Wave+1","Seeing Red","True Grit"],"picked":"SKIP","floor":19},{"not_picked":["Sever Soul+1","Disarm"],"picked":"Blood for Blood","floor":21},{"not_picked":["Anger","Pommel Strike"],"picked":"Armaments+1","floor":23},{"not_picked":["Battle Trance","Flex+1","Havoc"],"picked":"SKIP","floor":25},{"not_picked":["Cleave","Flex+1","Iron Wave"],"picked":"SKIP","floor":29},{"not_picked":["Intimidate","Disarm"],"picked":"Dark Embrace+1","floor":30},{"not_picked":["Headbutt","Cleave+1"],"picked":"Pommel Strike+1","floor":31},{"not_picked":["Feed","Offering"],"picked":"Reaper","floor":33},{"not_picked":["Sword Boomerang+1","Havoc+1","Clash+1"],"picked":"SKIP","floor":35},{"not_picked":["Reckless Charge+1","Intimidate"],"picked":"Entrench","floor":36},{"not_picked":["Headbutt","Dropkick+1"],"picked":"Juggernaut","floor":37},{"not_picked":["Twin Strike+1","Headbutt+1","Carnage"],"picked":"SKIP","floor":38},{"not_picked":["Thunderclap","Battle Trance"],"picked":"Uppercut+1","floor":41},{"not_picked":["Iron Wave","Body Slam+1","Twin Strike"],"picked":"SKIP","floor":42},{"not_picked":["Iron Wave","Body Slam+1","Twin Strike"],"picked":"SKIP","floor":42},{"not_picked":["Sever Soul","Shrug It Off+1","Headbutt+1"],"picked":"SKIP","floor":46},{"not_picked":["Blood for Blood","Body Slam"],"picked":"Shrug It Off+1","floor":48}],"player_experience":218622,"relics_obtained":[{"floor":7,"key":"Smiling Mask"},{"floor":9,"key":"Happy Flower"},{"floor":13,"key":"MealTicket"},{"floor":23,"key":"Mummified Hand"},{"floor":26,"key":"Pen Nib"},{"floor":29,"key":"Orichalcum"},{"floor":37,"key":"Peace Pipe"},{"floor":41,"key":"Boot"},{"floor":41,"key":"Regal Pillow"},{"floor":46,"key":"Strawberry"},{"floor":46,"key":"Nunchaku"}],"event_choices":[{"cards_removed":["Defend_R"],"damage_healed":0,"gold_gain":0,"player_choice":"Took Card","damage_taken":0,"max_hp_gain":0,"max_hp_loss":0,"event_name":"NoteForYourself","floor":2,"gold_loss":0,"cards_obtained":["Iron Wave"]},{"cards_removed":["Strike_R"],"damage_healed":0,"gold_gain":0,"player_choice":"Gave Gold","damage_taken":0,"max_hp_gain":0,"max_hp_loss":0,"event_name":"Beggar","floor":22,"gold_loss":75},{"damage_healed":0,"gold_gain":0,"player_choice":"Ignored","damage_taken":0,"max_hp_gain":0,"max_hp_loss":0,"event_name":"The Mausoleum","floor":24,"gold_loss":0},{"damage_healed":0,"gold_gain":0,"player_choice":"Fight","damage_taken":0,"max_hp_gain":0,"max_hp_loss":0,"event_name":"Mysterious Sphere","floor":37,"gold_loss":0},{"damage_healed":0,"gold_gain":0,"player_choice":"Ignored","damage_taken":0,"max_hp_gain":0,"max_hp_loss":0,"event_name":"Tomb of Lord Red Mask","floor":39,"gold_loss":0},{"damage_healed":0,"gold_gain":100,"player_choice":"Pray","damage_taken":0,"max_hp_gain":0,"max_hp_loss":0,"event_name":"Golden Shrine","floor":47,"gold_loss":0}],"is_beta":false,"boss_relics":[{"not_picked":["Fusion Hammer","Runic Cube"],"picked":"Snecko Eye"},{"not_picked":["Velvet Choker","Black Blood"],"picked":"Black Star"}],"items_purged_floors":[20,28,45],"is_endless":false,"potions_floor_spawned":[5,11,12,14,16,21,23,29,35,41,48],"killed_by":"Shield and Spear","ascension_level":1}}