{"host":"w4itzgfiflucot85","time":1611268073,"event":{"mods":["2.2 Compatiblity","Bard","BaseMod","Beaked The Cultist","Colored Map","Downfall","Highlight Path","Minty Spire (QoL Compilation)","Permanent Neow","StSLib","The Construct","The Dragon Tamer"],"gold_per_floor":[99,112,112,22,36,63,63,97,110,135,135,152,165,265,280,280,280],"floor_reached":16,"language":"ENG","playtime":793,"items_purged":["downfall:Malfunctioning"],"score":128,"play_id":"9e3d1411-8294-4bcf-b887-c4c7dcbb4eda","local_time":"20210121172753","is_ascension_mode":true,"campfire_choices":[{"data":"construct:FlameCore","floor":1,"key":"SMITH"},{"data":"construct:DefenseMode","floor":11,"key":"SMITH"}],"circlet_count":0,"master_deck":["construct:Strike_Gold","construct:Strike_Gold+1","construct:Strike_Gold","construct:Defend_Gold","construct:Defend_Gold","construct:Defend_Gold","construct:Defend_Gold","construct:Defend_Gold+1","construct:AttackMode+1","construct:DefenseMode+1","construct:FlameCore+1","construct:Autoturret","construct:Accumulate","construct:Synchronize+1","construct:Reinforce","construct:HastyRepair"],"relics":["construct:Cogwheel","Bottled Flame","The Courier","construct:BoolHorns","CaptainsWheel"],"acts_visited":["Exordium"],"potions_floor_usage":[9],"damage_taken":[{"damage":6,"enemies":"Cultist","floor":2,"turns":3},{"damage":2,"enemies":"downfall:FleeingMerchant","floor":4,"turns":4},{"damage":7,"enemies":"Small Slimes","floor":5,"turns":3},{"damage":7,"enemies":"Lagavulin","floor":6,"turns":9},{"damage":22,"enemies":"3 Sentries","floor":8,"turns":9},{"damage":0,"enemies":"Jaw Worm","floor":9,"turns":3},{"damage":4,"enemies":"Lagavulin","floor":10,"turns":7},{"damage":0,"enemies":"Red Slaver","floor":12,"turns":4},{"damage":0,"enemies":"3 Louse","floor":13,"turns":3},{"damage":12,"enemies":"downfall:Heads","floor":14,"turns":5},{"damage":18,"enemies":"Exordium Thugs","floor":15,"turns":7},{"damage":14,"enemies":"IC_STATUS_ARCHETYPE","floor":16,"turns":13}],"seed_played":"3777346478790471091","potions_obtained":[{"floor":2,"key":"DistilledChaos"},{"floor":6,"key":"Dexterity Potion"},{"floor":8,"key":"construct:ShiftPotion"},{"floor":9,"key":"hexamod:SoulburnPotion"},{"floor":12,"key":"Dexterity Potion"}],"is_trial":false,"path_per_floor":["R","M","?","$","M","E","T","E","M","E","R","M","M","?","M","B"],"character_chosen":"THE_CONSTRUCT_MOD","items_purchased":[],"campfire_rested":0,"item_purchase_floors":[],"current_hp_per_floor":[85,79,79,77,70,63,63,41,41,37,37,37,37,25,7,0,0],"gold":280,"neow_bonus":"THREE_CARDS","is_daily":false,"chose_seed":false,"campfire_upgraded":2,"win_rate":0.0,"timestamp":1611268073,"path_taken":["R","M","?","$","M","E","T","E","M","E","R","M","M","?","M","BOSS"],"items_purchased_type":[],"build_version":"2020-12-22","purchased_purges":1,"victory":false,"max_hp_per_floor":[85,85,85,85,85,85,85,85,85,85,85,85,85,85,85,85,85],"card_choices":[{"not_picked":["construct:ShiftStrike","construct:Forcefield"],"picked":"construct:FlameCore","floor":0},{"not_picked":["construct:Chainstrike","construct:Backfire"],"picked":"construct:Autoturret","floor":2},{"not_picked":["construct:ForceCore","construct:Electrocute","construct:VentSteam"],"picked":"SKIP","floor":4},{"not_picked":["construct:Overcharge","construct:VentSteam"],"picked":"construct:Accumulate","floor":5},{"not_picked":["construct:Chainstrike","construct:UnbalancingBlast","construct:Dampening"],"picked":"SKIP","floor":6},{"not_picked":["construct:ReactiveShield","construct:ChargeShot"],"picked":"construct:Synchronize","floor":8},{"not_picked":["construct:MemoryTap","construct:ClusterMines","construct:Anticipate"],"picked":"SKIP","floor":9},{"not_picked":["construct:HastyRepair","construct:HeavyBolt","construct:ScrapCannon"],"picked":"SKIP","floor":10},{"not_picked":["construct:Electrocute","construct:Synchronize"],"picked":"construct:Reinforce","floor":12},{"not_picked":["construct:Reinforce","construct:Tumble","construct:ChargeShot"],"picked":"SKIP","floor":13},{"not_picked":["construct:CriticalHit","construct:Backfire","construct:ShiftStrike"],"picked":"SKIP","floor":15}],"player_experience":532010,"relics_obtained":[{"floor":6,"key":"Bottled Flame"},{"floor":7,"key":"The Courier"},{"floor":8,"key":"construct:BoolHorns"},{"floor":10,"key":"CaptainsWheel"}],"event_choices":[],"is_beta":false,"boss_relics":[],"items_purged_floors":[4],"is_endless":false,"potions_floor_spawned":[2,6,8,9,12],"killed_by":"IC_STATUS_ARCHETYPE","ascension_level":1}}