{"host":"0cm5wy4nhuju7tij","time":1611199945,"event":{"mods":["100% Spire Juice","2.2 Compatiblity","AchievementEnabler","Aspiration","BaseMod","Better Third Choice","BetterRewards","CCEM","CapriCore","Colored Powertips","Curses Come First","Custom Start","Displayed Cursed Tome","Downfall","Energized Spire","Evolution","Filter the Spire","Highlight Path","Jess\u0027s Bottle","Minty Spire (QoL Compilation)","Permanent Neow","Poor People Problems","Relic Stats","Shop Mod","Spicy Shops","StSLib","The Cursed","The Juggle","The Sage","TheFirefly"],"gold_per_floor":[109,209,222,71,86,112,112,130,207,207,227,227,256,273,273,378,378,395,409,409,409,409,409],"floor_reached":22,"language":"ENG","playtime":1186,"items_purged":[],"score":225,"play_id":"ee55acc3-c1f6-464b-8f4d-6a57fa43ac5f","local_time":"20210120223225","is_ascension_mode":true,"campfire_choices":[{"floor":7,"key":"REST"},{"floor":12,"key":"REST"},{"floor":15,"key":"REST"}],"circlet_count":0,"master_deck":["Strike_B","Strike_B","Strike_B","Strike_B","Defend_B","Defend_B","Defend_B","Zap+1","Dualcast","Leap","Capacitor","Loop","Conserve Battery","Rip and Tear","Stack","Glacier","Self Repair+1","Doom and Gloom","Coolheaded","Fusion","Creative AI+1","Double Energy","Recycle","Writhe"],"relics":["Cracked Core","EVO:Axolotl","Frozen Egg 2","aspiration:StickyExplosives_weak","Dream Catcher","Nuclear Battery","sagemod:Creepy_Carousel"],"acts_visited":["Exordium","TheCity"],"potions_floor_usage":[],"damage_taken":[{"damage":14,"enemies":"Small Slimes","floor":1,"turns":4},{"damage":0,"enemies":"Cultist","floor":3,"turns":3},{"damage":7,"enemies":"Jaw Worm","floor":5,"turns":3},{"damage":34,"enemies":"3 Sentries","floor":6,"turns":10},{"damage":22,"enemies":"Exordium Wildlife","floor":8,"turns":5},{"damage":0,"enemies":"Blue Slaver","floor":11,"turns":5},{"damage":39,"enemies":"Gremlin Nob","floor":13,"turns":5},{"damage":6,"enemies":"Looter","floor":14,"turns":3},{"damage":26,"enemies":"The Guardian","floor":16,"turns":13},{"damage":37,"enemies":"3 Byrds","floor":18,"turns":6},{"damage":30,"enemies":"Shell Parasite","floor":19,"turns":8},{"damage":30,"enemies":"3 Cultists","floor":22,"turns":4}],"seed_played":"-9095462858762434389","potions_obtained":[{"floor":3,"key":"Dexterity Potion"},{"floor":8,"key":"FearPotion"},{"floor":13,"key":"GamblersBrew"},{"floor":14,"key":"FocusPotion"}],"is_trial":false,"path_per_floor":["M","?","M","$","M","E","R","M","T","?","M","R","E","M","R","B",null,"M","M","?","?","M"],"character_chosen":"DEFECT","items_purchased":["Loop","Conserve Battery"],"campfire_rested":3,"item_purchase_floors":[4,4],"current_hp_per_floor":[61,61,61,61,54,20,42,20,20,20,20,42,13,17,39,23,75,48,28,28,28,0,0],"gold":409,"neow_bonus":"UPGRADE_CARD","is_daily":false,"chose_seed":false,"campfire_upgraded":0,"win_rate":0.0,"timestamp":1611199945,"path_taken":["M","?","M","?","M","E","R","M","T","?","M","R","E","?","R","BOSS","M","M","?","?","M"],"items_purchased_type":["Card","Card"],"build_version":"2020-12-22","purchased_purges":0,"victory":false,"max_hp_per_floor":[75,75,75,75,75,75,75,75,75,75,75,75,75,75,75,75,75,75,75,75,75,75,75],"relic_stats":{"Dream Catcher":1,"counters":[12,69],"obtain_stats":[{"Dream Catcher":13,"sagemod:Creepy_Carousel":20,"EVO:Axolotl":0,"Frozen Egg 2":6,"Cracked Core":0,"aspiration:StickyExplosives_weak":9,"Nuclear Battery":17},{"Dream Catcher":7,"sagemod:Creepy_Carousel":11,"EVO:Axolotl":0,"Frozen Egg 2":4,"Cracked Core":0,"aspiration:StickyExplosives_weak":5,"Nuclear Battery":9},{"Dream Catcher":35,"sagemod:Creepy_Carousel":65,"EVO:Axolotl":0,"Frozen Egg 2":20,"Cracked Core":0,"aspiration:StickyExplosives_weak":25,"Nuclear Battery":51}]},"card_choices":[{"not_picked":["Reinforced Body","Melter"],"picked":"Leap","floor":1},{"not_picked":["Leap","Streamline"],"picked":"Capacitor","floor":3},{"not_picked":["Loop","Rebound"],"picked":"Rip and Tear","floor":5},{"not_picked":["Conserve Battery","Double Energy"],"picked":"Stack","floor":6},{"not_picked":["Steam","Hyperbeam"],"picked":"Glacier","floor":8},{"not_picked":["Rebound","Beam Cell"],"picked":"Self Repair+1","floor":11},{"not_picked":["Gash","Stack"],"picked":"Doom and Gloom","floor":13},{"not_picked":["Turbo","Leap"],"picked":"Coolheaded","floor":14},{"not_picked":["Lockon","Sunder"],"picked":"Fusion","floor":15},{"not_picked":["Echo Form+1","Rainbow"],"picked":"Creative AI+1","floor":16},{"not_picked":["Doom and Gloom","Gash"],"picked":"Double Energy","floor":18},{"not_picked":["Stack","Compile Driver"],"picked":"Recycle","floor":19}],"player_experience":224958,"relics_obtained":[{"floor":6,"key":"Frozen Egg 2"},{"floor":9,"key":"aspiration:StickyExplosives_weak"},{"floor":13,"key":"Dream Catcher"}],"event_choices":[{"damage_healed":0,"gold_gain":100,"player_choice":"Pray","damage_taken":0,"max_hp_gain":0,"max_hp_loss":0,"event_name":"Golden Shrine","floor":2,"gold_loss":0},{"cards_removed":["Defend_B"],"damage_healed":0,"gold_gain":0,"player_choice":"Card Removal","damage_taken":0,"max_hp_gain":0,"max_hp_loss":0,"event_name":"Wheel of Change","floor":10,"gold_loss":0},{"damage_healed":0,"gold_gain":0,"player_choice":"Opened","damage_taken":0,"relics_obtained":["sagemod:Creepy_Carousel"],"max_hp_gain":0,"max_hp_loss":0,"event_name":"The Mausoleum","floor":20,"gold_loss":0,"cards_obtained":["Writhe"]},{"damage_healed":0,"gold_gain":0,"player_choice":"Ignored","damage_taken":0,"max_hp_gain":0,"max_hp_loss":0,"event_name":"Ghosts","floor":21,"gold_loss":0}],"is_beta":false,"boss_relics":[{"not_picked":["Snecko Eye","energizedSpire:StickyHand"],"picked":"Nuclear Battery"}],"items_purged_floors":[],"is_endless":false,"potions_floor_spawned":[3,8,13,14],"killed_by":"3 Cultists","ascension_level":3}}