{"host":"nlowmoq7gy18n72d","time":1611247235,"event":{"mods":["BaseMod","Colored Powertips","Downfall","Hermit","Highlight Path","Infinite Spire","Jorbs\u0027s Wanderer Trilogy","Minty Spire (QoL Compilation)","StSLib","The Cursed"],"gold_per_floor":[99,114,132,150,160,195,221,221,256,256,56,66,4,179,196,295,295,295,310,322,86,104,118,118,118,118,144,144,155,155,184,197,197,197,197],"floor_reached":33,"language":"ENG","playtime":1558,"items_purged":["Guardian:Strike_Guardian"],"score":340,"play_id":"fc1479c3-0d75-41b6-b442-a9f865d5d8c2","local_time":"20210121194035","is_ascension_mode":true,"campfire_choices":[{"data":"1","floor":1,"key":"LIFT"},{"floor":11,"key":"REST"},{"data":"2","floor":18,"key":"LIFT"},{"floor":28,"key":"REST"},{"data":"3","floor":30,"key":"LIFT"}],"circlet_count":0,"master_deck":["Guardian:Strike_Guardian","Guardian:Strike_Guardian","Guardian:Strike_Guardian","Guardian:Defend_Guardian","Guardian:Defend_Guardian","Guardian:Defend_Guardian","Guardian:Defend_Guardian","Guardian:CurlUp","Guardian:TwinSlam","Guardian:WalkerClaw","Guardian:PiercingHide","Guardian:RollAttack","Guardian:FuturePlans","Guardian:ChargeCore","Guardian:VentSteam","Guardian:Reroute","Guardian:CompilePackage","Guardian:PiercingHide","Guardian:Recover","Guardian:GemFinder","Guardian:FastForward","Guardian:GuardianWhirl+1"],"relics":["Guardian:ModeShifter","Girya","Omamori","Vajra","Bag of Preparation","Akabeko","downfall:HeartBlessingGreen","downfall:HeartBlessingBlue","Sling","Regal Pillow","sneckomod:BabySnecko","Orichalcum","TungstenRod"],"acts_visited":["Exordium","TheCity"],"potions_floor_usage":[21,23,27,27,31,33],"damage_taken":[{"damage":12,"enemies":"infinitespire:Voidling","floor":2,"turns":5},{"damage":0,"enemies":"Small Slimes","floor":3,"turns":4},{"damage":6,"enemies":"Cultist","floor":4,"turns":3},{"damage":15,"enemies":"2 Fungi Beasts","floor":5,"turns":3},{"damage":16,"enemies":"Gremlin Nob","floor":6,"turns":4},{"damage":17,"enemies":"3 Sentries","floor":9,"turns":12},{"damage":4,"enemies":"Exordium Thugs","floor":12,"turns":4},{"damage":4,"enemies":"downfall:FleeingMerchant","floor":13,"turns":4},{"damage":0,"enemies":"Large Slime","floor":15,"turns":3},{"damage":4,"enemies":"SI_SHIV_ARCHETYPE","floor":16,"turns":7},{"damage":20,"enemies":"Shell Parasite","floor":19,"turns":4},{"damage":7,"enemies":"Spheric Guardian","floor":20,"turns":4},{"damage":15,"enemies":"downfall:FleeingMerchant","floor":21,"turns":4},{"damage":6,"enemies":"Snecko","floor":22,"turns":4},{"damage":5,"enemies":"Centurion and Healer","floor":23,"turns":8},{"damage":26,"enemies":"Nightmare","floor":27,"turns":11},{"damage":11,"enemies":"Shelled Parasite and Fungi","floor":29,"turns":3},{"damage":0,"enemies":"Book of Stabbing","floor":31,"turns":3},{"damage":6,"enemies":"Snake Plant","floor":32,"turns":3},{"damage":40,"enemies":"WA_ARCHETYPE_CALM","floor":33,"turns":11}],"seed_played":"6582034240200945410","potions_obtained":[{"floor":2,"key":"Guardian:AcceleratePotion"},{"floor":4,"key":"SpeedPotion"},{"floor":16,"key":"Dexterity Potion"},{"floor":20,"key":"PowerPotion"},{"floor":22,"key":"Regen Potion"},{"floor":27,"key":"SneckoOil"},{"floor":29,"key":"SpeedPotion"}],"is_trial":false,"path_per_floor":["R","M","M","M","M","E","T","?","E","T","R","M","$","?","M","B",null,"R","M","M","$","M","M","T","?","?","NM","R","M","R","E","M","B"],"character_chosen":"GUARDIAN","items_purchased":["Guardian:VentSteam","Sling"],"campfire_rested":2,"item_purchase_floors":[13,21],"current_hp_per_floor":[72,64,64,58,43,27,27,24,7,7,41,37,33,33,33,29,82,82,62,55,40,34,44,44,44,44,18,57,46,46,46,40,0,0,0],"gold":197,"neow_bonus":"ONE_RARE_RELIC","is_daily":false,"chose_seed":false,"campfire_upgraded":0,"win_rate":0.0,"timestamp":1611247235,"path_taken":["R","M","M","M","?","E","T","?","E","?","R","M","$","?","M","BOSS","R","M","M","$","M","M","T","?","?","NM","R","M","R","E","M","BOSS"],"items_purchased_type":["Card","Relic"],"build_version":"2020-12-22","purchased_purges":1,"victory":false,"max_hp_per_floor":[72,72,72,72,72,72,72,72,72,72,82,82,82,82,82,82,82,82,82,82,82,82,82,82,82,82,82,82,82,82,82,82,82,82,82],"card_choices":[{"not_picked":["Guardian:Repulse","Guardian:ShieldSpikes"],"picked":"Guardian:Gem_Green","floor":2},{"not_picked":["Guardian:RollAttack","Guardian:Incinerate"],"picked":"Guardian:WalkerClaw","floor":3},{"not_picked":["Guardian:TemporalShield","Guardian:BodySlam"],"picked":"Guardian:Gem_Red","floor":4},{"not_picked":["Guardian:Gem_White","Guardian:ChargeCore"],"picked":"Guardian:Gem_Red","floor":5},{"not_picked":["Guardian:GemFinder","Guardian:StasisField"],"picked":"Guardian:PiercingHide","floor":6},{"not_picked":["Guardian:Gem_Purple","Guardian:TemporalStrike"],"picked":"Guardian:RollAttack","floor":9},{"not_picked":["Guardian:PolyBeam","Guardian:VentSteam"],"picked":"Guardian:FuturePlans","floor":12},{"not_picked":["Guardian:TemporalStrike","Guardian:Clone"],"picked":"Guardian:ChargeCore","floor":13},{"not_picked":["Guardian:Clone","Guardian:Gem_Cyan"],"picked":"Guardian:Reroute","floor":15},{"not_picked":["Guardian:BaubleBeam","Guardian:StasisStrike"],"picked":"Guardian:CompilePackage","floor":16},{"not_picked":["Guardian:Gem_Green","Guardian:CrystalBeam"],"picked":"Guardian:PiercingHide","floor":19},{"not_picked":["Guardian:Gem_Purple","Guardian:Planning"],"picked":"Guardian:Recover","floor":20},{"not_picked":["Guardian:Gem_Yellow","Guardian:FuturePlans"],"picked":"Guardian:GemFinder","floor":21},{"not_picked":["Guardian:Gem_Cyan","Guardian:Gem_Green"],"picked":"Guardian:Gem_Lightblue","floor":22},{"not_picked":["Guardian:VentSteam","Guardian:WalkerClaw+1"],"picked":"Guardian:Gem_Crimson","floor":22},{"not_picked":["Guardian:Gem_Green","Guardian:Gem_Red"],"picked":"Guardian:Gem_Lightblue","floor":23},{"not_picked":["Guardian:Planning+1","Guardian:Gem_Red"],"picked":"Guardian:FastForward","floor":23},{"not_picked":["Guardian:RollAttack","Guardian:TemporalStrike"],"picked":"Guardian:GuardianWhirl+1","floor":27},{"not_picked":["Guardian:CrystalBeam","Guardian:Gem_Cyan","Guardian:Gem_Green"],"picked":"SKIP","floor":29},{"not_picked":["Guardian:Gem_Lightblue","Guardian:TimeCapacitor","Guardian:Planning"],"picked":"SKIP","floor":31},{"not_picked":["Guardian:RefractedBeam+1","Guardian:CrystalBeam+1","Guardian:PiercingHide+1"],"picked":"SKIP","floor":32}],"player_experience":701518,"relics_obtained":[{"floor":6,"key":"Omamori"},{"floor":7,"key":"Vajra"},{"floor":9,"key":"Akabeko"},{"floor":24,"key":"Regal Pillow"},{"floor":27,"key":"Orichalcum"},{"floor":31,"key":"TungstenRod"}],"event_choices":[{"damage_healed":0,"gold_gain":0,"player_choice":"Success","damage_taken":3,"relics_obtained":["Bag of Preparation"],"max_hp_gain":0,"max_hp_loss":0,"event_name":"Scrap Ooze","floor":8,"gold_loss":0},{"damage_healed":0,"gold_gain":0,"player_choice":"Ignored","damage_taken":0,"max_hp_gain":0,"max_hp_loss":0,"event_name":"Vampires","floor":26,"gold_loss":0}],"is_beta":false,"boss_relics":[{"not_picked":["Runic Pyramid","infinitespire:Cupcake","Pandora\u0027s Box"]}],"items_purged_floors":[21],"is_endless":false,"potions_floor_spawned":[2,4,16,20,22,27,29],"killed_by":"WA_ARCHETYPE_CALM","ascension_level":1}}