{"host":"ymw71f7rc9ndansy","time":1611222142,"event":{"mods":["ATMod(阿瑾Mod)","Act Like it!","Aspiration","BaseMod","DeckTracker","Hubris","Library of Ruina","Library of Ruina Extra","Minty Spire (QoL Compilation)","MostiFishMod","Remove Card Discount Mod","Replay The Spire","RumiaBox-露米娅的神秘盒子","StSLib","TestMod","【功能Mod】精心准备","【遗物卡牌】REMEMod"],"gold_per_floor":[110,127,139,145,162,393,393,1020,1020,1020,1020,529,783,837,837,1041,1041,1068,1018,1042,1042,1065,1325,1363,1646,1646,1646,1646,1872,2129,1682,1929,1969,1969,2093,693,693,693],"floor_reached":37,"language":"ZHS","playtime":593,"items_purged":["Injury"],"score":1180,"play_id":"54f2c0c6-0589-4a3a-89b6-f6083b4d963f","local_time":"20210121174222","is_ascension_mode":true,"campfire_choices":[{"data":"DegradedShockwave","floor":7,"key":"SMITH"},{"data":"DegradedPillar","floor":10,"key":"SMITH"},{"data":"DegradedPillar","floor":15,"key":"SMITH"},{"floor":34,"key":"REST"}],"circlet_count":0,"master_deck":["AscendersBane","DegradedFairy+1","DegradedFairy","DegradedFairy","DegradedChain","DegradedChain","DegradedLock+1","DegradedPillar+1","DegradedPillar+1","DegradedShockwave+1","DegradedFairy+1"],"relics":["PageOfLibrarian","testmod-TestBox","DaveBox","REME_ComplimentaryCards","AT_ATBox","MetatronsCube","testmod-NegativeEmotionEnhancer","SynthV:TestCard","AT_TheCollector","AT_TheCollector","War Paint","Ginger","PageOfFairyFestival","Golden Idol","AT_LudenTempest","Replay:Bandana","aspiration:Lifesprig","AT_TrinityForce","Baka2","hubris:PeanutButter","testmod-TurbochargingSystem","Juzu Bracelet","PageOfMercenary","Lantern","Art of War","Matryoshka","Blood Vial","SynthV:MejaisSoulstealer"],"acts_visited":["Exordium","TheCity","TheBeyond"],"potions_floor_usage":[],"damage_taken":[{"damage":0,"enemies":"Small Slimes","floor":1,"turns":1},{"damage":0,"enemies":"Cultist","floor":2,"turns":1},{"damage":0,"enemies":"2 Louse","floor":3,"turns":1},{"damage":0,"enemies":"Blue Slaver","floor":4,"turns":1},{"damage":0,"enemies":"2 Fungi Beasts","floor":5,"turns":2},{"damage":0,"enemies":"Gremlin Nob","floor":6,"turns":1},{"damage":0,"enemies":"3 Sentries","floor":8,"turns":1},{"damage":5,"enemies":"Lagavulin","floor":13,"turns":1},{"damage":7,"enemies":"Hexaghost","floor":16,"turns":2},{"damage":7,"enemies":"2 Thieves","floor":18,"turns":1},{"damage":5,"enemies":"3 Byrds","floor":20,"turns":1},{"damage":5,"enemies":"Snecko","floor":22,"turns":1},{"damage":5,"enemies":"Slavers","floor":23,"turns":1},{"damage":2,"enemies":"Gremlin Leader","floor":25,"turns":3},{"damage":5,"enemies":"Sentry and Sphere","floor":29,"turns":1},{"damage":5,"enemies":"Slavers","floor":30,"turns":1},{"damage":5,"enemies":"Replay:Snechameleon","floor":32,"turns":1},{"damage":5,"enemies":"3 Cultists","floor":33,"turns":1},{"damage":17,"enemies":"hubris:MusketHawk","floor":35,"turns":5},{"damage":0,"enemies":"3 Shapes","floor":37,"turns":1}],"seed_played":"-6870587033605983972","potions_obtained":[{"floor":4,"key":"Toxic Potion"},{"floor":6,"key":"Block Potion"},{"floor":16,"key":"ColorlessPotion"},{"floor":25,"key":"CultistPotion"}],"is_trial":false,"path_per_floor":["M","M","M","M","M","E","R","E","T","R","?","$","E","?","R","B",null,"M","?","M","?","M","E","?","E","PTL","PTL","T","M","E","$","E","M","R","B",null,"M"],"character_chosen":"Librarian","items_purchased":["AT_LudenTempest","Replay:Bandana","Art of War","Matryoshka"],"campfire_rested":1,"item_purchase_floors":[12,12,31,31],"current_hp_per_floor":[66,69,72,74,77,79,79,83,83,83,83,83,80,80,80,75,100,96,96,95,95,92,91,55,55,55,55,55,53,52,52,49,50,85,86,110,112,112],"gold":693,"neow_bonus":"TEN_PERCENT_HP_BONUS","is_daily":false,"chose_seed":false,"campfire_upgraded":3,"win_rate":0.0,"timestamp":1611222142,"path_taken":["M","M","M","M","M","E","R","E","T","R","?","$","E","?","R","BOSS","M","?","?","?","M","E","?","E","PTL","PTL","T","M","E","?","E","M","R","BOSS","M"],"items_purchased_type":["Relic","Relic","Relic","Relic"],"build_version":"2020-12-22","purchased_purges":1,"victory":false,"max_hp_per_floor":[100,101,102,103,104,105,105,106,106,106,106,106,107,107,107,108,108,109,109,110,110,111,112,112,113,113,113,113,114,115,115,116,117,117,118,118,118,118],"card_choices":[{"not_picked":["Rampage_lor","HiddenBlade","Outburst","GreatSerpentsImpact","StrongStrike","ProselytesBlade","Leap_lor","QuickSuppression","SetFire"],"picked":"SKIP","floor":1},{"not_picked":["PreemptiveStrike","StrongStrike","DesperateStruggle","SharpSwipe","QuickSuppression","Pound","GuidanceOfTheGears","SweepTheBackstreets","Clone","SinglePointStab","AGoldenOpportunity"],"picked":"SKIP","floor":29}],"player_experience":1060974,"relics_obtained":[{"floor":1,"key":"SynthV:TestCard"},{"floor":1,"key":"Baka"},{"floor":2,"key":"AT_TheCollector"},{"floor":2,"key":"AT_TheCollector"},{"floor":6,"key":"War Paint"},{"floor":8,"key":"Ginger"},{"floor":9,"key":"PageOfFairyFestival"},{"floor":13,"key":"aspiration:Lifesprig"},{"floor":18,"key":"Baka2"},{"floor":23,"key":"hubris:PeanutButter"},{"floor":24,"key":"testmod-TurbochargingSystem"},{"floor":25,"key":"Juzu Bracelet"},{"floor":28,"key":"PageOfMercenary"},{"floor":30,"key":"Lantern"},{"floor":32,"key":"Blood Vial"}],"event_choices":[{"damage_healed":0,"gold_gain":0,"player_choice":"Take Wound","damage_taken":0,"relics_obtained":["Golden Idol"],"max_hp_gain":0,"max_hp_loss":0,"event_name":"Golden Idol","floor":11,"gold_loss":0,"cards_obtained":["Injury"]},{"damage_healed":0,"gold_gain":54,"player_choice":"Gained Gold","damage_taken":0,"max_hp_gain":0,"max_hp_loss":0,"event_name":"Golden Wing","floor":14,"gold_loss":0},{"damage_healed":0,"gold_gain":0,"player_choice":"Upgraded Two","damage_taken":0,"max_hp_gain":0,"max_hp_loss":0,"event_name":"Designer","floor":19,"gold_loss":50,"cards_upgraded":["DegradedLock","DegradedFairy"]}],"is_beta":false,"boss_relics":[{"not_picked":["testmod-Temperance","ReplayTheSpireMod:DimensionalGlitch"],"picked":"AT_TrinityForce"},{"not_picked":["Runic Dome","FixedStarFall"],"picked":"SynthV:MejaisSoulstealer"}],"items_purged_floors":[12],"is_endless":false,"potions_floor_spawned":[1,4,6,8,13,16,20,25,29,30,35],"killed_by":"3 Shapes","ascension_level":20}}