{"host":"sc0o2qwpf9j16a4i","time":1611235734,"event":{"mods":["AchievementEnabler","BaseMod","BetterRewards","Block Reminder","Colored Map","Colored Powertips","Custom Start","Highlight Path","Minty Spire (QoL Compilation)","Relic Stats"],"gold_per_floor":[117,176,116,134,149,149,181,181,181,181,213,231,246,265,265,340,340,351,17,36,66,80,80,113,113,113,113,113,113,113],"floor_reached":29,"language":"ENG","playtime":952,"items_purged":[],"score":706,"play_id":"33c499ac-a991-4b22-9885-3fe9e8c79156","local_time":"20210121152854","is_ascension_mode":true,"campfire_choices":[{"data":"Noxious Fumes","floor":6.0,"key":"SMITH"},{"data":"Predator","floor":8.0,"key":"SMITH"},{"data":"Bane","floor":10.0,"key":"SMITH"},{"floor":15.0,"key":"REST"},{"floor":23.0,"key":"REST"},{"floor":25.0,"key":"REST"},{"floor":27.0,"key":"REST"}],"circlet_count":0,"master_deck":["AscendersBane","Survivor","Neutralize","Noxious Fumes+1","Predator+1","Deadly Poison","Leg Sweep","Bane+1","Envenom","Flying Knee","Burst","Distraction","Choke","PiercingWail","Eviscerate","Storm of Steel","Burst","A Thousand Cuts","Endless Agony","Wraith Form v2","Footwork","Deadly Poison+1","Reflex","Well Laid Plans","Infinite Blades"],"relics":["Ring of the Snake","The Specimen","Art of War","Lizard Tail","Boot","Pandora\u0027s Box","TwistedFunnel","Tiny Chest","Red Mask","Girya","Sundial"],"acts_visited":["Exordium","TheCity"],"potions_floor_usage":[],"damage_taken":[{"damage":0.0,"enemies":"2 Louse","floor":1.0,"turns":2.0},{"damage":9.0,"enemies":"Jaw Worm","floor":4.0,"turns":4.0},{"damage":0.0,"enemies":"Cultist","floor":5.0,"turns":4.0},{"damage":7.0,"enemies":"Lagavulin","floor":7.0,"turns":7.0},{"damage":30.0,"enemies":"Gremlin Nob","floor":11.0,"turns":4.0},{"damage":4.0,"enemies":"3 Louse","floor":12.0,"turns":4.0},{"damage":0.0,"enemies":"Looter","floor":13.0,"turns":3.0},{"damage":0.0,"enemies":"Gremlin Gang","floor":14.0,"turns":3.0},{"damage":17.0,"enemies":"The Guardian","floor":16.0,"turns":8.0},{"damage":0.0,"enemies":"3 Byrds","floor":18.0,"turns":3.0},{"damage":19.0,"enemies":"Spheric Guardian","floor":20.0,"turns":5.0},{"damage":24.0,"enemies":"Masked Bandits","floor":21.0,"turns":4.0},{"damage":37.0,"enemies":"3 Cultists","floor":22.0,"turns":5.0},{"damage":28.0,"enemies":"Slavers","floor":24.0,"turns":6.0},{"damage":47,"enemies":"Shelled Parasite and Fungi","floor":29,"turns":3}],"seed_played":"2138350209479535739","potions_obtained":[{"floor":11.0,"key":"Fruit Juice"},{"floor":12.0,"key":"Fire Potion"},{"floor":13.0,"key":"AttackPotion"}],"is_trial":false,"path_per_floor":["M","?","?","M","M","R","E","R","T","R","E","M","M","M","R","B",null,"M","$","M","?","M","R","E","R","T","R","?","M"],"character_chosen":"THE_SILENT","items_purchased":["Noxious Fumes","Predator","Deadly Poison","TwistedFunnel","Tiny Chest"],"campfire_rested":4,"item_purchase_floors":[0,0,0,19,19],"current_hp_per_floor":[54,54,54,45,45,45,38,38,38,38,8,4,9,9,30,13,57,57,57,38,14,12,33,5,26,26,47,37,0,0],"gold":113,"neow_bonus":"","is_daily":false,"chose_seed":false,"campfire_upgraded":3,"win_rate":0.0,"timestamp":1611235734,"path_taken":["M","?","?","M","M","R","E","R","T","R","E","M","M","?","R","BOSS","M","$","M","?","M","R","E","R","T","R","?","?"],"items_purchased_type":["Card","Card","Card","Relic","Relic"],"build_version":"2020-12-22","purchased_purges":0,"victory":false,"max_hp_per_floor":[66,66,66,66,66,66,66,66,66,66,66,66,71,71,71,71,71,71,71,71,71,71,71,71,71,71,71,71,71,71],"relic_stats":{"Lizard Tail":35,"counters":[24,113],"Sundial":[0],"Pandora\u0027s Box":["Distraction","Choke","PiercingWail","Eviscerate","Storm of Steel","Burst","A Thousand Cuts","Endless Agony","Wraith Form v2","Footwork"],"Tiny Chest":0,"Art of War":[13],"Boot":[53],"obtain_stats":[{"TwistedFunnel":19,"Girya":24,"Regal Pillow":12,"The Specimen":3,"Vajra":9,"Orichalcum":7,"Boot":11,"Lizard Tail":9,"Busted Crown":0,"Sundial":26,"Pandora\u0027s Box":17,"Tiny Chest":19,"Art of War":7,"Red Mask":21,"Toxic Egg 2":10,"Ring of the Snake":0},{"TwistedFunnel":19,"Girya":23,"Regal Pillow":6,"The Specimen":10,"Vajra":4,"Orichalcum":4,"Boot":14,"Lizard Tail":13,"Busted Crown":0,"Sundial":23,"Pandora\u0027s Box":18,"Tiny Chest":19,"Art of War":13,"Red Mask":21,"Toxic Egg 2":5,"Ring of the Snake":0},{"TwistedFunnel":90,"Girya":110,"Regal Pillow":31,"The Specimen":50,"Vajra":16,"Orichalcum":16,"Boot":69,"Lizard Tail":65,"Busted Crown":0,"Sundial":110,"Pandora\u0027s Box":87,"Tiny Chest":90,"Art of War":65,"Red Mask":99,"Toxic Egg 2":24,"Ring of the Snake":0}],"Ring of the Snake":[30]},"card_choices":[{"not_picked":["Distraction","Backflip","Prepared"],"picked":"SKIP","floor":1.0},{"not_picked":["Accuracy","Dash"],"picked":"Leg Sweep","floor":4.0},{"not_picked":["Outmaneuver","Well Laid Plans"],"picked":"Bane","floor":5.0},{"not_picked":["Quick Slash","Setup","Riddle With Holes"],"picked":"SKIP","floor":7.0},{"not_picked":["Quick Slash","Sucker Punch","Slice"],"picked":"SKIP","floor":11.0},{"not_picked":["Quick Slash","Eviscerate","Dagger Spray"],"picked":"SKIP","floor":12.0},{"not_picked":["Cloak And Dagger","Outmaneuver"],"picked":"Envenom","floor":13.0},{"not_picked":["Eviscerate","Prepared"],"picked":"Flying Knee","floor":14.0},{"not_picked":["Tools of the Trade","Unload"],"picked":"Burst","floor":16.0},{"not_picked":["Poisoned Stab+1","Underhanded Strike"],"picked":"Deadly Poison+1","floor":18.0},{"not_picked":["Underhanded Strike","Footwork"],"picked":"Reflex","floor":20.0},{"not_picked":["Deflect","Underhanded Strike"],"picked":"Well Laid Plans","floor":21.0},{"not_picked":["Flying Knee","Cloak And Dagger","Sucker Punch"],"picked":"SKIP","floor":22.0},{"not_picked":["Blade Dance","Outmaneuver"],"picked":"Infinite Blades","floor":24.0}],"player_experience":835446,"relics_obtained":[{"floor":7.0,"key":"Art of War"},{"floor":9.0,"key":"Lizard Tail"},{"floor":11.0,"key":"Boot"},{"floor":21.0,"key":"Red Mask"},{"floor":24.0,"key":"Girya"},{"floor":26.0,"key":"Sundial"}],"event_choices":[{"damage_healed":0.0,"max_hp_gain":0.0,"max_hp_loss":0.0,"gold_gain":59.0,"event_name":"Golden Wing","player_choice":"Gained Gold","floor":2.0,"gold_loss":0.0,"damage_taken":0.0},{"damage_healed":0.0,"max_hp_gain":0.0,"max_hp_loss":0.0,"gold_gain":0.0,"event_name":"WeMeetAgain","player_choice":"Paid Gold","floor":3.0,"gold_loss":60.0,"damage_taken":0.0,"relics_obtained":["The Specimen"]},{"damage_healed":0.0,"max_hp_gain":0.0,"max_hp_loss":0.0,"gold_gain":0.0,"event_name":"Masked Bandits","player_choice":"Fought Bandits","floor":21.0,"gold_loss":0.0,"damage_taken":0.0},{"damage_healed":0.0,"max_hp_gain":0.0,"max_hp_loss":0.0,"gold_gain":0.0,"event_name":"Wheel of Change","player_choice":"Damaged","floor":28.0,"gold_loss":0.0,"damage_taken":10.0}],"is_beta":false,"boss_relics":[{"not_picked":["Runic Dome","SacredBark"],"picked":"Pandora\u0027s Box"}],"items_purged_floors":[],"is_endless":false,"potions_floor_spawned":[11,12,13],"killed_by":"Shelled Parasite and Fungi","ascension_level":20}}