{"host":"ml80p9p157c7xd90","time":1611202712,"event":{"mods":["Ascension Unlocker","Aspiration","BaseMod","Bestiary","Better Altar","Better Match","Better Note","Better Sensory Stone","Better Skull","Better Third Choice","Colored Map","Conspire","Dark Map","Downfall","Friendly Minions","Halation","Hubris","Minty Spire (QoL Compilation)","Relic Stats","StSLib","Wandering Minibosses"],"gold_per_floor":[99,99,110,124,34,50,50,50,69,95,114,114,128,128,143,217,217,217,231,247,261,55,75,120,132,144,144,144],"floor_reached":26,"language":"ENG","playtime":1165,"items_purged":["Pain"],"score":449,"play_id":"4a10d25b-8f8e-4204-a029-c0dfa15babcd","local_time":"20210120211832","is_ascension_mode":true,"campfire_choices":[{"data":"bronze:Replicate","floor":1,"key":"SMITH"},{"floor":8,"key":"REST"},{"data":"bronze:Flail","floor":12,"key":"SMITH"},{"data":"bronze:Invalidate","floor":18,"key":"SMITH"}],"circlet_count":0,"master_deck":["AscendersBane","bronze:Strike","bronze:Strike","bronze:Strike","bronze:Strike","bronze:Defend","bronze:Defend","bronze:Defend","bronze:Defend","bronze:Replicate+1","bronze:Goto","bronze:Invalidate+1","bronze:Safeguard","bronze:Flail+1","bronze:Iterate","bronze:ChildClass","bronze:Constructor","bronze:Constructor","bronze:Iterate","bronze:Deprecate+1","bronze:BronzeArmor+1","bronze:Iterate","expansioncontent:Chronoboost","bronze:ForceShield","bronze:Iterate"],"relics":["bronze:BronzeCore","halation:LettersToHer","WarpedTongs","Matryoshka","conspire:GlowingRock","hubris:ScarierMask","MawBank"],"acts_visited":["Exordium","TheCity"],"potions_floor_usage":[11,23],"damage_taken":[{"damage":18,"enemies":"2 Louse","floor":3,"turns":2},{"damage":3,"enemies":"Cultist","floor":4,"turns":3},{"damage":9,"enemies":"downfall:FleeingMerchant","floor":5,"turns":4},{"damage":2,"enemies":"Jaw Worm","floor":6,"turns":3},{"damage":1,"enemies":"2 Fungi Beasts","floor":9,"turns":3},{"damage":12,"enemies":"Gremlin Nob","floor":10,"turns":3},{"damage":0,"enemies":"Exordium Thugs","floor":11,"turns":5},{"damage":0,"enemies":"Red Slaver","floor":13,"turns":3},{"damage":7,"enemies":"Exordium Wildlife","floor":15,"turns":3},{"damage":16,"enemies":"DF_ARCHETYPE_STREAMLINE","floor":16,"turns":9},{"damage":0,"enemies":"3 Byrds","floor":19,"turns":3},{"damage":0,"enemies":"Chosen","floor":20,"turns":5},{"damage":0,"enemies":"Sentry and Sphere","floor":21,"turns":2},{"damage":0,"enemies":"downfall:FleeingMerchant","floor":22,"turns":4},{"damage":33,"enemies":"Snake Plant","floor":23,"turns":7},{"damage":0,"enemies":"Cultist and Chosen","floor":26,"turns":3}],"seed_played":"2351353519178852844","potions_obtained":[{"floor":4,"key":"LiquidBronze"},{"floor":9,"key":"Block Potion"},{"floor":10,"key":"GamblersBrew"},{"floor":11,"key":"champ:CounterPotion"},{"floor":16,"key":"bronze:CleanCodePotion"},{"floor":20,"key":"Guardian:BlockOnCardUsePotion"}],"is_trial":false,"path_per_floor":["R","?","M","M","$","M","T","R","M","E","M","R","M","?","M","B",null,"R","M","M","M","$","M","T","?","M"],"character_chosen":"THE_AUTOMATON","items_purchased":["expansioncontent:Chronoboost","bronze:ForceShield","bronze:Iterate"],"campfire_rested":1,"item_purchase_floors":[22,22,22],"current_hp_per_floor":[57,57,39,36,27,25,25,43,42,30,30,30,30,35,28,12,54,54,54,54,54,54,21,21,21,21,21,21],"gold":144,"neow_bonus":"RANDOM_COMMON_RELIC","is_daily":false,"chose_seed":false,"campfire_upgraded":3,"win_rate":0.0,"timestamp":1611202712,"path_taken":["R","?","M","M","$","M","T","R","?","E","M","R","M","?","M","BOSS","R","M","M","M","$","M","T","?","?"],"items_purchased_type":["Card","Card","Card"],"build_version":"2020-12-22","purchased_purges":1,"victory":false,"max_hp_per_floor":[63,63,63,63,63,63,63,63,63,63,63,63,63,68,68,68,68,68,68,68,68,68,68,68,68,68,68,68],"relic_stats":{"counters":[16,62],"MawBank":24,"obtain_stats":[{"conspire:GlowingRock":10,"bronze:BronzeCore":0,"Matryoshka":7,"hubris:ScarierMask":17,"halation:LettersToHer":0,"MawBank":24,"WarpedTongs":2},{"conspire:GlowingRock":6,"bronze:BronzeCore":0,"Matryoshka":4,"hubris:ScarierMask":10,"halation:LettersToHer":0,"MawBank":15,"WarpedTongs":0},{"conspire:GlowingRock":18,"bronze:BronzeCore":0,"Matryoshka":12,"hubris:ScarierMask":38,"halation:LettersToHer":0,"MawBank":59,"WarpedTongs":0}],"WarpedTongs":[59]},"card_choices":[{"not_picked":["bronze:InfiniteBeams","bronze:Allocate"],"picked":"bronze:Invalidate","floor":3},{"not_picked":["bronze:BugBarrage","bronze:ChildClass"],"picked":"bronze:Safeguard","floor":4},{"not_picked":["bronze:WildBeam","bronze:BitShift"],"picked":"bronze:Flail","floor":5},{"not_picked":["bronze:BugBarrage","bronze:Separator"],"picked":"bronze:Iterate","floor":6},{"not_picked":["bronze:Overload","bronze:BugBarrage"],"picked":"bronze:ChildClass","floor":9},{"not_picked":["bronze:Repulsor","bronze:ChosenStrike","bronze:Refactor"],"picked":"SKIP","floor":10},{"not_picked":["bronze:GetLatest","bronze:DelayedSlice"],"picked":"bronze:Constructor","floor":11},{"not_picked":["bronze:Verify","bronze:ChildClass"],"picked":"bronze:Constructor","floor":13},{"not_picked":["bronze:WildBeam","bronze:Return"],"picked":"bronze:Iterate","floor":15},{"not_picked":["bronze:CloningBeam","bronze:NullPointer"],"picked":"bronze:Deprecate+1","floor":19},{"not_picked":["bronze:Boost","bronze:BuggyMess+1","bronze:Branch"],"picked":"SKIP","floor":20},{"not_picked":["bronze:Deprecate","bronze:DelayedSlice"],"picked":"bronze:BronzeArmor+1","floor":21},{"not_picked":["bronze:Return","bronze:Backtrace"],"picked":"bronze:Iterate","floor":22},{"not_picked":["bronze:Hardcode","bronze:FineTuning","bronze:DelayedSlice+1"],"picked":"SKIP","floor":23}],"player_experience":451215,"relics_obtained":[{"floor":7,"key":"halation:LettersToHer"},{"floor":7,"key":"Matryoshka"},{"floor":10,"key":"conspire:GlowingRock"},{"floor":24,"key":"halation:LettersToHer"},{"floor":24,"key":"MawBank"}],"event_choices":[{"damage_healed":0,"gold_gain":0,"player_choice":"Donut","damage_taken":0,"max_hp_gain":5,"max_hp_loss":0,"event_name":"Big Fish","floor":14,"gold_loss":0},{"cards_removed":["bronze:Replicate"],"damage_healed":0,"gold_gain":0,"player_choice":"Give","damage_taken":0,"max_hp_gain":0,"max_hp_loss":0,"event_name":"betterNote:BetterNote","floor":25,"gold_loss":0,"cards_obtained":["None"]}],"is_beta":false,"boss_relics":[{"not_picked":["bronze:PlatinumCore","halation:Yufonium"],"picked":"hubris:ScarierMask"}],"items_purged_floors":[5],"is_endless":false,"potions_floor_spawned":[4,9,10,11,16,20],"killed_by":"Cultist and Chosen","ascension_level":20}}