{"host":"y56d1fjpgcjsodvy","time":1611232170,"event":{"mods":["Arknights The Spire","BaseMod","Colored Powertips","GifTheSpireLib","Highlight Path","Minty Spire (QoL Compilation)","StSLib","SuperFastMode","everything is the same but u backflip on backflip"],"gold_per_floor":[114,64,79,79,98,146,146,146,171,171,210,210,230,305,305,305,305],"floor_reached":16,"language":"KOR","playtime":447,"items_purged":[],"score":108,"play_id":"2cebf0f6-4692-4b05-977c-05fec762feb3","local_time":"20210121212930","is_ascension_mode":false,"campfire_choices":[{"data":"ats:Disruption Kick","floor":7.0,"key":"SMITH"},{"floor":10.0,"key":"REST"},{"data":"ats:Emotion Absorption","floor":15,"key":"SMITH"}],"circlet_count":0,"master_deck":["ats:Strike S","ats:Armor Crushing Shot","ats:Defend","ats:Defend","ats:Defend","ats:Emotion Absorption+1","ats:Red Shift","ats:Shadow Raid","ats:Hammer On","ats:Sunburst","ats:Disruption Kick+1","ats:Apocalypse"],"relics":["ats:Sanity","ats:Originium","Tiny Chest","Golden Idol","PreservedInsect","ats:Lavender"],"acts_visited":["Exordium"],"potions_floor_usage":[],"damage_taken":[{"damage":7.0,"enemies":"Small Slimes","floor":1.0,"turns":4.0},{"damage":0.0,"enemies":"Jaw Worm","floor":3.0,"turns":4.0},{"damage":0.0,"enemies":"Cultist","floor":5.0,"turns":3.0},{"damage":29.0,"enemies":"Gremlin Nob","floor":6.0,"turns":3.0},{"damage":15.0,"enemies":"3 Sentries","floor":11.0,"turns":5.0},{"damage":10.0,"enemies":"Large Slime","floor":13.0,"turns":7.0},{"damage":43,"enemies":"Hexaghost","floor":16,"turns":11}],"seed_played":"5485523463988313957","potions_obtained":[{"floor":3.0,"key":"SkillPotion"},{"floor":5.0,"key":"ColorlessPotion"}],"is_trial":false,"path_per_floor":["M","?","M","?","M","E","R","?","T","R","E","?","M","?","R","B"],"character_chosen":"DOCTOR_CLASS","items_purchased":[],"campfire_rested":1,"item_purchase_floors":[],"current_hp_per_floor":[65,65,65,65,65,36,36,18,18,39,24,17,13,2,2,0,0],"gold":305,"neow_bonus":"TRANSFORM_CARD","is_daily":false,"chose_seed":false,"campfire_upgraded":2,"win_rate":0.0,"timestamp":1611232170,"path_taken":["M","?","M","?","?","E","R","?","T","R","E","?","M","?","R","BOSS"],"items_purchased_type":[],"build_version":"2020-12-22","purchased_purges":0,"victory":false,"max_hp_per_floor":[72,72,72,72,72,72,72,72,72,72,72,72,72,72,72,72,72],"card_choices":[{"not_picked":["ats:Closed Bolt Burst Fire","ats:Powerful Strike"],"picked":"ats:Shadow Raid","floor":1.0},{"not_picked":["ats:Very Hot Blade","ats:Closed Bolt Burst Fire"],"picked":"ats:Hammer On","floor":3.0},{"not_picked":["ats:Leaping Hammer","ats:Cat Scratch"],"picked":"ats:Sunburst","floor":5.0},{"not_picked":["ats:Steam Pump","ats:Assault Order"],"picked":"ats:Disruption Kick","floor":6.0},{"not_picked":["ats:Powerful Strike","ats:Defend Order","ats:Neurotoxin"],"picked":"SKIP","floor":11.0},{"not_picked":["ats:Assault Order","ats:Consecutive Shot Auto"],"picked":"ats:Apocalypse","floor":13.0}],"player_experience":1188048,"relics_obtained":[{"floor":6.0,"key":"ats:Originium"},{"floor":6.0,"key":"Tiny Chest"},{"floor":9.0,"key":"PreservedInsect"},{"floor":11.0,"key":"ats:Originium"},{"floor":11.0,"key":"ats:Lavender"}],"event_choices":[{"cards_removed":["ats:Defend"],"damage_healed":0.0,"max_hp_gain":0.0,"max_hp_loss":0.0,"gold_gain":0.0,"event_name":"The Cleric","player_choice":"Card Removal","floor":2.0,"gold_loss":50.0,"damage_taken":0.0},{"cards_removed":["ats:Strike C"],"damage_healed":0.0,"max_hp_gain":0.0,"max_hp_loss":0.0,"gold_gain":0.0,"event_name":"Wheel of Change","player_choice":"Card Removal","floor":4.0,"gold_loss":0.0,"damage_taken":0.0},{"damage_healed":0.0,"max_hp_gain":0.0,"max_hp_loss":0.0,"gold_gain":0.0,"event_name":"Golden Idol","player_choice":"Take Damage","floor":8.0,"gold_loss":0.0,"damage_taken":18.0,"relics_obtained":["Golden Idol"]},{"cards_removed":["ats:Strike G"],"damage_healed":0.0,"max_hp_gain":0.0,"max_hp_loss":0.0,"gold_gain":0.0,"event_name":"Golden Wing","player_choice":"Card Removal","floor":12.0,"gold_loss":0.0,"damage_taken":7.0},{"damage_healed":0.0,"max_hp_gain":0.0,"max_hp_loss":0.0,"gold_gain":75.0,"event_name":"World of Goop","player_choice":"Gather Gold","floor":14.0,"gold_loss":0.0,"damage_taken":11.0}],"is_beta":false,"boss_relics":[],"items_purged_floors":[],"is_endless":false,"potions_floor_spawned":[3,5],"killed_by":"Hexaghost","ascension_level":0}}