{"host":"c3lc60y5x60jlt1y","time":1611247352,"event":{"mods":["AchievementEnabler","BaseMod","Bestiary","Colored Map","Minty Spire (QoL Compilation)","Quick Restart","StSLib","ojb\u0027s Info Mod"],"gold_per_floor":[118,118,118,133,133,133,164,181,181,209,228,228,239,253,253,328,328,328,328,328,328,328,328,328,328,328],"floor_reached":25,"language":"ENG","playtime":2574,"items_purged":[],"score":413,"play_id":"46a9d1f3-15b6-4192-8039-72da21a0711d","local_time":"20210121184232","is_ascension_mode":true,"campfire_choices":[{"data":"Zap","floor":6.0,"key":"SMITH"},{"data":"Beam Cell","floor":12.0,"key":"SMITH"},{"floor":15.0,"key":"REST"},{"floor":23,"key":"REST"}],"circlet_count":0,"master_deck":["AscendersBane","Strike_B","Strike_B","Strike_B","Defend_B","Defend_B","Defend_B","Zap+1","Dualcast","FTL","FTL","All For One","Defragment","Go for the Eyes","Compile Driver","Beam Cell+1","Creative AI","Hologram","Echo Form","Defragment+1","Self Repair","Decay"],"relics":["Cracked Core","NeowsBlessing","The Courier","HornCleat","Bottled Tornado","Ectoplasm","Nilry\u0027s Codex"],"acts_visited":["Exordium","TheCity"],"potions_floor_usage":[25],"damage_taken":[{"damage":0.0,"enemies":"Small Slimes","floor":1.0,"turns":1.0},{"damage":0.0,"enemies":"Jaw Worm","floor":4.0,"turns":1.0},{"damage":0.0,"enemies":"Gremlin Nob","floor":7.0,"turns":1.0},{"damage":8.0,"enemies":"2 Louse","floor":8.0,"turns":2.0},{"damage":20.0,"enemies":"3 Sentries","floor":10.0,"turns":6.0},{"damage":8.0,"enemies":"Exordium Wildlife","floor":11.0,"turns":3.0},{"damage":16.0,"enemies":"Lots of Slimes","floor":13.0,"turns":3.0},{"damage":3.0,"enemies":"Large Slime","floor":14.0,"turns":4.0},{"damage":18,"enemies":"Slime Boss","floor":16,"turns":9},{"damage":9,"enemies":"Chosen","floor":18,"turns":4},{"damage":11,"enemies":"Spheric Guardian","floor":21,"turns":4},{"damage":41,"enemies":"Slavers","floor":25,"turns":3}],"seed_played":"-8427421073321902441","potions_obtained":[{"floor":4.0,"key":"EssenceOfSteel"},{"floor":8.0,"key":"BlessingOfTheForge"}],"is_trial":false,"path_per_floor":["M","?","?","M","?","R","E","M","T","E","M","R","M","M","R","B",null,"M","?","?","M","?","R","?","E"],"character_chosen":"DEFECT","items_purchased":[],"campfire_rested":2,"item_purchase_floors":[],"current_hp_per_floor":[64,57,57,57,57,57,57,49,49,29,21,21,5,2,23,5,55,46,25,13,2,2,23,37,0,0],"gold":328,"neow_bonus":"THREE_ENEMY_KILL","is_daily":false,"chose_seed":false,"campfire_upgraded":2,"win_rate":0.0,"timestamp":1611247352,"path_taken":["M","?","?","M","?","R","E","M","T","E","M","R","M","?","R","BOSS","M","?","?","?","?","R","?","E"],"items_purchased_type":[],"build_version":"2020-12-22","purchased_purges":0,"victory":false,"max_hp_per_floor":[71,71,71,71,71,71,71,71,71,71,71,71,71,71,71,71,71,71,71,71,71,71,71,71,71,71],"card_choices":[{"not_picked":["Compile Driver","Turbo"],"picked":"FTL","floor":1.0},{"not_picked":["Steam","Tempest"],"picked":"FTL","floor":4.0},{"not_picked":["Beam Cell","Leap"],"picked":"Defragment","floor":7.0},{"not_picked":["Reinforced Body","Redo"],"picked":"Go for the Eyes","floor":8.0},{"not_picked":["Barrage","Loop"],"picked":"Compile Driver","floor":10.0},{"not_picked":["BootSequence","Coolheaded"],"picked":"Beam Cell","floor":11.0},{"not_picked":["Cold Snap","Melter"],"picked":"Creative AI","floor":13.0},{"not_picked":["Lockon","Gash"],"picked":"Hologram","floor":14.0},{"not_picked":["Amplify","Rainbow"],"picked":"Echo Form","floor":16},{"not_picked":["Barrage","Hello World"],"picked":"Defragment+1","floor":18},{"not_picked":["Compile Driver","Ball Lightning"],"picked":"Self Repair","floor":21}],"player_experience":8277234,"relics_obtained":[{"floor":7.0,"key":"The Courier"},{"floor":9.0,"key":"HornCleat"},{"floor":10.0,"key":"Bottled Tornado"},{"floor":19,"key":"Nilry\u0027s Codex"}],"event_choices":[{"cards_removed":["Strike_B"],"damage_healed":0.0,"max_hp_gain":0.0,"max_hp_loss":0.0,"gold_gain":0.0,"event_name":"Golden Wing","player_choice":"Card Removal","floor":2.0,"gold_loss":0.0,"damage_taken":7.0},{"damage_healed":0.0,"max_hp_gain":0.0,"max_hp_loss":0.0,"gold_gain":0.0,"event_name":"Liars Game","player_choice":"Ignored","floor":3.0,"gold_loss":0.0,"damage_taken":0.0},{"damage_healed":0.0,"max_hp_gain":0.0,"max_hp_loss":0.0,"gold_gain":0.0,"cards_transformed":["Defend_B"],"event_name":"Living Wall","player_choice":"Change","floor":5.0,"gold_loss":0.0,"damage_taken":0.0,"cards_obtained":["All For One"]},{"damage_healed":0,"gold_gain":0,"player_choice":"Obtained Book","damage_taken":21,"max_hp_gain":0,"max_hp_loss":0,"event_name":"Cursed Tome","floor":19,"gold_loss":0},{"damage_healed":0,"gold_gain":0,"player_choice":"POTION ","damage_taken":12,"max_hp_gain":0,"max_hp_loss":0,"event_name":"Knowing Skull","floor":20,"potions_obtained":["Energy Potion"],"gold_loss":0,"cards_obtained":[]},{"damage_healed":0,"gold_gain":0,"player_choice":"Smashed Altar","damage_taken":0,"max_hp_gain":0,"max_hp_loss":0,"event_name":"Forgotten Altar","floor":22,"gold_loss":0,"cards_obtained":["Decay"]},{"damage_healed":14,"gold_gain":0,"player_choice":"Heal","damage_taken":0,"max_hp_gain":0,"max_hp_loss":0,"event_name":"The Library","floor":24,"gold_loss":0}],"is_beta":false,"boss_relics":[{"not_picked":["SlaversCollar","Velvet Choker"],"picked":"Ectoplasm"}],"items_purged_floors":[],"is_endless":false,"potions_floor_spawned":[4,8,10],"killed_by":"Slavers","ascension_level":15}}