{"host":"57p7dt3z3srco180","time":1611259253,"event":{"mods":["AchievementEnabler","Aspiration","BaseMod","BetterRewards","Colored Map","Colored Powertips","Dark Map","GifTheSpireLib","Hubris","Infinite Spire","Marisa????????","Mimic Mod","Minty Spire (QoL Compilation)","Remilia??????","Replay The Spire","Shop Mod","StSLib","Synergy Search"],"gold_per_floor":[118,78,96,45,45,73,90,119,119,145,145,110,135,147,147,242,242,256,265,274,199,225,262,262,271,294,320,340,362,113,139,139,247,247,274,274,274,274],"floor_reached":37,"language":"ENG","playtime":1896,"items_purged":[],"score":787,"play_id":"caf540f9-5d03-47ff-ba25-99a934c45308","local_time":"20210121120053","is_ascension_mode":true,"campfire_choices":[{"floor":11,"key":"REST"},{"floor":15,"key":"REST"},{"data":"Limit Break","floor":24,"key":"SMITH"},{"floor":32,"key":"REST"}],"circlet_count":0,"master_deck":["Strike_R","Strike_R","Strike_R","Strike_R","Strike_R","Defend_R","Defend_R","Bash","Armaments","Sword Boomerang","Hemokinesis","Pommel Strike","Heavy Blade","Inflame","Inflame","infinitespire:DeathsTouch","Inflame","Power Through","Demon Form","Inflame","Infernal Blade","Iron Wave","Limit Break+1","Delirium","Offering","Swift Strike","infinitespire:FutureSight","RedMoon","Rupture+1","infinitespire:Collect","Cleave","Brutality","Anger","Pommel Strike","hubris:SharpeningStone+1","Rage+1","Shrug It Off","Shrug It Off","infinitespire:FutureSight","Combust","Body Slam","Exhume","Clothesline+1"],"relics":["Burning Blood","MerchantsRug","ReplayTheSpireMod:Spearhead","Magic Flower","hubris:BundleOfHerbs","Lizard Tail","CeramicFish","ReplayTheSpireMod:Ring of Collecting","Ring of Panic","Vajra","Ring of Misfortune","infinitespire:Lucky Rock","DollysMirror","King of Hearts","Frozen Eye"],"acts_visited":["Exordium","TheCity","TheBeyond"],"potions_floor_usage":[8,16,23,28,33,37],"damage_taken":[{"damage":2,"enemies":"Cultist","floor":1,"turns":3},{"damage":9,"enemies":"Small Slimes","floor":3,"turns":3},{"damage":5,"enemies":"Gremlin Nob","floor":6,"turns":3},{"damage":6,"enemies":"2 Louse","floor":7,"turns":2},{"damage":30,"enemies":"Replay:BlueRogue","floor":8,"turns":5},{"damage":35,"enemies":"3 Sentries","floor":10,"turns":5},{"damage":28,"enemies":"Replay:BlueRogue","floor":13,"turns":5},{"damage":10,"enemies":"Blue Slaver","floor":14,"turns":2},{"damage":21,"enemies":"Slime Boss","floor":16,"turns":5},{"damage":8,"enemies":"Chosen","floor":18,"turns":3},{"damage":11,"enemies":"Spheric Guardian","floor":22,"turns":3},{"damage":44,"enemies":"Gremlin Leader","floor":23,"turns":6},{"damage":13,"enemies":"Snecko","floor":27,"turns":4},{"damage":6,"enemies":"Centurion and Healer","floor":28,"turns":1},{"damage":12,"enemies":"Shelled Parasite and Fungi","floor":29,"turns":2},{"damage":10,"enemies":"3 Cultists","floor":31,"turns":3},{"damage":85,"enemies":"Champ","floor":33,"turns":8},{"damage":14,"enemies":"3 Shapes","floor":35,"turns":4},{"damage":56,"enemies":"infinitespire:Three Voidlings","floor":37,"turns":5},{"damage":57,"enemies":"Nightmare_Alpha","floor":37,"turns":5}],"seed_played":"-6111111553734922197","potions_obtained":[{"floor":2,"key":"GamblersBrew"},{"floor":2,"key":"BloodPotion"},{"floor":2,"key":"Ancient Potion"},{"floor":10,"key":"Languid Potion"},{"floor":13,"key":"Block Potion"},{"floor":16,"key":"BloodPotion"},{"floor":29,"key":"Elixir"},{"floor":33,"key":"Elixir"}],"is_trial":false,"path_per_floor":["M","?","M","$","?","E","M","E","T","E","R","?","E","M","R","B",null,"M","AVR","?","?","M","E","R","?","T","M","M","M","$","M","R","B",null,"M","AVR","?"],"character_chosen":"IRONCLAD","items_purchased":["MerchantsRug","Armaments","Inflame","Shrug It Off","DollysMirror","King of Hearts","Combust","DistilledChaos"],"campfire_rested":3,"item_purchase_floors":[0,0,4,30,30,30,30,30],"current_hp_per_floor":[76,76,73,73,53,54,54,46,46,20,44,64,45,44,68,56,74,75,75,75,75,73,62,62,62,62,58,61,58,58,57,80,68,77,72,72,0,0],"gold":274,"neow_bonus":"","is_daily":false,"chose_seed":false,"campfire_upgraded":1,"win_rate":0.0,"timestamp":1611259253,"path_taken":["M","?","?","?","?","E","M","E","T","E","R","?","E","M","R","BOSS","M","AVR","?","?","M","E","R","?","T","M","M","M","$","M","R","BOSS","M","AVR","?"],"items_purchased_type":["Relic","Card","Card","Card","Relic","Relic","Card","Potion"],"build_version":"2020-12-22","purchased_purges":0,"victory":false,"max_hp_per_floor":[80,80,80,80,80,80,80,80,80,80,80,80,80,80,80,80,80,80,80,80,80,80,80,80,80,80,80,80,80,80,80,80,80,80,80,80,80,80],"card_choices":[{"not_picked":["Dropkick","Clash"],"picked":"Pommel Strike","floor":1},{"not_picked":["Run Through","Replay:Undeath\u0027s Touch"],"picked":"Heavy Blade","floor":3},{"not_picked":["ReplayTheSpireMod:Echoes of Time","ReplayTheSpireMod:Haul"],"picked":"infinitespire:DeathsTouch","floor":5},{"not_picked":["hubris:SharpeningStone","Dual Wield"],"picked":"Inflame","floor":6},{"not_picked":["Iron Wave","True Grit"],"picked":"Power Through","floor":7},{"not_picked":["Life Link","Iron Wave"],"picked":"Demon Form","floor":8},{"not_picked":["Sever Soul","Abandon"],"picked":"Inflame","floor":10},{"not_picked":["Flex","ReplayTheSpireMod:LeadingStrike"],"picked":"Infernal Blade","floor":13},{"not_picked":["Combust","Pummel"],"picked":"Iron Wave","floor":14},{"not_picked":["Replay:Many Hands","Corruption"],"picked":"Limit Break","floor":16},{"not_picked":["hubris:StunningStrike","Brutality"],"picked":"Offering","floor":17},{"not_picked":["hubris:Ssssneak","ReplayTheSpireMod:Trickstab"],"picked":"Swift Strike","floor":17},{"not_picked":["ReplayTheSpireMod:Haul","infinitespire:SevenWalls"],"picked":"infinitespire:FutureSight","floor":17},{"not_picked":["Eruption","Bash"],"picked":"RedMoon","floor":17},{"not_picked":["Clothesline","Rage"],"picked":"Rupture+1","floor":18},{"not_picked":["Body Slam","Metallicize+1"],"picked":"Cleave","floor":22},{"not_picked":["Pummel+1","Battle Trance"],"picked":"Brutality","floor":23},{"not_picked":["Dropkick+1","Iron Wave"],"picked":"Pommel Strike","floor":27},{"not_picked":["Run Through","Flex"],"picked":"hubris:SharpeningStone+1","floor":28},{"not_picked":["Clash","True Grit"],"picked":"Rage+1","floor":29},{"not_picked":["Carnage","Rampage+1"],"picked":"Body Slam","floor":31},{"not_picked":["Bludgeon","Demonic Infusion"],"picked":"Exhume","floor":33},{"not_picked":["ReplayTheSpireMod:Strike From Hell+1","Defy Death+1"],"picked":"Clothesline+1","floor":35}],"player_experience":320141,"relics_obtained":[{"floor":6,"key":"ReplayTheSpireMod:Spearhead"},{"floor":8,"key":"infinitespire:Eraser"},{"floor":9,"key":"Magic Flower"},{"floor":10,"key":"hubris:BundleOfHerbs"},{"floor":13,"key":"Lizard Tail"},{"floor":20,"key":"ReplayTheSpireMod:Ring of Collecting"},{"floor":20,"key":"Ring of Panic"},{"floor":23,"key":"Vajra"},{"floor":26,"key":"Ring of Misfortune"},{"floor":26,"key":"infinitespire:Lucky Rock"}],"event_choices":[{"damage_healed":0,"gold_gain":0,"player_choice":"Bought 3 Potions","damage_taken":0,"max_hp_gain":0,"max_hp_loss":0,"event_name":"The Woman in Blue","floor":2,"gold_loss":0},{"damage_healed":20,"gold_gain":0,"player_choice":"Healed","damage_taken":0,"max_hp_gain":0,"max_hp_loss":0,"event_name":"The Cleric","floor":12,"gold_loss":35},{"cards_removed":["Looming Evil"],"damage_healed":0,"gold_gain":0,"player_choice":"Gave Gold","damage_taken":0,"max_hp_gain":0,"max_hp_loss":0,"event_name":"Beggar","floor":21,"gold_loss":75}],"is_beta":false,"boss_relics":[{"not_picked":["Replay:Bronze Core","Astrolabe"],"picked":"ReplayTheSpireMod:SealedPack"},{"not_picked":["Velvet Choker","hubris:TerracottaHorce","hubris:BlackHole"]}],"items_purged_floors":[],"is_endless":false,"potions_floor_spawned":[6,10,13,16,18,29,33],"killed_by":"Nightmare_Alpha","ascension_level":6}}