{"host":"18wi9kpcl4eah7pe","time":1611211726,"event":{"mods":["BaseMod","Colored Powertips","Downfall","Minty Spire (QoL Compilation)","StSLib"],"gold_per_floor":[99,109,94,152,169,181,181,181,181,81,66,92,77,107,125,221,271,171,184,195,101,101,101,101,101,86,86,86,102,102,116,134,134,134,134],"floor_reached":33,"language":"ENG","playtime":1491,"items_purged":[],"score":304,"play_id":"5e46a625-2bf4-49d7-8398-2f98f6a86e2b","local_time":"20210121004846","is_ascension_mode":true,"campfire_choices":[{"floor":1,"key":"RECALL"},{"floor":10,"key":"REST"},{"data":"bronze:Mutator","floor":18,"key":"SMITH"},{"data":"bronze:Repulsor","floor":23,"key":"SMITH"},{"data":"bronze:BuggyMess","floor":25,"key":"SMITH"},{"data":"bronze:FollowUp","floor":28,"key":"SMITH"}],"circlet_count":0,"master_deck":["bronze:Strike","bronze:Strike","bronze:Strike","bronze:Strike","bronze:Defend","bronze:Defend","bronze:Defend","bronze:Defend","bronze:Replicate","bronze:Goto","bronze:Frontload","bronze:OilSpill+1","bronze:Shield","bronze:ChildClass","bronze:ForceShield","bronze:FineTuning","bronze:Spike","bronze:FollowUp+1","bronze:Break","bronze:Constructor","bronze:TinkerersToolbox","bronze:BuggyMess+1","bronze:Terminator","bronze:Mutator+1","bronze:Fortify","bronze:CloningBeam","bronze:Allocate+1","bronze:DelayedGuard+1","bronze:Repulsor+1","bronze:HardenedForm","bronze:FollowUp","bronze:MaxOutput","bronze:WhirlingStrike"],"relics":["bronze:BronzeCore","Letter Opener","Bottled Lightning","downfall:HeartBlessingRed","Eternal Feather","Tiny House","downfall:HeartBlessingGreen","downfall:RedIOU","Meat on the Bone"],"acts_visited":["Exordium","TheCity"],"potions_floor_usage":[4,12,13,14,16,32,33],"damage_taken":[{"damage":3,"enemies":"Small Slimes","floor":2,"turns":5},{"damage":0,"enemies":"downfall:FleeingMerchant","floor":3,"turns":4},{"damage":16,"enemies":"Gremlin Nob","floor":4,"turns":5},{"damage":0,"enemies":"Jaw Worm","floor":5,"turns":3},{"damage":0,"enemies":"2 Louse","floor":6,"turns":2},{"damage":5,"enemies":"2 Louse","floor":9,"turns":4},{"damage":0,"enemies":"downfall:FleeingMerchant","floor":11,"turns":4},{"damage":16,"enemies":"3 Sentries","floor":12,"turns":6},{"damage":8,"enemies":"downfall:FleeingMerchant","floor":13,"turns":4},{"damage":15,"enemies":"Lagavulin","floor":14,"turns":5},{"damage":0,"enemies":"Blue Slaver","floor":15,"turns":2},{"damage":11,"enemies":"IC_STATUS_ARCHETYPE","floor":16,"turns":9},{"damage":0,"enemies":"Chosen","floor":19,"turns":4},{"damage":2,"enemies":"3 Byrds","floor":20,"turns":5},{"damage":19,"enemies":"downfall:FleeingMerchant","floor":21,"turns":4},{"damage":24,"enemies":"downfall:FleeingMerchant","floor":26,"turns":4},{"damage":47,"enemies":"Shelled Parasite and Fungi","floor":29,"turns":7},{"damage":30,"enemies":"Snake Plant","floor":31,"turns":7},{"damage":51,"enemies":"3 Cultists","floor":32,"turns":7},{"damage":32,"enemies":"WA_ARCHETYPE_CALM","floor":33,"turns":5}],"seed_played":"8479055746794429961","potions_obtained":[{"floor":2,"key":"SkillPotion"},{"floor":4,"key":"bronze:BuildAFunctionPotion"},{"floor":9,"key":"SkillPotion"},{"floor":12,"key":"DistilledChaos"},{"floor":14,"key":"PowerPotion"},{"floor":17,"key":"SteroidPotion"},{"floor":29,"key":"CultistPotion"},{"floor":31,"key":"Regen Potion"}],"is_trial":false,"path_per_floor":["R","M","$","?","M","M","T","?","?","R","$","E","$","E","M","B",null,"R","M","M","$","?","R","T","R","$","?","R","M","?","M","M","B"],"character_chosen":"THE_AUTOMATON","items_purchased":["bronze:Repulsor"],"campfire_rested":1,"item_purchase_floors":[21],"current_hp_per_floor":[70,67,67,51,51,51,51,51,46,67,67,51,43,28,28,17,75,75,75,73,54,54,69,69,75,51,51,69,34,75,45,21,0,0,0],"gold":134,"neow_bonus":"THREE_CARDS","is_daily":false,"chose_seed":false,"campfire_upgraded":4,"win_rate":0.0,"timestamp":1611211726,"path_taken":["R","M","$","?","M","M","T","?","?","R","$","E","?","E","M","BOSS","R","M","M","$","?","R","T","R","$","?","R","?","?","M","M","BOSS"],"items_purchased_type":["Card"],"build_version":"2020-12-22","purchased_purges":0,"victory":false,"max_hp_per_floor":[70,70,70,70,70,70,70,70,70,70,70,70,70,70,70,70,75,75,75,75,75,75,75,75,75,75,75,75,75,75,75,75,75,75,75],"card_choices":[{"not_picked":["bronze:Shield","bronze:Turbo"],"picked":"bronze:Frontload","floor":0},{"not_picked":["bronze:Return","bronze:Overload"],"picked":"bronze:OilSpill","floor":2},{"not_picked":["bronze:Overheat","bronze:Frontload"],"picked":"bronze:Shield","floor":3},{"not_picked":["bronze:FineTuning","bronze:Turbo"],"picked":"bronze:ChildClass","floor":4},{"not_picked":["bronze:Branch","bronze:Deprecate"],"picked":"bronze:ForceShield","floor":5},{"not_picked":["bronze:Deprecate","bronze:BitShift"],"picked":"bronze:FineTuning","floor":6},{"not_picked":[],"picked":"bronze:Spike","floor":9},{"not_picked":["bronze:RecursiveStrike","bronze:ForLoop"],"picked":"bronze:FollowUp","floor":9},{"not_picked":["bronze:NullPointer","bronze:BitShift"],"picked":"bronze:Break","floor":11},{"not_picked":["bronze:Shield","bronze:FineTuning"],"picked":"bronze:Constructor","floor":12},{"not_picked":["bronze:Overheat","bronze:FineTuning"],"picked":"bronze:TinkerersToolbox","floor":13},{"not_picked":["bronze:Branch","bronze:Optimize"],"picked":"bronze:BuggyMess","floor":14},{"not_picked":["bronze:Deprecate","bronze:Frontload"],"picked":"bronze:Terminator","floor":15},{"not_picked":["bronze:SpaghettiCode","bronze:Format"],"picked":"bronze:Mutator","floor":16},{"not_picked":["bronze:DelayedGuard","bronze:Philosophize"],"picked":"bronze:Fortify","floor":17},{"not_picked":["bronze:Shield","bronze:Deprecate+1"],"picked":"bronze:CloningBeam","floor":19},{"not_picked":["bronze:DelayedGuard","bronze:Shield"],"picked":"bronze:Allocate+1","floor":20},{"not_picked":["bronze:DarkDash","bronze:CutThrough"],"picked":"bronze:DelayedGuard+1","floor":21},{"not_picked":["bronze:DelayedSlice+1","bronze:CutThrough"],"picked":"bronze:HardenedForm","floor":26},{"not_picked":["bronze:FineTuning+1","bronze:Terminator"],"picked":"bronze:ChildClass","floor":29},{"not_picked":["bronze:Boost","bronze:BuggyMess"],"picked":"bronze:MaxOutput","floor":31},{"not_picked":["bronze:FollowUp","bronze:GetLatest"],"picked":"bronze:WhirlingStrike","floor":32}],"player_experience":939756,"relics_obtained":[{"floor":4,"key":"Letter Opener"},{"floor":7,"key":"Bottled Lightning"},{"floor":12,"key":"Bag of Preparation"},{"floor":14,"key":"Eternal Feather"},{"floor":24,"key":"Meat on the Bone"}],"event_choices":[{"cards_removed":["bronze:ChildClass"],"damage_healed":41,"gold_gain":0,"player_choice":"Offered Uncommon","damage_taken":0,"max_hp_gain":0,"max_hp_loss":0,"event_name":"Bonfire Elementals","floor":30,"gold_loss":0}],"is_beta":false,"boss_relics":[{"not_picked":["Runic Pyramid","SacredBark"],"picked":"Tiny House"}],"items_purged_floors":[],"is_endless":false,"potions_floor_spawned":[2,4,9,12,14,29,31],"killed_by":"WA_ARCHETYPE_CALM","ascension_level":4}}