{"host":"qekv59dthhdg54sz","time":1611208357,"event":{"mods":["AchievementEnabler","BaseMod","Colored Map","DeckTracker","KOR Keyword Fix","Minty Spire (QoL Compilation)","Rare Cards Sparkle","StSLib","SuperFastMode"],"gold_per_floor":[119,119,44,69,39,39,74,74,148,162,0,36,65,95,95,169,196,222,122,136,136,136,136,167,167,194,206,206,206,221,248,248,326,326,326,254,303,303,318,318,343,359,432,485,485,485,519,547,547,547,547],"floor_reached":52,"language":"KOR","playtime":1574,"items_purged":["Defend_P","Halt"],"score":2084,"play_id":"1871cb9e-6158-4cd5-8aff-bc13929b6276","local_time":"20210121145237","is_ascension_mode":true,"campfire_choices":[{"data":"Eruption","floor":6.0,"key":"SMITH"},{"data":"MentalFortress","floor":8.0,"key":"SMITH"},{"data":"CutThroughFate","floor":15.0,"key":"SMITH"},{"data":"WheelKick","floor":23.0,"key":"SMITH"},{"data":"Tantrum","floor":25.0,"key":"SMITH"},{"floor":29.0,"key":"REST"},{"data":"FearNoEvil","floor":32.0,"key":"SMITH"},{"data":"MentalFortress","floor":40.0,"key":"SMITH"},{"floor":46.0,"key":"REST"},{"floor":49.0,"key":"REST"}],"circlet_count":0,"master_deck":["AscendersBane","Eruption+1","Vigilance","MentalFortress+1","EmptyBody","CutThroughFate+1","FearNoEvil+1","ReachHeaven","WheelKick+1","Halt+1","Swivel+1","Vault+1","Tantrum+1","SandsOfTime+1","MentalFortress+1","FlurryOfBlows"],"relics":["Empty Cage","Bronze Scales","Lizard Tail","Blue Candle","Orrery","CeramicFish","Orichalcum","Astrolabe","GoldenEye","Blood Vial","Prayer Wheel","VioletLotus","Pen Nib","Juzu Bracelet","Kunai","Du-Vu Doll","Ice Cream","Bag of Preparation"],"acts_visited":["Exordium","TheCity","TheBeyond"],"potions_floor_usage":[51,51],"damage_taken":[{"damage":2.0,"enemies":"Jaw Worm","floor":1.0,"turns":8.0},{"damage":4.0,"enemies":"Lagavulin","floor":7.0,"turns":7.0},{"damage":1.0,"enemies":"Cultist","floor":10.0,"turns":3.0},{"damage":8.0,"enemies":"Gremlin Nob","floor":12.0,"turns":3.0},{"damage":0.0,"enemies":"Small Slimes","floor":13.0,"turns":3.0},{"damage":0.0,"enemies":"Lagavulin","floor":14.0,"turns":5.0},{"damage":5.0,"enemies":"Hexaghost","floor":16.0,"turns":7.0},{"damage":0.0,"enemies":"3 Byrds","floor":18.0,"turns":3.0},{"damage":0.0,"enemies":"Spheric Guardian","floor":20.0,"turns":4.0},{"damage":5.0,"enemies":"Slavers","floor":24.0,"turns":7.0},{"damage":0.0,"enemies":"Centurion and Healer","floor":27.0,"turns":5.0},{"damage":6.0,"enemies":"Chosen and Byrds","floor":30.0,"turns":4.0},{"damage":0.0,"enemies":"Snecko","floor":31.0,"turns":4.0},{"damage":0.0,"enemies":"Collector","floor":33.0,"turns":7.0},{"damage":0.0,"enemies":"3 Shapes","floor":35.0,"turns":1.0},{"damage":0.0,"enemies":"Orb Walker","floor":39.0,"turns":3.0},{"damage":0.0,"enemies":"Giant Head","floor":41.0,"turns":6.0},{"damage":17.0,"enemies":"3 Darklings","floor":42.0,"turns":5.0},{"damage":0.0,"enemies":"2 Orb Walkers","floor":44.0,"turns":5.0},{"damage":0.0,"enemies":"Mind Bloom Boss Battle","floor":47.0,"turns":6.0},{"damage":37.0,"enemies":"Reptomancer","floor":48.0,"turns":5.0},{"damage":38.0,"enemies":"Donu and Deca","floor":50.0,"turns":7.0},{"damage":6,"enemies":"Awakened One","floor":51,"turns":8}],"seed_played":"-3403532839612585271","potions_obtained":[{"floor":1.0,"key":"PowerPotion"},{"floor":10.0,"key":"Explosive Potion"},{"floor":14.0,"key":"ColorlessPotion"},{"floor":20.0,"key":"LiquidMemories"},{"floor":24.0,"key":"SmokeBomb"},{"floor":33.0,"key":"Energy Potion"},{"floor":39.0,"key":"SneckoOil"},{"floor":42.0,"key":"BlessingOfTheForge"},{"floor":48.0,"key":"BottledMiracle"}],"is_trial":false,"path_per_floor":["M","?","$","T","$","R","E","R","T","M","$","E","M","E","R","B",null,"M","$","M","?","?","R","E","R","T","M","T","R","M","M","R","B",null,"M","$","T","$","M","R","E","M","T","?","?","R","?","E","R","B","B",null],"character_chosen":"WATCHER","items_purchased":["CutThroughFate","Orrery","MentalFortress"],"campfire_rested":3,"item_purchase_floors":[5,11,36],"current_hp_per_floor":[59,59,59,59,59,59,55,55,55,54,54,46,46,46,46,41,61,61,61,61,61,42,42,37,37,37,39,39,60,56,58,58,60,70,72,72,72,72,73,73,73,56,56,58,58,69,69,32,52,16,12],"gold":547,"neow_bonus":"BOSS_RELIC","is_daily":false,"chose_seed":false,"campfire_upgraded":7,"win_rate":0.0,"timestamp":1611208357,"path_taken":["M","?","?","?","?","R","E","R","T","M","$","E","?","E","R","BOSS","M","$","M","?","?","R","E","R","T","M","?","R","M","?","R","BOSS","M","$","?","$","?","R","E","M","T","?","?","R","?","E","R","BOSS","BOSS"],"items_purchased_type":["Card","Relic","Card"],"build_version":"2020-12-22","purchased_purges":2,"victory":true,"max_hp_per_floor":[68,68,68,68,68,68,68,68,68,68,68,68,68,68,68,68,68,68,68,68,68,73,73,73,73,73,73,73,73,73,73,73,73,73,73,73,73,73,73,73,73,73,73,73,69,69,69,69,69,69,69],"card_choices":[{"not_picked":["Fasting2","SandsOfTime"],"picked":"MentalFortress","floor":1.0},{"not_picked":["Halt","CrushJoints"],"picked":"FearNoEvil","floor":7.0},{"not_picked":["Prostrate","Sanctity"],"picked":"ReachHeaven","floor":10.0},{"not_picked":["Protect","SignatureMove"],"picked":"Halt","floor":12.0},{"not_picked":["EmptyFist","SandsOfTime"],"picked":"WheelKick","floor":13.0},{"not_picked":["SpiritShield","FollowUp","PathToVictory"],"picked":"SKIP","floor":14.0},{"not_picked":["BowlingBash","CrushJoints"],"picked":"Tantrum","floor":18.0},{"not_picked":["FlurryOfBlows","Prostrate","Halt"],"picked":"SKIP","floor":20.0},{"not_picked":["Halt","ClearTheMind","JustLucky+1"],"picked":"SKIP","floor":24.0},{"not_picked":["Judgement","SandsOfTime","LikeWater"],"picked":"SKIP","floor":27.0},{"not_picked":["Study","ForeignInfluence","FlurryOfBlows"],"picked":"SKIP","floor":30.0},{"not_picked":["Swivel","FollowUp","Study"],"picked":"SKIP","floor":30.0},{"not_picked":["Weave","WindmillStrike"],"picked":"SandsOfTime+1","floor":31.0},{"not_picked":["Indignation","FlyingSleeves+1","ThirdEye"],"picked":"SKIP","floor":31.0},{"not_picked":["Wallop","Sanctity+1","Indignation"],"picked":"SKIP","floor":39.0},{"not_picked":["Consecrate","MentalFortress+1","WheelKick"],"picked":"SKIP","floor":39.0},{"not_picked":["Halt","Evaluate","Alpha"],"picked":"SKIP","floor":41.0},{"not_picked":["ThirdEye+1","Tantrum","BowlingBash"],"picked":"SKIP","floor":42.0},{"not_picked":["Vengeance","FlurryOfBlows","PathToVictory"],"picked":"SKIP","floor":42.0},{"not_picked":["SandsOfTime","Consecrate"],"picked":"FlurryOfBlows","floor":47.0},{"not_picked":["Halt","DeceiveReality+1","Alpha"],"picked":"SKIP","floor":48.0}],"player_experience":790066,"relics_obtained":[{"floor":4.0,"key":"Bronze Scales"},{"floor":7.0,"key":"Lizard Tail"},{"floor":9.0,"key":"Blue Candle"},{"floor":12.0,"key":"CeramicFish"},{"floor":14.0,"key":"Orichalcum"},{"floor":24.0,"key":"GoldenEye"},{"floor":26.0,"key":"Blood Vial"},{"floor":28.0,"key":"Prayer Wheel"},{"floor":37.0,"key":"Pen Nib"},{"floor":41.0,"key":"Juzu Bracelet"},{"floor":43.0,"key":"Kunai"},{"floor":44.0,"key":"Du-Vu Doll"},{"floor":47.0,"key":"Ice Cream"},{"floor":48.0,"key":"Bag of Preparation"}],"event_choices":[{"damage_healed":0.0,"max_hp_gain":0.0,"max_hp_loss":0.0,"gold_gain":0.0,"cards_transformed":["Strike_P"],"event_name":"Transmorgrifier","player_choice":"Transformed","floor":2.0,"gold_loss":0.0,"damage_taken":0.0,"cards_obtained":["EmptyBody"]},{"cards_removed":["Defend_P"],"damage_healed":0.0,"max_hp_gain":0.0,"max_hp_loss":0.0,"gold_gain":0.0,"event_name":"Back to Basics","player_choice":"Elegance","floor":21.0,"gold_loss":0.0,"damage_taken":0.0},{"damage_healed":0.0,"max_hp_gain":5.0,"max_hp_loss":0.0,"gold_gain":0.0,"event_name":"Forgotten Altar","player_choice":"Shed Blood","floor":22.0,"gold_loss":0.0,"damage_taken":24.0},{"damage_healed":0.0,"max_hp_gain":0.0,"max_hp_loss":0.0,"gold_gain":0.0,"event_name":"Mysterious Sphere","player_choice":"Fight","floor":44.0,"gold_loss":0.0,"damage_taken":0.0},{"damage_healed":0.0,"max_hp_gain":0.0,"max_hp_loss":4.0,"gold_gain":0.0,"event_name":"Winding Halls","player_choice":"Max HP","floor":45.0,"gold_loss":0.0,"damage_taken":0.0},{"damage_healed":0.0,"max_hp_gain":0.0,"max_hp_loss":0.0,"gold_gain":0.0,"event_name":"MindBloom","player_choice":"Fight","floor":47.0,"gold_loss":0.0,"damage_taken":0.0}],"is_beta":false,"boss_relics":[{"not_picked":["Philosopher\u0027s Stone","Fusion Hammer"],"picked":"Astrolabe"},{"not_picked":["Pandora\u0027s Box","Tiny House"],"picked":"VioletLotus"}],"items_purged_floors":[3,19],"is_endless":false,"potions_floor_spawned":[1,10,14,20,24,33,35,39,42,48],"ascension_level":20}}