{"host":"0iuhrgzkozzv273x","time":1611269354,"event":{"mods":["2.2 Compatiblity","Astrologer","BaseMod","ChefMod","Colored Map","Curses Come First","Downfall","Hermit","Jorbs\u0027s Wanderer Trilogy","Key Reminder","Minty Spire (QoL Compilation)","Robot Space Explorer","Shade Mod","Spire Arcade","StSLib","The Construct","The Cursed","The Disciple","The Hayseed","The Runesmith","The Showman","TheFirefly","Unceasing Turn Reminder","Wandering Minibosses","thorton"],"gold_per_floor":[99,113,127,139,139,139,165,165,183,183,202,230,243,263,275,375,375,175,193,207,233,233,250,250,278,278,298,308,337,354,354,374,479,479,479,479,246,265,277,177,203,231,278,290,290,25,25,58,78,78,78,110,61,61,61,61],"floor_reached":57,"language":"ENG","playtime":5996,"items_purged":["bronze:Strike","bronze:Strike"],"score":1381,"play_id":"53c2ef86-f4b3-48e0-b33d-d4fcfac13d31","local_time":"20210121174914","is_ascension_mode":false,"campfire_choices":[{"data":"bronze:Goto","floor":1.0,"key":"SMITH"},{"floor":8.0,"key":"RECALL"},{"data":"bronze:SpaghettiCode","floor":18.0,"key":"SMITH"},{"data":"bronze:Optimize","floor":26.0,"key":"SMITH"},{"data":"bronze:HardenedForm","floor":35.0,"key":"SMITH"},{"data":"bronze:Verify","floor":40.0,"key":"SMITH"},{"data":"bronze:Optimize","floor":45.0,"key":"SMITH"},{"data":"Impatience","floor":47.0,"key":"SMITH"},{"data":"bronze:Repulsor","floor":54,"key":"SMITH"}],"circlet_count":0,"master_deck":["bronze:Defend","bronze:Defend","bronze:Defend","bronze:Defend+1","bronze:Replicate","bronze:Goto+1","Impatience+1","bronze:WhirlingStrike","bronze:DazingPulse","bronze:Optimize+1","bronze:BronzeOrb","bronze:WhirlingStrike","bronze:ChildClass","bronze:SpaghettiCode+1","bronze:Optimize+1","bronze:BronzeArmor+1","bronze:Repulsor+1","bronze:BronzeOrb","bronze:HardenedForm+1","bronze:Repair+1","bronze:ChosenStrike+1","bronze:Verify+1","bronze:ClassDefault+1","bronze:Verify"],"relics":["bronze:BronzeCore","Tiny Chest","Kunai","Odd Mushroom","Coffee Dripper","downfall:HeartBlessingRed","downfall:HeartBlessingGreen","wanderingMiniBosses:CarrionFlame","Toy Ornithopter","FossilizedHelix","Letter Opener","Blood Vial","Black Star","Nunchaku","downfall:HeartBlessingBlue","Centennial Puzzle","Omamori","Ornamental Fan","Unceasing Top","Ancient Tea Set","Boot","Pocketwatch","PreservedInsect","War Paint"],"acts_visited":["Exordium","TheCity","TheBeyond","TheEnding"],"potions_floor_usage":[49,50,55,56],"damage_taken":[{"damage":1.0,"enemies":"Jaw Worm","floor":2.0,"turns":4.0},{"damage":12.0,"enemies":"Cultist","floor":3.0,"turns":7.0},{"damage":4.0,"enemies":"2 Louse","floor":4.0,"turns":3.0},{"damage":0.0,"enemies":"2 Louse","floor":6.0,"turns":2.0},{"damage":5.0,"enemies":"Exordium Thugs","floor":9.0,"turns":4.0},{"damage":0.0,"enemies":"Exordium Wildlife","floor":11.0,"turns":3.0},{"damage":0.0,"enemies":"3 Sentries","floor":12.0,"turns":4.0},{"damage":0.0,"enemies":"3 Louse","floor":13.0,"turns":2.0},{"damage":7.0,"enemies":"The Mushroom Lair","floor":14.0,"turns":5.0},{"damage":6.0,"enemies":"2 Fungi Beasts","floor":15.0,"turns":6.0},{"damage":1.0,"enemies":"WA_ARCHETYPE_RETAIN","floor":16.0,"turns":5.0},{"damage":5.0,"enemies":"3 Byrds","floor":19.0,"turns":4.0},{"damage":0.0,"enemies":"Spheric Guardian","floor":20.0,"turns":1.0},{"damage":9.0,"enemies":"Snecko","floor":23.0,"turns":7.0},{"damage":0.0,"enemies":"Book of Stabbing","floor":25.0,"turns":5.0},{"damage":0.0,"enemies":"Centurion and Healer","floor":27.0,"turns":1.0},{"damage":0.0,"enemies":"Sentry and Sphere","floor":28.0,"turns":3.0},{"damage":0.0,"enemies":"Slavers","floor":29.0,"turns":2.0},{"damage":19.0,"enemies":"Snake Plant","floor":30.0,"turns":5.0},{"damage":0.0,"enemies":"Centurion and Healer","floor":32.0,"turns":5.0},{"damage":0.0,"enemies":"SI_MIRROR_ARCHETYPE","floor":33.0,"turns":3.0},{"damage":0.0,"enemies":"downfall:FleeingMerchant","floor":37.0,"turns":4.0},{"damage":0.0,"enemies":"Orb Walker","floor":38.0,"turns":3.0},{"damage":0.0,"enemies":"3 Darklings","floor":39.0,"turns":2.0},{"damage":2.0,"enemies":"Reptomancer","floor":42.0,"turns":6.0},{"damage":21.0,"enemies":"2 Orb Walkers","floor":43.0,"turns":5.0},{"damage":0.0,"enemies":"Jaw Worm Horde","floor":44.0,"turns":3.0},{"damage":0.0,"enemies":"downfall:FleeingMerchant","floor":46.0,"turns":4.0},{"damage":0.0,"enemies":"Giant Head","floor":48.0,"turns":6.0},{"damage":22,"enemies":"Writhing Mass","floor":49,"turns":6},{"damage":14,"enemies":"IC_BLOCK_ARCHETYPE","floor":50,"turns":9},{"damage":6,"enemies":"downfall:CharBossMerchant","floor":52,"turns":8},{"damage":27,"enemies":"downfall:NeowBoss","floor":55,"turns":9},{"damage":23,"enemies":"downfall:NeowBossFinal","floor":56,"turns":11}],"seed_played":"1361205611619101777","potions_obtained":[{"floor":2.0,"key":"Fire Potion"},{"floor":6.0,"key":"SpeedPotion"},{"floor":14.0,"key":"Block Potion"},{"floor":15.0,"key":"ColorlessPotion"},{"floor":16.0,"key":"sneckomod:MuddlingPotion"},{"floor":20.0,"key":"SpeedPotion"},{"floor":23.0,"key":"Explosive Potion"},{"floor":28.0,"key":"bronze:CleanCodePotion"},{"floor":32.0,"key":"Block Potion"},{"floor":42.0,"key":"FearPotion"},{"floor":44.0,"key":"EssenceOfSteel"},{"floor":49,"key":"construct:ShiftPotion"},{"floor":52,"key":"bronze:FreeFunctionsPotion"}],"is_trial":false,"path_per_floor":["R","M","M","M","?","?","T","R","M","?","M","E","M","?","M","B",null,"R","M","M","T","?","M","T","E","R","M","M","E","M","?","M","B",null,"R","T","$","M","M","R","T","E","?","M","R","$","R","E","M","B",null,"E","$","R","B","B",null],"character_chosen":"THE_AUTOMATON","items_purchased":["Nunchaku","Ancient Tea Set","Energy Potion"],"campfire_rested":0,"item_purchase_floors":[37,46,53],"current_hp_per_floor":[70,69,57,53,58,58,58,58,53,53,53,53,53,46,40,39,75,75,70,70,70,70,66,66,66,66,66,66,66,56,56,68,75,75,75,75,75,75,75,85,85,83,64,76,76,78,78,85,73,71,85,79,79,79,58,52],"gold":61,"neow_bonus":"RANDOM_COLORLESS","is_daily":false,"chose_seed":false,"campfire_upgraded":8,"win_rate":0.0,"timestamp":1611269354,"path_taken":["R","M","M","M","?","?","T","R","M","?","?","E","M","?","M","BOSS","R","M","M","?","?","M","T","E","R","M","?","E","M","?","M","BOSS","R","?","$","M","M","R","T","E","?","M","R","$","R","E","M","BOSS","E","$","R","BOSS","BOSS"],"items_purchased_type":["Relic","Relic","Potion"],"build_version":"2020-12-22","purchased_purges":2,"victory":true,"max_hp_per_floor":[70,70,70,70,75,75,75,75,75,75,75,75,75,75,75,75,75,75,75,75,75,75,75,75,75,75,75,75,75,75,75,75,75,75,75,75,75,75,75,85,85,85,85,85,85,85,85,85,85,85,85,85,85,85,85,85],"card_choices":[{"not_picked":["Mind Blast","Forethought"],"picked":"Impatience","floor":0.0},{"not_picked":["bronze:Overheat","bronze:Shield","bronze:OilSpill"],"picked":"SKIP","floor":2.0},{"not_picked":["bronze:WildBeam","bronze:Overheat","bronze:FineTuning"],"picked":"SKIP","floor":3.0},{"not_picked":["bronze:Shield","bronze:Safeguard"],"picked":"bronze:WhirlingStrike","floor":4.0},{"not_picked":[],"picked":"bronze:DazingPulse","floor":6.0},{"not_picked":["bronze:Frontload","bronze:WhirlingStrike"],"picked":"bronze:Optimize","floor":6.0},{"not_picked":["bronze:MaxOutput","bronze:Allocate"],"picked":"bronze:BronzeOrb","floor":9.0},{"not_picked":["bronze:BugBarrage","bronze:WhirlingStrike"],"picked":"bronze:ChildClass","floor":11.0},{"not_picked":["bronze:WildBeam","bronze:ChosenStrike"],"picked":"bronze:SpaghettiCode","floor":12.0},{"not_picked":["bronze:DarkDash","bronze:FollowUp"],"picked":"bronze:Optimize","floor":13.0},{"not_picked":["bronze:Overheat","bronze:ChildClass"],"picked":"bronze:BronzeArmor","floor":15.0},{"not_picked":["bronze:DelayedSlice+1","bronze:MaxOutput"],"picked":"bronze:Repulsor","floor":19.0},{"not_picked":["bronze:DelayedGuard","bronze:Allocate"],"picked":"bronze:BronzeOrb","floor":20.0},{"not_picked":["bronze:Branch","bronze:DelayedSlice+1","bronze:Shield"],"picked":"SKIP","floor":23.0},{"not_picked":["bronze:GetLatest","bronze:Deprecate+1","bronze:NullPointer"],"picked":"SKIP","floor":25.0},{"not_picked":["bronze:WhirlingStrike","bronze:OilSpill","bronze:BitShift"],"picked":"SKIP","floor":27.0},{"not_picked":["bronze:DigitalCarnage","bronze:OilSpill"],"picked":"bronze:HardenedForm","floor":28.0},{"not_picked":["bronze:Overheat","bronze:WhirlingStrike+1"],"picked":"bronze:Repair+1","floor":29.0},{"not_picked":["bronze:BronzeArmor","bronze:WhirlingStrike+1"],"picked":"bronze:ChosenStrike+1","floor":30.0},{"not_picked":["bronze:CutThrough+1","bronze:BronzeArmor","bronze:ItsAFeature+1"],"picked":"SKIP","floor":32.0},{"not_picked":["bronze:CutThrough+1","bronze:DelayedSlice+1"],"picked":"bronze:Verify","floor":37.0},{"not_picked":["bronze:BronzeOrb","bronze:Boost+1","bronze:BitShift+1"],"picked":"SKIP","floor":38.0},{"not_picked":["bronze:FineTuning+1","bronze:BronzeArmor+1","bronze:Allocate+1"],"picked":"SKIP","floor":39.0},{"not_picked":["bronze:WildBeam+1","bronze:Deprecate+1","bronze:OilSpill"],"picked":"SKIP","floor":42.0},{"not_picked":["bronze:Deprecate","bronze:Fortify"],"picked":"bronze:ClassDefault+1","floor":44.0},{"not_picked":["bronze:OilSpill","bronze:Turbo+1","bronze:Iterate+1"],"picked":"SKIP","floor":46.0},{"not_picked":["bronze:Safeguard","bronze:DelayedGuard","bronze:NullPointer+1"],"picked":"SKIP","floor":48.0},{"not_picked":["bronze:DigitalCarnage","bronze:Allocate","bronze:ClassDefault+1"],"picked":"SKIP","floor":49},{"not_picked":["bronze:Boost+1","bronze:Safeguard"],"picked":"bronze:Verify","floor":52}],"player_experience":1494730,"relics_obtained":[{"floor":7.0,"key":"Tiny Chest"},{"floor":12.0,"key":"Kunai"},{"floor":14.0,"key":"Odd Mushroom"},{"floor":19.0,"key":"wanderingMiniBosses:CarrionFlame"},{"floor":21.0,"key":"Toy Ornithopter"},{"floor":24.0,"key":"FossilizedHelix"},{"floor":25.0,"key":"Letter Opener"},{"floor":29.0,"key":"Blood Vial"},{"floor":41.0,"key":"Centennial Puzzle"},{"floor":42.0,"key":"Omamori"},{"floor":42.0,"key":"Ornamental Fan"},{"floor":43.0,"key":"Unceasing Top"},{"floor":48.0,"key":"Boot"},{"floor":48.0,"key":"Pocketwatch"},{"floor":52,"key":"PreservedInsect"},{"floor":52,"key":"War Paint"}],"event_choices":[{"damage_healed":0.0,"max_hp_gain":5.0,"max_hp_loss":0.0,"gold_gain":0.0,"event_name":"Big Fish","player_choice":"Donut","floor":5.0,"gold_loss":0.0,"damage_taken":0.0},{"damage_healed":0.0,"max_hp_gain":0.0,"max_hp_loss":0.0,"gold_gain":0.0,"event_name":"Mushrooms","player_choice":"Fought Mushrooms","floor":14.0,"gold_loss":0.0,"damage_taken":0.0},{"cards_removed":["bronze:Strike"],"damage_healed":0.0,"max_hp_gain":0.0,"max_hp_loss":0.0,"gold_gain":0.0,"event_name":"Bonfire Elementals","player_choice":"Offered Basic","floor":22.0,"gold_loss":0.0,"damage_taken":0.0},{"damage_healed":0.0,"max_hp_gain":0.0,"max_hp_loss":0.0,"gold_gain":0.0,"event_name":"Mysterious Sphere","player_choice":"Fight","floor":43.0,"gold_loss":0.0,"damage_taken":0.0}],"is_beta":false,"boss_relics":[{"not_picked":["Busted Crown","bronze:MakeshiftBattery"],"picked":"Coffee Dripper"},{"not_picked":["Runic Dome","construct:WeddingRing"],"picked":"Black Star"}],"items_purged_floors":[37,46],"is_endless":false,"potions_floor_spawned":[2,6,14,15,16,20,23,28,29,32,39,42,44,49,52],"ascension_level":0}}