{"host":"9ndbo4kgsfoemf7y","time":1611229158,"event":{"mods":["AchievementEnabler","BaseMod","Colored Map","DeckTracker","Keyboard Shortcuts","Minty Spire (QoL Compilation)","Permanent Neow","Quick Restart","Relic Stats","StSLib","SuperFastMode"],"gold_per_floor":[119,119,23,42,55,55,68,68,68,68,87,107,107,141,141,238,238,255,267,267,280,26,26,26,26,81,91,111,111],"floor_reached":28,"language":"KOR","playtime":662,"items_purged":["Strike_R"],"score":220,"play_id":"d86095db-93dc-477f-8cb3-9602418fc6f1","local_time":"20210121203918","is_ascension_mode":false,"campfire_choices":[{"data":"Flex","floor":8,"key":"SMITH"},{"data":"Cleave","floor":10,"key":"SMITH"},{"data":"Dark Embrace","floor":13,"key":"SMITH"},{"floor":15,"key":"REST"},{"data":"Limit Break","floor":23,"key":"SMITH"},{"data":"Blood for Blood","floor":25,"key":"SMITH"}],"circlet_count":0,"master_deck":["Strike_R","Defend_R","Defend_R","Defend_R","Bash","Combust","Sword Boomerang","Cleave+1","Flex+1","Perfected Strike","Iron Wave","Offering","Dark Embrace+1","Limit Break+1","Twin Strike","Shockwave+1","Blood for Blood+1","HandOfGreed"],"relics":["Burning Blood","Mercury Hourglass","Pocketwatch","Mark of Pain","Centennial Puzzle"],"acts_visited":["Exordium","TheCity"],"potions_floor_usage":[16],"damage_taken":[{"damage":1.0,"enemies":"2 Louse","floor":1.0,"turns":2.0},{"damage":13,"enemies":"Jaw Worm","floor":4,"turns":3},{"damage":0,"enemies":"Small Slimes","floor":5,"turns":2},{"damage":16,"enemies":"Gremlin Gang","floor":7,"turns":3},{"damage":0,"enemies":"Lots of Slimes","floor":11,"turns":1},{"damage":6,"enemies":"2 Fungi Beasts","floor":12,"turns":2},{"damage":29,"enemies":"3 Sentries","floor":14,"turns":4},{"damage":48,"enemies":"Hexaghost","floor":16,"turns":8},{"damage":0,"enemies":"Spheric Guardian","floor":18,"turns":3},{"damage":16,"enemies":"2 Thieves","floor":19,"turns":2},{"damage":33,"enemies":"Shelled Parasite and Fungi","floor":21,"turns":4},{"damage":30,"enemies":"Centurion and Healer","floor":27,"turns":3},{"damage":20,"enemies":"Slavers","floor":28,"turns":1}],"seed_played":"7460384899432639118","potions_obtained":[{"floor":5,"key":"Weak Potion"},{"floor":16,"key":"BlessingOfTheForge"},{"floor":18,"key":"DuplicationPotion"}],"is_trial":false,"path_per_floor":["M","?","$","M","M","?","M","R","T","R","M","M","R","E","R","B",null,"M","M","?","M","$","R","?","R","T","M","E"],"character_chosen":"IRONCLAD","items_purchased":["Cleave","Flex","HandOfGreed"],"campfire_rested":1,"item_purchase_floors":[3,3,22],"current_hp_per_floor":[61,54,54,47,53,53,43,43,43,43,49,49,49,26,50,8,80,80,70,70,43,43,43,43,43,43,19,0,0],"gold":111,"neow_bonus":"TRANSFORM_TWO_CARDS","is_daily":false,"chose_seed":false,"campfire_upgraded":5,"win_rate":0.0,"timestamp":1611229158,"path_taken":["M","?","$","M","M","?","M","R","T","R","M","M","R","E","R","BOSS","M","M","?","?","?","R","?","R","T","?","E"],"items_purchased_type":["Card","Card","Card"],"build_version":"2020-12-22","purchased_purges":1,"victory":false,"max_hp_per_floor":[80,80,80,80,80,80,80,80,80,80,80,80,80,80,80,80,80,80,80,80,80,80,80,80,80,80,80,80,80],"relic_stats":{"Centennial Puzzle":[6],"counters":[13,38],"obtain_stats":[{"Centennial Puzzle":26,"Mark of Pain":17,"Burning Blood":0,"Mercury Hourglass":9,"Pocketwatch":14},{"Centennial Puzzle":11,"Mark of Pain":8,"Burning Blood":0,"Mercury Hourglass":4,"Pocketwatch":7},{"Centennial Puzzle":34,"Mark of Pain":25,"Burning Blood":0,"Mercury Hourglass":10,"Pocketwatch":17}],"Burning Blood":66,"Mercury Hourglass":[105],"Pocketwatch":[26]},"card_choices":[{"not_picked":["Havoc","Heavy Blade","Power Through"],"picked":"SKIP","floor":1.0},{"not_picked":["Armaments","Pommel Strike"],"picked":"Perfected Strike","floor":4},{"not_picked":["Carnage","Searing Blow","Warcry"],"picked":"SKIP","floor":5},{"not_picked":["Thunderclap","Warcry","Clothesline"],"picked":"SKIP","floor":7},{"not_picked":["Armaments","Shrug It Off"],"picked":"Offering","floor":11},{"not_picked":["Armaments","Burning Pact"],"picked":"Dark Embrace","floor":12},{"not_picked":["True Grit","Anger","Intimidate"],"picked":"SKIP","floor":14},{"not_picked":["Immolate","Offering"],"picked":"Limit Break","floor":16},{"not_picked":["Bloodletting","Pommel Strike"],"picked":"Twin Strike","floor":18},{"not_picked":["True Grit+1","Carnage+1"],"picked":"Shockwave+1","floor":19},{"not_picked":["Spot Weakness","Flame Barrier"],"picked":"Blood for Blood","floor":21},{"not_picked":["Sever Soul","Sword Boomerang","Metallicize"],"picked":"SKIP","floor":27}],"player_experience":837574,"relics_obtained":[{"floor":9,"key":"Mercury Hourglass"},{"floor":14,"key":"Pocketwatch"},{"floor":26,"key":"Centennial Puzzle"}],"event_choices":[{"cards_removed":["Strike_R"],"damage_healed":0.0,"max_hp_gain":0.0,"max_hp_loss":0.0,"gold_gain":0.0,"event_name":"Golden Wing","player_choice":"Card Removal","floor":2.0,"gold_loss":0.0,"damage_taken":7.0},{"damage_healed":0,"gold_gain":0,"cards_transformed":["Defend_R"],"player_choice":"Change","damage_taken":0,"max_hp_gain":0,"max_hp_loss":0,"event_name":"Living Wall","floor":6,"gold_loss":0,"cards_obtained":["Iron Wave"]},{"damage_healed":0,"gold_gain":0,"player_choice":"Ignored","damage_taken":0,"max_hp_gain":0,"max_hp_loss":0,"event_name":"NoteForYourself","floor":20,"gold_loss":0},{"damage_healed":0,"gold_gain":0,"player_choice":"Ignored","damage_taken":0,"max_hp_gain":0,"max_hp_loss":0,"event_name":"Vampires","floor":24,"gold_loss":0}],"is_beta":false,"boss_relics":[{"not_picked":["Runic Dome","Philosopher\u0027s Stone"],"picked":"Mark of Pain"}],"items_purged_floors":[22],"is_endless":false,"potions_floor_spawned":[5,16,18],"killed_by":"Slavers","ascension_level":0}}