{"host":"0ke4ewd6kv0tgkyi","time":1611260027,"event":{"mods":["2.2 Compatiblity","A Magickal Journey","Act Like it!","BaseMod","Conspire","JesterMod","Minty Spire (QoL Compilation)","Permanent Neow","Somnambulant","StSLib","The Alterego","The Judge","TheBandit"],"gold_per_floor":[110,129,129,54,69,69,69,69,69,69,84,158,178,178,178,273,273,289,305,315,328,367,367,376,413,413,413,440,440,340,363,363,468,468,494,494,513,537,566,566,581,581,581,581,681,709,709,39,39,39],"floor_reached":51,"language":"ENG","playtime":4020,"items_purged":["alterego_mod:Defend","alterego_mod:Defend","alterego_mod:Strike"],"score":791,"play_id":"7fc506f2-53a4-41a6-be1a-301ae08f41aa","local_time":"20210121121347","is_ascension_mode":true,"campfire_choices":[{"data":"alterego_mod:TrashNCrash","floor":6.0,"key":"SMITH"},{"data":"alterego_mod:BrynhildrsRune","floor":8.0,"key":"SMITH"},{"floor":10.0,"key":"REST"},{"data":"alterego_mod:Impale","floor":15.0,"key":"SMITH"},{"floor":23.0,"key":"REST"},{"floor":27,"key":"REST"},{"data":"alterego_mod:Support","floor":29,"key":"SMITH"},{"data":"alterego_mod:Rip","floor":32,"key":"SMITH"},{"data":"alterego_mod:STier","floor":40,"key":"SMITH"},{"data":"alterego_mod:Cushion","floor":42,"key":"SMITH"},{"data":"alterego_mod:PresenceConcealment","floor":47,"key":"SMITH"},{"data":"alterego_mod:Clones","floor":49,"key":"SMITH"}],"circlet_count":0,"master_deck":["alterego_mod:Strike","alterego_mod:Strike","alterego_mod:Strike","alterego_mod:Impale+1","alterego_mod:BrynhildrsRune+1","alterego_mod:Undulate","alterego_mod:Rip+1","alterego_mod:TrashNCrash+1","alterego_mod:Undulate","alterego_mod:SideboobHour","alterego_mod:Punishment","alterego_mod:Undulate","alterego_mod:Undulate","alterego_mod:Punishment","Necronomicurse","alterego_mod:Support+1","alterego_mod:Exercise","alterego_mod:STier+1","alterego_mod:Cushion+1","alterego_mod:Mirror","alterego_mod:PresenceConcealment+1","alterego_mod:MagicResistance+1","alterego_mod:Clones+1","Mayhem"],"relics":["alterego_mod:MasochisticConstitution","Turnip","Ancient Tea Set","Letter Opener","Philosopher\u0027s Stone","CeramicFish","Necronomicon","Calipers","Meat on the Bone","Blood Vial","Busted Crown","Mummified Hand","Lee\u0027s Waffle","Centennial Puzzle"],"acts_visited":["Exordium","TheCity","TheBeyond"],"potions_floor_usage":[25,25,39,50,50],"damage_taken":[{"damage":17.0,"enemies":"Cultist","floor":1.0,"turns":7.0},{"damage":6.0,"enemies":"Small Slimes","floor":2.0,"turns":5.0},{"damage":6.0,"enemies":"2 Louse","floor":5.0,"turns":4.0},{"damage":13.0,"enemies":"Gremlin Gang","floor":11.0,"turns":8.0},{"damage":4.0,"enemies":"Large Slime","floor":13.0,"turns":6.0},{"damage":49.0,"enemies":"The Guardian","floor":16.0,"turns":8.0},{"damage":14.0,"enemies":"conspire:FuzzyDice","floor":18.0,"turns":9.0},{"damage":19.0,"enemies":"2 Thieves","floor":19.0,"turns":5.0},{"damage":24.0,"enemies":"Shelled Parasite and Fungi","floor":20.0,"turns":7.0},{"damage":25.0,"enemies":"conspire:HollyBat","floor":21.0,"turns":6.0},{"damage":8.0,"enemies":"conspire:MimicChest","floor":22.0,"turns":7.0},{"damage":29,"enemies":"Slavers","floor":25,"turns":5},{"damage":0,"enemies":"Snake Plant","floor":31,"turns":1},{"damage":0,"enemies":"Collector","floor":33,"turns":3},{"damage":30,"enemies":"3 Shapes","floor":35,"turns":4},{"damage":12,"enemies":"3 Darklings","floor":37,"turns":4},{"damage":4,"enemies":"Transient","floor":38,"turns":5},{"damage":4,"enemies":"4 Shapes","floor":39,"turns":3},{"damage":0,"enemies":"Spire Growth","floor":41,"turns":3},{"damage":1,"enemies":"Jaw Worm Horde","floor":46,"turns":5},{"damage":52,"enemies":"Awakened One","floor":50,"turns":8}],"seed_played":"8578388871125241637","potions_obtained":[{"floor":13.0,"key":"Dexterity Potion"},{"floor":18.0,"key":"PowerPotion"},{"floor":21.0,"key":"ColorlessPotion"},{"floor":22.0,"key":"LiquidBronze"},{"floor":25,"key":"Weak Potion"},{"floor":35,"key":"ColorlessPotion"},{"floor":37,"key":"LiquidMemories"},{"floor":39,"key":"CultistPotion"},{"floor":46,"key":"Fruit Juice"}],"is_trial":false,"path_per_floor":["M","M","?","$","M","R","?","R","T","R","M","T","M","?","R","B",null,"M","M","M","M","?","R","?","E","T","R","T","R","$","M","R","B",null,"M","?","M","M","M","R","M","R","T","?","?","M","R","$","R","B",null],"character_chosen":"The_Alterego","items_purchased":["Lee\u0027s Waffle","Centennial Puzzle","alterego_mod:Clones","Mayhem"],"campfire_rested":3,"item_purchase_floors":[48,48,48,48],"current_hp_per_floor":[40,42,35,35,37,37,37,37,37,58,74,74,71,71,71,23,76,77,66,57,33,33,57,41,20,20,44,44,44,44,53,53,55,82,53,53,44,50,56,56,58,58,58,58,58,60,60,94,94,60],"gold":39,"neow_bonus":"ONE_RARE_RELIC","is_daily":false,"chose_seed":false,"campfire_upgraded":9,"win_rate":0.0,"timestamp":1611260027,"path_taken":["M","M","?","$","M","R","?","R","T","R","M","?","?","?","R","BOSS","M","M","?","M","?","R","?","E","T","R","?","R","$","M","R","BOSS","M","?","?","M","M","R","M","R","T","?","?","?","R","$","R","BOSS"],"items_purchased_type":["Relic","Relic","Card","Card"],"build_version":"2020-12-22","purchased_purges":3,"victory":true,"max_hp_per_floor":[71,72,72,72,73,73,73,73,73,73,74,74,75,75,75,76,76,77,78,79,80,81,81,81,82,82,82,82,82,82,82,82,82,82,83,83,84,85,86,86,86,86,86,86,86,87,87,94,94,100],"card_choices":[{"not_picked":["alterego_mod:Cycle","alterego_mod:HighServant"],"picked":"alterego_mod:Undulate","floor":1.0},{"not_picked":["alterego_mod:Bloomers","alterego_mod:Table"],"picked":"alterego_mod:Rip","floor":2.0},{"not_picked":["alterego_mod:BustOut","alterego_mod:Bounce"],"picked":"alterego_mod:TrashNCrash","floor":5.0},{"not_picked":["alterego_mod:Valentines","alterego_mod:Pet","alterego_mod:SuperDuperMasochism"],"picked":"SKIP","floor":11.0},{"not_picked":["alterego_mod:Nekomimi","alterego_mod:MagicResistance"],"picked":"alterego_mod:Undulate","floor":13.0},{"not_picked":["alterego_mod:RingBreak","alterego_mod:Lift"],"picked":"alterego_mod:SideboobHour","floor":16.0},{"not_picked":["alterego_mod:Support+1","alterego_mod:Collar"],"picked":"alterego_mod:Punishment","floor":18.0},{"not_picked":["alterego_mod:GoddessCore","alterego_mod:Birthday"],"picked":"alterego_mod:Undulate","floor":19.0},{"not_picked":["alterego_mod:RocketPunch","alterego_mod:BiFurious"],"picked":"alterego_mod:Belle","floor":20.0},{"not_picked":["alterego_mod:Stockings","alterego_mod:Pet"],"picked":"alterego_mod:Undulate","floor":21.0},{"not_picked":["alterego_mod:Table+1","alterego_mod:1TonWallop"],"picked":"alterego_mod:Punishment","floor":22.0},{"not_picked":["alterego_mod:Palingenesis","alterego_mod:DeftHands"],"picked":"alterego_mod:Support","floor":25},{"not_picked":["alterego_mod:Crossover+1","alterego_mod:1TonWallop+1"],"picked":"alterego_mod:Exercise","floor":31},{"not_picked":["alterego_mod:IdEs","alterego_mod:PainIsPleasure"],"picked":"alterego_mod:STier","floor":33},{"not_picked":[],"picked":"alterego_mod:Cushion","floor":35},{"not_picked":["alterego_mod:PerceptionDisorder"],"picked":"SKIP","floor":37},{"not_picked":[],"picked":"alterego_mod:Mirror","floor":38},{"not_picked":[],"picked":"alterego_mod:PresenceConcealment","floor":39},{"not_picked":["alterego_mod:HighServant"],"picked":"SKIP","floor":41},{"not_picked":[],"picked":"alterego_mod:MagicResistance+1","floor":46}],"player_experience":961008,"relics_obtained":[{"floor":9.0,"key":"Ancient Tea Set"},{"floor":12.0,"key":"Letter Opener"},{"floor":22.0,"key":"CeramicFish"},{"floor":24.0,"key":"Necronomicon"},{"floor":25,"key":"Calipers"},{"floor":26,"key":"Meat on the Bone"},{"floor":28,"key":"Blood Vial"},{"floor":43,"key":"Mummified Hand"}],"event_choices":[{"cards_removed":["alterego_mod:BigMeatyClaws"],"damage_healed":0.0,"max_hp_gain":0.0,"max_hp_loss":0.0,"gold_gain":0.0,"event_name":"Golden Wing","player_choice":"Card Removal","floor":3.0,"gold_loss":0.0,"damage_taken":7.0},{"damage_healed":0.0,"max_hp_gain":0.0,"max_hp_loss":0.0,"gold_gain":0.0,"event_name":"Dead Adventurer","player_choice":"Searched \u00270\u0027 times","floor":7.0,"gold_loss":0.0,"damage_taken":0.0},{"cards_removed":["alterego_mod:Defend"],"damage_healed":0.0,"max_hp_gain":0.0,"max_hp_loss":0.0,"gold_gain":0.0,"event_name":"Bonfire Elementals","player_choice":"Offered Basic","floor":14.0,"gold_loss":0.0,"damage_taken":0.0},{"damage_healed":0.0,"max_hp_gain":0.0,"max_hp_loss":0.0,"gold_gain":0.0,"event_name":"Cursed Tome","player_choice":"Obtained Book","floor":24.0,"gold_loss":0.0,"damage_taken":16.0},{"cards_removed":["alterego_mod:Defend"],"damage_healed":0,"gold_gain":0,"player_choice":"Purged","damage_taken":0,"max_hp_gain":0,"max_hp_loss":0,"event_name":"Purifier","floor":36,"gold_loss":0},{"damage_healed":0,"gold_gain":0,"player_choice":"Ignored","damage_taken":0,"max_hp_gain":0,"max_hp_loss":0,"event_name":"Tomb of Lord Red Mask","floor":44,"gold_loss":0},{"damage_healed":0,"gold_gain":100,"player_choice":"Pray","damage_taken":0,"max_hp_gain":0,"max_hp_loss":0,"event_name":"Golden Shrine","floor":45,"gold_loss":0}],"is_beta":false,"boss_relics":[{"not_picked":["conspire:RunicOctahedron","Black Star"],"picked":"Philosopher\u0027s Stone"},{"not_picked":["conspire:RoyalGoblet","Velvet Choker"],"picked":"Busted Crown"}],"items_purged_floors":[4,30,48],"is_endless":false,"potions_floor_spawned":[13,18,21,22,25,35,37,39,46],"ascension_level":1}}