{"host":"bos5votkudm6su2k","time":1611214329,"event":{"mods":["100% Spire Juice","Act Like it!","AlwaysNeverKeys","Arknights The Spire","BaseMod","Chinese 32Bit Patch","Colored Map","Colored Powertips","DeckTracker","Good Game Mod","Marked Mod","Minty Spire (QoL Compilation)","Quick Restart","StSLib","SuperFastMode","The Invoker Mod","Waifu the Spire"],"gold_per_floor":[113,113,131,0,0,0,16,16,16,16,26,60,60,71,71,168,168,183,98,108,13,13,13],"floor_reached":22,"language":"ZHS","playtime":691,"items_purged":[],"score":276,"play_id":"8ce832d9-e045-41fc-a6ec-ab482886f9bc","local_time":"20210121153209","is_ascension_mode":true,"campfire_choices":[{"data":"Neutralize","floor":6,"key":"SMITH"},{"floor":13,"key":"REST"},{"data":"Caltrops","floor":15,"key":"SMITH"}],"circlet_count":0,"master_deck":["AscendersBane","Strike_G","Strike_G","Strike_G","Strike_G","Strike_G","Defend_G","Defend_G","Defend_G","Defend_G","Survivor","Neutralize+1","Caltrops+1","Slice","Acrobatics","Backstab","Flying Knee","Flying Knee","Regret","Terror","Slice","Prepared","Dodge and Roll","Unload","Dash","Terror+1","Dagger Throw+1","Footwork","Underhanded Strike"],"relics":["Ring of the Serpent","REME:ComplimentaryCards","NeowsBlessing","Matryoshka","The Courier","Bottled Flame","Sundial","Dream Catcher","Prayer Wheel"],"acts_visited":["Exordium","TheCity"],"potions_floor_usage":[12],"damage_taken":[{"damage":0,"enemies":"2 Louse","floor":1,"turns":1},{"damage":0,"enemies":"Cultist","floor":3,"turns":1},{"damage":0,"enemies":"Small Slimes","floor":7,"turns":1},{"damage":3,"enemies":"Looter","floor":11,"turns":3},{"damage":25,"enemies":"Gremlin Nob","floor":12,"turns":4},{"damage":1,"enemies":"3 Louse","floor":14,"turns":2},{"damage":36,"enemies":"Hexaghost","floor":16,"turns":9},{"damage":16,"enemies":"Chosen","floor":18,"turns":5},{"damage":16,"enemies":"2 Thieves","floor":20,"turns":5},{"damage":5,"enemies":"Snake Plant","floor":22,"turns":3}],"seed_played":"2835158543675479323","potions_obtained":[{"floor":1,"key":"Explosive Potion"},{"floor":14,"key":"Energy Potion"},{"floor":16,"key":"Dexterity Potion"}],"is_trial":false,"path_per_floor":["M","?","M","$","$","R","M","?","T","?","M","E","R","M","R","B",null,"M","?","M","$","M"],"character_chosen":"THE_SILENT","items_purchased":["Acrobatics","Backstab","Flying Knee","Footwork","Underhanded Strike"],"campfire_rested":1,"item_purchase_floors":[4,4,4,21,21],"current_hp_per_floor":[63,63,63,63,63,63,63,63,63,56,53,28,49,48,48,12,56,40,40,24,24,19,19],"gold":13,"neow_bonus":"THREE_ENEMY_KILL","is_daily":false,"chose_seed":false,"campfire_upgraded":2,"win_rate":0.0,"timestamp":1611214329,"path_taken":["M","?","?","?","$","R","M","?","T","?","M","E","R","M","R","BOSS","M","?","M","$","M"],"items_purchased_type":["Card","Card","Card","Card","Card"],"build_version":"2020-12-22","purchased_purges":0,"victory":false,"max_hp_per_floor":[70,70,70,70,70,70,70,70,70,70,70,70,70,70,70,70,70,70,70,70,70,70,70],"card_choices":[{"not_picked":["Dodge and Roll","PiercingWail"],"picked":"Caltrops","floor":1},{"not_picked":["Outmaneuver","Sucker Punch"],"picked":"Slice","floor":3},{"not_picked":["Crippling Poison","Infinite Blades"],"picked":"Flying Knee","floor":7},{"not_picked":["Predator","Blade Dance"],"picked":"Terror","floor":11},{"not_picked":["Venomology","Masterful Stab"],"picked":"Slice","floor":12},{"not_picked":["Choke","Acrobatics"],"picked":"Prepared","floor":13},{"not_picked":["Masterful Stab","Skewer"],"picked":"Dodge and Roll","floor":14},{"not_picked":["Grand Finale","Venomology"],"picked":"Unload","floor":16},{"not_picked":["Dodge and Roll","Dagger Spray"],"picked":"Dash","floor":18},{"not_picked":["Dodge and Roll+1","Crippling Poison"],"picked":"Terror+1","floor":20},{"not_picked":["PiercingWail","Backflip"],"picked":"Dagger Throw+1","floor":20}],"player_experience":449372,"relics_obtained":[{"floor":9,"key":"The Courier"},{"floor":9,"key":"Bottled Flame"},{"floor":12,"key":"Dream Catcher"}],"event_choices":[{"cards_removed":["Defend_G"],"damage_healed":0,"gold_gain":0,"player_choice":"Purged","damage_taken":0,"max_hp_gain":0,"max_hp_loss":0,"event_name":"Purifier","floor":2,"gold_loss":0},{"damage_healed":0,"gold_gain":0,"player_choice":"Box","damage_taken":0,"relics_obtained":["Matryoshka"],"max_hp_gain":0,"max_hp_loss":0,"event_name":"Big Fish","floor":8,"gold_loss":0,"cards_obtained":["Regret"]},{"damage_healed":0,"gold_gain":0,"player_choice":"Success","damage_taken":7,"relics_obtained":["Sundial"],"max_hp_gain":0,"max_hp_loss":0,"event_name":"Scrap Ooze","floor":10,"gold_loss":0},{"damage_healed":0,"gold_gain":0,"player_choice":"Obtained Relic","damage_taken":0,"relics_obtained":["Prayer Wheel"],"max_hp_gain":0,"max_hp_loss":0,"event_name":"Addict","floor":19,"gold_loss":85}],"is_beta":false,"boss_relics":[{"not_picked":["Tiny House","Calling Bell"],"picked":"Ring of the Serpent"}],"items_purged_floors":[],"is_endless":false,"potions_floor_spawned":[1,14,16],"killed_by":"Snake Plant","ascension_level":10}}