{"host":"7pdbvbnybm62aded","time":1611222183,"event":{"mods":["BaseMod","Downfall","Minty Spire (QoL Compilation)","READ ME - Guardian Mod","Shop Mod","Spicy Shops","StSLib","The Construct","[IsaacMod]ÒÔÈö¼âËþ","¡¾ÒÅÎï¿¨ÅÆ¡¿REMEMod"],"gold_per_floor":[99,116,132,142,292,311,311030,311030,310830,310840,310853,287511,287593,287732,287750,287750,287796,287837,287874,287874,287935,287935,287935,287935,288035,288108,288152,288229,288275,288317,288444,288444,288344,288372,288372,288436,288436,288476,288476,288476,288513,288513,288560,288560,288860,288867,288898,288925,288925,288997,288745,288745,288937,288959],"floor_reached":55,"language":"ZHS","playtime":2508,"items_purged":["downfall:Icky","champ:Defend","champ:Defend+1","champ:Strike+1"],"score":1945,"play_id":"65a2b6ad-dd61-4e3a-9d26-198ac345ab25","local_time":"20210121174303","is_ascension_mode":false,"campfire_choices":[{"floor":1.0,"key":"RECALL"},{"data":"champ:SteelEdge","floor":9.0,"key":"SMITH"},{"data":"champ:Strike","floor":16.0,"key":"PURGE"},{"data":"champ:Strike","floor":24.0,"key":"PURGE"},{"data":"champ:Defend","floor":33.0,"key":"PURGE"},{"floor":52.0,"key":"DIG"}],"circlet_count":3,"master_deck":["champ:Strike+1","champ:Defend+1","champ:Execute","champ:Taunt+1","champ:SteelEdge+1","champ:DefensiveShout+1","champ:TornadoPunch+1","champ:FanOfKnives","champ:GladiatorForm+1","champ:BerserkersShout+1","champ:TripleStrike+1","Mayhem+1","champ:UltimateStance+1","champ:CheapShot+1","champ:StanceDance+1","champ:FaceSlap+1","champ:FancyFootwork+1","champ:FaceSlap+1","champ:FalseCounter+1","champ:Haymaker+1"],"relics":["champ:ChampionCrown","HushsDoor","REME_ComplimentaryCards","AnarchistCookbook","The Courier","Question Card","downfall:HeartBlessingRed","downfall:HeartBlessingGreen","REME_CardOfGreed","D6","Vajra","Habit","Bag of Preparation","Singing Bowl","Strawberry","UnicornStump","champ:GladiatorsBookOfMartialProwess","Pantograph","Potion Belt","Tiny Chest","Potion Belt","Juzu Bracelet","DeathBook","champ:FightingForDummies","Omamori","HornCleat","Happy Flower","Lantern","InkBottle","Nunchaku","Bronze Scales","Bag of Marbles","REME_HandOfSuture","Regal Pillow","TheBible","SatanicBible","Mercury Hourglass","Dream Catcher","DeadEye","Bottled Lightning","Bottled Flame","Whetstone","Ornamental Fan","BookofShadows","Blood Vial","GnawedLeaf","GuppysHead","Mummified Hand","TheBean","Oddly Smooth Stone","Pen Nib","PokeGo","TuHaoJin","SharpPlug","Darkstone Periapt","Letter Opener","FossilizedHelix","Orichalcum","Incense Burner","Calipers","Eternal Feather","Toxic Egg 2","Boot","construct:BoolHorns","StrikeDummy","Molten Egg 2","HowToJump","REME_PuzzleBoxRelic","Pear","PreservedInsect","Akabeko","MealTicket","Ancient Tea Set","Sundial","CaptainsWheel","construct:FoamFinger","PunchingBag","BookOfRevelations","CeramicFish","Kunai","SalivaCoin","Matryoshka","BelialBook","champ:DefensiveTrainingManual","DoctorsRemote","PillsDrop","Art of War","REME_HourglassOfDeath","Shuriken","Gremlin Horn","Meat on the Bone","REME_ArchaeologicalTools","REME_LimitBreaker","Unceasing Top","Frozen Egg 2","Leech","Thread and Needle","Ginger","Torii","D4","Peace Pipe","WingedGreaves","REME_IWantAll","Bird Faced Urn","Pocketwatch","Du-Vu Doll","GuppysPaw","MoneyPower","Shovel","Prayer Wheel","Girya","Turnip","Ice Cream","Bottled Tornado","Void","TungstenRod","EdensBlessing","Gambling Chip","construct:RocketBooster","StoneCalendar","Lizard Tail","YumHeart","GuppysTail","Dead Branch","BlankCard","White Beast Statue","ForgetMeNow","Black Star","Incubus","GuppysHairball","champ:BerserkersGuideToSlaughter","ChampionBelt","JudasShadow","GuppysCollar","downfall:HeartBlessingBlue","downfall:TeleportStone","Red Mask","downfall:RedIOUUpgrade","Circlet","Membership Card","PrismaticShard"],"acts_visited":["Exordium","TheCity","TheBeyond","TheEnding"],"potions_floor_usage":[53,53,53,53,53,53,53,53],"damage_taken":[{"damage":20.0,"enemies":"Cultist","floor":2.0,"turns":4.0},{"damage":22.0,"enemies":"Small Slimes","floor":3.0,"turns":4.0},{"damage":11.0,"enemies":"Jaw Worm","floor":4.0,"turns":4.0},{"damage":20.0,"enemies":"Red Slaver","floor":6.0,"turns":4.0},{"damage":15.0,"enemies":"Lagavulin","floor":7.0,"turns":3.0},{"damage":0.0,"enemies":"2 Fungi Beasts","floor":10.0,"turns":1.0},{"damage":0.0,"enemies":"Exordium Wildlife","floor":11.0,"turns":1.0},{"damage":5.0,"enemies":"downfall:FleeingMerchant","floor":12.0,"turns":3.0},{"damage":0.0,"enemies":"Blue Slaver","floor":13.0,"turns":2.0},{"damage":0.0,"enemies":"DF_ARCHETYPE_STREAMLINE","floor":14.0,"turns":1.0},{"damage":0.0,"enemies":"Shell Parasite","floor":17.0,"turns":1.0},{"damage":0.0,"enemies":"Snake Plant","floor":18.0,"turns":1.0},{"damage":0.0,"enemies":"Centurion and Healer","floor":19.0,"turns":1.0},{"damage":0.0,"enemies":"Gremlin Leader","floor":21.0,"turns":1.0},{"damage":0.0,"enemies":"Shelled Parasite and Fungi","floor":27.0,"turns":1.0},{"damage":0.0,"enemies":"Hiden Room Battle","floor":28.0,"turns":1.0},{"damage":0.0,"enemies":"Cultist and Chosen","floor":29.0,"turns":1.0},{"damage":0.0,"enemies":"Centurion and Healer","floor":30.0,"turns":1.0},{"damage":0.0,"enemies":"SI_MIRROR_ARCHETYPE","floor":31.0,"turns":1.0},{"damage":0.0,"enemies":"3 Shapes","floor":34.0,"turns":1.0},{"damage":0.0,"enemies":"2 Orb Walkers","floor":36.0,"turns":1.0},{"damage":0.0,"enemies":"Nemesis","floor":38.0,"turns":1.0},{"damage":0.0,"enemies":"Nemesis","floor":41.0,"turns":1.0},{"damage":0.0,"enemies":"Reptomancer","floor":43.0,"turns":1.0},{"damage":0.0,"enemies":"3 Darklings","floor":47.0,"turns":1.0},{"damage":0.0,"enemies":"WA_ARCHETYPE_DIVINITY","floor":48.0,"turns":1.0},{"damage":0.0,"enemies":"downfall:CharBossMerchant","floor":50.0,"turns":1.0},{"damage":46,"enemies":"Delirium","floor":53,"turns":7},{"damage":0,"enemies":"Delirium","floor":54,"turns":2}],"seed_played":"-3533281926112908800","potions_obtained":[{"floor":2.0,"key":"Regen Potion"},{"floor":11.0,"key":"champ:UltimateStancePotion"},{"floor":14.0,"key":"AttackPotion"},{"floor":19.0,"key":"Weak Potion"},{"floor":27.0,"key":"Fire Potion"},{"floor":30.0,"key":"champ:TechniquePotion"},{"floor":31.0,"key":"Dexterity Potion"},{"floor":34.0,"key":"champ:OpenerPotion"},{"floor":47.0,"key":"Dexterity Potion"}],"is_trial":false,"path_per_floor":["R","M","M","M","?","M","E","?","R","M","M","$","M","B",null,"R","M","M","M","?","E","T","?","R","?","T","M","?","M","M","B",null,"R","M","?","?","T","M","T","?","?","?","M","T","?","?","M","B",null,"E","$","R","B","B",null],"character_chosen":"THE_CHAMP","items_purchased":["champ:GladiatorForm","champ:ArenaPreparation","REME_CardOfGreed","D6","Vajra","Habit","Bag of Preparation","Singing Bowl","Strawberry","UnicornStump","champ:GladiatorsBookOfMartialProwess","Pantograph","Potion Belt","Tiny Chest","Diplopia","Ancient Potion","champ:OpenerPotion","Juzu Bracelet","DeathBook","champ:FightingForDummies","Omamori","HornCleat","Toy Ornithopter","Happy Flower","Lantern","InkBottle","Nunchaku","Bronze Scales","Bag of Marbles","REME_HandOfSuture","Regal Pillow","TheBible","SatanicBible","Mercury Hourglass","Dream Catcher","DeadEye","Bottled Lightning","Bottled Flame","Whetstone","Ornamental Fan","BookofShadows","Blood Vial","GnawedLeaf","War Paint","GuppysHead","Mummified Hand","TheBean","Oddly Smooth Stone","Pen Nib","PokeGo","TuHaoJin","SharpPlug","Mango","Darkstone Periapt","Letter Opener","FossilizedHelix","Orichalcum","Incense Burner","Calipers","Eternal Feather","Toxic Egg 2","Boot","construct:BoolHorns","StrikeDummy","Molten Egg 2","HowToJump","REME_PuzzleBoxRelic","Pear","PreservedInsect","Akabeko","MealTicket","Ancient Tea Set","Sundial","CaptainsWheel","construct:FoamFinger","PunchingBag","BookOfRevelations","CeramicFish","Kunai","SalivaCoin","Matryoshka","BelialBook","champ:DefensiveTrainingManual","DoctorsRemote","PillsDrop","Art of War","REME_HourglassOfDeath","Shuriken","Gremlin Horn","Meat on the Bone","REME_ArchaeologicalTools","REME_LimitBreaker","Unceasing Top","Frozen Egg 2","Leech","Thread and Needle","Ginger","Torii","D4","Peace Pipe","WingedGreaves","REME_IWantAll","Bird Faced Urn","Pocketwatch","Du-Vu Doll","GuppysPaw","MoneyPower","Shovel","Prayer Wheel","Girya","Turnip","Ice Cream","Bottled Tornado","Void","TungstenRod","EdensBlessing","Gambling Chip","construct:RocketBooster","StoneCalendar","Lizard Tail","YumHeart","GuppysTail","Damocles","Dead Branch","BlankCard","White Beast Statue","ForgetMeNow","Incubus","GuppysHairball","Mayhem+1","champ:UltimateStance+1","JudasShadow","GuppysCollar","Membership Card","PrismaticShard"],"campfire_rested":0,"item_purchase_floors":[12,12,12,12,12,12,12,12,12,12,12,12,12,12,12,12,12,12,12,12,12,12,12,12,12,12,12,12,12,12,12,12,12,12,12,12,12,12,12,12,12,12,12,12,12,12,12,12,12,12,12,12,12,12,12,12,12,12,12,12,12,12,12,12,12,12,12,12,12,12,12,12,12,12,12,12,12,12,12,12,12,12,12,12,12,12,12,12,12,12,12,12,12,12,12,12,12,12,12,12,12,12,12,12,12,12,12,12,12,12,12,12,12,12,12,12,12,12,12,12,12,12,12,12,12,12,12,15,15,15,15,32,32,51,51],"current_hp_per_floor":[99,99,97,96,96,96,955,955,955,965,965,996,1003,1023,979,979,976,980,984,984,989,989,989,989,989,989,987,989,993,997,999,966,976,978,978,975,975,975,975,975,980,980,982,982,982,979,983,990,990,985,985,985,989,989],"gold":288959,"neow_bonus":"TEN_PERCENT_HP_BONUS","is_daily":false,"chose_seed":false,"campfire_upgraded":1,"win_rate":0.0,"timestamp":1611222183,"path_taken":["R","M","M","?","?","M","T","?","R","M","M","$","M","BOSS","R","M","M","M","?","E","T","?","R","?","?","M","?","M","M","BOSS","R","M","?","?","?","M","T","?","?","?","M","?","?","?","M","BOSS","E","$","R","BOSS","BOSS"],"items_purchased_type":["Card","Card","Relic","Relic","Relic","Relic","Relic","Relic","Relic","Relic","Relic","Relic","Relic","Relic","Relic","Potion","Potion","Relic","Relic","Relic","Relic","Relic","Relic","Relic","Relic","Relic","Relic","Relic","Relic","Relic","Relic","Relic","Relic","Relic","Relic","Relic","Relic","Relic","Relic","Relic","Relic","Relic","Relic","Relic","Relic","Relic","Relic","Relic","Relic","Relic","Relic","Relic","Relic","Relic","Relic","Relic","Relic","Relic","Relic","Relic","Relic","Relic","Relic","Relic","Relic","Relic","Relic","Relic","Relic","Relic","Relic","Relic","Relic","Relic","Relic","Relic","Relic","Relic","Relic","Relic","Relic","Relic","Relic","Relic","Relic","Relic","Relic","Relic","Relic","Relic","Relic","Relic","Relic","Relic","Relic","Relic","Relic","Relic","Relic","Relic","Relic","Relic","Relic","Relic","Relic","Relic","Relic","Relic","Relic","Relic","Relic","Relic","Relic","Card","Relic","Relic","Relic","Relic","Relic","Relic","Relic","Relic","Relic","Relic","Relic","Relic","Relic","Relic","Relic","Card","Card","Relic","Relic","Relic","Relic"],"build_version":"2020-12-22","purchased_purges":4,"victory":true,"max_hp_per_floor":[99,99,99,99,99,99,990,990,990,990,990,1021,1023,1023,979,979,976,980,984,984,989,989,989,989,989,989,987,989,993,997,999,966,976,978,978,975,975,975,975,975,980,980,982,982,982,988,990,990,990,985,985,985,989,989],"card_choices":[{"not_picked":["champ:Shatter","champ:Parry","champ:GutPunch"],"picked":"SKIP","floor":2.0},{"not_picked":["champ:GutPunch","champ:AdrenalArmor","champ:HeartStrike"],"picked":"SKIP","floor":3.0},{"not_picked":["champ:EndlessRage","champ:BladeFlurry"],"picked":"champ:DefensiveShout","floor":4.0},{"not_picked":["Bomb","champ:GladiatorStyle","champ:Endure"],"picked":"SKIP","floor":6.0},{"not_picked":["champ:AdrenalArmor","champ:CalledShot"],"picked":"champ:FaceSlap","floor":7.0},{"not_picked":["champ:PreciseThrust","champ:BringItOn","champ:Circumvent"],"picked":"champ:TornadoPunch","floor":10.0},{"not_picked":["champ:CrownThrow","champ:CalledShot","champ:PerfectedStrike"],"picked":"champ:FanOfKnives","floor":11.0},{"not_picked":["champ:DefensiveShout","champ:CrookedStrike","champ:CrownThrow","champ:GutPunch"],"picked":"SKIP","floor":12.0},{"not_picked":["champ:Circumvent+1","champ:DeathBlow+1","champ:Shatter+1"],"picked":"champ:BerserkersShout+1","floor":13.0},{"not_picked":["champ:EnGarde+1","champ:Shatter+1","champ:EndlessRage+1","champ:Circumvent+1"],"picked":"Singing Bowl","floor":13.0},{"not_picked":["champ:GladiatorForm+1","champ:DancingMaster+1","champ:MurderStrike+1"],"picked":"champ:TripleStrike+1","floor":14.0},{"not_picked":["champ:RecklessLeap+1","champ:Shatter+1","champ:BladeFlurry+1"],"picked":"champ:CheapShot+1","floor":17.0},{"not_picked":["champ:Backstep+1","champ:DeathBlow+1","champ:FalseCounter+1","champ:FanOfKnives+1"],"picked":"Singing Bowl","floor":17.0},{"not_picked":["champ:GladiatorStyle+1","champ:Haymaker+1","champ:ShieldSlam+1","champ:FlashCut+1"],"picked":"Singing Bowl","floor":18.0},{"not_picked":["champ:TornadoPunch+1","champ:PreemptiveStrike+1","champ:EnragedBash+1","champ:RisingSlash+1"],"picked":"Singing Bowl","floor":18.0},{"not_picked":["champ:VampiricStrike+1","champ:BringItOn+1","champ:FocusedBerserking+1","champ:TornadoPunch+1"],"picked":"Singing Bowl","floor":19.0},{"not_picked":["champ:Backstep+1","champ:AdrenalArmor+1","champ:TornadoPunch+1","champ:StanceDance+1"],"picked":"Singing Bowl","floor":19.0},{"not_picked":["champ:PreemptiveStrike+1","champ:FocusedBerserking+1","champ:IronFortress+1"],"picked":"champ:StanceDance+1","floor":21.0},{"not_picked":["champ:IronFortress+1","champ:Endure+1","champ:CalledShot+1","champ:EnragedBash+1"],"picked":"Singing Bowl","floor":27.0},{"not_picked":["champ:HeartStrike+1","champ:GladiatorForm+1","champ:PreciseThrust+1","champ:RisingSlash+1"],"picked":"Singing Bowl","floor":27.0},{"not_picked":["champ:CrownThrow+1","champ:PerfectedStrike+1","champ:Backstep+1","champ:StanceDance+1"],"picked":"Singing Bowl","floor":28.0},{"not_picked":["champ:DeathBlow+1","champ:FalseCounter+1","champ:CrownThrow+1","champ:PerfectedStrike+1"],"picked":"Singing Bowl","floor":29.0},{"not_picked":["champ:BladeFlurry+1","champ:ArenaPreparation+1","champ:Encircle+1","champ:EnragedBash+1"],"picked":"Singing Bowl","floor":29.0},{"not_picked":["champ:Improvising+1","champ:CalledShot+1","champ:HeartStrike+1","champ:TornadoPunch+1"],"picked":"Singing Bowl","floor":30.0},{"not_picked":["champ:ShieldSlam+1","champ:EndlessRage+1","champ:DeathBlow+1","champ:CalledShot+1"],"picked":"Singing Bowl","floor":30.0},{"not_picked":["champ:LastStand+1","champ:MurderStrike+1","champ:VampiricStrike+1","champ:DancingMaster+1"],"picked":"Singing Bowl","floor":31.0},{"not_picked":["champ:Shatter+1","champ:BerserkersShout+1","champ:FlashCut+1","champ:IronFortress+1"],"picked":"Singing Bowl","floor":34.0},{"not_picked":["champ:Backstep+1","champ:PerfectedStrike+1","champ:PreemptiveStrike+1","champ:FaceSlap+1"],"picked":"SKIP","floor":34.0},{"not_picked":["champ:PerfectedStrike+1","champ:FocusedBerserking+1","champ:Shatter+1","champ:Circumvent+1"],"picked":"Singing Bowl","floor":36.0},{"not_picked":["champ:GutPunch+1","champ:DefensiveShout+1","champ:HoldFirm+1","champ:SetATrap+1"],"picked":"SKIP","floor":38.0},{"not_picked":["champ:RisingSlash+1","champ:DefensiveShout+1","champ:HeartStrike+1","champ:EnGarde+1"],"picked":"Singing Bowl","floor":41.0},{"not_picked":["champ:FocusedBerserking+1","champ:ShieldThrow+1","champ:CrookedStrike+1","champ:PreemptiveStrike+1"],"picked":"Singing Bowl","floor":43.0},{"not_picked":["expansioncontent:YouAreMine+1","expansioncontent:AwakenDeath+1","expansioncontent:Chronoboost+1","expansioncontent:PrepareCrush+1"],"picked":"Singing Bowl","floor":46.0},{"not_picked":["expansioncontent:AwakenDeath+1","expansioncontent:HyperBeam+1","expansioncontent:YouAreMine+1","expansioncontent:PolyBeam+1"],"picked":"Singing Bowl","floor":46.0},{"not_picked":["expansioncontent:Chronoboost+1","expansioncontent:AwakenDeath+1","expansioncontent:GuardianWhirl+1","expansioncontent:HyperBeam+1"],"picked":"Singing Bowl","floor":46.0},{"not_picked":["champ:FanOfKnives+1","champ:StanceDance+1","champ:EnGarde+1","champ:BerserkersShout+1"],"picked":"Singing Bowl","floor":47.0},{"not_picked":["champ:PerfectedStrike+1","champ:EndlessRage+1","champ:Endure+1","champ:Haymaker+1"],"picked":"SKIP","floor":47.0},{"not_picked":["champ:FancyFootwork+1","champ:FalseCounter+1","champ:Haymaker+1"],"picked":"champ:FaceSlap+1","floor":50.0},{"not_picked":["champ:RapidStrikes","champ:Encircle","champ:Haymaker"],"picked":"Singing Bowl","floor":53}],"player_experience":699297,"relics_obtained":[{"floor":7.0,"key":"Question Card"},{"floor":21.0,"key":"Circlet"},{"floor":21.0,"key":"Circlet"},{"floor":22.0,"key":"Circlet"},{"floor":22.0,"key":"Circlet"},{"floor":26.0,"key":"Circlet"},{"floor":28.0,"key":"Circlet"},{"floor":28.0,"key":"Circlet"},{"floor":37.0,"key":"Circlet"},{"floor":43.0,"key":"Circlet"},{"floor":43.0,"key":"Circlet"},{"floor":44.0,"key":"Circlet"}],"event_choices":[{"damage_healed":0.0,"max_hp_gain":0.0,"max_hp_loss":0.0,"gold_gain":0.0,"event_name":"HidenRoomEvent","player_choice":"Fight","floor":28.0,"gold_loss":0.0,"damage_taken":0.0},{"cards_removed":["champ:ArenaPreparation"],"damage_healed":0.0,"max_hp_gain":0.0,"max_hp_loss":0.0,"gold_gain":0.0,"event_name":"Falling","player_choice":"Removed Skill","floor":35.0,"gold_loss":0.0,"damage_taken":0.0},{"damage_healed":0.0,"max_hp_gain":0.0,"max_hp_loss":0.0,"gold_gain":0.0,"event_name":"Mysterious Sphere","player_choice":"Fight","floor":36.0,"gold_loss":0.0,"damage_taken":0.0}],"is_beta":false,"boss_relics":[{"not_picked":["SacredBark","REME_DuelDisc"],"picked":"Black Star"},{"not_picked":[]},{"not_picked":["Tiny House","bronze:MakeshiftBattery"],"picked":"ChampionBelt"},{"not_picked":[]}],"items_purged_floors":[12,15,32,51],"is_endless":false,"potions_floor_spawned":[2,3,11,13,14,17,18,19,21,27,28,29,30,31,34,36,38,41,43,47,50],"ascension_level":20}}