{"host":"pcbz64t4k17ey4z1","time":1611266342,"event":{"mods":["2.2 Compatiblity","AchievementEnabler","Act Like it!","Aspiration","BaseMod","Beaked The Cultist","Better Match","Better Third Choice","BetterRewards","Card Forge","Colored Map","Colored Powertips","Conspire","Disable Question Mark Monsters","Fireblade Mod","Friendly Minions","Gensokyo","GifTheSpireLib","Glutton Mod","Googly Eyes","Gremlin Mod","Hermit","Hubris","Infinite Spire","Koishi","Marisa????????","Minty Spire (QoL Compilation)","Permanent Neow","Potionbrewer","Quick Restart","Random Character Button","Rare Cards Sparkle","Relic Filter","Replay The Spire","Robot Space Explorer","Shade Mod","Shop Mod","Spicy Shops","StSLib","Stuff the Spire","SuperFastMode","The Cursed","The Druid","The Gatherer","The Hierophant","The IronCluck","The Jungle","The Marked","The Runesmith","Virulent Crown","Waifu the Spire","Wandering Minibosses","vexMod"],"gold_per_floor":[128,151,179,179,207,268,323,370,370,370,418,466,466,507,507,702,702,730,730,139,139,281,364,432,442,442],"floor_reached":25,"language":"ENG","playtime":1196,"items_purged":[],"score":496,"play_id":"35f849de-ca4c-4d71-b569-5e42504385c5","local_time":"20210121215902","is_ascension_mode":true,"campfire_choices":[{"floor":10,"key":"REST"},{"floor":13,"key":"REST"},{"floor":15,"key":"REST"}],"circlet_count":0,"master_deck":["Glutton:Strike","Glutton:Strike+1","Glutton:Strike","Glutton:Strike","Glutton:Strike","Glutton:Strike","Glutton:Defend","Glutton:Defend","Glutton:Defend","Glutton:Flail","Glutton:Misery+1","Glutton:Rapacity","Glutton:GuardStance","Glutton:FeebleKick","Glutton:Rest","Glutton:Bite","Glutton:Treat","Glutton:Loot","Glutton:Migraine","Glutton:Feast+1","Glutton:LashOut+1","Glutton:Treasure+1","Glutton:Hoard","Glutton:Thrombosis","Glutton:Treasure","Glutton:Tumor+1","Glutton:Delusion+1","Glutton:Revivification","Bite","Bite","Bite","Bite","Bite"],"relics":["Glutton:EternalHunger","Hammer of Thor","Seething Fire","Anvil of the Gods","Strawberry","ClockworkSouvenir","Anchor","Golden Idol","Replay:Rubber Ducky","conspire:Dentures","infinitespire:Lucky Rock","Whetstone","Black Star","hubris:Towel","Replay:Baseball","CaptainsWheel","hubris:SlimyHat","infinitespire:Beetle Shell"],"acts_visited":["Exordium","TheCity"],"potions_floor_usage":[6,6,11,12,14,16],"damage_taken":[{"damage":8,"enemies":"Small Slimes","floor":1,"turns":4},{"damage":12,"enemies":"2 Louse","floor":2,"turns":3},{"damage":22,"enemies":"Jaw Worm","floor":3,"turns":5},{"damage":24,"enemies":"Lots of Slimes","floor":5,"turns":3},{"damage":39,"enemies":"Lagavulin","floor":6,"turns":7},{"damage":7,"enemies":"3 Louse","floor":7,"turns":4},{"damage":11,"enemies":"Large Slime","floor":8,"turns":6},{"damage":22,"enemies":"Exordium Thugs","floor":11,"turns":4},{"damage":37,"enemies":"Gremlin Nob","floor":12,"turns":4},{"damage":11,"enemies":"3 Sentries","floor":14,"turns":4},{"damage":114,"enemies":"The Guardian","floor":16,"turns":8},{"damage":97,"enemies":"2 Thieves","floor":18,"turns":6},{"damage":50,"enemies":"Chosen","floor":22,"turns":7},{"damage":87,"enemies":"Slavers","floor":23,"turns":5},{"damage":26,"enemies":"Gremlin Leader","floor":25,"turns":2}],"seed_played":"-8573308528160282261","potions_obtained":[{"floor":2,"key":"potionbrewer:NoxiousPotion"},{"floor":5,"key":"AttackPotion"},{"floor":6,"key":"potionbrewer:FreezingPotion"},{"floor":8,"key":"ColorlessPotion"},{"floor":12,"key":"potionbrewer:NoxiousPotion"},{"floor":14,"key":"ColorlessPotion"},{"floor":22,"key":"potionbrewer:NoxiousPotion"}],"is_trial":false,"path_per_floor":["M","M","M","?","M","E","M","M","T","R","M","E","R","E","R","B",null,"M","?","$","?","M","E","T","E"],"character_chosen":"GLUTTON","items_purchased":["Strawberry","ClockworkSouvenir","Anchor","Glutton:Misery","Glutton:Rapacity","Glutton:GuardStance","Glutton:FeebleKick","Replay:Baseball","CaptainsWheel","Glutton:Delusion+1","Glutton:Revivification"],"campfire_rested":3,"item_purchase_floors":[0,0,0,0,0,0,0,20,20,20,20],"current_hp_per_floor":[107,105,105,105,91,74,79,88,88,126,116,91,127,123,131,43,111,40,40,40,40,39,8,8,0,0],"gold":442,"neow_bonus":"","is_daily":false,"chose_seed":false,"campfire_upgraded":0,"win_rate":0.0,"timestamp":1611266342,"path_taken":["M","M","M","?","M","E","M","M","T","R","M","E","R","E","R","BOSS","M","?","$","?","M","E","?","E"],"items_purchased_type":["Relic","Relic","Relic","Card","Card","Card","Card","Relic","Relic","Card","Card"],"build_version":"2020-12-22","purchased_purges":0,"victory":false,"max_hp_per_floor":[127,127,127,127,127,127,127,127,127,127,127,127,127,131,131,133,133,133,133,133,93,95,95,95,95,95],"card_choices":[{"not_picked":["Glutton:Devour","Glutton:LashOut"],"picked":"Glutton:Rest","floor":1},{"not_picked":["Glutton:KneeJerk","Glutton:Brace"],"picked":"Glutton:Bite","floor":2},{"not_picked":["Glutton:LashOut","Glutton:Salivate"],"picked":"Glutton:Treat","floor":3},{"not_picked":["Glutton:Torment","Glutton:Profligacy"],"picked":"Glutton:Loot","floor":5},{"not_picked":["Glutton:Treat","Glutton:Yearn"],"picked":"Glutton:Migraine","floor":6},{"not_picked":["Glutton:ObsessiveGreed","Glutton:Yearn"],"picked":"Glutton:Feast","floor":7},{"not_picked":["Glutton:DecrepitStrike","Glutton:Torment"],"picked":"Glutton:LashOut","floor":8},{"not_picked":["Glutton:Chomp","Glutton:Strain"],"picked":"Glutton:Treasure","floor":11},{"not_picked":["Glutton:DistilledAgony","Glutton:Borborygmi"],"picked":"Glutton:Hoard","floor":12},{"not_picked":["Glutton:ShareWeakness","Glutton:Borborygmi"],"picked":"Glutton:Thrombosis","floor":14},{"not_picked":["Glutton:Excrescence","Glutton:Avarice"],"picked":"Glutton:Treasure","floor":16},{"not_picked":["Glutton:GnawingHunger","Glutton:Scab+1"],"picked":"Glutton:Tumor+1","floor":18},{"not_picked":["Glutton:Feast","Glutton:ShareWeakness","Glutton:GnawingHunger"],"picked":"SKIP","floor":22},{"not_picked":["Glutton:Demolish+1","Glutton:Torment","Glutton:Voracity+1"],"picked":"SKIP","floor":23},{"not_picked":["Glutton:Demolish+1","Glutton:Torment","Glutton:Voracity+1"],"picked":"SKIP","floor":23}],"player_experience":3352250,"relics_obtained":[{"floor":6,"key":"Replay:Rubber Ducky"},{"floor":9,"key":"conspire:Dentures"},{"floor":12,"key":"infinitespire:Lucky Rock"},{"floor":14,"key":"Whetstone"},{"floor":23,"key":"hubris:SlimyHat"},{"floor":23,"key":"infinitespire:Beetle Shell"}],"event_choices":[{"damage_healed":0,"gold_gain":0,"player_choice":"Take Wound","damage_taken":0,"relics_obtained":["Golden Idol"],"max_hp_gain":0,"max_hp_loss":0,"event_name":"Golden Idol","floor":4,"gold_loss":0,"cards_obtained":["Injury"]},{"damage_healed":0,"gold_gain":0,"player_choice":"Became a vampire","damage_taken":0,"max_hp_gain":0,"max_hp_loss":40,"event_name":"Vampires","floor":21,"gold_loss":0,"cards_obtained":["Bite","Bite","Bite","Bite","Bite"]}],"is_beta":false,"boss_relics":[{"not_picked":["vexMod:FluxCapacitor","StuffTheSpire:RunicConfusion"],"picked":"Black Star"}],"items_purged_floors":[],"is_endless":false,"potions_floor_spawned":[2,5,6,8,12,14,22],"killed_by":"Gremlin Leader","ascension_level":6}}