{"host":"xc18ixkpjvqrt8st","time":1611269847,"event":{"mods":["Act Like it!","BaseMod","Better Match","Better Third Choice","Conspire","Hallownest","Hermit","Hubris","Infinite Spire","Minty Spire (QoL Compilation)","Replay The Spire","Robot Space Explorer","Shop Mod","Spicy Shops","StSLib","The Animator","The Jungle","The Marked"],"gold_per_floor":[116,116,135,163,163,209,209,252,252,273,277,277],"floor_reached":11,"language":"ENG","playtime":323,"items_purged":[],"score":87,"play_id":"5487b1aa-e0f8-45fe-b583-27fee7cff369","local_time":"20210121165727","is_ascension_mode":true,"campfire_choices":[{"floor":7,"key":"RECALL"}],"circlet_count":0,"master_deck":["animator:Strike_OnePunchMan","animator:Defend_OnePunchMan","animator:Strike","animator:Strike","animator:Strike","animator:Defend","animator:Defend","animator:Defend","animator:Genos","animator:MumenRider","animator:YunYun+1","animator:Entoma+2","animator:Sonic","animator:GuildGirl","animator:SilverFang"],"relics":["animator:LivingPicture","animator:TheMissingPiece","NeowsBlessing","Red Skull","conspire:TopHat","infinitespire:Joker Card"],"acts_visited":["Exordium"],"potions_floor_usage":[8],"damage_taken":[{"damage":0,"enemies":"2 Louse","floor":1,"turns":1},{"damage":0,"enemies":"Cultist","floor":3,"turns":1},{"damage":0,"enemies":"Small Slimes","floor":4,"turns":1},{"damage":15,"enemies":"Gremlin Nob","floor":6,"turns":3},{"damage":23,"enemies":"Lagavulin","floor":8,"turns":6},{"damage":17,"enemies":"Exordium Thugs","floor":10,"turns":3},{"damage":17,"enemies":"3 Sentries","floor":11,"turns":4}],"seed_played":"-8041199879252474487","potions_obtained":[{"floor":3,"key":"ColorlessPotion"}],"is_trial":false,"path_per_floor":["M","?","M","M","?","E","R","E","T","M","E"],"character_chosen":"THE_ANIMATOR","items_purchased":[],"campfire_rested":0,"item_purchase_floors":[],"current_hp_per_floor":[66,66,66,66,66,51,51,28,28,14,0,0],"gold":277,"neow_bonus":"THREE_ENEMY_KILL","is_daily":false,"chose_seed":false,"campfire_upgraded":0,"win_rate":0.0,"timestamp":1611269847,"path_taken":["M","?","M","?","?","E","R","E","T","M","E"],"items_purchased_type":[],"build_version":"2020-12-22","purchased_purges":0,"victory":false,"max_hp_per_floor":[66,66,66,66,66,66,66,66,66,69,71,71],"card_choices":[{"not_picked":["animator:Sebas","animator:Assassin"],"picked":"animator:YunYun","floor":1},{"not_picked":["animator:Verdia","animator:EmiyaShirou"],"picked":"animator:MumenRider","floor":3},{"not_picked":["animator:MumenRider","animator:Demiurge"],"picked":"animator:Entoma","floor":4},{"not_picked":["animator:Saitama","animator:Melzalgald"],"picked":"animator:Sonic","floor":6},{"not_picked":["animator:DolaRiku","animator:IzunaHatsuse"],"picked":"animator:GuildGirl","floor":8},{"not_picked":["animator:ShinjiMatou","animator:Berserker"],"picked":"animator:SilverFang","floor":10}],"player_experience":575849,"relics_obtained":[{"floor":6,"key":"Red Skull"},{"floor":8,"key":"conspire:TopHat"},{"floor":9,"key":"infinitespire:Joker Card"}],"event_choices":[{"damage_healed":0,"gold_gain":0,"player_choice":"Upgraded","damage_taken":0,"max_hp_gain":0,"max_hp_loss":0,"event_name":"Upgrade Shrine","floor":2,"gold_loss":0,"cards_upgraded":["animator:YunYun"]},{"cards_removed":["animator:MumenRider"],"damage_healed":5,"gold_gain":0,"player_choice":"Offered Common","damage_taken":0,"max_hp_gain":0,"max_hp_loss":0,"event_name":"Bonfire Elementals","floor":5,"gold_loss":0},{"cards_removed":["animator:MumenRider"],"damage_healed":5,"gold_gain":0,"player_choice":"Offered Special","damage_taken":0,"max_hp_gain":0,"max_hp_loss":0,"event_name":"Bonfire Elementals","floor":5,"gold_loss":0}],"is_beta":false,"boss_relics":[],"items_purged_floors":[],"is_endless":false,"potions_floor_spawned":[3],"killed_by":"3 Sentries","ascension_level":1}}