{"host":"2lo6hma6kymb0g9i","time":1611196751,"event":{"mods":["BaseMod","Colored Map","DeckTracker","Minty Spire (QoL Compilation)"],"gold_per_floor":[115,190,207,207,4,30,30,48,48,66,84,94,121,38,38,38,38],"floor_reached":16,"language":"JPN","playtime":1037,"items_purged":["Strike_B"],"score":274,"play_id":"11665e2a-6b80-446d-9c24-3150a73f3848","local_time":"20210121113911","is_ascension_mode":true,"campfire_choices":[{"data":"Defragment","floor":7,"key":"SMITH"},{"data":"Reinforced Body","floor":15,"key":"SMITH"}],"circlet_count":0,"master_deck":["AscendersBane","Strike_B","Strike_B","Strike_B","Defend_B","Defend_B","Defend_B","Defend_B","Zap","Dualcast","Defragment+1","Reinforced Body+1","Undo","Chill","Go for the Eyes","Conserve Battery","Machine Learning"],"relics":["Cracked Core","NeowsBlessing","Bird Faced Urn","Membership Card","FossilizedHelix","Prayer Wheel","Bag of Preparation","Anchor"],"acts_visited":["Exordium"],"potions_floor_usage":[13,16,16],"damage_taken":[{"damage":0,"enemies":"Jaw Worm","floor":1,"turns":1},{"damage":0,"enemies":"2 Louse","floor":3,"turns":1},{"damage":0,"enemies":"Gremlin Nob","floor":6,"turns":1},{"damage":0,"enemies":"Small Slimes","floor":8,"turns":4},{"damage":0,"enemies":"2 Fungi Beasts","floor":10,"turns":4},{"damage":0,"enemies":"3 Louse","floor":11,"turns":4},{"damage":0,"enemies":"Blue Slaver","floor":12,"turns":4},{"damage":25,"enemies":"3 Sentries","floor":13,"turns":15},{"damage":33,"enemies":"Slime Boss","floor":16,"turns":9}],"seed_played":"3357171090638620006","potions_obtained":[{"floor":1,"key":"Explosive Potion"},{"floor":6,"key":"Weak Potion"},{"floor":13,"key":"Energy Potion"}],"is_trial":false,"path_per_floor":["M","?","M","?","$","E","R","M","T","M","M","M","E","$","R","B"],"character_chosen":"DEFECT","items_purchased":["Membership Card","Anchor"],"campfire_rested":0,"item_purchase_floors":[5,14],"current_hp_per_floor":[64,53,53,42,42,42,42,44,44,46,48,50,27,27,27,0,0],"gold":38,"neow_bonus":"THREE_ENEMY_KILL","is_daily":false,"chose_seed":false,"campfire_upgraded":2,"win_rate":0.0,"timestamp":1611196751,"path_taken":["M","?","M","?","?","E","R","M","T","?","M","M","E","$","R","BOSS"],"items_purchased_type":["Relic","Relic"],"build_version":"2020-12-22","purchased_purges":1,"victory":false,"max_hp_per_floor":[71,71,71,71,71,71,71,71,71,71,71,71,71,71,71,71,71],"card_choices":[{"not_picked":["Double Energy","Stack"],"picked":"Defragment","floor":1},{"not_picked":["Auto Shields","Redo"],"picked":"Reinforced Body","floor":3},{"not_picked":["Chaos","Double Energy","Redo"],"picked":"SKIP","floor":6},{"not_picked":["Storm","Coolheaded"],"picked":"Undo","floor":8},{"not_picked":["Recycle","Go for the Eyes"],"picked":"Chill","floor":10},{"not_picked":["Ball Lightning","Hologram","White Noise"],"picked":"SKIP","floor":10},{"not_picked":["Ball Lightning","Hologram"],"picked":"Go for the Eyes","floor":11},{"not_picked":["Stack","Rip and Tear","Steam"],"picked":"SKIP","floor":11},{"not_picked":["Stack","Steam"],"picked":"Conserve Battery","floor":12},{"not_picked":["All For One","Static Discharge","Hologram"],"picked":"SKIP","floor":12},{"not_picked":["Hologram","Turbo"],"picked":"Machine Learning","floor":13}],"player_experience":1101364,"relics_obtained":[{"floor":6,"key":"FossilizedHelix"},{"floor":9,"key":"Prayer Wheel"},{"floor":13,"key":"Bag of Preparation"}],"event_choices":[{"damage_healed":0,"gold_gain":75,"player_choice":"Gather Gold","damage_taken":11,"max_hp_gain":0,"max_hp_loss":0,"event_name":"World of Goop","floor":2,"gold_loss":0},{"damage_healed":0,"gold_gain":0,"player_choice":"Success","damage_taken":11,"relics_obtained":["Bird Faced Urn"],"max_hp_gain":0,"max_hp_loss":0,"event_name":"Scrap Ooze","floor":4,"gold_loss":0}],"is_beta":false,"boss_relics":[],"items_purged_floors":[5],"is_endless":false,"potions_floor_spawned":[1,6,12,13],"killed_by":"Slime Boss","ascension_level":20}}