{"host":"r6jigiblrojhp6xe","time":1611269047,"event":{"mods":["AchievementEnabler","BaseMod","DeckTracker","Hermit","Minty Spire (QoL Compilation)","Quick Restart","Rare Cards Sparkle","Relic Stats","StSLib","SuperFastMode","everything is the same but u backflip on backflip"],"gold_per_floor":[369,384,9,184,196,196,196,196,196,196,12,40,51,86,86,185,185,204,124,153,153,153,186,213,213,239,264,3,3,3,66,66,66,66],"floor_reached":33,"language":"KOR","playtime":822,"items_purged":["hermit:Strike_Hermit","Doubt","hermit:Snipe"],"score":384,"play_id":"af5e2e39-1388-4537-a640-23df41bb7f2f","local_time":"20210122074407","is_ascension_mode":true,"campfire_choices":[{"data":"hermit:Headshot","floor":6,"key":"SMITH"},{"data":"hermit:EyeOfTheStorm","floor":8,"key":"SMITH"},{"data":"hermit:Snapshot","floor":10,"key":"SMITH"},{"data":"hermit:WideOpen","floor":15,"key":"SMITH"},{"floor":25,"key":"REST"},{"floor":30,"key":"REST"},{"data":"hermit:Dive","floor":32,"key":"SMITH"}],"circlet_count":0,"master_deck":["hermit:Strike_Hermit+1","hermit:Defend_Hermit+1","hermit:Defend_Hermit+1","hermit:Defend_Hermit+1","hermit:Defend_Hermit+1","hermit:Snapshot+1","hermit:Covet","hermit:Headshot+1","hermit:EyeOfTheStorm+1","hermit:Shortfuse","hermit:WideOpen+1","hermit:ItchyTrigger","hermit:DeadOrAlive","hermit:Dive+1","hermit:Snipe+1","hermit:HighNoon","hermit:Dive+1","Shame"],"relics":["hermit:Momento","PreservedInsect","Potion Belt","hermit:Spyglass","The Courier","OrangePellets","Kunai","InkBottle","Philosopher\u0027s Stone","Anchor","Vajra","Bag of Preparation","Boot","Toy Ornithopter"],"acts_visited":["Exordium","TheCity"],"potions_floor_usage":[14,16,18,24,24,24,33],"damage_taken":[{"damage":0,"enemies":"Small Slimes","floor":1,"turns":3},{"damage":1,"enemies":"Cultist","floor":2,"turns":3},{"damage":1,"enemies":"2 Louse","floor":5,"turns":2},{"damage":5,"enemies":"Gremlin Nob","floor":12,"turns":3},{"damage":0,"enemies":"Large Slime","floor":13,"turns":2},{"damage":12,"enemies":"Lagavulin","floor":14,"turns":5},{"damage":0,"enemies":"Slime Boss","floor":16,"turns":5},{"damage":19,"enemies":"3 Byrds","floor":18,"turns":4},{"damage":1,"enemies":"2 Thieves","floor":20,"turns":3},{"damage":47,"enemies":"Book of Stabbing","floor":23,"turns":5},{"damage":0,"enemies":"Snecko","floor":24,"turns":2},{"damage":0,"enemies":"Centurion and Healer","floor":27,"turns":5},{"damage":0,"enemies":"Gremlin Leader","floor":31,"turns":1},{"damage":20,"enemies":"Collector","floor":33,"turns":7}],"seed_played":"3078636653469338018","potions_obtained":[{"floor":1,"key":"SteroidPotion"},{"floor":5,"key":"Ancient Potion"},{"floor":12,"key":"Explosive Potion"},{"floor":16,"key":"Fruit Juice"},{"floor":23,"key":"DuplicationPotion"},{"floor":27,"key":"GamblersBrew"}],"is_trial":false,"path_per_floor":["M","M","$","?","M","R","?","R","T","R","$","E","M","E","R","B",null,"M","$","M","?","?","E","M","R","T","M","$","?","R","E","R","B"],"character_chosen":"HERMIT","items_purchased":["PreservedInsect","Potion Belt","OrangePellets","DistilledChaos","Bag of Preparation","Block Potion"],"campfire_rested":2,"item_purchase_floors":[3,3,11,11,28,28],"current_hp_per_floor":[68,67,67,67,66,66,66,66,66,66,66,61,61,49,49,49,68,49,49,48,48,48,1,6,27,27,27,27,27,48,48,48,33,33],"gold":66,"neow_bonus":"TWO_FIFTY_GOLD","is_daily":false,"chose_seed":false,"campfire_upgraded":5,"win_rate":0.0,"timestamp":1611269047,"path_taken":["M","M","$","?","M","R","?","R","T","R","$","E","?","E","R","BOSS","M","$","M","?","?","E","M","R","T","M","$","?","R","E","R","BOSS"],"items_purchased_type":["Relic","Relic","Relic","Potion","Relic","Potion"],"build_version":"2020-12-22","purchased_purges":3,"victory":false,"max_hp_per_floor":[68,68,68,68,68,68,68,68,68,68,68,68,68,68,68,68,68,68,68,68,68,68,68,73,73,73,73,73,73,73,73,73,73,73],"relic_stats":{"OrangePellets":[1],"counters":[14,50],"PreservedInsect":136,"Bag of Preparation":[4],"Kunai":[18],"Boot":[1],"obtain_stats":[{"Potion Belt":3,"Vajra":26,"PreservedInsect":3,"The Courier":9,"Bag of Preparation":28,"Boot":29,"OrangePellets":11,"Anchor":23,"Philosopher\u0027s Stone":17,"Kunai":12,"hermit:Momento":0,"hermit:Spyglass":7,"InkBottle":14,"Toy Ornithopter":31},{"Potion Belt":2,"Vajra":11,"PreservedInsect":2,"The Courier":3,"Bag of Preparation":12,"Boot":12,"OrangePellets":3,"Anchor":10,"Philosopher\u0027s Stone":7,"Kunai":4,"hermit:Momento":0,"hermit:Spyglass":3,"InkBottle":6,"Toy Ornithopter":13},{"Potion Belt":6,"Vajra":37,"PreservedInsect":6,"The Courier":8,"Bag of Preparation":42,"Boot":42,"OrangePellets":8,"Anchor":35,"Philosopher\u0027s Stone":23,"Kunai":11,"hermit:Momento":0,"hermit:Spyglass":8,"InkBottle":18,"Toy Ornithopter":43}],"InkBottle":[11],"Toy Ornithopter":5},"card_choices":[{"not_picked":["hermit:NoHoldsBarred","hermit:Snipe"],"picked":"hermit:Headshot","floor":1},{"not_picked":["hermit:Glare","hermit:Combo"],"picked":"hermit:EyeOfTheStorm","floor":2},{"not_picked":["hermit:HoleUp","hermit:Malice"],"picked":"hermit:Deadeye","floor":5},{"not_picked":["hermit:Vantage","hermit:Dissolve"],"picked":"hermit:Shortfuse","floor":12},{"not_picked":["hermit:SprayPray","hermit:Glare"],"picked":"hermit:WideOpen","floor":13},{"not_picked":["hermit:Purgatory","hermit:TrackingShot"],"picked":"hermit:ItchyTrigger","floor":14},{"not_picked":["hermit:FatalDesire","hermit:Roughhouse"],"picked":"hermit:DeadOrAlive","floor":16},{"not_picked":["hermit:LoneWolf+1","hermit:HoleUp"],"picked":"hermit:Dive","floor":18},{"not_picked":["hermit:Roulette","hermit:CalledShot"],"picked":"hermit:Snipe+1","floor":20},{"not_picked":["hermit:WideOpen+1","hermit:BodyArmor","hermit:DeadOrAlive"],"picked":"SKIP","floor":23},{"not_picked":["hermit:BodyArmor","hermit:Grudge","hermit:LowProfile"],"picked":"SKIP","floor":24},{"not_picked":["hermit:SprayPray","hermit:GoldenBullet+1"],"picked":"hermit:Dive+1","floor":27},{"not_picked":["hermit:FullyLoaded","hermit:Dissolve","hermit:TrackingShot"],"picked":"SKIP","floor":31}],"player_experience":575789,"relics_obtained":[{"floor":9,"key":"The Courier"},{"floor":12,"key":"Kunai"},{"floor":14,"key":"InkBottle"},{"floor":23,"key":"Anchor"},{"floor":26,"key":"Vajra"},{"floor":31,"key":"Toy Ornithopter"}],"event_choices":[{"damage_healed":0,"gold_gain":175,"player_choice":"AGREE","damage_taken":0,"max_hp_gain":0,"max_hp_loss":0,"event_name":"Liars Game","floor":4,"gold_loss":0,"cards_obtained":["Doubt"]},{"cards_removed":["hermit:Deadeye"],"damage_healed":0,"gold_gain":0,"player_choice":"Gave Card","damage_taken":0,"relics_obtained":["hermit:Spyglass"],"max_hp_gain":0,"max_hp_loss":0,"event_name":"WeMeetAgain","floor":7,"gold_loss":0},{"damage_healed":0,"gold_gain":0,"cards_transformed":["hermit:Strike_Hermit","hermit:Strike_Hermit"],"player_choice":"Became Test Subject","damage_taken":0,"max_hp_gain":0,"max_hp_loss":0,"event_name":"Drug Dealer","floor":21,"gold_loss":0,"cards_obtained":["hermit:HighNoon","hermit:Snipe"]},{"damage_healed":0,"gold_gain":0,"player_choice":"Simplicity","damage_taken":0,"max_hp_gain":0,"max_hp_loss":0,"event_name":"Back to Basics","floor":22,"gold_loss":0,"cards_upgraded":["hermit:Strike_Hermit","hermit:Defend_Hermit","hermit:Defend_Hermit","hermit:Defend_Hermit","hermit:Defend_Hermit"]},{"damage_healed":0,"gold_gain":0,"player_choice":"Stole Relic","damage_taken":0,"relics_obtained":["Boot"],"max_hp_gain":0,"max_hp_loss":0,"event_name":"Addict","floor":29,"gold_loss":0,"cards_obtained":["Shame"]}],"is_beta":false,"boss_relics":[{"not_picked":["Velvet Choker","Busted Crown"],"picked":"Philosopher\u0027s Stone"}],"items_purged_floors":[3,19,28],"is_endless":false,"potions_floor_spawned":[1,5,12,16,23,27],"killed_by":"Collector","ascension_level":1}}