{"host":"54vghy6hfkyy1r39","time":1611222458,"event":{"mods":["AchievementEnabler","BaseMod","Minty Spire (QoL Compilation)","StSLib","SuperFastMode","everything is the same but u backflip on backflip"],"gold_per_floor":[211,62,79,32,32,32,32,32,32,56,80,5,36,61,61,61,61],"floor_reached":16,"language":"KOR","playtime":213,"items_purged":["Strike_G"],"score":98,"play_id":"d7f81b23-d920-4fa0-b48a-77f7f4a2731b","local_time":"20210121184738","is_ascension_mode":false,"campfire_choices":[{"data":"Poisoned Stab","floor":6.0,"key":"SMITH"},{"floor":15.0,"key":"REST"}],"circlet_count":0,"master_deck":["Strike_G+1","Strike_G","Strike_G","Strike_G","Defend_G","Defend_G","Defend_G","Defend_G+1","Defend_G","Survivor","Neutralize","Backstab","Adrenaline","Poisoned Stab+1","Deadly Poison","Acrobatics","Reflex"],"relics":["Ring of the Snake","Golden Idol","Blue Candle","Oddly Smooth Stone","Toy Ornithopter"],"acts_visited":["Exordium"],"potions_floor_usage":[],"damage_taken":[{"damage":10.0,"enemies":"Cultist","floor":1.0,"turns":4.0},{"damage":0.0,"enemies":"2 Louse","floor":3.0,"turns":2.0},{"damage":0.0,"enemies":"Small Slimes","floor":11.0,"turns":2.0},{"damage":20.0,"enemies":"Gremlin Nob","floor":13.0,"turns":4.0},{"damage":3.0,"enemies":"Blue Slaver","floor":14.0,"turns":3.0},{"damage":0,"enemies":"Slime Boss","floor":16,"turns":1}],"seed_played":"2029459866071979260","potions_obtained":[{"floor":11.0,"key":"DuplicationPotion"},{"floor":14.0,"key":"ColorlessPotion"}],"is_trial":false,"path_per_floor":["M","$","M","$","?","R","?","$","T","T","M","$","E","M","R","B"],"character_chosen":"THE_SILENT","items_purchased":["Adrenaline","Deadly Poison"],"campfire_rested":1,"item_purchase_floors":[2,4],"current_hp_per_floor":[60,60,60,60,46,46,29,29,29,29,29,29,9,6,27,27,27],"gold":61,"neow_bonus":"HUNDRED_GOLD","is_daily":false,"chose_seed":false,"campfire_upgraded":1,"win_rate":0.0,"timestamp":1611222458,"path_taken":["M","$","M","?","?","R","?","$","T","?","M","?","E","?","R","BOSS"],"items_purchased_type":["Card","Card"],"build_version":"2020-12-22","purchased_purges":1,"victory":false,"max_hp_per_floor":[70,70,70,70,70,70,70,70,70,70,70,70,70,70,70,70,70],"card_choices":[{"not_picked":["Underhanded Strike","Cloak And Dagger"],"picked":"Backstab","floor":1.0},{"not_picked":["Sucker Punch","Flying Knee"],"picked":"Poisoned Stab","floor":3.0},{"not_picked":["Deflect","Endless Agony","Expertise"],"picked":"SKIP","floor":11.0},{"not_picked":["Leg Sweep","Dagger Spray"],"picked":"Acrobatics","floor":13.0},{"not_picked":["Die Die Die","Distraction"],"picked":"Reflex","floor":14.0}],"player_experience":205326,"relics_obtained":[{"floor":9.0,"key":"Blue Candle"},{"floor":10.0,"key":"Oddly Smooth Stone"},{"floor":13.0,"key":"Toy Ornithopter"}],"event_choices":[{"damage_healed":0.0,"max_hp_gain":0.0,"max_hp_loss":0.0,"gold_gain":0.0,"event_name":"Shining Light","player_choice":"Entered Light","floor":5.0,"gold_loss":0.0,"damage_taken":14.0,"cards_upgraded":["Strike_G","Defend_G"]},{"damage_healed":0.0,"max_hp_gain":0.0,"max_hp_loss":0.0,"gold_gain":0.0,"event_name":"Golden Idol","player_choice":"Take Damage","floor":7.0,"gold_loss":0.0,"damage_taken":17.0,"relics_obtained":["Golden Idol"]}],"is_beta":false,"boss_relics":[],"items_purged_floors":[12],"is_endless":false,"potions_floor_spawned":[11,14],"killed_by":"Slime Boss","ascension_level":0}}