{"host":"7xu95vgv3ii4fnvo","time":1611198877,"event":{"mods":["100% Spire Juice","ATMod(°¢èªMod)","BaseMod","Challenge The Spire","Colored Powertips","Dota2Spire","HololiveMod","Minty Spire (QoL Compilation)","MostiFishMod","Quick Restart","Relic Stats","Replay The Spire","Spicy Shops","StSLib","The Invoker Mod","¡¾ÒÅÎï¿¨ÅÆ¡¿REMEMod"],"gold_per_floor":[80,96,96,113,24,54,79,107,107,134,134,134],"floor_reached":11,"language":"ZHS","playtime":1732,"items_purged":["Amnesia"],"score":352,"play_id":"68463905-dc2c-4504-a303-7cedfac8fbd9","local_time":"20210121111437","daily_mods":["Draft","Heirloom","Flight","DeadlyEvents","Elite Swarm"],"is_ascension_mode":true,"campfire_choices":[],"circlet_count":0,"master_deck":["AscendersBane","Hololive_CallTokinoSora","AT_DarkMatter","Hololive_CallAmaneKanata","Hololive_CallDoris","Hololive_CallNakiriAyame","Hololive_StrengthChampion","Hololive_SoulCatcher","Hololive_CallShishiroBotan","Hololive_CallTokoyamiTowa","Hololive_StrengthChampion","Hololive_CallRosalyn","Hololive_StrengthChampion","Hololive_CallInugamiKorone","Hololive_LuckPotion","Hololive_FlyingPonyTail","Hololive_CallMoonaHoshinova","Hololive_HighAtkLowDef","Hololive_CocoNews","Hololive_CallShiranuiFlare","Hololive_CallMomosuzuNene+4","Hololive_MaximGun","Hololive_Thief","Hololive_DDD","Hololive_Rebirth"],"relics":["Hololive_TheStar","replay:Trail_Library","REME_ComplimentaryCards","AT_ATBox","DaveBox","Nloth\u0027s Gift","Girya","SynthV:TestCard","ReplayTheSpireMod:CursedCoin","ChiLing","Chi","Ling","Pear"],"acts_visited":["Exordium"],"potions_floor_usage":[],"damage_taken":[{"damage":0,"enemies":"Jaw Worm","floor":1,"turns":2},{"damage":0,"enemies":"Small Slimes","floor":2,"turns":3},{"damage":0,"enemies":"Cultist","floor":4,"turns":3},{"damage":4,"enemies":"Replay:BlueRogue","floor":6,"turns":6},{"damage":0,"enemies":"Gremlin Nob","floor":7,"turns":4},{"damage":1,"enemies":"Replay:BlueRogue","floor":8,"turns":6},{"damage":31,"enemies":"Lagavulin","floor":10,"turns":6},{"damage":1,"enemies":"Gremlin Nob","floor":11,"turns":1}],"seed_played":"1851033099985346259","potions_obtained":[{"floor":4,"key":"Fruit Juice"},{"floor":6,"key":"Fire Potion"}],"is_trial":true,"path_per_floor":["M","M","WH","M","$","E","E","E","T","E","E"],"character_chosen":"Hololive_HololiveCharacter","items_purchased":["ReplayTheSpireMod:CursedCoin","ChiLing"],"campfire_rested":0,"item_purchase_floors":[5,5],"current_hp_per_floor":[27,27,27,27,27,23,23,22,32,1,0,0],"gold":134,"neow_bonus":"","is_daily":false,"chose_seed":false,"campfire_upgraded":0,"win_rate":0.0,"timestamp":1611198877,"path_taken":["M","M","WH","M","$","E","E","E","T","E","E"],"items_purchased_type":["Relic","Relic"],"build_version":"2020-12-22","purchased_purges":1,"victory":false,"max_hp_per_floor":[30,30,30,30,30,30,30,30,40,40,40,40],"relic_stats":{"counters":[8,30],"Nloth\u0027s Gift":5,"obtain_stats":[{"Girya":0,"AT_ATBox":0,"Pear":9,"DaveBox":0,"ReplayTheSpireMod:CursedCoin":5,"Chi":5,"Ling":5,"SynthV:TestCard":1,"Hololive_TheStar":0,"Nloth\u0027s Gift":0,"replay:Trail_Library":0,"REME_ComplimentaryCards":0,"ChiLing":5},{"Girya":0,"AT_ATBox":0,"Pear":6,"DaveBox":0,"ReplayTheSpireMod:CursedCoin":3,"Chi":3,"Ling":3,"SynthV:TestCard":1,"Hololive_TheStar":0,"Nloth\u0027s Gift":0,"replay:Trail_Library":0,"REME_ComplimentaryCards":0,"ChiLing":3},{"Girya":0,"AT_ATBox":0,"Pear":24,"DaveBox":0,"ReplayTheSpireMod:CursedCoin":8,"Chi":8,"Ling":8,"SynthV:TestCard":2,"Hololive_TheStar":0,"Nloth\u0027s Gift":0,"replay:Trail_Library":0,"REME_ComplimentaryCards":0,"ChiLing":8}]},"card_choices":[{"not_picked":["Hololive_Drill","Hololive_IdolExercise"],"picked":"Hololive_CallAmaneKanata","floor":0},{"not_picked":["Hololive_Rebound","Hololive_CallHoshimachiSuisei"],"picked":"Hololive_CallDoris","floor":0},{"not_picked":["Hololive_SummonFox","Hololive_RevenueBasedLive"],"picked":"Hololive_CallNakiriAyame","floor":0},{"not_picked":["Hololive_HuntDinosaur","Hololive_Trident"],"picked":"Hololive_StrengthChampion","floor":0},{"not_picked":["Hololive_OvertimeWork","Hololive_HuntDinosaur"],"picked":"Hololive_SoulCatcher","floor":0},{"not_picked":["Hololive_CallAiraniIofifteen","Hololive_DiamondStrike"],"picked":"Hololive_CallShishiroBotan","floor":0},{"not_picked":["Hololive_CallAmaneKanata","Hololive_FlyingPonyTail"],"picked":"Hololive_CallTokoyamiTowa","floor":0},{"not_picked":["Hololive_Breathe","Hololive_RevenueBasedLive"],"picked":"Hololive_StrengthChampion","floor":0},{"not_picked":["Hololive_Psychosis","Hololive_Breathe"],"picked":"Hololive_CallRosalyn","floor":0},{"not_picked":["Hololive_OvertimeWork","Hololive_Drill"],"picked":"Hololive_StrengthChampion","floor":0},{"not_picked":["Hololive_CallHimemoriLuna","Hololive_Breathe"],"picked":"Hololive_CallInugamiKorone","floor":0},{"not_picked":["Hololive_CallShishiroBotan","Hololive_CallRosalyn"],"picked":"Hololive_LuckPotion","floor":0},{"not_picked":["Hololive_Drill","Hololive_Breathe"],"picked":"Hololive_FlyingPonyTail","floor":0},{"not_picked":["Hololive_Trident","Hololive_Rebound"],"picked":"Hololive_CallMoonaHoshinova","floor":0},{"not_picked":["Hololive_OpenUp","Hololive_HuntDinosaur"],"picked":"Hololive_HighAtkLowDef","floor":0},{"not_picked":["Hololive_OvertimeWork","Hololive_Teleport","Hololive_FlyingPonyTail"],"picked":"Hololive_CocoNews","floor":1},{"not_picked":["Hololive_CallAmaneKanata","Hololive_Sequa","Hololive_Rebound","Hololive_StrengthChampion","Hololive_OvertimeWork"],"picked":"Hololive_CallShiranuiFlare","floor":2},{"not_picked":["Hololive_ScarfAndHalo","Hololive_CallUsadaPekora","Hololive_Teleport","Hololive_Drill","Hololive_CallHoushouMarine"],"picked":"Hololive_CallMomosuzuNene","floor":4},{"not_picked":["Hololive_WolfAndLamb","Hololive_DiamondStrike","Hololive_HighAtkLowDef","Hololive_ASMR","Hololive_StarCraft"],"picked":"Hololive_MaximGun","floor":6},{"not_picked":["Hololive_ASMR","Hololive_BeCareful","Hololive_Recruit","Hololive_StarCraft","Hololive_Nanodesu"],"picked":"Hololive_Thief","floor":7},{"not_picked":["Hololive_Nanodesu","Hololive_HighAtkLowDef","Hololive_Recruit","Hololive_BeCareful","Hololive_OpenUp"],"picked":"Hololive_DDD","floor":8},{"not_picked":["Hololive_MaximGun","Hololive_Thief","Hololive_Nanodesu","Hololive_DDD","Hololive_DurableLive"],"picked":"Hololive_Rebirth","floor":10}],"player_experience":105056,"relics_obtained":[{"floor":1,"key":"SynthV:TestCard"},{"floor":9,"key":"Pear"}],"event_choices":[],"is_beta":false,"boss_relics":[],"items_purged_floors":[5],"is_endless":true,"potions_floor_spawned":[4,6],"killed_by":"Gremlin Nob","ascension_level":20}}