{"host":"yv7ijgyl7mqt7c0r","time":1611191812,"event":{"mods":["100% Spire Juice","2.2 Compatiblity","Act Like it!","Aspiration","BaseMod","Bestiary","Better Note","Better Skull","CapriCore","Conspire","DeckTracker","Elementarium","Energized Spire","Friendly Minions","Gensokyo","GifTheSpireLib","Hallownest","KinomotoSakuraMod(????)","Mari Mod (Legacy)","Mari\u0027s V1 Patch","Marisa????????","Menagerie","Minty Spire (QoL Compilation)","Prisma Mod","Random Character Button","Reimu??????","Remilia_Scarlet Moed?????·?????3.3.5","StSLib","Stuff the Spire","The Alterego","The Bug Knight","The Factory","The Jungle","The Senshi","The Servant 0.9.4","TheVelvet","Wandering Minibosses","Yakumo Yukari mod","Yuyuko"],"gold_per_floor":[109,1,1,20,38,38,54,88,88,88,88,73,84,44,44,149,149,164,164,164,174,89,114,75,75,101,112,8,8,39,54,54,153,33,53,143,143,0,0,0,0,15,38,38,55,69,69,88,88,88],"floor_reached":51,"language":"ENG","playtime":5678,"items_purged":[],"score":766,"play_id":"51e0f84c-bcff-4a6c-85a8-3cccd72de5c6","local_time":"20210120191652","is_ascension_mode":false,"campfire_choices":[{"data":"Moonworks:RagingMadness","floor":6.0,"key":"SMITH"},{"data":"Moonworks:CompletionReward","floor":11.0,"key":"SMITH"},{"floor":15,"key":"REST"},{"data":"RemiliaMod:CYMZW","floor":25,"key":"SMITH"},{"floor":32,"key":"REST"},{"data":"StuffTheSpire:BrainWave","floor":40,"key":"SMITH"},{"data":"Moonworks:AnotherUltimateWeapon","floor":41,"key":"SMITH"},{"data":"Madness","floor":44,"key":"SMITH"},{"data":"Moonworks:AwakeningOfTalent","floor":47,"key":"SMITH"},{"floor":49,"key":"REST"}],"circlet_count":0,"master_deck":["Moonworks:Strike","Moonworks:Strike","Moonworks:Strike","Moonworks:Strike","Moonworks:Defend","Moonworks:Defend","Moonworks:Defend+1","Moonworks:Defend","Moonworks:Ambush","Moonworks:LongDistanceShot","Moonworks:BindingChains","Moonworks:RagingMadness+1","Moonworks:CookingTime+1","Moonworks:CompletionReward+1","Moonworks:TacticalRetreat","Moonworks:LulusLuckyEgg","Moonworks:ImOnFire","RemiliaMod:CYMZW+1","Moonworks:BindingChains","Moonworks:SakisCookie","Moonworks:AnotherUltimateWeapon+1","Moonworks:ImOnFire","Moonworks:NicePresent+1","Regret","Moonworks:RocketCannon","Moonworks:DeployBits","Moonworks:EvilSpyWorkPreparation","Moonworks:SakisCookie+1","Moonworks:ForcedRevival","Moonworks:BigBangBell","Moonworks:SinkOrSwim","Moonworks:AwakeningOfTalent+1","Moonworks:IndiscriminateFireSupport","Madness+1","StuffTheSpire:BrainWave+1","Moonworks:Poppoformation+1","Moonworks:SakisCookie+1","Moonworks:ExtendedPhotonRifle+1","Moonworks:IntelligenceOfficer+1"],"relics":["Moonworks:Homemark","Tea:ReiMu","PaintedHorse:ReiMu","energizedSpire:MagnifyingGlass","aspiration:HiddenCompartment","Omamori","WingedGreaves","StuffTheSpire:Tea","conspire:SlowCooker","wanderingMiniBosses:ThiefScarf","Moonworks:BrokenBomb","Lantern","Red Mask","aspiration:Lifesprig"],"acts_visited":["Exordium","TheCity","TheBeyond"],"potions_floor_usage":[24,24,33,36],"damage_taken":[{"damage":6.0,"enemies":"2 Louse","floor":1.0,"turns":3.0},{"damage":0.0,"enemies":"Jaw Worm","floor":4.0,"turns":4.0},{"damage":0.0,"enemies":"Small Slimes","floor":5.0,"turns":5.0},{"damage":5.0,"enemies":"3 Louse","floor":7.0,"turns":5.0},{"damage":22.0,"enemies":"3 Sentries","floor":8.0,"turns":8.0},{"damage":31.0,"enemies":"Exordium Wildlife","floor":12.0,"turns":6.0},{"damage":0,"enemies":"Blue Slaver","floor":13,"turns":4},{"damage":0,"enemies":"Slime Boss","floor":16,"turns":6},{"damage":0,"enemies":"Shell Parasite","floor":18,"turns":3},{"damage":0,"enemies":"conspire:FuzzyDice","floor":21,"turns":3},{"damage":14,"enemies":"Book of Stabbing","floor":23,"turns":3},{"damage":32,"enemies":"Snake Plant","floor":24,"turns":8},{"damage":17,"enemies":"conspire:HollyBat","floor":27,"turns":9},{"damage":0,"enemies":"Centurion and Healer","floor":28,"turns":4},{"damage":27,"enemies":"Slavers","floor":30,"turns":3},{"damage":5,"enemies":"Snecko","floor":31,"turns":3},{"damage":43,"enemies":"Collector","floor":33,"turns":9},{"damage":20,"enemies":"3 Darklings","floor":35,"turns":3},{"damage":44,"enemies":"Orb Walker","floor":36,"turns":6},{"damage":0,"enemies":"Jaw Worm Horde","floor":42,"turns":3},{"damage":6,"enemies":"4 Shapes","floor":45,"turns":3},{"damage":7,"enemies":"3 Darklings","floor":46,"turns":3},{"damage":11,"enemies":"Sphere and 2 Shapes","floor":48,"turns":3},{"damage":46,"enemies":"Time Eater","floor":50,"turns":3}],"seed_played":"-1548472539195036321","potions_obtained":[{"floor":8.0,"key":"SkillPotion"},{"floor":12,"key":"Block Potion"},{"floor":16,"key":"BlessingOfTheForge"},{"floor":28,"key":"Ancient Potion"},{"floor":30,"key":"Ancient Potion"},{"floor":33,"key":"Energy Potion"},{"floor":36,"key":"FairyPotion"},{"floor":42,"key":"FairyPotion"}],"is_trial":false,"path_per_floor":["M","$","?","M","M","R","M","E","T","?","R","M","M","?","R","B",null,"M","?","?","M","?","E","M","R","T","M","M","?","E","M","R","B",null,"M","M","?","?","?","R","R","M","T","R","M","M","R","M","R","B",null],"character_chosen":"THE_STARBREAKER","items_purchased":["Moonworks:RagingMadness","Moonworks:CookingTime"],"campfire_rested":3,"item_purchase_floors":[2,2],"current_hp_per_floor":[60,60,47,52,57,57,57,40,40,45,45,19,24,24,66,71,71,71,71,71,71,71,64,40,40,40,31,39,39,23,23,44,9,71,54,26,26,26,26,45,64,64,64,64,58,59,59,48,64,27],"gold":88,"neow_bonus":"TEN_PERCENT_HP_BONUS","is_daily":false,"chose_seed":false,"campfire_upgraded":7,"win_rate":0.0,"timestamp":1611191812,"path_taken":["M","$","?","M","M","R","M","E","T","?","R","M","M","?","R","BOSS","M","?","?","M","?","E","?","R","T","M","M","?","E","M","R","BOSS","M","M","?","?","?","R","R","M","T","R","M","M","R","?","R","BOSS"],"items_purchased_type":["Card","Card"],"build_version":"2020-12-22","purchased_purges":0,"victory":true,"max_hp_per_floor":[66,66,66,66,66,66,66,66,66,71,71,71,71,71,71,71,71,71,71,71,71,71,71,71,71,71,71,71,71,71,71,71,71,71,71,71,71,71,64,64,64,64,64,64,64,64,64,64,64,64],"card_choices":[{"not_picked":["Moonworks:ImOnFire","Moonworks:EvilSpyWorkPreparation"],"picked":"Moonworks:BindingChains","floor":1.0},{"not_picked":["Moonworks:Dinner","Moonworks:ImmovableObject"],"picked":"Moonworks:CompletionReward","floor":4.0},{"not_picked":["Moonworks:ReproductionOfRecords","Moonworks:BindingChains"],"picked":"Moonworks:TacticalRetreat","floor":5.0},{"not_picked":["Moonworks:IndiscriminateFireSupport","Moonworks:BindingChains"],"picked":"Moonworks:LulusLuckyEgg","floor":7.0},{"not_picked":["Moonworks:TreasureThief","Moonworks:BindingChains"],"picked":"Moonworks:ImOnFire","floor":8.0},{"not_picked":["Moonworks:IndiscriminateFireSupport","Moonworks:NicePresent"],"picked":"Moonworks:BindingChains","floor":12},{"not_picked":["Moonworks:BackdoorTrade","Moonworks:RedAndBlue"],"picked":"Moonworks:SakisCookie","floor":13},{"not_picked":["Moonworks:ShieldCounter","Moonworks:ReflectiveShell"],"picked":"Moonworks:AnotherUltimateWeapon","floor":16},{"not_picked":["Moonworks:MixPhenomenon","Moonworks:Dash"],"picked":"Moonworks:ImOnFire","floor":18},{"not_picked":["Moonworks:BindingChains","Moonworks:Assault"],"picked":"Moonworks:NicePresent+1","floor":21},{"not_picked":["Moonworks:BackdoorTrade","Moonworks:RagingMadness"],"picked":"Moonworks:RocketCannon","floor":23},{"not_picked":["Moonworks:ImOnFire","Moonworks:BeyondHell+1"],"picked":"Moonworks:DeployBits","floor":24},{"not_picked":["Moonworks:JonathanRush","Moonworks:SakisCookie+1"],"picked":"Moonworks:EvilSpyWorkPreparation","floor":27},{"not_picked":["Moonworks:Assault+1","Moonworks:BeyondHell+1"],"picked":"Moonworks:SakisCookie+1","floor":28},{"not_picked":["Moonworks:PlushieMaster","Moonworks:IndiscriminateFireSupport"],"picked":"Moonworks:ForcedRevival","floor":30},{"not_picked":["Moonworks:Assault","Moonworks:LulusLuckyEgg"],"picked":"Moonworks:BigBangBell","floor":31},{"not_picked":["Moonworks:Gamble","Moonworks:Wanted"],"picked":"Moonworks:SinkOrSwim","floor":33},{"not_picked":["Moonworks:SakisCookie","Moonworks:LulusLuckyEgg+1"],"picked":"Moonworks:AwakeningOfTalent","floor":35},{"not_picked":["Moonworks:LulusLuckyEgg+1","Moonworks:Heat300Percent"],"picked":"Moonworks:IndiscriminateFireSupport","floor":36},{"not_picked":["Trip","HandOfGreed"],"picked":"Madness","floor":37},{"not_picked":["Moonworks:WindyEnchantment","Moonworks:JonathanRush+1"],"picked":"Moonworks:Poppoformation+1","floor":42},{"not_picked":["Moonworks:ImOnFire","Moonworks:BigMagnum"],"picked":"Moonworks:SakisCookie+1","floor":45},{"not_picked":["Moonworks:FullSpeedAlicianrone","Moonworks:BigMagnum+1"],"picked":"Moonworks:ExtendedPhotonRifle+1","floor":46},{"not_picked":["Moonworks:ImOnFire","Moonworks:CloudOfSeagulls"],"picked":"Moonworks:IntelligenceOfficer+1","floor":48}],"player_experience":529666,"relics_obtained":[{"floor":8.0,"key":"Lantern"},{"floor":9.0,"key":"Tea:ReiMu"},{"floor":23,"key":"aspiration:HiddenCompartment"},{"floor":26,"key":"Omamori"},{"floor":30,"key":"StuffTheSpire:Tea"},{"floor":36,"key":"wanderingMiniBosses:ThiefScarf"},{"floor":36,"key":"Moonworks:BrokenBomb"},{"floor":36,"key":"Lantern"},{"floor":43,"key":"aspiration:Lifesprig"}],"event_choices":[{"damage_healed":0.0,"max_hp_gain":0.0,"max_hp_loss":0.0,"gold_gain":0.0,"event_name":"Shining Light","player_choice":"Entered Light","floor":3.0,"gold_loss":0.0,"damage_taken":13.0,"cards_upgraded":["Moonworks:Defend","Moonworks:CookingTime"]},{"damage_healed":0.0,"max_hp_gain":5.0,"max_hp_loss":0.0,"gold_gain":0.0,"event_name":"Remilia_CDSJ09","player_choice":"CYMZW","floor":10.0,"gold_loss":0.0,"damage_taken":0.0},{"damage_healed":0,"gold_gain":0,"player_choice":"Donate","damage_taken":0,"relics_obtained":["PaintedHorse:ReiMu"],"max_hp_gain":0,"max_hp_loss":0,"event_name":"yidonshenshe","floor":14,"gold_loss":40},{"cards_removed":["Moonworks:LulusLuckyEgg"],"damage_healed":0,"gold_gain":0,"player_choice":"Give","damage_taken":0,"max_hp_gain":0,"max_hp_loss":0,"event_name":"betterNote:BetterNote","floor":19,"gold_loss":0,"cards_obtained":["conspire:DoublingDagger"]},{"damage_healed":0,"gold_gain":275,"player_choice":"Desecrate","damage_taken":0,"max_hp_gain":0,"max_hp_loss":0,"event_name":"Golden Shrine","floor":22,"gold_loss":0,"cards_obtained":["Regret"]},{"damage_healed":0,"gold_gain":0,"player_choice":"Opened","damage_taken":0,"relics_obtained":["WingedGreaves"],"max_hp_gain":0,"max_hp_loss":0,"event_name":"The Mausoleum","floor":29,"gold_loss":0},{"damage_healed":0,"gold_gain":0,"player_choice":"Memory 1","damage_taken":0,"max_hp_gain":0,"max_hp_loss":0,"event_name":"SensoryStone","floor":37,"gold_loss":0},{"damage_healed":0,"gold_gain":0,"player_choice":"Paid","damage_taken":0,"relics_obtained":["Red Mask"],"max_hp_gain":0,"max_hp_loss":0,"event_name":"Tomb of Lord Red Mask","floor":38,"gold_loss":143}],"is_beta":false,"boss_relics":[{"not_picked":["Empty Cage","StuffTheSpire:RunicHypercube"],"picked":"energizedSpire:MagnifyingGlass"},{"not_picked":["Runic Pyramid","Fusion Hammer"],"picked":"conspire:SlowCooker"}],"items_purged_floors":[],"is_endless":false,"potions_floor_spawned":[8,12,16,18,28,30,33,35,36,42],"ascension_level":0}}