{"host":"hzinic87vu8p95wn","time":1611232301,"event":{"mods":["BaseMod","Minty Spire (QoL Compilation)"],"gold_per_floor":[117,117,8,22,22,22,47,47,115,190,206,235,235,15,15,15,15],"floor_reached":16,"language":"ENG","playtime":363,"items_purged":[],"score":249,"play_id":"3e09ad52-dcf4-4480-b0e5-f217ebd5a502","local_time":"20210121233141","is_ascension_mode":true,"campfire_choices":[{"data":"Hologram","floor":6,"key":"SMITH"},{"data":"Gash","floor":8,"key":"SMITH"},{"floor":15,"key":"REST"}],"circlet_count":0,"master_deck":["AscendersBane","Strike_B","Strike_B","Strike_B","Strike_B","Defend_B","Defend_B","Defend_B","Defend_B","Zap+1","Dualcast","Rebound","Sweeping Beam","Hologram+1","Gash+1","Coolheaded","Conserve Battery"],"relics":["Cracked Core","NeowsBlessing","Dead Branch","StrikeDummy","Ornamental Fan","White Beast Statue","Runic Capacitor"],"acts_visited":["Exordium"],"potions_floor_usage":[12,16],"damage_taken":[{"damage":0,"enemies":"Jaw Worm","floor":1,"turns":1},{"damage":0,"enemies":"Cultist","floor":4,"turns":1},{"damage":0,"enemies":"Lagavulin","floor":7,"turns":1},{"damage":0,"enemies":"2 Louse","floor":11,"turns":2},{"damage":20,"enemies":"3 Sentries","floor":12,"turns":5},{"damage":46,"enemies":"Slime Boss","floor":16,"turns":8}],"seed_played":"749111137715966268","potions_obtained":[{"floor":1,"key":"FocusPotion"},{"floor":4,"key":"Weak Potion"}],"is_trial":false,"path_per_floor":["M","?","$","M","$","R","E","R","T","?","M","E","?","$","R","B"],"character_chosen":"DEFECT","items_purchased":["Sweeping Beam","Hologram","Runic Capacitor","Conserve Battery"],"campfire_rested":1,"item_purchase_floors":[3,3,14,14],"current_hp_per_floor":[64,64,64,64,64,64,64,64,64,53,53,33,22,22,43,0,0],"gold":15,"neow_bonus":"THREE_ENEMY_KILL","is_daily":false,"chose_seed":false,"campfire_upgraded":2,"win_rate":0.0,"timestamp":1611232301,"path_taken":["M","?","$","M","?","R","E","R","T","?","M","E","?","$","R","BOSS"],"items_purchased_type":["Card","Card","Relic","Card"],"build_version":"2020-12-22","purchased_purges":0,"victory":false,"max_hp_per_floor":[71,71,71,71,71,71,71,71,71,71,71,71,71,71,71,71,71],"card_choices":[{"not_picked":["Steam Power","Consume"],"picked":"Rebound","floor":1},{"not_picked":["Reprogram","Stack","Redo"],"picked":"SKIP","floor":4},{"not_picked":["Doom and Gloom","Defragment"],"picked":"Gash","floor":7},{"not_picked":["Steam","Consume","Storm"],"picked":"SKIP","floor":11},{"not_picked":["Rebound","Compile Driver"],"picked":"Coolheaded","floor":12}],"player_experience":1589195,"relics_obtained":[{"floor":7,"key":"Dead Branch"},{"floor":9,"key":"StrikeDummy"},{"floor":12,"key":"Ornamental Fan"}],"event_choices":[{"damage_healed":0,"gold_gain":0,"player_choice":"Forge","damage_taken":0,"max_hp_gain":0,"max_hp_loss":0,"event_name":"Accursed Blacksmith","floor":2,"gold_loss":0,"cards_upgraded":["Zap"]},{"damage_healed":0,"gold_gain":75,"player_choice":"Gather Gold","damage_taken":11,"max_hp_gain":0,"max_hp_loss":0,"event_name":"World of Goop","floor":10,"gold_loss":0},{"damage_healed":0,"gold_gain":0,"player_choice":"Success","damage_taken":11,"relics_obtained":["White Beast Statue"],"max_hp_gain":0,"max_hp_loss":0,"event_name":"Scrap Ooze","floor":13,"gold_loss":0}],"is_beta":false,"boss_relics":[],"items_purged_floors":[],"is_endless":false,"potions_floor_spawned":[1,4],"killed_by":"Slime Boss","ascension_level":18}}