{"host":"snn1c4qsf0fj7fzf","time":1611228942,"event":{"mods":["AchievementEnabler","Act Like it!","Aspiration","Astrologer","Bard","BaseMod","Colored Powertips","Gensokyo","Gremlin Mod","Hallownest","Hermit","HololiveMod","Hubris","Infinite Spire","Lobotomy","LobotomyExtend","Marisa????????","Minty Spire (QoL Compilation)","Random Character Button","Rare Cards Sparkle","Reimu??????","Replay The Spire","Shop Mod","StSLib","The Administrix","The Animator","The Bug Knight","The Cursed","The Gatherer","The Hierophant","The Poker Player"],"gold_per_floor":[112,123,123,123,139,172,190,190,215,248,263,291,310,56,56,56,56],"floor_reached":16,"language":"ENG","playtime":969,"items_purged":["TheCursedMod:Strike_TheCursed"],"score":122,"play_id":"e35e3c8b-a216-4238-8b0d-dcdbb4cb72c4","local_time":"20210121193542","is_ascension_mode":false,"campfire_choices":[{"data":"TheCursedMod:CircleOfCorruption","floor":8,"key":"SMITH"},{"data":"TheCursedMod:CircleOfFocus","floor":15,"key":"SMITH"}],"circlet_count":0,"master_deck":["TheCursedMod:Strike_TheCursed","TheCursedMod:Strike_TheCursed","TheCursedMod:Defend_TheCursed","TheCursedMod:Defend_TheCursed","TheCursedMod:Defend_TheCursed","TheCursedMod:Defend_TheCursed","TheCursedMod:CursedWand","TheCursedMod:CleanUpWorkshop","TheCursedMod:Dregs","TheCursedMod:CircleOfCorruption+1","TheCursedMod:TacticalStrike","TheCursedMod:SurpriseAttack","TheCursedMod:SurpriseAttack","TheCursedMod:CircleOfWindfury","TheCursedMod:SaltUponWound","TheCursedMod:CircleOfFocus+1","TheCursedMod:CursedMace+1"],"relics":["TheCursedMod:BlackMagic101","NeowsBlessing","LetterFromLob","hubris:Towel","Golden Egg","Strawberry","Replay:Towering Pillar of Hats","aspiration:TomeofQuesting","MerchantsRug"],"acts_visited":["Exordium"],"potions_floor_usage":[16,16],"damage_taken":[{"damage":0,"enemies":"Jaw Worm","floor":1,"turns":1},{"damage":0,"enemies":"2 Louse","floor":2,"turns":1},{"damage":0,"enemies":"Cultist","floor":5,"turns":1},{"damage":21,"enemies":"3 Sentries","floor":6,"turns":9},{"damage":0,"enemies":"Looter","floor":7,"turns":3},{"damage":42,"enemies":"Lagavulin","floor":10,"turns":8},{"damage":1,"enemies":"Gremlin Gang","floor":11,"turns":5},{"damage":8,"enemies":"3 Sentries","floor":12,"turns":9},{"damage":0,"enemies":"3 Louse","floor":13,"turns":2},{"damage":13,"enemies":"Fading Forest","floor":16,"turns":4}],"seed_played":"-6773615607871050811","potions_obtained":[{"floor":6,"key":"SpeedPotion"},{"floor":7,"key":"Elixir"},{"floor":11,"key":"SneckoOil"},{"floor":12,"key":"ColorlessPotion"}],"is_trial":false,"path_per_floor":["M","M","?","?","M","E","M","R","T","E","M","E","M","$","R","B"],"character_chosen":"THE_CURSED","items_purchased":["MerchantsRug","TheCursedMod:CursedMace"],"campfire_rested":0,"item_purchase_floors":[14,14],"current_hp_per_floor":[75,75,75,75,75,54,54,54,61,19,18,10,10,10,10,0,0],"gold":56,"neow_bonus":"THREE_ENEMY_KILL","is_daily":false,"chose_seed":false,"campfire_upgraded":2,"win_rate":0.0,"timestamp":1611228942,"path_taken":["M","M","?","?","?","E","M","R","T","E","M","E","M","$","R","BOSS"],"items_purchased_type":["Relic","Card"],"build_version":"2020-12-22","purchased_purges":1,"victory":false,"max_hp_per_floor":[75,75,75,75,75,75,75,75,82,82,82,82,82,82,82,82,82],"card_choices":[{"not_picked":["TheCursedMod:SoulReap","TheCursedMod:Mangle","TheCursedMod:EmpowerCircles"],"picked":"SKIP","floor":1},{"not_picked":["TheCursedMod:Evocation","TheCursedMod:ManaBullet"],"picked":"TheCursedMod:CircleOfCorruption","floor":2},{"not_picked":["TheCursedMod:FleshFromBone","TheCursedMod:VitalStrike"],"picked":"TheCursedMod:TacticalStrike","floor":5},{"not_picked":["TheCursedMod:SpreadPlague","TheCursedMod:BloodBarrier"],"picked":"TheCursedMod:SurpriseAttack","floor":6},{"not_picked":["TheCursedMod:CircleOfBlood","TheCursedMod:CursedSpellbook"],"picked":"TheCursedMod:SurpriseAttack","floor":7},{"not_picked":["TheCursedMod:SoulReap","TheCursedMod:BlessingInDisguise"],"picked":"TheCursedMod:CircleOfWindfury","floor":10},{"not_picked":["TheCursedMod:Obscuration","TheCursedMod:TacticalStrike"],"picked":"TheCursedMod:SaltUponWound","floor":11},{"not_picked":["TheCursedMod:ManaCirculation","TheCursedMod:RapidMovement"],"picked":"TheCursedMod:CircleOfFocus","floor":12},{"not_picked":["TheCursedMod:CircleOfAmplification","TheCursedMod:TacticalStrike","TheCursedMod:Obscuration"],"picked":"SKIP","floor":13}],"player_experience":353388,"relics_obtained":[{"floor":1,"key":"LetterFromLob"},{"floor":6,"key":"Golden Egg"},{"floor":9,"key":"Strawberry"},{"floor":10,"key":"Replay:Towering Pillar of Hats"},{"floor":12,"key":"aspiration:TomeofQuesting"}],"event_choices":[{"cards_removed":["TheCursedMod:Strike_TheCursed"],"damage_healed":0,"gold_gain":0,"player_choice":"Card Removal","damage_taken":0,"max_hp_gain":0,"max_hp_loss":0,"event_name":"Wheel of Change","floor":4,"gold_loss":0}],"is_beta":false,"boss_relics":[],"items_purged_floors":[14],"is_endless":false,"potions_floor_spawned":[6,7,11,12],"killed_by":"Fading Forest","ascension_level":0}}