{"host":"johnydays","time":1611250044,"event":{"mods":["BaseMod","Bestiary","Block Reminder","Colored Map","Colored Powertips","DeckTracker","Highlight Path","Minty Spire (QoL Compilation)","Relic Stats","Slay-I","StSLib","SuperFastMode"],"gold_per_floor":[114,35,35,35,49,49,74,86,98,110,142,189,201,226,238,355,367,362,386,398,180,180,214,214,244,270,287,303,333,233,249,249,348,348,361,361,714,714,732,732,758,327,327,327,353,50,50,78,78,78],"floor_reached":51,"language":"ENG","playtime":3346,"items_purged":["Strike_B","Strike_B","Defend_B"],"score":1151,"play_id":"221ba8ec-4390-4ea3-95ab-7d8a3ab62ebb","local_time":"20210121172724","is_ascension_mode":true,"campfire_choices":[{"data":"Ball Lightning","floor":6.0,"key":"SMITH"},{"data":"Coolheaded","floor":8.0,"key":"SMITH"},{"data":"Go for the Eyes","floor":10.0,"key":"SMITH"},{"data":"Storm","floor":13.0,"key":"SMITH"},{"data":"Dualcast","floor":15.0,"key":"SMITH"},{"data":"Fission","floor":24.0,"key":"SMITH"},{"data":"Darkness","floor":32.0,"key":"SMITH"},{"floor":40.0,"key":"RECALL"},{"data":"Machine Learning","floor":44.0,"key":"SMITH"},{"data":"Loop","floor":47.0,"key":"SMITH"},{"data":"Recycle","floor":49.0,"key":"SMITH"}],"circlet_count":0,"master_deck":["Strike_B+1","Defend_B","Zap","Dualcast+1","Coolheaded+1","Defragment+1","Ball Lightning+1","Go for the Eyes+1","Storm+1","Glacier","Core Surge","Cold Snap","Cold Snap+1","Fission+1","Darkness+1","Coolheaded","Coolheaded+1","Chill+1","Machine Learning+1","Static Discharge+1","Go for the Eyes+1","Aggregate+1","Heatsinks+1","Coolheaded+1","Loop+1","Recycle+1"],"relics":["Coffee Dripper","Unceasing Top","MawBank","MealTicket","Incense Burner","Inserter","Centennial Puzzle","Bird Faced Urn","Art of War","Oddly Smooth Stone","Whetstone","Astrolabe","Old Coin","Omamori","Frozen Eye","Orichalcum","Pear","Dream Catcher","Medical Kit","Nunchaku"],"acts_visited":["Exordium","TheCity","TheBeyond"],"potions_floor_usage":[50,50,50],"damage_taken":[{"damage":6.0,"enemies":"Cultist","floor":1.0,"turns":4.0},{"damage":0.0,"enemies":"Small Slimes","floor":5.0,"turns":4.0},{"damage":11.0,"enemies":"Lagavulin","floor":7.0,"turns":6.0},{"damage":1.0,"enemies":"2 Louse","floor":11.0,"turns":2.0},{"damage":11.0,"enemies":"3 Sentries","floor":12.0,"turns":5.0},{"damage":20.0,"enemies":"Exordium Thugs","floor":14.0,"turns":5.0},{"damage":1.0,"enemies":"Slime Boss","floor":16.0,"turns":6.0},{"damage":10.0,"enemies":"2 Thieves","floor":18.0,"turns":4.0},{"damage":7.0,"enemies":"Chosen","floor":19.0,"turns":5.0},{"damage":1.0,"enemies":"Book of Stabbing","floor":23.0,"turns":7.0},{"damage":49.0,"enemies":"Gremlin Leader","floor":25.0,"turns":10.0},{"damage":1.0,"enemies":"Snecko","floor":27.0,"turns":5.0},{"damage":1.0,"enemies":"Centurion and Healer","floor":28.0,"turns":7.0},{"damage":6.0,"enemies":"Book of Stabbing","floor":29.0,"turns":5.0},{"damage":0.0,"enemies":"Cultist and Chosen","floor":31.0,"turns":6.0},{"damage":8.0,"enemies":"Collector","floor":33.0,"turns":9.0},{"damage":0.0,"enemies":"3 Shapes","floor":35.0,"turns":7.0},{"damage":15.0,"enemies":"2 Orb Walkers","floor":37.0,"turns":5.0},{"damage":6.0,"enemies":"3 Darklings","floor":39.0,"turns":5.0},{"damage":16.0,"enemies":"Nemesis","floor":41.0,"turns":7.0},{"damage":0.0,"enemies":"Giant Head","floor":45.0,"turns":11.0},{"damage":0.0,"enemies":"Nemesis","floor":48.0,"turns":7.0},{"damage":23,"enemies":"Time Eater","floor":50,"turns":11}],"seed_played":"-6893224811435283754","potions_obtained":[{"floor":5.0,"key":"FocusPotion"},{"floor":11.0,"key":"EssenceOfSteel"},{"floor":12.0,"key":"PotionOfCapacity"},{"floor":16.0,"key":"Strength Potion"},{"floor":18.0,"key":"Ancient Potion"},{"floor":31.0,"key":"Swift Potion"},{"floor":37.0,"key":"Weak Potion"},{"floor":39.0,"key":"Dexterity Potion"}],"is_trial":false,"path_per_floor":["M","$","?","?","M","R","E","R","T","R","M","E","R","M","R","B",null,"M","M","?","$","?","E","R","E","T","M","M","E","$","M","R","B",null,"M","?","?","?","M","R","E","$","T","R","E","$","R","E","R","B",null],"character_chosen":"DEFECT","items_purchased":["Defragment","Centennial Puzzle","Frozen Eye","Orichalcum","Medical Kit","Loop","Recycle"],"campfire_rested":0,"item_purchase_floors":[2,21,42,42,46,46,46],"current_hp_per_floor":[62,62,59,59,59,59,48,48,48,48,47,36,36,16,16,15,60,50,43,43,58,58,57,57,12,12,15,18,16,31,35,35,31,64,72,71,60,60,64,64,55,70,80,80,81,81,81,81,81,63],"gold":78,"neow_bonus":"BOSS_RELIC","is_daily":false,"chose_seed":false,"campfire_upgraded":10,"win_rate":0.0,"timestamp":1611250044,"path_taken":["M","$","?","?","?","R","E","R","T","R","M","E","R","M","R","BOSS","M","M","?","$","?","E","R","E","T","M","?","E","?","M","R","BOSS","M","?","?","?","M","R","E","$","T","R","E","?","R","E","R","BOSS"],"items_purchased_type":["Card","Relic","Relic","Relic","Relic","Card","Card"],"build_version":"2020-12-18","purchased_purges":3,"victory":true,"max_hp_per_floor":[75,75,75,75,75,75,75,75,75,75,75,75,75,75,75,75,75,75,75,75,75,75,75,75,75,75,75,75,75,75,75,75,75,75,75,71,71,71,71,71,71,71,81,81,81,81,81,81,81,81],"relic_stats":{"Inserter":[55],"counters":[23,143],"Astrolabe":["Static Discharge","Go for the Eyes","Aggregate"],"Whetstone":["Cold Snap","Strike_B"],"Orichalcum":[48],"MawBank":168,"Medical Kit":[5],"Centennial Puzzle":[30],"Dream Catcher":0,"Nunchaku":[1],"Bird Faced Urn":[59],"MealTicket":45,"Art of War":[11],"obtain_stats":[{"Inserter":17,"Pear":43,"Astrolabe":34,"Oddly Smooth Stone":26,"Incense Burner":12,"Omamori":41,"Whetstone":29,"Orichalcum":42,"MawBank":7,"Medical Kit":46,"Old Coin":37,"Frozen Eye":42,"Centennial Puzzle":21,"Dream Catcher":45,"Nunchaku":48,"Bird Faced Urn":23,"MealTicket":9,"Coffee Dripper":0,"Art of War":25,"Cracked Core":0,"Unceasing Top":3},{"Inserter":7,"Pear":20,"Astrolabe":16,"Oddly Smooth Stone":11,"Incense Burner":5,"Omamori":20,"Whetstone":14,"Orichalcum":20,"MawBank":3,"Medical Kit":21,"Old Coin":18,"Frozen Eye":20,"Centennial Puzzle":9,"Dream Catcher":21,"Nunchaku":22,"Bird Faced Urn":10,"MealTicket":3,"Coffee Dripper":0,"Art of War":11,"Cracked Core":0,"Unceasing Top":1},{"Inserter":32,"Pear":114,"Astrolabe":90,"Oddly Smooth Stone":58,"Incense Burner":21,"Omamori":114,"Whetstone":75,"Orichalcum":114,"MawBank":14,"Medical Kit":125,"Old Coin":102,"Frozen Eye":114,"Centennial Puzzle":41,"Dream Catcher":125,"Nunchaku":132,"Bird Faced Urn":48,"MealTicket":14,"Coffee Dripper":0,"Art of War":58,"Cracked Core":0,"Unceasing Top":4}],"Unceasing Top":[9]},"card_choices":[{"not_picked":["Rebound","Redo"],"picked":"Coolheaded","floor":1.0},{"not_picked":["Rebound","Storm"],"picked":"Ball Lightning","floor":5.0},{"not_picked":["FTL","Rebound"],"picked":"Go for the Eyes","floor":7.0},{"not_picked":["Redo","Consume","Leap"],"picked":"SKIP","floor":11.0},{"not_picked":["Fission","Stack"],"picked":"Storm","floor":12.0},{"not_picked":["Gash","Leap"],"picked":"Glacier","floor":14.0},{"not_picked":["Fission","Thunder Strike"],"picked":"Core Surge","floor":16.0},{"not_picked":["Compile Driver","Rebound"],"picked":"Cold Snap","floor":18.0},{"not_picked":["Conserve Battery","Gash"],"picked":"Cold Snap","floor":19.0},{"not_picked":["Force Field","Conserve Battery"],"picked":"Darkness","floor":23.0},{"not_picked":["Reprogram+1","Thunder Strike","White Noise"],"picked":"SKIP","floor":25.0},{"not_picked":["Rebound","Beam Cell"],"picked":"Coolheaded","floor":27.0},{"not_picked":["Conserve Battery","Skim"],"picked":"Coolheaded+1","floor":28.0},{"not_picked":["Go for the Eyes","Ball Lightning","Stack+1"],"picked":"SKIP","floor":29.0},{"not_picked":["Rebound+1","All For One"],"picked":"Chill+1","floor":31.0},{"not_picked":["Amplify","Rainbow"],"picked":"Machine Learning","floor":33.0},{"not_picked":["Sweeping Beam","Leap+1","Turbo"],"picked":"SKIP","floor":35.0},{"not_picked":["Lockon+1","Genetic Algorithm+1"],"picked":"Heatsinks+1","floor":37.0},{"not_picked":["Stack","Genetic Algorithm+1","Reprogram+1"],"picked":"SKIP","floor":39.0},{"not_picked":["Compile Driver","Lockon+1"],"picked":"Coolheaded+1","floor":41.0},{"not_picked":["Leap+1","Steam Power","Turbo+1"],"picked":"SKIP","floor":45.0},{"not_picked":["Streamline+1","Cold Snap+1","Static Discharge"],"picked":"SKIP","floor":48.0}],"player_experience":464673,"relics_obtained":[{"floor":7.0,"key":"MawBank"},{"floor":9.0,"key":"MealTicket"},{"floor":12.0,"key":"Incense Burner"},{"floor":23.0,"key":"Bird Faced Urn"},{"floor":25.0,"key":"Art of War"},{"floor":26.0,"key":"Oddly Smooth Stone"},{"floor":29.0,"key":"Whetstone"},{"floor":37.0,"key":"Old Coin"},{"floor":41.0,"key":"Omamori"},{"floor":43.0,"key":"Pear"},{"floor":45.0,"key":"Dream Catcher"},{"floor":48.0,"key":"Nunchaku"}],"event_choices":[{"damage_healed":0.0,"max_hp_gain":0.0,"max_hp_loss":0.0,"gold_gain":0.0,"event_name":"Scrap Ooze","player_choice":"Success","floor":3.0,"gold_loss":0.0,"damage_taken":3.0,"relics_obtained":["Unceasing Top"]},{"damage_healed":0.0,"max_hp_gain":0.0,"max_hp_loss":0.0,"gold_gain":0.0,"event_name":"Accursed Blacksmith","player_choice":"Forge","floor":4.0,"gold_loss":0.0,"damage_taken":0.0,"cards_upgraded":["Defragment"]},{"damage_healed":0.0,"max_hp_gain":0.0,"max_hp_loss":0.0,"gold_gain":0.0,"event_name":"Cursed Tome","player_choice":"Ignored","floor":20.0,"gold_loss":0.0,"damage_taken":0.0},{"damage_healed":0.0,"max_hp_gain":0.0,"max_hp_loss":0.0,"gold_gain":0.0,"event_name":"Match and Keep!","player_choice":"1 cards matched","floor":22.0,"gold_loss":0.0,"damage_taken":0.0,"cards_obtained":["Fission"]},{"damage_healed":0.0,"max_hp_gain":0.0,"max_hp_loss":4.0,"gold_gain":0.0,"event_name":"Winding Halls","player_choice":"Max HP","floor":36.0,"gold_loss":0.0,"damage_taken":0.0},{"damage_healed":0.0,"max_hp_gain":0.0,"max_hp_loss":0.0,"gold_gain":0.0,"event_name":"Mysterious Sphere","player_choice":"Fight","floor":37.0,"gold_loss":0.0,"damage_taken":0.0},{"damage_healed":0.0,"max_hp_gain":0.0,"max_hp_loss":0.0,"gold_gain":0.0,"event_name":"Tomb of Lord Red Mask","player_choice":"Ignored","floor":38.0,"gold_loss":0.0,"damage_taken":0.0}],"is_beta":true,"boss_relics":[{"not_picked":["Calling Bell","Runic Dome"],"picked":"Inserter"},{"not_picked":["Runic Pyramid","SacredBark"],"picked":"Astrolabe"}],"items_purged_floors":[21,30,42],"is_endless":false,"potions_floor_spawned":[5,11,12,16,18,25,27,31,37,39,45],"ascension_level":7}}