{"host":"oztwkdn1ogbv4ny9","time":1611208231,"event":{"mods":["AchievementEnabler","BaseMod","Colored Map","Hermit","Minty Spire (QoL Compilation)","Replay The Spire","StSLib","SuperFastMode","The Construct","The Cursed","The Disciple","The Hierophant","The Necromancer","The Servant 0.9.4"],"gold_per_floor":[113,38,53,70,70,70,95,95,122,122,157,171,16,32,32,137,137,149,169,270,281,300,300,350,350,350,350,350,94,114,154,154,273,273,288,288,312,43,59,59,98,98,98,98,98,98,121,136,136,136],"floor_reached":51,"language":"ENG","playtime":2004,"items_purged":["Defend_S","Defend_S","Voices"],"score":980,"play_id":"e813e25b-7545-4e9a-92f6-bce0cecd2df7","local_time":"20210121005031","is_ascension_mode":false,"campfire_choices":[{"data":"Inflame","floor":6,"key":"SMITH"},{"data":"Strike_S","floor":10,"key":"PURGE"},{"floor":15,"key":"REST"},{"floor":23,"key":"REST"},{"floor":25,"key":"REST"},{"data":"Limit Break","floor":32,"key":"SMITH"},{"data":"Flex","floor":40,"key":"SMITH"},{"floor":42,"key":"DIG"},{"data":"Potential","floor":44,"key":"SMITH"}],"circlet_count":0,"master_deck":["Strike_S","Strike_S","Strike_S","Defend_S","Defend_S","KidneyShot","Exchange","Luminosity+1","Contraction","Potential+1","Inflame+1","Rewind","Flex+1","Potential","Luminosity+1","Heavy Blade+1","Limit Break+1","BottledTime+1","Potential","LightFlow+1","SwitchConfidence"],"relics":["Replay:Multitool","m_ScarletBlood","Tiny Chest","Bronze Scales","StrikeDummy","DollysMirror","Busted Crown","Dream Catcher","Ring of Greed","Ring of Panic","Golden Idol","Golden Egg","Replay:Ringing Soul","MealTicket","Ancient Tea Set","Matryoshka","SplendidAttire","Red Skull","Du-Vu Doll","Lizard Tail","Juzu Bracelet","Divine Protection","Blue Doll","Happy Flower"],"acts_visited":["Exordium","TheCity","TheBeyond"],"potions_floor_usage":[7,11,16,31,33,50,50],"damage_taken":[{"damage":1,"enemies":"2 Louse","floor":1,"turns":3},{"damage":5,"enemies":"Small Slimes","floor":3,"turns":4},{"damage":0,"enemies":"Cultist","floor":4,"turns":4},{"damage":10,"enemies":"Replay:BlueRogue","floor":7,"turns":5},{"damage":22,"enemies":"Gremlin Nob","floor":11,"turns":4},{"damage":0,"enemies":"Looter","floor":12,"turns":3},{"damage":9,"enemies":"Blue Slaver","floor":14,"turns":3},{"damage":0,"enemies":"Hexaghost","floor":16,"turns":8},{"damage":21,"enemies":"2 Thieves","floor":18,"turns":4},{"damage":5,"enemies":"Chosen","floor":19,"turns":4},{"damage":14,"enemies":"Snake Plant","floor":21,"turns":3},{"damage":8,"enemies":"Centurion and Healer","floor":22,"turns":4},{"damage":0,"enemies":"Snecko","floor":30,"turns":3},{"damage":30,"enemies":"Slavers","floor":31,"turns":5},{"damage":23,"enemies":"Pondfish","floor":33,"turns":8},{"damage":0,"enemies":"3 Shapes","floor":35,"turns":4},{"damage":5,"enemies":"3 Darklings","floor":37,"turns":7},{"damage":0,"enemies":"4 Shapes","floor":39,"turns":7},{"damage":15,"enemies":"Reptomancer","floor":41,"turns":6},{"damage":10,"enemies":"Maw","floor":47,"turns":7},{"damage":16,"enemies":"Spire Growth","floor":48,"turns":3},{"damage":90,"enemies":"Donu and Deca","floor":50,"turns":7}],"seed_played":"4089796615002442360","potions_obtained":[{"floor":1,"key":"SkillPotion"},{"floor":4,"key":"SpeedPotion"},{"floor":7,"key":"Reflective Coating"},{"floor":21,"key":"Elixir"},{"floor":30,"key":"AttackPotion"},{"floor":31,"key":"ColorlessPotion"},{"floor":33,"key":"FairyPotion"},{"floor":37,"key":"FearPotion"},{"floor":45,"key":"PowerPotion"},{"floor":45,"key":"SteroidPotion"}],"is_trial":false,"path_per_floor":["M","$","M","M","?","R","E","R","T","R","E","M","$","M","R","B",null,"M","M","?","M","M","R","?","R","T","R","T","$","M","E","R","B",null,"M","?","M","$","M","R","E","R","T","R","?","T","M","M","R_BF","B",null],"character_chosen":"THE_SERVANT","items_purchased":["DollysMirror","Ancient Tea Set","Red Skull"],"campfire_rested":3,"item_purchase_floors":[13,29,38],"current_hp_per_floor":[46,46,41,41,41,41,31,50,50,50,28,28,28,19,38,38,65,44,39,23,9,1,20,20,39,39,58,58,65,65,35,35,15,68,68,68,63,68,68,68,56,56,56,56,56,56,46,30,51,35],"gold":136,"neow_bonus":"ONE_RARE_RELIC","is_daily":false,"chose_seed":false,"campfire_upgraded":4,"win_rate":0.0,"timestamp":1611208231,"path_taken":["M","$","M","M","?","R","E","R","T","R","E","M","$","M","R","BOSS","M","M","?","?","M","R","?","R","T","R","?","$","M","E","R","BOSS","M","?","?","$","M","R","E","R","T","R","?","?","M","M","R_BF","BOSS"],"items_purchased_type":["Relic","Relic","Relic"],"build_version":"2020-12-22","purchased_purges":3,"victory":true,"max_hp_per_floor":[65,65,65,65,65,65,65,65,65,65,65,65,65,65,65,65,65,65,65,65,65,65,65,65,65,65,65,65,65,65,65,65,68,68,68,68,68,68,68,68,71,71,71,71,71,71,71,71,71,71],"card_choices":[{"not_picked":["Shuttle","Moondial"],"picked":"Luminosity","floor":1},{"not_picked":["Rearm","FastForward"],"picked":"Contraction","floor":3},{"not_picked":["Rearm","Hightail"],"picked":"Potential","floor":4},{"not_picked":["Rearm","Starlight"],"picked":"Rewind","floor":7},{"not_picked":["ReplayTheSpireMod:Muscle Training","Moonlight"],"picked":"Flex","floor":11},{"not_picked":["FastForward","Hightail"],"picked":"Potential","floor":12},{"not_picked":["Deny","Replace"],"picked":"Heavy Blade","floor":14},{"not_picked":["ForgedInTime","KillingDoll"],"picked":"Limit Break","floor":16},{"not_picked":[],"picked":"BottledTime","floor":18},{"not_picked":["Misdirection"],"picked":"SKIP","floor":19},{"not_picked":["Unruled+1"],"picked":"SKIP","floor":21},{"not_picked":["SilverBlades+1"],"picked":"SKIP","floor":22},{"not_picked":[],"picked":"Potential","floor":23},{"not_picked":["Reset"],"picked":"SKIP","floor":30},{"not_picked":["Potential+1"],"picked":"SKIP","floor":31},{"not_picked":[],"picked":"LightFlow","floor":33},{"not_picked":["Advance+1"],"picked":"SKIP","floor":35},{"not_picked":["Hightail+1"],"picked":"SKIP","floor":37},{"not_picked":["TimeWarp"],"picked":"SKIP","floor":39},{"not_picked":["Advance"],"picked":"SKIP","floor":41},{"not_picked":["DoubleEdge"],"picked":"SKIP","floor":47},{"not_picked":["Sabotage+1"],"picked":"SKIP","floor":48}],"player_experience":226402,"relics_obtained":[{"floor":7,"key":"Tiny Chest"},{"floor":9,"key":"Bronze Scales"},{"floor":11,"key":"StrikeDummy"},{"floor":20,"key":"Dream Catcher"},{"floor":24,"key":"Ring of Greed"},{"floor":24,"key":"Ring of Panic"},{"floor":24,"key":"Golden Idol"},{"floor":24,"key":"Golden Egg"},{"floor":26,"key":"Replay:Ringing Soul"},{"floor":28,"key":"MealTicket"},{"floor":31,"key":"Matryoshka"},{"floor":41,"key":"Du-Vu Doll"},{"floor":42,"key":"Lizard Tail"},{"floor":43,"key":"Juzu Bracelet"},{"floor":43,"key":"Divine Protection"},{"floor":46,"key":"Blue Doll"},{"floor":46,"key":"Happy Flower"}],"event_choices":[{"damage_healed":0,"gold_gain":0,"player_choice":"Ignored","damage_taken":0,"max_hp_gain":0,"max_hp_loss":0,"event_name":"Transmorgrifier","floor":36,"gold_loss":0},{"damage_healed":0,"gold_gain":0,"player_choice":"Got Potions","damage_taken":0,"max_hp_gain":0,"max_hp_loss":0,"event_name":"Lab","floor":45,"gold_loss":0}],"is_beta":false,"boss_relics":[{"not_picked":["Replay:Ancient Bell","Honey Jar"],"picked":"Busted Crown"},{"not_picked":["Snecko Eye","construct:ClawGrip"],"picked":"SplendidAttire"}],"items_purged_floors":[2,29,38],"is_endless":false,"potions_floor_spawned":[1,4,7,21,30,31,33,37,39,41],"ascension_level":0}}