{"host":"ifd7sfhtlbe34qll","time":1611195279,"event":{"mods":["2.2 Compatiblity","BaseMod","Block Reminder","Colored Map","Curses Come First","Highlight Path","Minty Spire (QoL Compilation)","Potion Indicator Mod","Quick Restart","Relic Stats","StSLib"],"gold_per_floor":[111,125,142,67,84,117,134,146,222,222,257,257,257,276,276,276,276],"floor_reached":16,"language":"ENG","playtime":535,"items_purged":[],"score":248,"play_id":"17715023-b7a8-44b2-ab5a-664445f0dcaa","local_time":"20210120201439","is_ascension_mode":true,"campfire_choices":[{"data":"Bash","floor":10,"key":"SMITH"},{"data":"Blood for Blood","floor":12,"key":"SMITH"},{"data":"Blood for Blood","floor":15,"key":"SMITH"}],"circlet_count":0,"master_deck":["AscendersBane","Strike_R","Strike_R","Strike_R","Strike_R","Defend_R","Defend_R","Defend_R","Defend_R","Bash+1","Pommel Strike","Wild Strike","Twin Strike","Blood for Blood+1","Anger","Blood for Blood+1","Bloodletting","True Grit","Brutality"],"relics":["Burning Blood","Eternal Feather","StrikeDummy","Dream Catcher"],"acts_visited":["Exordium"],"potions_floor_usage":[7,11,13,13,16],"damage_taken":[{"damage":2.0,"enemies":"Cultist","floor":1.0,"turns":4.0},{"damage":5.0,"enemies":"Small Slimes","floor":2.0,"turns":3.0},{"damage":5.0,"enemies":"2 Louse","floor":3.0,"turns":3.0},{"damage":12.0,"enemies":"Large Slime","floor":5.0,"turns":5.0},{"damage":40.0,"enemies":"3 Sentries","floor":6.0,"turns":9.0},{"damage":16.0,"enemies":"Blue Slaver","floor":7.0,"turns":4.0},{"damage":13,"enemies":"2 Fungi Beasts","floor":8,"turns":3},{"damage":18,"enemies":"Lagavulin","floor":11,"turns":4},{"damage":6,"enemies":"Gremlin Nob","floor":13,"turns":3},{"damage":7,"enemies":"Exordium Wildlife","floor":14,"turns":4},{"damage":43,"enemies":"Hexaghost","floor":16,"turns":7}],"seed_played":"7286557911888840033","potions_obtained":[{"floor":2.0,"key":"Fruit Juice"},{"floor":3.0,"key":"Swift Potion"},{"floor":6.0,"key":"Strength Potion"},{"floor":7,"key":"SmokeBomb"},{"floor":11,"key":"AttackPotion"},{"floor":14,"key":"GamblersBrew"}],"is_trial":false,"path_per_floor":["M","M","M","?","M","E","M","M","T","R","E","R","E","M","R","B"],"character_chosen":"IRONCLAD","items_purchased":[],"campfire_rested":0,"item_purchase_floors":[],"current_hp_per_floor":[79,80,81,81,75,41,36,29,29,38,26,35,35,34,43,0,0],"gold":276,"neow_bonus":"TEN_PERCENT_HP_BONUS","is_daily":false,"chose_seed":false,"campfire_upgraded":3,"win_rate":0.0,"timestamp":1611195279,"path_taken":["M","?","M","?","M","E","M","M","T","R","E","R","E","M","R","BOSS"],"items_purchased_type":[],"build_version":"2020-12-22","purchased_purges":0,"victory":false,"max_hp_per_floor":[82,82,82,82,82,82,87,87,87,87,87,87,87,87,87,87,87],"relic_stats":{"Dream Catcher":0,"counters":[11,49],"Eternal Feather":27,"obtain_stats":[{"Dream Catcher":11,"Eternal Feather":6,"StrikeDummy":9,"Burning Blood":0},{"Dream Catcher":8,"Eternal Feather":5,"StrikeDummy":7,"Burning Blood":0},{"Dream Catcher":35,"Eternal Feather":24,"StrikeDummy":31,"Burning Blood":0}],"Burning Blood":60},"card_choices":[{"not_picked":["Shrug It Off","Wild Strike"],"picked":"Pommel Strike","floor":1.0},{"not_picked":["Flame Barrier","Body Slam"],"picked":"Wild Strike","floor":2.0},{"not_picked":["Clash","True Grit"],"picked":"Twin Strike","floor":3.0},{"not_picked":["Bloodletting","Second Wind"],"picked":"Blood for Blood","floor":5.0},{"not_picked":["Power Through","Warcry"],"picked":"Anger","floor":6.0},{"not_picked":["Warcry","Juggernaut"],"picked":"Blood for Blood","floor":7},{"not_picked":["Dual Wield","Heavy Blade"],"picked":"Bloodletting","floor":8},{"not_picked":["Iron Wave","Sentinel"],"picked":"True Grit","floor":11},{"not_picked":["Warcry","Wild Strike"],"picked":"Brutality","floor":14}],"player_experience":1439466,"relics_obtained":[{"floor":6.0,"key":"Eternal Feather"},{"floor":9,"key":"StrikeDummy"},{"floor":11,"key":"Dream Catcher"}],"event_choices":[{"cards_removed":["Strike_R"],"damage_healed":0.0,"max_hp_gain":0.0,"max_hp_loss":0.0,"gold_gain":0.0,"event_name":"The Cleric","player_choice":"Card Removal","floor":4.0,"gold_loss":75.0,"damage_taken":0.0}],"is_beta":false,"boss_relics":[],"items_purged_floors":[],"is_endless":false,"potions_floor_spawned":[2,3,6,7,11,14],"killed_by":"Hexaghost","ascension_level":20}}