{"host":"ndpbn7fqb3wjbd7p","time":1611192884,"event":{"mods":["AchievementEnabler","Act Like it!","AlwaysNeverKeys","BaseMod","Better Vampires","Block Reminder","Colored Powertips","DeckTracker","Defuse TimeMaze Blight","Friendly Minions","Hallownest","Hermit","Highlight Path","MarisaÅiñ∂âJÅ@ñÇóùçπÅj","Minty Spire (QoL Compilation)","Permanent Neow","Shade Mod","StSLib","SuperFastMode","Synergy Search","The Mystic","Unceasing Turn Reminder","egg"],"gold_per_floor":[114,131,56,66,66,66,66],"floor_reached":6,"language":"ENG","playtime":242,"items_purged":["Defend_G"],"score":70,"play_id":"482a505b-edbb-44cd-a98c-f9c8ba6f380b","local_time":"20210121023444","is_ascension_mode":true,"campfire_choices":[],"circlet_count":0,"master_deck":["AscendersBane","Strike_G","Strike_G","Strike_G+1","Strike_G","Strike_G","Defend_G","Defend_G","Defend_G","Defend_G","Survivor","Neutralize","Madness+1","Acrobatics","Prepared"],"relics":["Ring of the Snake"],"acts_visited":["Exordium"],"potions_floor_usage":[6],"damage_taken":[{"damage":1,"enemies":"Small Slimes","floor":1,"turns":5},{"damage":2,"enemies":"Jaw Worm","floor":2,"turns":6},{"damage":1,"enemies":"2 Louse","floor":4,"turns":3},{"damage":35,"enemies":"Gremlin Nob","floor":6,"turns":3}],"seed_played":"155456759744299840","potions_obtained":[{"floor":2,"key":"Fire Potion"}],"is_trial":false,"path_per_floor":["M","M","$","M","?","E"],"character_chosen":"THE_SILENT","items_purchased":[],"campfire_rested":0,"item_purchase_floors":[],"current_hp_per_floor":[58,56,56,55,35,0,0],"gold":66,"neow_bonus":"RANDOM_COLORLESS","is_daily":false,"chose_seed":false,"campfire_upgraded":0,"win_rate":0.0,"timestamp":1611192884,"path_taken":["M","M","$","M","?","E"],"items_purchased_type":[],"build_version":"2020-12-22","purchased_purges":1,"victory":false,"max_hp_per_floor":[66,66,66,66,66,66,66],"card_choices":[{"not_picked":["Panacea","Forethought"],"picked":"Madness","floor":0},{"not_picked":["Dodge and Roll","Bane","Predator"],"picked":"SKIP","floor":1},{"not_picked":["Endless Agony","Crippling Poison"],"picked":"Acrobatics","floor":2},{"not_picked":["Distraction","Outmaneuver"],"picked":"Prepared","floor":4}],"player_experience":1167394,"relics_obtained":[],"event_choices":[{"damage_healed":0,"gold_gain":0,"player_choice":"Entered Light","damage_taken":20,"max_hp_gain":0,"max_hp_loss":0,"event_name":"Shining Light","floor":5,"gold_loss":0,"cards_upgraded":["Madness","Strike_G"]}],"is_beta":false,"boss_relics":[],"items_purged_floors":[3],"is_endless":false,"potions_floor_spawned":[2],"killed_by":"Gremlin Nob","ascension_level":19}}