{"host":"g8ufh7m4frdlkxwv","time":1611263224,"event":{"mods":["AchievementEnabler","BaseMod","Colored Map","Dark Map","Minty Spire (QoL Compilation)","Relic Stats","StSLib","ojb\u0027s Info Mod"],"gold_per_floor":[119,194,194,194,209,234,254,7,59,75,19,32,58,72,72,147,147,158,173,193,243,243,278,278,278,278],"floor_reached":25,"language":"ENG","playtime":863,"items_purged":["Defend_G"],"score":516,"play_id":"de3f160c-cd54-4017-8acd-59dee4079091","local_time":"20210121220704","is_ascension_mode":true,"campfire_choices":[{"data":"Bouncing Flask","floor":15.0,"key":"SMITH"},{"floor":24,"key":"REST"}],"circlet_count":0,"master_deck":["AscendersBane","Strike_G+1","Strike_G+1","Strike_G+1","Strike_G+1","Strike_G+1","Defend_G+1","Defend_G+1","Defend_G+1","Defend_G+1","Survivor","Neutralize","Terror","Masterful Stab","Crippling Poison","Flying Knee","Backflip","Slice","Bouncing Flask+1","Dash","Envenom","Calculated Gamble","PiercingWail","Backflip"],"relics":["Ring of the Snake","NeowsBlessing","Centennial Puzzle","Ancient Tea Set","Bag of Marbles","Snake Skull","Shuriken","Black Star","CeramicFish","Ginger"],"acts_visited":["Exordium","TheCity"],"potions_floor_usage":[23,23,25],"damage_taken":[{"damage":0.0,"enemies":"Jaw Worm","floor":1.0,"turns":1.0},{"damage":0.0,"enemies":"2 Louse","floor":5.0,"turns":1.0},{"damage":0.0,"enemies":"Lagavulin","floor":6.0,"turns":1.0},{"damage":0.0,"enemies":"Cultist","floor":7.0,"turns":3.0},{"damage":3.0,"enemies":"Exordium Thugs","floor":10.0,"turns":3.0},{"damage":0.0,"enemies":"Large Slime","floor":12.0,"turns":4.0},{"damage":8.0,"enemies":"Gremlin Nob","floor":13.0,"turns":3.0},{"damage":0.0,"enemies":"Blue Slaver","floor":14.0,"turns":2.0},{"damage":17.0,"enemies":"Hexaghost","floor":16.0,"turns":6.0},{"damage":18.0,"enemies":"Shell Parasite","floor":18.0,"turns":4.0},{"damage":13.0,"enemies":"Chosen","floor":19.0,"turns":5.0},{"damage":4.0,"enemies":"Centurion and Healer","floor":20.0,"turns":8.0},{"damage":3,"enemies":"Book of Stabbing","floor":23,"turns":4},{"damage":40,"enemies":"Slavers","floor":25,"turns":5}],"seed_played":"5024204161666327241","potions_obtained":[{"floor":1.0,"key":"AttackPotion"},{"floor":5.0,"key":"PowerPotion"},{"floor":7.0,"key":"Weak Potion"},{"floor":16.0,"key":"BlessingOfTheForge"},{"floor":20.0,"key":"Block Potion"},{"floor":23,"key":"Strength Potion"}],"is_trial":false,"path_per_floor":["M","?","?","?","M","E","M","$","T","M","$","M","E","M","R","B",null,"M","M","M","?","?","E","R","E"],"character_chosen":"THE_SILENT","items_purchased":["Bag of Marbles","Fire Potion"],"campfire_rested":1,"item_purchase_floors":[8,11],"current_hp_per_floor":[59,48,66,55,55,55,55,55,55,52,52,52,44,44,44,27,56,38,25,21,21,21,18,37,0,0],"gold":278,"neow_bonus":"THREE_ENEMY_KILL","is_daily":false,"chose_seed":false,"campfire_upgraded":1,"win_rate":0.0,"timestamp":1611263224,"path_taken":["M","?","?","?","?","E","M","?","T","M","?","M","E","M","R","BOSS","M","M","M","?","?","E","R","E"],"items_purchased_type":["Relic","Potion"],"build_version":"2020-12-22","purchased_purges":1,"victory":false,"max_hp_per_floor":[66,66,66,66,66,66,66,66,66,66,66,66,66,66,66,66,66,66,66,66,66,66,66,66,66,66],"relic_stats":{"Centennial Puzzle":[24],"counters":[14,50],"Shuriken":[9],"CeramicFish":0,"Snake Skull":[56],"Black Star":1,"Ginger":[4],"obtain_stats":[{"Centennial Puzzle":4,"NeowsBlessing":0,"Shuriken":13,"CeramicFish":23,"Snake Skull":9,"Bag of Marbles":8,"Black Star":17,"Ginger":23,"Ancient Tea Set":6,"Ring of the Snake":0},{"Centennial Puzzle":1,"NeowsBlessing":0,"Shuriken":7,"CeramicFish":13,"Snake Skull":4,"Bag of Marbles":4,"Black Star":9,"Ginger":13,"Ancient Tea Set":3,"Ring of the Snake":0},{"Centennial Puzzle":1,"NeowsBlessing":0,"Shuriken":16,"CeramicFish":45,"Snake Skull":6,"Bag of Marbles":6,"Black Star":24,"Ginger":45,"Ancient Tea Set":3,"Ring of the Snake":0}],"Ring of the Snake":[28]},"card_choices":[{"not_picked":["Eviscerate","Deflect"],"picked":"Terror","floor":1.0},{"not_picked":["Cloak And Dagger","Riddle With Holes"],"picked":"Masterful Stab","floor":5.0},{"not_picked":["Quick Slash","Dodge and Roll"],"picked":"Crippling Poison","floor":6.0},{"not_picked":["Well Laid Plans","Outmaneuver"],"picked":"Flying Knee","floor":7.0},{"not_picked":["Skewer","Deflect"],"picked":"Backflip","floor":10.0},{"not_picked":["Storm of Steel","Dodge and Roll"],"picked":"Slice","floor":12.0},{"not_picked":["Slice","Concentrate"],"picked":"Bouncing Flask","floor":13.0},{"not_picked":["Bouncing Flask","Underhanded Strike"],"picked":"Dash","floor":14.0},{"not_picked":["Storm of Steel","Grand Finale"],"picked":"Envenom","floor":16.0},{"not_picked":["Dagger Throw","Setup"],"picked":"Calculated Gamble","floor":18.0},{"not_picked":["Cloak And Dagger","Poisoned Stab"],"picked":"PiercingWail","floor":19.0},{"not_picked":["Outmaneuver","Cloak And Dagger"],"picked":"Backflip","floor":20.0},{"not_picked":["Underhanded Strike","Poisoned Stab","Prepared"],"picked":"SKIP","floor":23}],"player_experience":1062869,"relics_obtained":[{"floor":6.0,"key":"Ancient Tea Set"},{"floor":9.0,"key":"Snake Skull"},{"floor":13.0,"key":"Shuriken"},{"floor":23,"key":"CeramicFish"},{"floor":23,"key":"Ginger"}],"event_choices":[{"damage_healed":0.0,"max_hp_gain":0.0,"max_hp_loss":0.0,"gold_gain":75.0,"event_name":"World of Goop","player_choice":"Gather Gold","floor":2.0,"gold_loss":0.0,"damage_taken":11.0},{"damage_healed":22.0,"max_hp_gain":0.0,"max_hp_loss":0.0,"gold_gain":0.0,"event_name":"Big Fish","player_choice":"Banana","floor":3.0,"gold_loss":0.0,"damage_taken":0.0},{"damage_healed":0.0,"max_hp_gain":0.0,"max_hp_loss":0.0,"gold_gain":0.0,"event_name":"Scrap Ooze","player_choice":"Success","floor":4.0,"gold_loss":0.0,"damage_taken":11.0,"relics_obtained":["Centennial Puzzle"]},{"damage_healed":0.0,"max_hp_gain":0.0,"max_hp_loss":0.0,"gold_gain":50.0,"event_name":"Nest","player_choice":"Stole From Cult","floor":21.0,"gold_loss":0.0,"damage_taken":0.0},{"damage_healed":0.0,"max_hp_gain":0.0,"max_hp_loss":0.0,"gold_gain":0.0,"event_name":"Back to Basics","player_choice":"Simplicity","floor":22.0,"gold_loss":0.0,"damage_taken":0.0,"cards_upgraded":["Strike_G","Strike_G","Strike_G","Strike_G","Strike_G","Defend_G","Defend_G","Defend_G","Defend_G"]}],"is_beta":false,"boss_relics":[{"not_picked":["Velvet Choker","Calling Bell"],"picked":"Black Star"}],"items_purged_floors":[8],"is_endless":false,"potions_floor_spawned":[1,5,7,16,20,23],"killed_by":"Slavers","ascension_level":20}}