{"host":"zrg8yzdwi219jxzu","time":1611273258,"event":{"mods":["BaseMod","Minty Spire (QoL Compilation)","The IronCluck","slay the spire mod where everything is the same but ironclad has a cowboy hat"],"gold_per_floor":[116,116,66,84,9,40,215,215,215,246,246,260,260,260,260,391,391,406,31,56,79,79,79,79],"floor_reached":23,"language":"ENG","playtime":1092,"items_purged":["Strike_R","Strike_R"],"score":266,"play_id":"3268b450-a042-4bbe-86c2-78a99c30c7a8","local_time":"20210121185418","is_ascension_mode":true,"campfire_choices":[{"data":"Iron Wave","floor":11,"key":"SMITH"},{"data":"Bash","floor":15,"key":"SMITH"}],"circlet_count":0,"master_deck":["Strike_R+1","Defend_R","Defend_R+1","Defend_R+1","Defend_R+1","Bash+1","Cleave","Cleave","Iron Wave+1","Offering","True Grit+1","Rampage","Mayhem","True Grit","Warcry"],"relics":["Burning Blood","NeowsBlessing","War Paint","Lantern","Bag of Preparation","Golden Idol","Empty Cage","MutagenicStrength"],"acts_visited":["Exordium","TheCity"],"potions_floor_usage":[16,20,21],"damage_taken":[{"damage":0,"enemies":"2 Louse","floor":1,"turns":1},{"damage":0,"enemies":"Jaw Worm","floor":4,"turns":1},{"damage":0,"enemies":"3 Sentries","floor":6,"turns":2},{"damage":65,"enemies":"Lagavulin","floor":10,"turns":7},{"damage":0,"enemies":"Small Slimes","floor":12,"turns":1},{"damage":2,"enemies":"Slime Boss","floor":16,"turns":9},{"damage":22,"enemies":"Spheric Guardian","floor":18,"turns":4},{"damage":9,"enemies":"2 Thieves","floor":20,"turns":4},{"damage":17,"enemies":"Chosen and Byrds","floor":21,"turns":6},{"damage":47,"enemies":"Slavers","floor":23,"turns":3}],"seed_played":"6649901276318787320","potions_obtained":[{"floor":4,"key":"SpeedPotion"},{"floor":10,"key":"ColorlessPotion"},{"floor":12,"key":"Block Potion"},{"floor":18,"key":"Dexterity Potion"},{"floor":20,"key":"Strength Potion"}],"is_trial":false,"path_per_floor":["M","?","?","M","$","E","?","?","T","E","R","M","?","?","R","B",null,"M","$","M","M","?","E"],"character_chosen":"IRONCLAD","items_purchased":["Rampage","Mayhem"],"campfire_rested":0,"item_purchase_floors":[19,19],"current_hp_per_floor":[80,64,64,70,70,76,76,76,76,17,17,23,43,43,43,47,71,55,55,52,41,41,0,0],"gold":79,"neow_bonus":"THREE_ENEMY_KILL","is_daily":false,"chose_seed":false,"campfire_upgraded":2,"win_rate":0.0,"timestamp":1611273258,"path_taken":["M","?","?","M","?","E","?","?","T","E","R","?","?","?","R","BOSS","M","$","M","M","?","E"],"items_purchased_type":["Card","Card"],"build_version":"2020-12-22","purchased_purges":2,"victory":false,"max_hp_per_floor":[80,80,80,80,80,80,80,80,80,80,80,80,80,74,74,74,71,71,71,71,71,71,71,71],"card_choices":[{"not_picked":["Thunderclap","Iron Wave"],"picked":"Cleave","floor":1},{"not_picked":["Infernal Blade","Dual Wield","Headbutt"],"picked":"SKIP","floor":4},{"not_picked":["Dual Wield","Perfected Strike"],"picked":"Cleave","floor":6},{"not_picked":["Flex","Impervious"],"picked":"Iron Wave","floor":10},{"not_picked":["Burning Pact","Blood for Blood","Twin Strike"],"picked":"SKIP","floor":12},{"not_picked":["Bludgeon","Brutality"],"picked":"Offering","floor":16},{"not_picked":["Bloodletting+1","Headbutt"],"picked":"True Grit+1","floor":18},{"not_picked":["Clothesline","Havoc"],"picked":"True Grit","floor":20},{"not_picked":["Shrug It Off","Body Slam+1"],"picked":"Warcry","floor":21}],"player_experience":117798,"relics_obtained":[{"floor":6,"key":"War Paint"},{"floor":9,"key":"Lantern"},{"floor":10,"key":"Bag of Preparation"}],"event_choices":[{"damage_healed":0,"gold_gain":0,"player_choice":"Entered Light","damage_taken":16,"max_hp_gain":0,"max_hp_loss":0,"event_name":"Shining Light","floor":2,"gold_loss":0,"cards_upgraded":["Strike_R","Defend_R"]},{"cards_removed":["Strike_R"],"damage_healed":0,"gold_gain":0,"player_choice":"Card Removal","damage_taken":0,"max_hp_gain":0,"max_hp_loss":0,"event_name":"The Cleric","floor":3,"gold_loss":50},{"damage_healed":0,"gold_gain":175,"player_choice":"AGREE","damage_taken":0,"max_hp_gain":0,"max_hp_loss":0,"event_name":"Liars Game","floor":7,"gold_loss":0,"cards_obtained":["Doubt"]},{"cards_removed":["Doubt"],"damage_healed":0,"gold_gain":0,"player_choice":"Forget","damage_taken":0,"max_hp_gain":0,"max_hp_loss":0,"event_name":"Living Wall","floor":8,"gold_loss":0},{"damage_healed":20,"gold_gain":0,"player_choice":"Healed and dodged fight","damage_taken":0,"max_hp_gain":0,"max_hp_loss":0,"event_name":"Mushrooms","floor":13,"gold_loss":0,"cards_obtained":["Parasite"]},{"damage_healed":0,"gold_gain":0,"player_choice":"Lose Max HP","damage_taken":0,"relics_obtained":["Golden Idol"],"max_hp_gain":0,"max_hp_loss":6,"event_name":"Golden Idol","floor":14,"gold_loss":0},{"damage_healed":0,"gold_gain":0,"player_choice":"Inject Mutagens","damage_taken":0,"relics_obtained":["MutagenicStrength"],"max_hp_gain":0,"max_hp_loss":0,"event_name":"Drug Dealer","floor":22,"gold_loss":0}],"is_beta":false,"boss_relics":[{"not_picked":["Philosopher\u0027s Stone","Cursed Key"],"picked":"Empty Cage"}],"items_purged_floors":[5,19],"is_endless":false,"potions_floor_spawned":[4,10,12,18,20],"killed_by":"Slavers","ascension_level":4}}