{"host":"btt6ntw6a1bnaigc","time":1611265359,"event":{"mods":["AchievementEnabler","BaseMod","Downfall","Hermit","Minty Spire (QoL Compilation)","StSLib","The Cursed","The Mystic"],"gold_per_floor":[112,131,131,145,156,156,184,198,279,293,306,337,337,357,357,457,457,467,479,326,336,336,336,365,365,440,440,451,451,451,70,70,165,165,176,189,189,211,240,252,290,302,392,417,444,456,164,164,164,164,164,164,20,47,47,47],"floor_reached":55,"language":"ENG","playtime":5396,"items_purged":["Decay"],"score":731,"play_id":"d29ca8ac-36aa-4f83-8d4e-8840029ee1b3","local_time":"20210121214239","is_ascension_mode":false,"campfire_choices":[{"data":"hermit:LuckOfTheDraw","floor":6.0,"key":"SMITH"},{"data":"hermit:WideOpen","floor":13.0,"key":"SMITH"},{"data":"hermit:Maintenance","floor":15.0,"key":"SMITH"},{"data":"hermit:HeroicBravado","floor":23.0,"key":"SMITH"},{"data":"hermit:Dive","floor":25.0,"key":"SMITH"},{"floor":27.0,"key":"REST"},{"floor":32.0,"key":"RECALL"},{"floor":40,"key":"REST"},{"floor":42,"key":"REST"},{"floor":49,"key":"REST"},{"data":"hermit:OverwhelmingPower","floor":52,"key":"SMITH"}],"circlet_count":0,"master_deck":["hermit:Strike_Hermit","hermit:Strike_Hermit","hermit:Strike_Hermit","hermit:Defend_Hermit","hermit:Defend_Hermit","hermit:Defend_Hermit","hermit:Snapshot","hermit:GoldenBullet","hermit:LuckOfTheDraw+1","hermit:Deadeye","hermit:WideOpen+1","hermit:GoldenBullet","hermit:Horror","hermit:Deadeye","hermit:Brawl","hermit:Maintenance+1","hermit:HeroicBravado+1","hermit:BodyArmor","hermit:Dive+1","hermit:FullyLoaded+1","hermit:GoldenBullet","hermit:OverwhelmingPower+1","hermit:Glare+1","hermit:BigShot+1","hermit:LuckOfTheDraw"],"relics":["Sozu","Sundial","Pantograph","WingedGreaves","Empty Cage","Anchor","Akabeko","TungstenRod","Runic Dome","MawBank","Ancient Tea Set","Darkstone Periapt","downfall:ExtraCursedKey","TheAbacus","Pen Nib","HandDrill","Boot"],"acts_visited":["Exordium","TheCity","TheBeyond","TheEnding"],"potions_floor_usage":[],"damage_taken":[{"damage":0.0,"enemies":"Small Slimes","floor":1.0,"turns":2.0},{"damage":1.0,"enemies":"Cultist","floor":2.0,"turns":3.0},{"damage":2.0,"enemies":"2 Louse","floor":4.0,"turns":2.0},{"damage":8.0,"enemies":"Lots of Slimes","floor":5.0,"turns":4.0},{"damage":8.0,"enemies":"Gremlin Nob","floor":7.0,"turns":3.0},{"damage":0.0,"enemies":"Exordium Wildlife","floor":8.0,"turns":1.0},{"damage":2.0,"enemies":"Blue Slaver","floor":10.0,"turns":2.0},{"damage":7.0,"enemies":"Exordium Thugs","floor":11.0,"turns":2.0},{"damage":18.0,"enemies":"Lagavulin","floor":12.0,"turns":4.0},{"damage":8.0,"enemies":"Red Slaver","floor":14.0,"turns":2.0},{"damage":0.0,"enemies":"Slime Boss","floor":16.0,"turns":4.0},{"damage":25.0,"enemies":"3 Byrds","floor":18.0,"turns":5.0},{"damage":2.0,"enemies":"Chosen","floor":19.0,"turns":3.0},{"damage":15.0,"enemies":"Snake Plant","floor":21.0,"turns":4.0},{"damage":28.0,"enemies":"Gremlin Leader","floor":24.0,"turns":7.0},{"damage":4.0,"enemies":"Sentry and Sphere","floor":28.0,"turns":4.0},{"damage":29.0,"enemies":"Collector","floor":33.0,"turns":8.0},{"damage":16,"enemies":"3 Darklings","floor":35,"turns":3},{"damage":0,"enemies":"Orb Walker","floor":36,"turns":2},{"damage":8,"enemies":"4 Shapes","floor":38,"turns":4},{"damage":18,"enemies":"Jaw Worm Horde","floor":39,"turns":3},{"damage":8,"enemies":"Giant Head","floor":41,"turns":6},{"damage":10,"enemies":"3 Darklings","floor":44,"turns":4},{"damage":3,"enemies":"Transient","floor":45,"turns":5},{"damage":40,"enemies":"Time Eater","floor":50,"turns":10},{"damage":59,"enemies":"Shield and Spear","floor":54,"turns":7},{"damage":49,"enemies":"The Heart","floor":55,"turns":2}],"seed_played":"-2668365195607864019","potions_obtained":[],"is_trial":false,"path_per_floor":["M","M","?","M","M","R","E","M","T","M","M","E","R","M","R","B",null,"M","M","$","M","?","R","E","R","T","R","M","?","?","$","R","B",null,"M","M","?","M","M","R","E","R","T","M","M","?","$","?","R","B",null,"R","$","E","B"],"character_chosen":"HERMIT","items_purchased":["Anchor","TungstenRod","TheAbacus","Pen Nib","HandDrill"],"campfire_rested":4,"item_purchase_floors":[20,31,47,47,53],"current_hp_per_floor":[75,74,74,72,64,64,56,56,56,54,47,29,29,21,21,46,75,50,48,48,33,33,33,5,5,5,27,23,23,23,23,23,19,75,59,59,59,51,33,55,47,69,69,59,56,56,56,56,71,31,71,71,71,12,0,0],"gold":47,"neow_bonus":"BOSS_RELIC","is_daily":false,"chose_seed":false,"campfire_upgraded":6,"win_rate":0.0,"timestamp":1611265359,"path_taken":["M","M","?","?","M","R","E","M","T","M","M","E","R","M","R","BOSS","M","M","$","M","?","R","E","R","T","R","?","?","?","$","R","BOSS","M","M","?","M","M","R","E","R","T","M","?","?","$","?","R","BOSS","R","$","E","BOSS"],"items_purchased_type":["Relic","Relic","Relic","Relic","Relic"],"build_version":"2020-12-22","purchased_purges":1,"victory":false,"max_hp_per_floor":[75,75,75,75,75,75,75,75,75,75,75,75,75,75,75,75,75,75,75,75,75,75,75,75,75,75,75,75,75,75,75,75,75,75,75,75,75,75,75,75,75,75,75,75,75,75,75,71,71,71,71,71,71,71,71,71],"card_choices":[{"not_picked":["hermit:Midnight","hermit:Misfire"],"picked":"hermit:GoldenBullet","floor":1.0},{"not_picked":["hermit:CalledShot","hermit:Spite"],"picked":"hermit:LuckOfTheDraw","floor":2.0},{"not_picked":["hermit:Enervate","hermit:Dive"],"picked":"hermit:Deadeye","floor":4.0},{"not_picked":["hermit:Coalescence","hermit:HighCaliber","hermit:Headshot"],"picked":"SKIP","floor":5.0},{"not_picked":["hermit:Snipe","hermit:Misfire"],"picked":"hermit:WideOpen","floor":7.0},{"not_picked":["hermit:PistolWhip","hermit:Snipe"],"picked":"hermit:GoldenBullet","floor":8.0},{"not_picked":["hermit:Glare","hermit:Showdown"],"picked":"hermit:Horror","floor":10.0},{"not_picked":["hermit:LowProfile","hermit:Misfire"],"picked":"hermit:Deadeye","floor":11.0},{"not_picked":["hermit:Roulette","hermit:BlackWind"],"picked":"hermit:Brawl","floor":12.0},{"not_picked":["hermit:Malice","hermit:WideOpen"],"picked":"hermit:Maintenance","floor":14.0},{"not_picked":["hermit:Purgatory","hermit:FinalCanter"],"picked":"hermit:HeroicBravado","floor":16.0},{"not_picked":["hermit:Misfire","hermit:Headshot"],"picked":"hermit:BodyArmor","floor":18.0},{"not_picked":["hermit:Spite+1","hermit:WideOpen","hermit:Desperado+1"],"picked":"SKIP","floor":19.0},{"not_picked":["hermit:Manifest","hermit:Ricochet","hermit:Purgatory"],"picked":"SKIP","floor":21.0},{"not_picked":["hermit:Roulette","hermit:Headshot"],"picked":"hermit:Dive","floor":24.0},{"not_picked":["hermit:TakeCover","hermit:Grudge"],"picked":"hermit:FullyLoaded+1","floor":28.0},{"not_picked":["hermit:FatalDesire","hermit:Roughhouse"],"picked":"hermit:OverwhelmingPower","floor":33.0},{"not_picked":["hermit:BigShot","hermit:Midnight"],"picked":"hermit:Glare+1","floor":35},{"not_picked":["hermit:Maintenance","hermit:Manifest","hermit:Dive"],"picked":"SKIP","floor":36},{"not_picked":["hermit:LowProfile","hermit:Coalescence","hermit:Feint+1"],"picked":"SKIP","floor":38},{"not_picked":["hermit:Cheat+1","hermit:Manifest+1"],"picked":"hermit:BigShot+1","floor":39},{"not_picked":["hermit:BlackWind","hermit:GhostlyPresence+1","hermit:HoleUp"],"picked":"SKIP","floor":41},{"not_picked":["hermit:Ricochet","hermit:HoleUp"],"picked":"hermit:LuckOfTheDraw","floor":44},{"not_picked":["hermit:DeadMansHand+1","hermit:Quickdraw+1","hermit:HighCaliber"],"picked":"SKIP","floor":45},{"not_picked":["hermit:WideOpen+1","hermit:LuckOfTheDraw+1","hermit:SprayPray"],"picked":"SKIP","floor":54}],"player_experience":261067,"relics_obtained":[{"floor":7.0,"key":"Sundial"},{"floor":9.0,"key":"Pantograph"},{"floor":12.0,"key":"WingedGreaves"},{"floor":24.0,"key":"Akabeko"},{"floor":37,"key":"MawBank"},{"floor":41,"key":"Ancient Tea Set"},{"floor":43,"key":"Darkstone Periapt"},{"floor":54,"key":"Boot"}],"event_choices":[{"damage_healed":0.0,"max_hp_gain":0.0,"max_hp_loss":0.0,"gold_gain":0.0,"event_name":"NoteForYourself","player_choice":"Ignored","floor":3.0,"gold_loss":0.0,"damage_taken":0.0},{"damage_healed":0.0,"max_hp_gain":0.0,"max_hp_loss":0.0,"gold_gain":0.0,"event_name":"The Woman in Blue","player_choice":"Bought 0 Potions","floor":22.0,"gold_loss":0.0,"damage_taken":0.0},{"damage_healed":0.0,"max_hp_gain":0.0,"max_hp_loss":0.0,"gold_gain":0.0,"event_name":"Forgotten Altar","player_choice":"Smashed Altar","floor":29.0,"gold_loss":0.0,"damage_taken":0.0,"cards_obtained":["Decay"]},{"damage_healed":0.0,"max_hp_gain":0.0,"max_hp_loss":0.0,"gold_gain":0.0,"cards_transformed":["hermit:Covet"],"event_name":"Transmorgrifier","player_choice":"Transformed","floor":30.0,"gold_loss":0.0,"damage_taken":0.0,"cards_obtained":["hermit:GoldenBullet"]},{"damage_healed":0,"gold_gain":0,"player_choice":"Relic","damage_taken":0,"max_hp_gain":0,"max_hp_loss":0,"event_name":"Wheel of Change","floor":37,"gold_loss":0},{"damage_healed":0,"gold_gain":0,"player_choice":"Max HP","damage_taken":0,"max_hp_gain":0,"max_hp_loss":4,"event_name":"Winding Halls","floor":48,"gold_loss":0}],"is_beta":false,"boss_relics":[{"not_picked":["hermit:DentedPlate","Black Star"],"picked":"Empty Cage"},{"not_picked":["hermit:BartenderGlass","Pandora\u0027s Box"],"picked":"Runic Dome"}],"items_purged_floors":[31],"is_endless":false,"potions_floor_spawned":[1,4,7,10,11,12,16,21,28,33,36,41,44,45,54],"killed_by":"The Heart","ascension_level":0}}