{"host":"wonp23fsqqcu31ie","time":1611190896,"event":{"mods":["2.2 Compatiblity","AchievementEnabler","Aspiration","BaseMod","Bestiary","Better Altar","Better Match","Better Sensory Stone","Better Skull","Better Third Choice","BetterRewards","Block Reminder","Colored Map","Colored Powertips","Conspire","Curses Come First","DeckTracker","Displayed Cursed Tome","Downfall","Energized Spire","Evolution","Hermit","Highlight Path","Hubris","Infinite Spire","Marisa????????","Minty Spire (QoL Compilation)","Permanent Neow","Prisma Mod","Quick Restart","Rare Cards Sparkle","Relic Stats","Robot Space Explorer","Shade Mod","Shop Mod","StSLib","SuperFastMode","The Animator","The Bug Knight","The Construct","The Cursed","The Disciple","The Dragon Tamer","The Gatherer","The Hierophant","The Marked","The Necromancer","The Poker Player","The Runesmith","The Saiyan","The Servant 0.9.4","TheBandit"],"gold_per_floor":[116,116,116,131,33,58,58,91,91,108,183,153,163,180,180,279,279,292,292,311,311,329,329,329],"floor_reached":23,"language":"ENG","playtime":588,"items_purged":[],"score":289,"play_id":"fe79185c-159c-4449-bb73-9a82e3f12c49","local_time":"20210121120136","is_ascension_mode":true,"campfire_choices":[{"floor":15,"key":"REST"}],"circlet_count":0,"master_deck":["FlyingSleeves","FlyingSleeves","Strike_P","Strike_P","Defend_P","Defend_P","Defend_P","Defend_P","Eruption","Vigilance","WheelKick","PathToVictory","LikeWater","BowlingBash","WindmillStrike","Protect","Tantrum","Ragnarok","PathToVictory","Discovery","Madness","FollowUp","Prostrate","MentalFortress"],"relics":["EVO:Axolotl","hubris:CrackedHourglass","hexamod:BolsterEngine","HollowMod:PaleOreRelic","Bag of Marbles","VioletLotus"],"acts_visited":["Exordium","TheCity"],"potions_floor_usage":[8,13,16,18,22],"damage_taken":[{"damage":2,"enemies":"Cultist","floor":1,"turns":3},{"damage":3,"enemies":"2 Louse","floor":4,"turns":2},{"damage":30,"enemies":"3 Sentries","floor":6,"turns":6},{"damage":10,"enemies":"Gremlin Nob","floor":8,"turns":3},{"damage":0,"enemies":"Jaw Worm","floor":10,"turns":2},{"damage":0,"enemies":"2 Fungi Beasts","floor":13,"turns":2},{"damage":4,"enemies":"Large Slime","floor":14,"turns":4},{"damage":0,"enemies":"Slime Boss","floor":16,"turns":4},{"damage":0,"enemies":"3 Byrds","floor":18,"turns":4},{"damage":6,"enemies":"Chosen","floor":20,"turns":3},{"damage":16,"enemies":"3 Cultists","floor":22,"turns":3},{"damage":66,"enemies":"Slavers","floor":23,"turns":3}],"seed_played":"-1701206946459557094","potions_obtained":[{"floor":6,"key":"ColorlessPotion"},{"floor":8,"key":"champ:CounterPotion"},{"floor":12,"key":"Dexterity Potion"},{"floor":12,"key":"Weak Potion"},{"floor":13,"key":"Fruit Juice"},{"floor":16,"key":"Block Potion"},{"floor":20,"key":"Weak Potion"},{"floor":22,"key":"Ancient Potion"}],"is_trial":false,"path_per_floor":["M","$","?","M","$","E","?","E","T","M","?","?","M","M","R","B",null,"M","?","M","?","M","E"],"character_chosen":"WATCHER","items_purchased":["LikeWater","BowlingBash"],"campfire_rested":1,"item_purchase_floors":[5,5],"current_hp_per_floor":[70,70,75,72,72,42,42,32,32,32,21,21,26,22,46,46,82,82,82,76,76,60,0,0],"gold":329,"neow_bonus":"BOSS_RELIC","is_daily":false,"chose_seed":false,"campfire_upgraded":0,"win_rate":0.0,"timestamp":1611190896,"path_taken":["M","?","?","?","$","E","?","E","T","M","?","?","M","?","R","BOSS","M","?","M","?","M","E"],"items_purchased_type":["Card","Card"],"build_version":"2020-12-22","purchased_purges":0,"victory":false,"max_hp_per_floor":[72,72,77,77,77,77,77,77,77,77,77,77,82,82,82,82,82,82,82,82,82,82,82,82],"relic_stats":{"counters":[116,467],"VioletLotus":[1],"obtain_stats":[{"Golden Egg":8,"Calipers":13,"Nilry\u0027s Codex":19,"Vajra":10,"Ginger":8,"EVO:Axolotl":0,"m_GuardianBlood":0,"Boot":53,"Sling":0,"aspiration:RitualStick":30,"Centennial Puzzle":21,"Lizard Tail":10,"HornCleat":2,"aspiration:BabyByrd":4,"DollysMirror":17,"Strawberry":17,"aspiration:ArtOfWarUpgrade":30,"Philosopher\u0027s Stone":34,"Iron Hammer":28,"VioletLotus":34,"Replay:Bottled Flurry":48,"Kunai":31,"HollowMod:PaleOreRelic":0,"TheCursedMod:BlackMagic101":0,"MerchantsRug":8,"Pear":40,"construct:RocketBooster":0,"aspiration:Nostalgia":0,"Replay:Grab Bag":17,"Counterbalance":14,"conspire:SlowCooker":34,"Guardian:PocketSentry":8,"aspiration:SeaSaltIceCream":21,"Replay:Kaleidoscope":27,"ReplayTheSpireMod:Shallot":14,"ReplayTheSpireMod:Ring of Collecting":13,"Bronze Scales":26,"MutagenicStrength":28,"hubris:PeanutButter":17,"Onion Ring":19,"Black Star":17,"aspiration:HatOfInfinitePower":17,"ReplayTheSpireMod:Ring of Exchange":13,"aspiration:Lifesprig":6,"Replay:Purple Gloves":0,"Blue Doll":3,"conspire:SpecialSausage":17,"hubris:SlimyHat":0,"Bag of Preparation":6,"TeardropLocket":9,"Replay:Mystery Machine":2,"hubris:EmptyBottle":28,"hubris:RunicObelisk":27,"Cursed Key":17,"Smiling Mask":2,"PrismaticShard":31,"Pet Ghost":28,"Replay:Rubber Ducky":9,"conspire:InfiniteJournal":27,"Nunchaku":8,"Replay:Bandana":0,"hubris:Backtick":17,"aspiration:DefectSkillbook":21,"hubris:ScarierMask":34,"Replay:Bottled Snecko":24,"Potion Belt":0,"BargainBundle":21,"Lee\u0027s Waffle":7,"aspiration:FetidBarrel":17,"Damaru":11,"PreservedInsect":26,"aspiration:HummingbirdHeart":26,"Omamori":44,"aspiration:SecretTechniqueScroll":34,"infinitespire:Lucky Rock":20,"hubris:Towel":36,"Frozen Egg 2":23,"Calling Bell":17,"Cauldron":0,"CaptainsWheel":17,"Busted Crown":34,"Ring of Fury":26,"Snack Pack":9,"hubris:GrandSneckoEye":17,"Art of War":23,"Garlic":29,"Bag of Marbles":7,"Membership Card":17,"Runesmith:AutoHammer":0,"PureWater":0,"conspire:DeflatedDodgeball":9,"hubris:CrackedHourglass":0,"hexamod:BolsterEngine":6,"hubris:Potato":0,"ReplayTheSpireMod:ShopPack":53},{"Golden Egg":26,"Calipers":48,"Nilry\u0027s Codex":14,"Vajra":89,"Ginger":4,"EVO:Axolotl":104,"m_GuardianBlood":42,"Boot":69,"Sling":71,"aspiration:RitualStick":98,"Centennial Puzzle":15,"Lizard Tail":76,"HornCleat":43,"aspiration:BabyByrd":2,"DollysMirror":31,"Strawberry":13,"aspiration:ArtOfWarUpgrade":18,"Philosopher\u0027s Stone":38,"Iron Hammer":17,"VioletLotus":38,"Replay:Bottled Flurry":68,"Kunai":37,"HollowMod:PaleOreRelic":71,"TheCursedMod:BlackMagic101":5,"MerchantsRug":9,"Pear":63,"construct:RocketBooster":71,"aspiration:Nostalgia":5,"Replay:Grab Bag":13,"Counterbalance":48,"conspire:SlowCooker":20,"Guardian:PocketSentry":88,"aspiration:SeaSaltIceCream":15,"Replay:Kaleidoscope":96,"ReplayTheSpireMod:Shallot":30,"ReplayTheSpireMod:Ring of Collecting":29,"Bronze Scales":34,"MutagenicStrength":55,"hubris:PeanutButter":13,"Onion Ring":32,"Black Star":80,"aspiration:HatOfInfinitePower":13,"ReplayTheSpireMod:Ring of Exchange":29,"aspiration:Lifesprig":74,"Replay:Purple Gloves":71,"Blue Doll":2,"conspire:SpecialSausage":93,"hubris:SlimyHat":0,"Bag of Preparation":9,"TeardropLocket":88,"Replay:Mystery Machine":2,"hubris:EmptyBottle":17,"hubris:RunicObelisk":96,"Cursed Key":13,"Smiling Mask":23,"PrismaticShard":98,"Pet Ghost":17,"Replay:Rubber Ducky":26,"conspire:InfiniteJournal":55,"Nunchaku":9,"Replay:Bandana":22,"hubris:Backtick":13,"aspiration:DefectSkillbook":15,"hubris:ScarierMask":38,"Replay:Bottled Snecko":96,"Potion Belt":84,"BargainBundle":15,"Lee\u0027s Waffle":26,"aspiration:FetidBarrel":49,"Damaru":28,"PreservedInsect":96,"aspiration:HummingbirdHeart":54,"Omamori":65,"aspiration:SecretTechniqueScroll":59,"infinitespire:Lucky Rock":82,"hubris:Towel":39,"Frozen Egg 2":53,"Calling Bell":13,"Cauldron":84,"CaptainsWheel":49,"Busted Crown":38,"Ring of Fury":34,"Snack Pack":9,"hubris:GrandSneckoEye":13,"Art of War":16,"Garlic":56,"Bag of Marbles":88,"Membership Card":13,"Runesmith:AutoHammer":71,"PureWater":0,"conspire:DeflatedDodgeball":46,"hubris:CrackedHourglass":104,"hexamod:BolsterEngine":107,"hubris:Potato":71,"ReplayTheSpireMod:ShopPack":69},{"Golden Egg":105,"Calipers":198,"Nilry\u0027s Codex":62,"Vajra":374,"Ginger":12,"EVO:Axolotl":428,"m_GuardianBlood":184,"Boot":299,"Sling":312,"aspiration:RitualStick":408,"Centennial Puzzle":65,"Lizard Tail":323,"HornCleat":186,"aspiration:BabyByrd":6,"DollysMirror":137,"Strawberry":59,"aspiration:ArtOfWarUpgrade":73,"Philosopher\u0027s Stone":171,"Iron Hammer":70,"VioletLotus":171,"Replay:Bottled Flurry":293,"Kunai":163,"HollowMod:PaleOreRelic":312,"TheCursedMod:BlackMagic101":30,"MerchantsRug":43,"Pear":270,"construct:RocketBooster":312,"aspiration:Nostalgia":30,"Replay:Grab Bag":59,"Counterbalance":198,"conspire:SlowCooker":81,"Guardian:PocketSentry":369,"aspiration:SeaSaltIceCream":65,"Replay:Kaleidoscope":402,"ReplayTheSpireMod:Shallot":127,"ReplayTheSpireMod:Ring of Collecting":123,"Bronze Scales":150,"MutagenicStrength":236,"hubris:PeanutButter":59,"Onion Ring":142,"Black Star":337,"aspiration:HatOfInfinitePower":59,"ReplayTheSpireMod:Ring of Exchange":123,"aspiration:Lifesprig":320,"Replay:Purple Gloves":312,"Blue Doll":6,"conspire:SpecialSausage":390,"hubris:SlimyHat":0,"Bag of Preparation":43,"TeardropLocket":369,"Replay:Mystery Machine":6,"hubris:EmptyBottle":70,"hubris:RunicObelisk":402,"Cursed Key":59,"Smiling Mask":91,"PrismaticShard":408,"Pet Ghost":70,"Replay:Rubber Ducky":105,"conspire:InfiniteJournal":236,"Nunchaku":43,"Replay:Bandana":87,"hubris:Backtick":59,"aspiration:DefectSkillbook":65,"hubris:ScarierMask":171,"Replay:Bottled Snecko":402,"Potion Belt":355,"BargainBundle":65,"Lee\u0027s Waffle":105,"aspiration:FetidBarrel":210,"Damaru":119,"PreservedInsect":402,"aspiration:HummingbirdHeart":230,"Omamori":280,"aspiration:SecretTechniqueScroll":258,"infinitespire:Lucky Rock":346,"hubris:Towel":173,"Frozen Egg 2":226,"Calling Bell":59,"Cauldron":355,"CaptainsWheel":210,"Busted Crown":171,"Ring of Fury":150,"Snack Pack":43,"hubris:GrandSneckoEye":59,"Art of War":67,"Garlic":239,"Bag of Marbles":369,"Membership Card":59,"Runesmith:AutoHammer":312,"PureWater":0,"conspire:DeflatedDodgeball":193,"hubris:CrackedHourglass":428,"hexamod:BolsterEngine":439,"hubris:Potato":312,"ReplayTheSpireMod:ShopPack":299}]},"card_choices":[{"not_picked":["ForeignInfluence","Weave"],"picked":"WheelKick","floor":1},{"not_picked":["EmptyFist","CutThroughFate"],"picked":"PathToVictory","floor":4},{"not_picked":["Evaluate","EmptyMind"],"picked":"WindmillStrike","floor":6},{"not_picked":["Vengeance","JustLucky"],"picked":"Protect","floor":8},{"not_picked":["Protect","ClearTheMind","FlyingSleeves"],"picked":"SKIP","floor":10},{"not_picked":["InnerPeace","JustLucky","WindmillStrike"],"picked":"SKIP","floor":13},{"not_picked":["Consecrate","EmptyFist"],"picked":"Tantrum","floor":14},{"not_picked":["LessonLearned","SpiritShield"],"picked":"Ragnarok","floor":16},{"not_picked":["Crescendo","BattleHymn"],"picked":"PathToVictory","floor":18},{"not_picked":["hubris:EnhanceAbility","PanicButton"],"picked":"Discovery","floor":19},{"not_picked":["Purity","Dark Shackles"],"picked":"Madness","floor":19},{"not_picked":["WaveOfTheHand","FlurryOfBlows"],"picked":"FollowUp","floor":20},{"not_picked":["Sanctity","JustLucky"],"picked":"MentalFortress","floor":22}],"player_experience":576352,"relics_obtained":[{"floor":6,"key":"hexamod:BolsterEngine"},{"floor":8,"key":"HollowMod:PaleOreRelic"},{"floor":9,"key":"Bag of Marbles"}],"event_choices":[{"damage_healed":0,"gold_gain":0,"player_choice":"Donut","damage_taken":0,"max_hp_gain":5,"max_hp_loss":0,"event_name":"Big Fish","floor":3,"gold_loss":0},{"damage_healed":0,"gold_gain":75,"player_choice":"Gold","damage_taken":11,"max_hp_gain":0,"max_hp_loss":0,"event_name":"betterThird:BetterGoop","floor":11,"gold_loss":0},{"damage_healed":0,"gold_gain":0,"player_choice":"Bought 2 Potions","damage_taken":0,"max_hp_gain":0,"max_hp_loss":0,"event_name":"The Woman in Blue","floor":12,"gold_loss":0},{"damage_healed":0,"gold_gain":2,"player_choice":"1","damage_taken":0,"max_hp_gain":0,"max_hp_loss":0,"event_name":"betterStone:BetterStone","floor":19,"gold_loss":0},{"damage_healed":0,"gold_gain":0,"player_choice":"Read","damage_taken":0,"max_hp_gain":0,"max_hp_loss":0,"event_name":"The Library","floor":21,"gold_loss":0,"cards_obtained":["Prostrate"]}],"is_beta":false,"boss_relics":[{"not_picked":["Velvet Choker","energizedSpire:CursedPentagram"],"picked":"VioletLotus"}],"items_purged_floors":[],"is_endless":false,"potions_floor_spawned":[6,8,13,16,20,22],"killed_by":"Slavers","ascension_level":3}}