{"host":"agbyy69nq62afhwx","time":1611262866,"event":{"mods":["BaseMod","Colored Map","DeckTracker","Highlight Path","Keyboard Shortcuts","Minty Spire (QoL Compilation)","Quick Restart","StSLib","SuperFastMode","everything is the same but u backflip on backflip"],"gold_per_floor":[109,127,146,96,114,139,139,139,139,154,175,175,175,195,195,298,298,313,313,25,25,25,25,55,55,55,55,67,79,79,79],"floor_reached":30,"language":"KOR","playtime":762,"items_purged":["Strike_B"],"score":400,"play_id":"4d82d987-3483-41e6-b2a7-510086248b6a","local_time":"20210122060106","is_ascension_mode":true,"campfire_choices":[{"data":"Defragment","floor":8.0,"key":"SMITH"},{"floor":12.0,"key":"REST"},{"floor":15.0,"key":"REST"},{"data":"Hologram","floor":23.0,"key":"SMITH"},{"floor":25.0,"key":"REST"}],"circlet_count":0,"master_deck":["AscendersBane","Defend_B","Defend_B","Defend_B","Zap","Dualcast","Core Surge","Sunder","Ball Lightning","Glacier","Defragment+1","Auto Shields","Hologram+1","Machine Learning","Creative AI","Double Energy","RitualDagger+1","Loop"],"relics":["Cracked Core","Molten Egg 2","Pear","Odd Mushroom","Philosopher\u0027s Stone","Runic Capacitor","StrikeDummy","Ancient Tea Set"],"acts_visited":["Exordium","TheCity"],"potions_floor_usage":[30,30],"damage_taken":[{"damage":0.0,"enemies":"Cultist","floor":1.0,"turns":2.0},{"damage":0.0,"enemies":"Small Slimes","floor":2.0,"turns":3.0},{"damage":2.0,"enemies":"Jaw Worm","floor":3.0,"turns":2.0},{"damage":17.0,"enemies":"Large Slime","floor":5.0,"turns":5.0},{"damage":22.0,"enemies":"3 Sentries","floor":6.0,"turns":8.0},{"damage":12.0,"enemies":"Lots of Slimes","floor":10.0,"turns":3.0},{"damage":15.0,"enemies":"The Mushroom Lair","floor":11.0,"turns":3.0},{"damage":18.0,"enemies":"Blue Slaver","floor":14.0,"turns":3.0},{"damage":35.0,"enemies":"Slime Boss","floor":16.0,"turns":8.0},{"damage":8.0,"enemies":"Spheric Guardian","floor":18.0,"turns":7.0},{"damage":0.0,"enemies":"3 Byrds","floor":22.0,"turns":1.0},{"damage":47.0,"enemies":"Book of Stabbing","floor":24.0,"turns":7.0},{"damage":14.0,"enemies":"Snecko","floor":28.0,"turns":5.0},{"damage":0.0,"enemies":"Cultist and Chosen","floor":29.0,"turns":6.0},{"damage":4,"enemies":"Slavers","floor":30,"turns":2}],"seed_played":"2731181559830045063","potions_obtained":[{"floor":1.0,"key":"SmokeBomb"},{"floor":10.0,"key":"DistilledChaos"},{"floor":24.0,"key":"ColorlessPotion"},{"floor":29.0,"key":"BlessingOfTheForge"}],"is_trial":false,"path_per_floor":["M","M","M","?","M","E","?","R","T","M","?","R","?","M","R","B",null,"M","?","$","?","M","R","E","R","T","?","M","M","E"],"character_chosen":"DEFECT","items_purchased":["Runic Capacitor","Loop"],"campfire_rested":3,"item_purchase_floors":[20,20],"current_hp_per_floor":[68,68,66,66,49,27,27,27,37,25,10,35,35,17,42,7,66,58,52,52,52,52,52,5,30,30,30,16,16,12,12],"gold":79,"neow_bonus":"ONE_RANDOM_RARE_CARD","is_daily":false,"chose_seed":false,"campfire_upgraded":2,"win_rate":0.0,"timestamp":1611262866,"path_taken":["M","?","?","?","M","E","?","R","T","?","?","R","?","?","R","BOSS","M","?","$","?","M","R","E","R","T","?","M","M","E"],"items_purchased_type":["Relic","Card"],"build_version":"2020-12-22","purchased_purges":1,"victory":false,"max_hp_per_floor":[75,75,75,75,75,75,75,75,85,85,85,85,85,85,85,85,85,85,85,85,85,85,85,85,85,85,85,85,85,85,85],"card_choices":[{"not_picked":["Skim","Beam Cell"],"picked":"Sunder","floor":1.0},{"not_picked":["Streamline","Compile Driver"],"picked":"Ball Lightning","floor":2.0},{"not_picked":["Melter","Steam"],"picked":"Glacier","floor":3.0},{"not_picked":["Rebound","Ball Lightning","Barrage"],"picked":"SKIP","floor":5.0},{"not_picked":["Hello World","Force Field"],"picked":"Defragment","floor":6.0},{"not_picked":["Conserve Battery","Recycle"],"picked":"Hologram","floor":10.0},{"not_picked":["Barrage+1","Rebound+1"],"picked":"Machine Learning","floor":14.0},{"not_picked":["Fission","Thunder Strike+1"],"picked":"Creative AI","floor":16.0},{"not_picked":["Beam Cell+1","Cold Snap+1"],"picked":"Double Energy","floor":18.0},{"not_picked":["Force Field","Rip and Tear+1","Leap"],"picked":"SKIP","floor":24.0},{"not_picked":["Conserve Battery","Sweeping Beam+1","Loop"],"picked":"SKIP","floor":28.0},{"not_picked":["Double Energy","Reinforced Body","Steam Power"],"picked":"SKIP","floor":29.0}],"player_experience":424265,"relics_obtained":[{"floor":6.0,"key":"Molten Egg 2"},{"floor":9.0,"key":"Pear"},{"floor":11.0,"key":"Odd Mushroom"},{"floor":24.0,"key":"StrikeDummy"},{"floor":26.0,"key":"Ancient Tea Set"}],"event_choices":[{"cards_removed":["Strike_B"],"damage_healed":0.0,"max_hp_gain":0.0,"max_hp_loss":0.0,"gold_gain":0.0,"event_name":"The Cleric","player_choice":"Card Removal","floor":4.0,"gold_loss":50.0,"damage_taken":0.0},{"damage_healed":0.0,"max_hp_gain":0.0,"max_hp_loss":0.0,"gold_gain":0.0,"cards_transformed":["Defend_B"],"event_name":"Transmorgrifier","player_choice":"Transformed","floor":7.0,"gold_loss":0.0,"damage_taken":0.0,"cards_obtained":["Auto Shields"]},{"damage_healed":0.0,"max_hp_gain":0.0,"max_hp_loss":0.0,"gold_gain":0.0,"event_name":"Mushrooms","player_choice":"Fought Mushrooms","floor":11.0,"gold_loss":0.0,"damage_taken":0.0},{"damage_healed":0.0,"max_hp_gain":0.0,"max_hp_loss":0.0,"gold_gain":0.0,"event_name":"The Woman in Blue","player_choice":"Bought 0 Potions","floor":13.0,"gold_loss":0.0,"damage_taken":0.0},{"damage_healed":0.0,"max_hp_gain":0.0,"max_hp_loss":0.0,"gold_gain":0.0,"event_name":"Nest","player_choice":"Joined the Cult","floor":19.0,"gold_loss":0.0,"damage_taken":6.0,"cards_obtained":["RitualDagger"]},{"cards_removed":["Strike_B"],"damage_healed":0.0,"max_hp_gain":0.0,"max_hp_loss":0.0,"gold_gain":0.0,"event_name":"Back to Basics","player_choice":"Elegance","floor":21.0,"gold_loss":0.0,"damage_taken":0.0},{"cards_removed":["Strike_B"],"damage_healed":0.0,"max_hp_gain":0.0,"max_hp_loss":0.0,"gold_gain":0.0,"event_name":"Purifier","player_choice":"Purged","floor":27.0,"gold_loss":0.0,"damage_taken":0.0}],"is_beta":false,"boss_relics":[{"not_picked":["Calling Bell","Inserter"],"picked":"Philosopher\u0027s Stone"}],"items_purged_floors":[20],"is_endless":false,"potions_floor_spawned":[1,10,11,14,24,29],"killed_by":"Slavers","ascension_level":12}}