{"host":"rng0zyo66qdcpyr0","time":1611235957,"event":{"mods":["Ascension Reborn","BaseMod","Lobotomy","LobotomyExtend","Minty Spire (QoL Compilation)","Nova Terra(诺娃・泰拉)","Reimu（博丽灵梦）","Remilia（蕾米莉亚）","RumiaBox-露米娅的神秘盒子","StSLib","TestMod","WarShipGirlsR/战舰少女R mod","Yakumo Yukari mod","[GremlinLeader]The Maniac","【功能Mod】混沌之环修复补丁","【遗物卡牌】REMEMod"],"gold_per_floor":[109,109,129,142,142,145,55,117,117,149,149,175,175,193,193,266,266,293,270,270,185,185,218,218,244,269,269,286,286,310,319,319,429,429,449,449,464,493,511,547,562,562,562,585,641,641,668,671,671],"floor_reached":48,"language":"ZHS","playtime":3132,"items_purged":[],"score":612,"play_id":"8dadaa45-d988-4c8e-b5a5-1937cde03d38","local_time":"20210121213237","is_ascension_mode":false,"campfire_choices":[{"floor":11,"key":"RECALL"},{"data":"LovePray:ReiMu","floor":13,"key":"SMITH"},{"data":"YinYang:ReiMu","floor":15,"key":"SMITH"},{"data":"PrayRite:ReiMu","floor":24,"key":"SMITH"},{"data":"YinYang:ReiMu","floor":27,"key":"SMITH"},{"data":"NineCharacters:ReiMu","floor":29,"key":"SMITH"},{"data":"FineLineFantasy:ReiMu","floor":32,"key":"SMITH"},{"data":"Gathering:ReiMu","floor":42,"key":"SMITH"}],"circlet_count":0,"master_deck":["Septette+1","OrbThrow:ReiMu","BarrageOfMoneybags:ReiMu","CareerPray:ReiMu","Meditation:ReiMu","Shading:ReiMu+1","HakureiPhantom:ReiMu+1","Determination:ReiMu+1","Shading:ReiMu+1","RunawayExorcism:ReiMu+1","BlastKick2:ReiMu+1","OctopathSalyBorderN:ReiMu+1","KyokaiOfKami:ReiMu+1","Dreaming:ReiMu+1","Intuition:ReiMu","EmergencyTakeOff:ReiMu","NineCharacters:ReiMu+1","FineLineFantasy:ReiMu+1","LovePray:ReiMu+1","MikOfLucky:ReiMu+1","YinYang:ReiMu+1","Meditation:ReiMu","SpringWay:ReiMu","PrayRite:ReiMu+1","FineLineFantasy:ReiMu+1","SpreadBorder2:ReiMu","YinYang:ReiMu+1","Amulet:ReiMu","SealNeedle:ReiMu","DependentForm:ReiMu","FantasyBorder:ReiMu+1","UpKicking:ReiMu+1","Gathering:ReiMu+1","KamiRite:ReiMu","Shading:ReiMu"],"relics":["FlyPower:ReiMu","REME_ComplimentaryCards","testmod-TestBox","testmod-IndustrialRevolution","LetterFromLob","GremlinMask","REME_ArchaeologicalTools","BodyOfKamiR:ReiMu","GodSword1","Heaven_r","testmod-Fanaticism","Vajra","Bag of Marbles","GodSword4","Strawberry","Ccalipers","SlaversCollar","Regal Pillow","Lantern","Bottled Flame","testmod-LifeArmor"],"acts_visited":["Exordium","TheCity","TheBeyond"],"potions_floor_usage":[28,30,44],"damage_taken":[{"damage":1,"enemies":"2 Louse","floor":1,"turns":2},{"damage":3,"enemies":"Cultist","floor":3,"turns":3},{"damage":0,"enemies":"Small Slimes","floor":4,"turns":5},{"damage":4,"enemies":"Gremlin Nob","floor":6,"turns":3},{"damage":2,"enemies":"3 Sentries","floor":8,"turns":2},{"damage":47,"enemies":"Red Slaver","floor":10,"turns":4},{"damage":9,"enemies":"Red Slaver","floor":12,"turns":3},{"damage":3,"enemies":"Blue Slaver","floor":14,"turns":2},{"damage":15,"enemies":"The Guardian","floor":16,"turns":6},{"damage":15,"enemies":"Shell Parasite","floor":18,"turns":4},{"damage":9,"enemies":"2 Thieves","floor":19,"turns":2},{"damage":18,"enemies":"Gremlin Leader","floor":23,"turns":3},{"damage":7,"enemies":"Book of Stabbing","floor":25,"turns":2},{"damage":21,"enemies":"REME_1_Revenger","floor":28,"turns":3},{"damage":23,"enemies":"Shelled Parasite and Fungi","floor":30,"turns":2},{"damage":34,"enemies":"Chosen and Byrds","floor":31,"turns":2},{"damage":35,"enemies":"Champ","floor":33,"turns":8},{"damage":0,"enemies":"3 Shapes","floor":35,"turns":1},{"damage":13,"enemies":"3 Darklings","floor":37,"turns":2},{"damage":0,"enemies":"Sphere and 2 Shapes","floor":38,"turns":2},{"damage":11,"enemies":"4 Shapes","floor":39,"turns":2},{"damage":0,"enemies":"Reptomancer","floor":40,"turns":3},{"damage":0,"enemies":"Jaw Worm Horde","floor":41,"turns":1},{"damage":30,"enemies":"3 Darklings","floor":44,"turns":4},{"damage":103,"enemies":"Nemesis","floor":45,"turns":7},{"damage":7,"enemies":"Spire Growth","floor":47,"turns":5},{"damage":100,"enemies":"Writhing Mass","floor":48,"turns":3}],"seed_played":"2988354252626116301","potions_obtained":[{"floor":1,"key":"SmokeBomb"},{"floor":6,"key":"ZuzhouPotion:ReiMu"},{"floor":12,"key":"Ancient Potion"},{"floor":18,"key":"Block Potion"},{"floor":25,"key":"Regen Potion"},{"floor":28,"key":"SteroidPotion"},{"floor":37,"key":"GamblersBrew"},{"floor":39,"key":"Weak Potion"},{"floor":40,"key":"AttackPotion"}],"is_trial":false,"path_per_floor":["M","?","M","M","?","E","?","E","T","M","R","M","R","M","R","B",null,"M","M","?","?","?","E","R","E","T","R","E","R","M","M","R","B",null,"M","?","M","M","M","E","M","R","T","M","E","?","M","M"],"character_chosen":"REIMU","items_purchased":[],"campfire_rested":0,"item_purchase_floors":[],"current_hp_per_floor":[64,64,61,61,61,57,57,55,55,53,53,44,44,41,41,26,65,62,55,44,44,44,70,70,77,77,77,60,60,69,77,77,77,77,77,77,69,69,58,58,58,58,58,77,52,52,49,0,0],"gold":671,"neow_bonus":"THREE_CARDS","is_daily":false,"chose_seed":false,"campfire_upgraded":7,"win_rate":0.0,"timestamp":1611235957,"path_taken":["M","?","M","?","?","E","?","E","T","M","R","M","R","M","R","BOSS","M","M","?","?","?","E","R","E","T","R","E","R","M","M","R","BOSS","M","?","M","M","M","E","M","R","T","?","E","?","?","M"],"items_purchased_type":[],"build_version":"2020-12-22","purchased_purges":0,"victory":false,"max_hp_per_floor":[65,65,65,65,65,65,65,65,65,65,65,65,65,65,65,65,65,65,65,70,70,70,70,70,77,77,77,77,77,77,77,77,77,77,77,77,77,77,77,77,77,77,77,77,77,77,77,77,77],"card_choices":[{"not_picked":["Intuition:ReiMu","EmergencyTakeOff:ReiMu"],"picked":"OrbThrow:ReiMu","floor":0},{"not_picked":["Conquer:ReiMu","SubcavityInstant:ReiMu"],"picked":"BarrageOfMoneybags:ReiMu","floor":1},{"not_picked":["SubAcupoint:ReiMu","WonderfulDomain:ReiMu"],"picked":"CareerPray:ReiMu","floor":3},{"not_picked":["InherentArray:ReiMu","AlertArray:ReiMu"],"picked":"Meditation:ReiMu","floor":4},{"not_picked":["Enchanting:ReiMu","SubcavityInstant:ReiMu"],"picked":"Intuition:ReiMu","floor":6},{"not_picked":[],"picked":"EmergencyTakeOff:ReiMu","floor":7},{"not_picked":[],"picked":"NineCharacters:ReiMu","floor":7},{"not_picked":[],"picked":"FineLineFantasy:ReiMu","floor":7},{"not_picked":[],"picked":"LovePray:ReiMu","floor":7},{"not_picked":[],"picked":"MikOfLucky:ReiMu","floor":7},{"not_picked":[],"picked":"YinYang:ReiMu","floor":7},{"not_picked":["CeremonyResonance:ReiMu","SafetyPray:ReiMu"],"picked":"Meditation:ReiMu","floor":8},{"not_picked":["SealNeedle:ReiMu","FineLineFantasy:ReiMu"],"picked":"SpringWay:ReiMu","floor":12},{"not_picked":["OrbThrow:ReiMu","MountainWay:ReiMu","SubcavityInstant:ReiMu"],"picked":"SKIP","floor":14},{"not_picked":["CardOfSanctity:ReiMu","Determination:ReiMu"],"picked":"PrayRite:ReiMu","floor":16},{"not_picked":["OrbThrow:ReiMu","SpiritualOutbreak2:ReiMu"],"picked":"FineLineFantasy:ReiMu+1","floor":18},{"not_picked":["OrbThrow:ReiMu","SubAcupoint:ReiMu"],"picked":"SpreadBorder2:ReiMu","floor":19},{"not_picked":["RainPray2:ReiMu","NineCharacters:ReiMu"],"picked":"YinYang:ReiMu","floor":23},{"not_picked":["SafetyPray:ReiMu","FantasyMoon:ReiMu"],"picked":"Amulet:ReiMu","floor":25},{"not_picked":["Crusade:ReiMu","Enchanting:ReiMu","AlertArray:ReiMu"],"picked":"SKIP","floor":28},{"not_picked":["Amulet:ReiMu","AirStrike:ReiMu"],"picked":"SealNeedle:ReiMu","floor":30},{"not_picked":["CareerPray:ReiMu","EmergencyTakeOff:ReiMu+1","BarrageOfMoneybags:ReiMu"],"picked":"SKIP","floor":31},{"not_picked":["RunawayExorcism:ReiMu","HakureiPhantom:ReiMu"],"picked":"DependentForm:ReiMu","floor":33},{"not_picked":["TightArray:ReiMu+1","CareerPray:ReiMu","AlertArray:ReiMu"],"picked":"SKIP","floor":35},{"not_picked":["WonderfulDomain:ReiMu","UpKicking:ReiMu+1"],"picked":"FantasyBorder:ReiMu+1","floor":37},{"not_picked":["EmergencyTakeOff:ReiMu","ShadowOfCrow2:ReiMu","KamiSacrifice:ReiMu+1"],"picked":"SKIP","floor":38},{"not_picked":["SubAcupoint:ReiMu","RainPray2:ReiMu"],"picked":"UpKicking:ReiMu+1","floor":39},{"not_picked":["Amulet:ReiMu","Enchanting:ReiMu+1"],"picked":"Gathering:ReiMu","floor":40},{"not_picked":["CareerPray:ReiMu+1","AirManeuver:ReiMu+1","SafetyPray:ReiMu"],"picked":"SKIP","floor":41},{"not_picked":["Intuition:ReiMu","SealNeedle:ReiMu"],"picked":"KamiRite:ReiMu","floor":44},{"not_picked":["PassingAway:ReiMu+1","FantasyMoon:ReiMu+1","Amulet:ReiMu+1"],"picked":"SKIP","floor":45},{"not_picked":["Conquer:ReiMu+1","PrepareRite:ReiMu","Meditation:ReiMu+1"],"picked":"SKIP","floor":47}],"player_experience":115356,"relics_obtained":[{"floor":1,"key":"LetterFromLob"},{"floor":6,"key":"REME_ArchaeologicalTools"},{"floor":8,"key":"BodyOfKamiR:ReiMu"},{"floor":9,"key":"GodSword1"},{"floor":23,"key":"GodSword4"},{"floor":25,"key":"Strawberry"},{"floor":28,"key":"Ccalipers"},{"floor":40,"key":"Lantern"},{"floor":43,"key":"Bottled Flame"},{"floor":45,"key":"testmod-LifeArmor"}],"event_choices":[{"damage_healed":0,"gold_gain":0,"player_choice":"Trade","damage_taken":0,"relics_obtained":["GremlinMask"],"max_hp_gain":0,"max_hp_loss":0,"event_name":"FaceTrader","floor":2,"gold_loss":0},{"damage_healed":0,"gold_gain":0,"player_choice":"Swap Relic","damage_taken":0,"relics_obtained":["SumBook"],"max_hp_gain":0,"max_hp_loss":0,"event_name":"给自己的盒子","floor":5,"relics_lost":["SumBook"],"gold_loss":0},{"damage_healed":0,"gold_gain":0,"player_choice":"Shed Blood","damage_taken":16,"max_hp_gain":5,"max_hp_loss":0,"event_name":"Forgotten Altar","floor":20,"gold_loss":0},{"damage_healed":0,"gold_gain":0,"player_choice":"Obtained Relic","damage_taken":0,"relics_obtained":["Vajra"],"max_hp_gain":0,"max_hp_loss":0,"event_name":"Addict","floor":21,"gold_loss":85},{"damage_healed":0,"gold_gain":0,"player_choice":"Opened","damage_taken":0,"relics_obtained":["Bag of Marbles"],"max_hp_gain":0,"max_hp_loss":0,"event_name":"The Mausoleum","floor":22,"gold_loss":0},{"damage_healed":0,"gold_gain":0,"player_choice":"Gave Potion","damage_taken":0,"relics_obtained":["Regal Pillow"],"max_hp_gain":0,"max_hp_loss":0,"event_name":"WeMeetAgain","floor":36,"gold_loss":0},{"damage_healed":0,"gold_gain":0,"cards_transformed":["OctopathSalyBorderN:ReiMu"],"player_choice":"Transformed","damage_taken":0,"max_hp_gain":0,"max_hp_loss":0,"event_name":"Transmorgrifier","floor":46,"gold_loss":0,"cards_obtained":["Shading:ReiMu"]}],"is_beta":false,"boss_relics":[{"not_picked":["testmod-DreamHouse","Coffee Dripper"],"picked":"testmod-Fanaticism"},{"not_picked":["testmod-CardMagician","REME_ChargedStone"],"picked":"SlaversCollar"}],"items_purged_floors":[],"is_endless":false,"potions_floor_spawned":[1,6,10,12,18,25,28,33,37,39,40,41],"killed_by":"Writhing Mass","ascension_level":0}}