{"host":"qgpqu878cmwvz894","time":1611227450,"event":{"mods":["AchievementEnabler","BaseMod","Colored Map","Minty Spire (QoL Compilation)","Rare Cards Sparkle","SuperFastMode"],"gold_per_floor":[111,111,132,132,59,93,93,68,114,114,114,114,152,152,152,152,152],"floor_reached":16,"language":"KOR","playtime":389,"items_purged":[],"score":125,"play_id":"4e4ef0e6-8787-4804-9b18-92057209dec4","local_time":"20210121201050","is_ascension_mode":true,"campfire_choices":[{"floor":7,"key":"RECALL"},{"data":"Havoc","floor":10,"key":"SMITH"},{"data":"Thunderclap","floor":12,"key":"SMITH"},{"floor":15,"key":"REST"}],"circlet_count":0,"master_deck":["Strike_R","Strike_R","Strike_R","Strike_R","Strike_R","Defend_R","Defend_R","Defend_R","Defend_R","Bash","Warcry","Thunderclap+1","Double Tap","Second Wind","Havoc+1","Reaper+1"],"relics":["Burning Blood","NeowsBlessing","Golden Idol","Bag of Marbles","Juzu Bracelet","Odd Mushroom"],"acts_visited":["Exordium"],"potions_floor_usage":[],"damage_taken":[{"damage":0,"enemies":"Small Slimes","floor":1,"turns":1},{"damage":0,"enemies":"2 Louse","floor":3,"turns":1},{"damage":0,"enemies":"Gremlin Nob","floor":6,"turns":1},{"damage":19,"enemies":"The Mushroom Lair","floor":13,"turns":4},{"damage":87,"enemies":"Hexaghost","floor":16,"turns":12}],"seed_played":"7063025367056724878","potions_obtained":[],"is_trial":false,"path_per_floor":["M","?","M","?","$","E","R","$","T","R","?","R","?","?","R","B"],"character_chosen":"IRONCLAD","items_purchased":["Double Tap","Havoc"],"campfire_rested":1,"item_purchase_floors":[5,8],"current_hp_per_floor":[80,80,80,80,80,80,80,80,80,80,80,80,67,67,80,0,0],"gold":152,"neow_bonus":"THREE_ENEMY_KILL","is_daily":false,"chose_seed":false,"campfire_upgraded":2,"win_rate":0.0,"timestamp":1611227450,"path_taken":["M","?","M","?","?","E","R","?","T","R","?","R","?","?","R","BOSS"],"items_purchased_type":["Card","Card"],"build_version":"2020-12-22","purchased_purges":0,"victory":false,"max_hp_per_floor":[80,80,80,80,80,80,80,80,80,80,80,80,80,80,80,80,80],"card_choices":[{"not_picked":["Pommel Strike","Evolve"],"picked":"Warcry","floor":1},{"not_picked":["Whirlwind","Warcry"],"picked":"Thunderclap","floor":3},{"not_picked":["True Grit","Sever Soul"],"picked":"Second Wind","floor":6},{"not_picked":["Thunderclap","Armaments"],"picked":"Reaper","floor":13}],"player_experience":106649,"relics_obtained":[{"floor":6,"key":"Bag of Marbles"},{"floor":9,"key":"Juzu Bracelet"},{"floor":13,"key":"Odd Mushroom"}],"event_choices":[{"damage_healed":0,"gold_gain":0,"player_choice":"Take Wound","damage_taken":0,"relics_obtained":["Golden Idol"],"max_hp_gain":0,"max_hp_loss":0,"event_name":"Golden Idol","floor":2,"gold_loss":0,"cards_obtained":["Injury"]},{"damage_healed":0,"gold_gain":0,"player_choice":"Ignored","damage_taken":0,"max_hp_gain":0,"max_hp_loss":0,"event_name":"Golden Wing","floor":4,"gold_loss":0},{"cards_removed":["Injury"],"damage_healed":0,"gold_gain":0,"player_choice":"Purged","damage_taken":0,"max_hp_gain":0,"max_hp_loss":0,"event_name":"Purifier","floor":11,"gold_loss":0},{"damage_healed":0,"gold_gain":0,"player_choice":"Fought Mushrooms","damage_taken":0,"max_hp_gain":0,"max_hp_loss":0,"event_name":"Mushrooms","floor":13,"gold_loss":0},{"damage_healed":0,"gold_gain":0,"player_choice":"Grow","damage_taken":0,"max_hp_gain":0,"max_hp_loss":0,"event_name":"Living Wall","floor":14,"gold_loss":0,"cards_upgraded":["Reaper"]}],"is_beta":false,"boss_relics":[],"items_purged_floors":[],"is_endless":false,"potions_floor_spawned":[],"killed_by":"Hexaghost","ascension_level":1}}