{"host":"9n6i2vl93jt4o42q","time":1611235871,"event":{"mods":["BaseMod","Minty Spire (QoL Compilation)","Relic Stats"],"gold_per_floor":[115,115,0,17,36,36,61,61,106,106,126,157,173,29,29,103,103,117,130,22,34,62,91,91,105,130,130,163,163,175,190,190,264,264,274,274,34,34,59,84,84,110,133,133,149,175,186,186,186],"floor_reached":48,"language":"ENG","playtime":6517,"items_purged":["Strike_R"],"score":1211,"play_id":"41235da2-c72c-48f4-865c-91cff73253d9","local_time":"20210121143111","is_ascension_mode":true,"campfire_choices":[{"data":"Cleave","floor":6.0,"key":"SMITH"},{"data":"True Grit","floor":10.0,"key":"SMITH"},{"data":"Feel No Pain","floor":15.0,"key":"SMITH"},{"floor":24.0,"key":"REST"},{"floor":27.0,"key":"REST"},{"floor":29.0,"key":"REST"},{"floor":32.0,"key":"RECALL"},{"floor":41.0,"key":"REST"},{"floor":44.0,"key":"REST"}],"circlet_count":0,"master_deck":["AscendersBane","Strike_R","Strike_R","Strike_R","Defend_R","Defend_R","Defend_R","Defend_R","Bash+1","Headbutt","Disarm","Metallicize","Clothesline","Cleave+1","True Grit+1","Battle Trance","Dropkick","Feel No Pain+1","Disarm","Purity","Offering","Seeing Red","Shrug It Off","Pommel Strike","Headbutt","Rampage+1","Battle Trance","Corruption","Feed","Thunderclap","Double Tap","Sentinel+1","Headbutt+1","Juggernaut","Iron Wave"],"relics":["Burning Blood","NeowsBlessing","Lantern","FaceOfCleric","Anchor","Vajra","Fusion Hammer","Red Mask","Bottled Flame","Potion Belt","SacredBark","Bag of Preparation","Eternal Feather","Torii","Centennial Puzzle","Bird Faced Urn","Oddly Smooth Stone","Frozen Egg 2"],"acts_visited":["Exordium","TheCity","TheBeyond"],"potions_floor_usage":[48],"damage_taken":[{"damage":0.0,"enemies":"2 Louse","floor":1.0,"turns":1.0},{"damage":0.0,"enemies":"Cultist","floor":4.0,"turns":1.0},{"damage":0.0,"enemies":"Jaw Worm","floor":5.0,"turns":1.0},{"damage":50.0,"enemies":"Lagavulin","floor":7.0,"turns":9.0},{"damage":4.0,"enemies":"Blue Slaver","floor":11.0,"turns":4.0},{"damage":33.0,"enemies":"Gremlin Nob","floor":12.0,"turns":4.0},{"damage":1.0,"enemies":"Exordium Thugs","floor":13.0,"turns":3.0},{"damage":1.0,"enemies":"Hexaghost","floor":16.0,"turns":12.0},{"damage":12.0,"enemies":"Spheric Guardian","floor":18.0,"turns":5.0},{"damage":9.0,"enemies":"Shell Parasite","floor":19.0,"turns":5.0},{"damage":16.0,"enemies":"Snecko","floor":21.0,"turns":7.0},{"damage":19.0,"enemies":"Masked Bandits","floor":22.0,"turns":5.0},{"damage":20.0,"enemies":"Gremlin Leader","floor":23.0,"turns":5.0},{"damage":21.0,"enemies":"3 Cultists","floor":25.0,"turns":7.0},{"damage":22.0,"enemies":"Book of Stabbing","floor":28.0,"turns":6.0},{"damage":0.0,"enemies":"Centurion and Healer","floor":30.0,"turns":4.0},{"damage":5.0,"enemies":"Snake Plant","floor":31.0,"turns":3.0},{"damage":86.0,"enemies":"Champ","floor":33.0,"turns":12.0},{"damage":0.0,"enemies":"3 Shapes","floor":35.0,"turns":4.0},{"damage":5.0,"enemies":"Mind Bloom Boss Battle","floor":39.0,"turns":8.0},{"damage":24.0,"enemies":"Giant Head","floor":40.0,"turns":8.0},{"damage":61.0,"enemies":"Reptomancer","floor":42.0,"turns":8.0},{"damage":34.0,"enemies":"3 Darklings","floor":45.0,"turns":5.0},{"damage":77.0,"enemies":"Giant Head","floor":46.0,"turns":8.0},{"damage":10.0,"enemies":"Writhing Mass","floor":47.0,"turns":9.0},{"damage":29,"enemies":"Jaw Worm Horde","floor":48,"turns":5}],"seed_played":"-2770629191656636724","potions_obtained":[{"floor":4.0,"key":"SteroidPotion"},{"floor":12.0,"key":"SpeedPotion"},{"floor":13.0,"key":"Strength Potion"},{"floor":16.0,"key":"EssenceOfSteel"},{"floor":18.0,"key":"Fruit Juice"},{"floor":19.0,"key":"SteroidPotion"},{"floor":23.0,"key":"LiquidBronze"},{"floor":33.0,"key":"Weak Potion"},{"floor":35.0,"key":"GamblersBrew"},{"floor":40.0,"key":"GamblersBrew"}],"is_trial":false,"path_per_floor":["M","?","$","M","M","R","E","?","T","R","M","E","M","$","R","B",null,"M","M","$","M","?","E","R","M","T","R","E","R","M","M","R","B",null,"M","?","$","T","?","E","R","E","T","R","M","E","M","M"],"character_chosen":"IRONCLAD","items_purchased":["Disarm","Metallicize","Disarm","Purity","Seeing Red","Shrug It Off","Bag of Preparation"],"campfire_rested":5,"item_purchase_floors":[3,3,14,14,20,20,37],"current_hp_per_floor":[74,74,74,75,75,75,31,31,31,31,34,8,14,14,14,20,64,59,62,62,53,41,28,54,40,40,67,52,79,86,88,88,9,73,83,83,83,83,88,71,103,49,49,98,75,13,14,0,0],"gold":186,"neow_bonus":"THREE_ENEMY_KILL","is_daily":false,"chose_seed":false,"campfire_upgraded":3,"win_rate":0.0,"timestamp":1611235871,"path_taken":["M","?","?","?","M","R","E","?","T","R","?","E","M","$","R","BOSS","M","?","$","?","?","E","R","M","T","R","E","R","M","M","R","BOSS","M","?","$","?","?","E","R","E","T","R","M","E","?","M"],"items_purchased_type":["Card","Card","Card","Card","Card","Card","Relic"],"build_version":"2020-12-22","purchased_purges":1,"victory":false,"max_hp_per_floor":[75,75,75,75,75,75,75,75,75,75,76,77,78,78,78,79,79,80,86,86,87,88,89,89,90,90,90,91,91,92,93,93,94,94,98,98,98,98,102,103,103,104,104,104,105,106,107,110,110],"relic_stats":{"Centennial Puzzle":[15],"FaceOfCleric":21,"Torii":19,"counters":[26,149],"Bird Faced Urn":[20],"Eternal Feather":36,"Bag of Preparation":[14],"obtain_stats":[{"Potion Belt":28,"Lantern":7,"NeowsBlessing":0,"Torii":39,"SacredBark":34,"Vajra":12,"Oddly Smooth Stone":43,"Eternal Feather":38,"Bag of Preparation":37,"Frozen Egg 2":46,"Burning Blood":0,"Anchor":9,"Bottled Flame":23,"Centennial Puzzle":40,"FaceOfCleric":8,"Bird Faced Urn":42,"Fusion Hammer":17,"Red Mask":22},{"Potion Belt":15,"Lantern":4,"NeowsBlessing":0,"Torii":20,"SacredBark":18,"Vajra":6,"Oddly Smooth Stone":22,"Eternal Feather":19,"Bag of Preparation":19,"Frozen Egg 2":24,"Burning Blood":0,"Anchor":4,"Bottled Flame":13,"Centennial Puzzle":21,"FaceOfCleric":4,"Bird Faced Urn":22,"Fusion Hammer":8,"Red Mask":12},{"Potion Belt":75,"Lantern":12,"NeowsBlessing":0,"Torii":106,"SacredBark":94,"Vajra":20,"Oddly Smooth Stone":122,"Eternal Feather":98,"Bag of Preparation":98,"Frozen Egg 2":135,"Burning Blood":0,"Anchor":12,"Bottled Flame":62,"Centennial Puzzle":114,"FaceOfCleric":12,"Bird Faced Urn":122,"Fusion Hammer":35,"Red Mask":57}],"Burning Blood":139},"card_choices":[{"not_picked":["Dark Embrace","Heavy Blade"],"picked":"Headbutt","floor":1.0},{"not_picked":["Flex","Disarm"],"picked":"Clothesline","floor":4.0},{"not_picked":["Headbutt","Heavy Blade"],"picked":"Cleave","floor":5.0},{"not_picked":["Havoc","Pommel Strike"],"picked":"True Grit","floor":7.0},{"not_picked":["Flex","Infernal Blade"],"picked":"Battle Trance","floor":11.0},{"not_picked":["Double Tap","Ghostly Armor"],"picked":"Dropkick","floor":12.0},{"not_picked":["Perfected Strike","Sword Boomerang"],"picked":"Feel No Pain","floor":13.0},{"not_picked":["Corruption","Bludgeon"],"picked":"Offering","floor":16.0},{"not_picked":["Heavy Blade","Headbutt","Rupture"],"picked":"SKIP","floor":18.0},{"not_picked":["Thunderclap","Iron Wave","Hemokinesis"],"picked":"SKIP","floor":19.0},{"not_picked":["Perfected Strike","Ghostly Armor"],"picked":"Pommel Strike","floor":21.0},{"not_picked":["Anger","Limit Break"],"picked":"Headbutt","floor":23.0},{"not_picked":["Wild Strike","Rage"],"picked":"Rampage+1","floor":25.0},{"not_picked":["Headbutt","Shrug It Off","Body Slam"],"picked":"SKIP","floor":28.0},{"not_picked":["Clothesline","Headbutt"],"picked":"Battle Trance","floor":30.0},{"not_picked":["Twin Strike+1","Seeing Red"],"picked":"Corruption","floor":31.0},{"not_picked":["Corruption","Limit Break"],"picked":"Feed","floor":33.0},{"not_picked":["Sever Soul","Warcry"],"picked":"Thunderclap","floor":35.0},{"not_picked":["Flame Barrier","Shrug It Off+1"],"picked":"Sentinel+1","floor":39.0},{"not_picked":["Clash","Body Slam"],"picked":"Headbutt+1","floor":40.0},{"not_picked":["Cleave+1","Fire Breathing+1"],"picked":"Juggernaut","floor":42.0},{"not_picked":["Heavy Blade","Clothesline"],"picked":"Iron Wave","floor":45.0},{"not_picked":["Cleave","Combust+1","Perfected Strike"],"picked":"SKIP","floor":46.0},{"not_picked":["Whirlwind","Sword Boomerang","Warcry"],"picked":"SKIP","floor":47.0}],"player_experience":2190287,"relics_obtained":[{"floor":7.0,"key":"Lantern"},{"floor":9.0,"key":"Anchor"},{"floor":12.0,"key":"Vajra"},{"floor":22.0,"key":"Red Mask"},{"floor":23.0,"key":"Bottled Flame"},{"floor":28.0,"key":"Potion Belt"},{"floor":38.0,"key":"Eternal Feather"},{"floor":39.0,"key":"Torii"},{"floor":40.0,"key":"Centennial Puzzle"},{"floor":42.0,"key":"Bird Faced Urn"},{"floor":43.0,"key":"Oddly Smooth Stone"},{"floor":46.0,"key":"Frozen Egg 2"}],"event_choices":[{"damage_healed":0.0,"max_hp_gain":0.0,"max_hp_loss":0.0,"gold_gain":0.0,"event_name":"Upgrade Shrine","player_choice":"Upgraded","floor":2.0,"gold_loss":0.0,"damage_taken":0.0,"cards_upgraded":["Bash"]},{"damage_healed":0.0,"max_hp_gain":0.0,"max_hp_loss":0.0,"gold_gain":0.0,"event_name":"FaceTrader","player_choice":"Trade","floor":8.0,"gold_loss":0.0,"damage_taken":0.0,"relics_obtained":["FaceOfCleric"]},{"damage_healed":0.0,"max_hp_gain":0.0,"max_hp_loss":0.0,"gold_gain":0.0,"event_name":"Masked Bandits","player_choice":"Fought Bandits","floor":22.0,"gold_loss":0.0,"damage_taken":0.0},{"damage_healed":0.0,"max_hp_gain":0.0,"max_hp_loss":0.0,"gold_gain":0.0,"cards_transformed":["Strike_R"],"event_name":"Transmorgrifier","player_choice":"Transformed","floor":36.0,"gold_loss":0.0,"damage_taken":0.0,"cards_obtained":["Double Tap"]},{"damage_healed":0.0,"max_hp_gain":0.0,"max_hp_loss":0.0,"gold_gain":0.0,"event_name":"MindBloom","player_choice":"Fight","floor":39.0,"gold_loss":0.0,"damage_taken":0.0}],"is_beta":false,"boss_relics":[{"not_picked":["Tiny House","Busted Crown"],"picked":"Fusion Hammer"},{"not_picked":["Runic Cube","Cursed Key"],"picked":"SacredBark"}],"items_purged_floors":[37],"is_endless":false,"potions_floor_spawned":[4,12,13,16,18,19,23,33,35,40],"killed_by":"Jaw Worm Horde","ascension_level":20}}