{"host":"0ueeacaatm8t6jyh","time":1611211898,"event":{"mods":["AchievementEnabler","BaseMod","Colored Powertips","Minty Spire (QoL Compilation)","Quick Restart","Rare Cards Sparkle","StSLib"],"gold_per_floor":[110,120,120,270,270,303,317,342,342,342,357,228,266,296,296,296,296],"floor_reached":16,"language":"ZHS","playtime":430,"items_purged":["Doubt"],"score":270,"play_id":"5e1e018d-b854-482e-b66f-6affb712b5a4","local_time":"20210121145138","is_ascension_mode":true,"campfire_choices":[{"data":"Barricade","floor":15.0,"key":"SMITH"}],"circlet_count":0,"master_deck":["AscendersBane","Strike_R","Strike_R","Strike_R","Strike_R","Defend_R","Defend_R","Defend_R","Defend_R","Bash+1","Sentinel","Body Slam+1","Infernal Blade","Barricade+1","Shrug It Off","Dark Embrace","Whirlwind"],"relics":["Burning Blood","NeowsBlessing","Golden Idol","Whetstone","Potion Belt","Darkstone Periapt"],"acts_visited":["Exordium"],"potions_floor_usage":[16],"damage_taken":[{"damage":0.0,"enemies":"Jaw Worm","floor":1.0,"turns":1.0},{"damage":0.0,"enemies":"2 Louse","floor":2.0,"turns":2.0},{"damage":0.0,"enemies":"Gremlin Nob","floor":6.0,"turns":1.0},{"damage":14.0,"enemies":"Small Slimes","floor":7.0,"turns":5.0},{"damage":8.0,"enemies":"Blue Slaver","floor":8.0,"turns":2.0},{"damage":29.0,"enemies":"3 Louse","floor":11.0,"turns":5.0},{"damage":36.0,"enemies":"3 Sentries","floor":13.0,"turns":10.0},{"damage":10,"enemies":"Slime Boss","floor":16,"turns":3}],"seed_played":"-9000312626394965351","potions_obtained":[{"floor":1.0,"key":"AttackPotion"},{"floor":2.0,"key":"BloodPotion"},{"floor":8.0,"key":"GamblersBrew"}],"is_trial":false,"path_per_floor":["M","M","?","?","?","E","M","M","T","?","M","$","E","?","R","B"],"character_chosen":"IRONCLAD","items_purchased":["Dexterity Potion"],"campfire_rested":0,"item_purchase_floors":[12],"current_hp_per_floor":[74,75,68,68,42,48,40,38,38,63,40,40,10,10,10,0,0],"gold":296,"neow_bonus":"THREE_ENEMY_KILL","is_daily":false,"chose_seed":false,"campfire_upgraded":1,"win_rate":0.0,"timestamp":1611211898,"path_taken":["M","M","?","?","?","E","M","?","T","?","M","$","E","?","R","BOSS"],"items_purchased_type":["Potion"],"build_version":"2020-12-22","purchased_purges":1,"victory":false,"max_hp_per_floor":[75,75,75,75,75,75,75,75,75,75,75,75,75,75,75,75,75],"card_choices":[{"not_picked":["Fire Breathing","Iron Wave"],"picked":"Sentinel","floor":1.0},{"not_picked":["Metallicize","Havoc"],"picked":"Body Slam","floor":2.0},{"not_picked":["Perfected Strike","Blood for Blood"],"picked":"Infernal Blade","floor":6.0},{"not_picked":["Clothesline","Shockwave"],"picked":"Barricade","floor":7.0},{"not_picked":["Combust","Thunderclap"],"picked":"Shrug It Off","floor":8.0},{"not_picked":["Heavy Blade","Warcry"],"picked":"Dark Embrace","floor":11.0},{"not_picked":["Heavy Blade","Flex"],"picked":"Whirlwind","floor":13.0}],"player_experience":434397,"relics_obtained":[{"floor":6.0,"key":"Whetstone"},{"floor":9.0,"key":"Potion Belt"},{"floor":13.0,"key":"Darkstone Periapt"}],"event_choices":[{"cards_removed":["Strike_R"],"damage_healed":0.0,"max_hp_gain":0.0,"max_hp_loss":0.0,"gold_gain":0.0,"event_name":"Golden Wing","player_choice":"Card Removal","floor":3.0,"gold_loss":0.0,"damage_taken":7.0},{"damage_healed":0.0,"max_hp_gain":0.0,"max_hp_loss":0.0,"gold_gain":150.0,"event_name":"Liars Game","player_choice":"AGREE","floor":4.0,"gold_loss":0.0,"damage_taken":0.0,"cards_obtained":["Doubt"]},{"damage_healed":0.0,"max_hp_gain":0.0,"max_hp_loss":0.0,"gold_gain":0.0,"event_name":"Golden Idol","player_choice":"Take Damage","floor":5.0,"gold_loss":0.0,"damage_taken":26.0,"relics_obtained":["Golden Idol"]},{"damage_healed":25.0,"max_hp_gain":0.0,"max_hp_loss":0.0,"gold_gain":0.0,"event_name":"Big Fish","player_choice":"Banana","floor":10.0,"gold_loss":0.0,"damage_taken":0.0},{"damage_healed":0.0,"max_hp_gain":0.0,"max_hp_loss":0.0,"gold_gain":30.0,"event_name":"Dead Adventurer","player_choice":"Searched \u00272\u0027 times","floor":14.0,"gold_loss":0.0,"damage_taken":0.0}],"is_beta":false,"boss_relics":[],"items_purged_floors":[12],"is_endless":false,"potions_floor_spawned":[1,2,7,8],"killed_by":"Slime Boss","ascension_level":20}}