{"host":"u7lm8z2rvb4dg2oo","time":1611241445,"event":{"mods":["AchievementEnabler","BaseMod","Bestiary","Block Reminder","Colored Map","Colored Powertips","Curses Come First","DeckTracker","Googly Eyes","Highlight Path","Minty Spire (QoL Compilation)","Quick Restart","StSLib"],"gold_per_floor":[11,11,34,34,47,47,85,85,112,136,136,169,184,209,209,339,402,425,438,438,46,46,85,104,145,193,236,67,91,91,105,105,230,230,254,67,92,92,112,156,156,191,191,226,235,268,268,340,340,340],"floor_reached":51,"language":"ENG","playtime":3080,"items_purged":["Injury","Strike_G"],"score":1217,"play_id":"91ada568-06ff-4e66-95f3-c7c75cd18a2b","local_time":"20210121100405","is_ascension_mode":true,"campfire_choices":[{"data":"Terror","floor":6.0,"key":"SMITH"},{"data":"Predator","floor":8.0,"key":"SMITH"},{"data":"Cloak And Dagger","floor":11.0,"key":"SMITH"},{"data":"Cloak And Dagger","floor":15.0,"key":"SMITH"},{"data":"Phantasmal Killer","floor":30.0,"key":"SMITH"},{"floor":32.0,"key":"REST"},{"floor":41,"key":"REST"},{"floor":47,"key":"REST"},{"floor":49,"key":"REST"}],"circlet_count":0,"master_deck":["Strike_G+1","Strike_G","Defend_G+1","Defend_G","Defend_G","Defend_G+1","Survivor","Neutralize+1","Cloak And Dagger+1","Deflect","Terror+1","Predator+1","Cloak And Dagger+1","Poisoned Stab","Endless Agony+1","Leg Sweep","Glass Knife","Leg Sweep+1","Backstab+1","Accuracy","Adrenaline","Deadly Poison+1","Phantasmal Killer+1","Accuracy","Caltrops","Malaise","Slice","After Image","Slice+1","Endless Agony+1","Accuracy","Panache","Finisher+1","Blur"],"relics":["Ring of the Snake","Golden Idol","Regal Pillow","Vajra","Pocketwatch","Tiny House","Shuriken","MutagenicStrength","Bag of Preparation","Du-Vu Doll","Whetstone","Art of War","WristBlade","War Paint","Bronze Scales","CeramicFish","Kunai","Turnip"],"acts_visited":["Exordium","TheCity","TheBeyond"],"potions_floor_usage":[40,44,50],"damage_taken":[{"damage":1.0,"enemies":"2 Louse","floor":1.0,"turns":4.0},{"damage":1.0,"enemies":"Small Slimes","floor":3.0,"turns":5.0},{"damage":0.0,"enemies":"Jaw Worm","floor":5.0,"turns":4.0},{"damage":8.0,"enemies":"3 Sentries","floor":7.0,"turns":9.0},{"damage":0.0,"enemies":"3 Louse","floor":10.0,"turns":3.0},{"damage":0.0,"enemies":"Lagavulin","floor":12.0,"turns":3.0},{"damage":8.0,"enemies":"Large Slime","floor":13.0,"turns":3.0},{"damage":0.0,"enemies":"2 Fungi Beasts","floor":14.0,"turns":2.0},{"damage":21.0,"enemies":"The Guardian","floor":16.0,"turns":11.0},{"damage":5.0,"enemies":"Shell Parasite","floor":18.0,"turns":4.0},{"damage":0.0,"enemies":"Spheric Guardian","floor":19.0,"turns":4.0},{"damage":9.0,"enemies":"Book of Stabbing","floor":23.0,"turns":4.0},{"damage":0.0,"enemies":"Chosen and Byrds","floor":24.0,"turns":2.0},{"damage":5.0,"enemies":"Slavers","floor":25.0,"turns":4.0},{"damage":16.0,"enemies":"Book of Stabbing","floor":27.0,"turns":4.0},{"damage":0.0,"enemies":"Centurion and Healer","floor":29.0,"turns":2.0},{"damage":0.0,"enemies":"Cultist and Chosen","floor":31.0,"turns":4.0},{"damage":68.0,"enemies":"Champ","floor":33.0,"turns":8.0},{"damage":0.0,"enemies":"Orb Walker","floor":35.0,"turns":1.0},{"damage":1.0,"enemies":"3 Shapes","floor":37.0,"turns":4.0},{"damage":8.0,"enemies":"Spire Growth","floor":39.0,"turns":3.0},{"damage":38,"enemies":"Reptomancer","floor":40,"turns":3},{"damage":0,"enemies":"Giant Head","floor":42,"turns":5},{"damage":34,"enemies":"Nemesis","floor":44,"turns":3},{"damage":15,"enemies":"Transient","floor":46,"turns":5},{"damage":3,"enemies":"Mind Bloom Boss Battle","floor":48,"turns":5},{"damage":44,"enemies":"Time Eater","floor":50,"turns":8}],"seed_played":"1604512676897902501","potions_obtained":[{"floor":3.0,"key":"SteroidPotion"},{"floor":5.0,"key":"Explosive Potion"},{"floor":7.0,"key":"EntropicBrew"},{"floor":13.0,"key":"DistilledChaos"},{"floor":14.0,"key":"Ancient Potion"},{"floor":16.0,"key":"GamblersBrew"},{"floor":17.0,"key":"Weak Potion"},{"floor":18.0,"key":"Ancient Potion"},{"floor":23.0,"key":"Swift Potion"},{"floor":29.0,"key":"Regen Potion"},{"floor":31.0,"key":"AttackPotion"},{"floor":35.0,"key":"SteroidPotion"},{"floor":39.0,"key":"Poison Potion"},{"floor":42,"key":"Energy Potion"},{"floor":46,"key":"Strength Potion"}],"is_trial":false,"path_per_floor":["M","?","M","?","M","R","E","R","T","M","R","E","M","M","R","B",null,"M","M","?","$","?","E","M","E","T","E","$","M","R","M","R","B",null,"M","$","M","?","M","E","R","E","T","E","?","M","R","?","R","B",null],"character_chosen":"THE_SILENT","items_purchased":["Shuriken","Accuracy","Accuracy","After Image","AttackPotion"],"campfire_rested":4,"item_purchase_floors":[21,21,28,36,36],"current_hp_per_floor":[62,62,61,66,66,66,58,58,58,58,58,58,50,50,50,29,69,64,64,64,64,64,55,55,50,50,34,34,34,34,46,80,12,63,63,63,62,62,54,16,55,55,55,21,21,6,45,42,80,36],"gold":340,"neow_bonus":"TRANSFORM_TWO_CARDS","is_daily":false,"chose_seed":false,"campfire_upgraded":5,"win_rate":0.0,"timestamp":1611241445,"path_taken":["M","?","M","?","M","R","E","R","T","M","R","E","M","M","R","BOSS","M","M","?","$","?","E","M","E","T","E","$","M","R","M","R","BOSS","M","$","M","?","M","E","R","E","T","E","?","M","R","?","R","BOSS"],"items_purchased_type":["Relic","Card","Card","Card","Potion"],"build_version":"2020-12-22","purchased_purges":2,"victory":true,"max_hp_per_floor":[70,70,70,75,75,75,75,75,75,75,75,75,75,75,75,75,80,80,80,80,80,80,80,80,80,80,80,80,80,80,80,80,80,80,80,80,80,80,80,80,80,80,80,80,80,80,80,80,80,80],"card_choices":[{"not_picked":["Sucker Punch","Skewer"],"picked":"Terror","floor":1.0},{"not_picked":["Prepared","PiercingWail"],"picked":"Predator","floor":3.0},{"not_picked":["Slice","Bane"],"picked":"Cloak And Dagger","floor":5.0},{"not_picked":["Concentrate","Reflex","Grand Finale"],"picked":"SKIP","floor":7.0},{"not_picked":["Bane","Quick Slash","Heel Hook"],"picked":"SKIP","floor":10.0},{"not_picked":["Flying Knee","Deadly Poison"],"picked":"Poisoned Stab","floor":12.0},{"not_picked":["PiercingWail","Deflect"],"picked":"Endless Agony","floor":13.0},{"not_picked":["Acrobatics","Concentrate"],"picked":"Leg Sweep","floor":14.0},{"not_picked":["Corpse Explosion","Storm of Steel"],"picked":"Glass Knife","floor":16.0},{"not_picked":["Reflex","Deflect"],"picked":"Leg Sweep+1","floor":18.0},{"not_picked":["Deadly Poison","Cloak And Dagger"],"picked":"Backstab+1","floor":19.0},{"not_picked":["Masterful Stab","Choke"],"picked":"Adrenaline","floor":23.0},{"not_picked":["Tactician+1","Backflip"],"picked":"Deadly Poison+1","floor":24.0},{"not_picked":["Dagger Spray","Catalyst+1"],"picked":"Phantasmal Killer","floor":25.0},{"not_picked":["Sucker Punch+1","Deadly Poison","Deflect"],"picked":"SKIP","floor":27.0},{"not_picked":["Tactician+1","Outmaneuver","All Out Attack"],"picked":"SKIP","floor":29.0},{"not_picked":["Outmaneuver","Acrobatics"],"picked":"Caltrops","floor":31.0},{"not_picked":["Wraith Form v2","Phantasmal Killer"],"picked":"Malaise","floor":33.0},{"not_picked":["Backflip","Sucker Punch+1"],"picked":"Slice","floor":35.0},{"not_picked":["Prepared","Backflip+1"],"picked":"Slice+1","floor":37.0},{"not_picked":["Predator+1","Bane+1","Escape Plan"],"picked":"SKIP","floor":39.0},{"not_picked":["Eviscerate","Bane+1"],"picked":"Endless Agony+1","floor":40},{"not_picked":["Blade Dance","Poisoned Stab+1"],"picked":"Accuracy","floor":42},{"not_picked":["Deadly Poison","Doppelganger","Outmaneuver"],"picked":"SKIP","floor":44},{"not_picked":["Flash of Steel","Swift Strike"],"picked":"Panache","floor":45},{"not_picked":["Backflip","Noxious Fumes+1"],"picked":"Finisher+1","floor":46},{"not_picked":["Slice+1","Deflect+1"],"picked":"Blur","floor":48}],"player_experience":1024127,"relics_obtained":[{"floor":7.0,"key":"Regal Pillow"},{"floor":9.0,"key":"Vajra"},{"floor":12.0,"key":"Pocketwatch"},{"floor":23.0,"key":"Bag of Preparation"},{"floor":25.0,"key":"Du-Vu Doll"},{"floor":26.0,"key":"Whetstone"},{"floor":27.0,"key":"Art of War"},{"floor":40,"key":"War Paint"},{"floor":42,"key":"Bronze Scales"},{"floor":43,"key":"CeramicFish"},{"floor":44,"key":"Kunai"},{"floor":48,"key":"Turnip"}],"event_choices":[{"damage_healed":0.0,"max_hp_gain":0.0,"max_hp_loss":0.0,"gold_gain":0.0,"event_name":"Golden Idol","player_choice":"Take Wound","floor":2.0,"gold_loss":0.0,"damage_taken":0.0,"relics_obtained":["Golden Idol"],"cards_obtained":["Injury"]},{"damage_healed":0.0,"max_hp_gain":5.0,"max_hp_loss":0.0,"gold_gain":0.0,"event_name":"Big Fish","player_choice":"Donut","floor":4.0,"gold_loss":0.0,"damage_taken":0.0},{"damage_healed":0.0,"max_hp_gain":0.0,"max_hp_loss":0.0,"gold_gain":0.0,"event_name":"Vampires","player_choice":"Ignored","floor":20.0,"gold_loss":0.0,"damage_taken":0.0},{"damage_healed":0.0,"max_hp_gain":0.0,"max_hp_loss":0.0,"gold_gain":0.0,"event_name":"Drug Dealer","player_choice":"Inject Mutagens","floor":22.0,"gold_loss":0.0,"damage_taken":0.0,"relics_obtained":["MutagenicStrength"]},{"cards_removed":["Defend_G"],"damage_healed":0.0,"max_hp_gain":0.0,"max_hp_loss":0.0,"gold_gain":0.0,"event_name":"Falling","player_choice":"Removed Skill","floor":38.0,"gold_loss":0.0,"damage_taken":0.0},{"damage_healed":0,"gold_gain":0,"player_choice":"Memory 1","damage_taken":0,"max_hp_gain":0,"max_hp_loss":0,"event_name":"SensoryStone","floor":45,"gold_loss":0},{"damage_healed":0,"gold_gain":0,"player_choice":"Fight","damage_taken":0,"max_hp_gain":0,"max_hp_loss":0,"event_name":"MindBloom","floor":48,"gold_loss":0}],"is_beta":false,"boss_relics":[{"not_picked":["Snecko Eye","Busted Crown"],"picked":"Tiny House"},{"not_picked":["Empty Cage","Ring of the Serpent"],"picked":"WristBlade"}],"items_purged_floors":[21,28],"is_endless":false,"potions_floor_spawned":[3,5,7,13,14,16,18,23,29,31,35,39,42,46],"ascension_level":9}}