{"host":"57p7dt3z3srco180","time":1611213822,"event":{"mods":["AchievementEnabler","Aspiration","BaseMod","BetterRewards","Colored Map","Colored Powertips","Dark Map","GifTheSpireLib","Hubris","Infinite Spire","Marisa????????","Mimic Mod","Minty Spire (QoL Compilation)","Remilia??????","Replay The Spire","Shop Mod","StSLib","Synergy Search"],"gold_per_floor":[115,115,115,115,38,38,54,68,99,127,127,138,199,213,213,213,213],"floor_reached":16,"language":"ENG","playtime":796,"items_purged":[],"score":184,"play_id":"3506e562-e649-4027-ad5e-5e31f1362fc6","local_time":"20210120232342","is_ascension_mode":true,"campfire_choices":[{"data":"Loop","floor":6,"key":"SMITH"},{"floor":15,"key":"REST"}],"circlet_count":0,"master_deck":["Strike_B","Strike_B","Defend_B","Defend_B","Defend_B","Defend_B","Zap+1","Dualcast","Panache","Go for the Eyes","Melter","Chaos","Loop+1","Defragment","Consume","Conserve Battery","Sunder","Sweeping Beam","Time Bomb","Leap"],"relics":["Cracked Core","Akabeko","MerchantsRug","Incense Burner","InkBottle","Replay:Accelerometer","Frozen Egg 2"],"acts_visited":["Exordium"],"potions_floor_usage":[10,16,16],"damage_taken":[{"damage":1,"enemies":"Jaw Worm","floor":1,"turns":3},{"damage":0,"enemies":"2 Louse","floor":7,"turns":1},{"damage":0,"enemies":"Cultist","floor":8,"turns":3},{"damage":6,"enemies":"Red Slaver","floor":9,"turns":4},{"damage":23,"enemies":"Lagavulin","floor":10,"turns":5},{"damage":3,"enemies":"Red Slaver","floor":12,"turns":3},{"damage":9,"enemies":"3 Sentries","floor":13,"turns":5},{"damage":16,"enemies":"Large Slime","floor":14,"turns":4},{"damage":61,"enemies":"Fading Forest","floor":16,"turns":10}],"seed_played":"6769013378293648244","potions_obtained":[{"floor":1,"key":"Swift Potion"},{"floor":7,"key":"Doom Potion"},{"floor":10,"key":"BlessingOfTheForge"}],"is_trial":false,"path_per_floor":["M","?","?","?","$","R","M","M","MIM","E","?","M","?","M","R","B"],"character_chosen":"DEFECT","items_purchased":["Akabeko","Panache","MerchantsRug","Static Discharge","Go for the Eyes","Loop"],"campfire_rested":1,"item_purchase_floors":[0,0,0,0,0,5],"current_hp_per_floor":[74,74,74,75,75,75,75,75,69,46,46,43,34,18,40,0,0],"gold":213,"neow_bonus":"","is_daily":false,"chose_seed":false,"campfire_upgraded":1,"win_rate":0.0,"timestamp":1611213822,"path_taken":["M","?","?","?","$","R","M","?","MIM","E","?","?","?","M","R","BOSS"],"items_purchased_type":["Relic","Card","Relic","Card","Card","Card"],"build_version":"2020-12-22","purchased_purges":0,"victory":false,"max_hp_per_floor":[75,75,75,75,75,75,75,75,75,75,75,75,75,75,75,75,75],"card_choices":[{"not_picked":["Glacier","Conserve Battery"],"picked":"Melter","floor":1},{"not_picked":["Rebound","Force Field"],"picked":"Defragment","floor":7},{"not_picked":["Auto Shields","Barrage"],"picked":"Consume","floor":8},{"not_picked":["Streamline","Cold Snap"],"picked":"Conserve Battery","floor":9},{"not_picked":["Steam Power","Cold Snap"],"picked":"Sunder","floor":10},{"not_picked":["Storm","Streamline"],"picked":"Sweeping Beam","floor":12},{"not_picked":["Go for the Eyes","Chaos"],"picked":"Time Bomb","floor":13},{"not_picked":["Go for the Eyes","Panic Button"],"picked":"Leap","floor":14}],"player_experience":316873,"relics_obtained":[{"floor":9,"key":"InkBottle"},{"floor":10,"key":"Replay:Accelerometer"},{"floor":13,"key":"Frozen Egg 2"}],"event_choices":[{"damage_healed":0,"gold_gain":0,"cards_transformed":["Strike_B"],"player_choice":"Change","damage_taken":0,"max_hp_gain":0,"max_hp_loss":0,"event_name":"Living Wall","floor":3,"gold_loss":0,"cards_obtained":["Chaos"]},{"cards_removed":["Static Discharge"],"damage_healed":1,"gold_gain":0,"player_choice":"Offered Uncommon","damage_taken":0,"max_hp_gain":0,"max_hp_loss":0,"event_name":"Bonfire Elementals","floor":4,"gold_loss":0},{"cards_removed":["Strike_B"],"damage_healed":0,"gold_gain":0,"player_choice":"Purged","damage_taken":0,"max_hp_gain":0,"max_hp_loss":0,"event_name":"Purifier","floor":11,"gold_loss":0},{"damage_healed":0,"gold_gain":0,"player_choice":"Searched \u00272\u0027 times","damage_taken":0,"max_hp_gain":0,"max_hp_loss":0,"event_name":"Dead Adventurer","floor":13,"gold_loss":0}],"is_beta":false,"boss_relics":[],"items_purged_floors":[],"is_endless":false,"potions_floor_spawned":[1,7,10],"killed_by":"Fading Forest","ascension_level":1}}