{"host":"dgo3vn978vkqa5rz","time":1611271857,"event":{"mods":["AchievementEnabler","BaseMod","BetterRewards","Colored Map","Custom Start","Minty Spire (QoL Compilation)","Quick Restart","Rare Cards Sparkle","Remove Card Discount Mod","Shop Mod","Spicy Shops","StSLib","Transform Curses"],"gold_per_floor":[99,99,119,137,137,137,137],"floor_reached":6,"language":"ENG","playtime":349,"items_purged":[],"score":63,"play_id":"91f400fe-4fb9-4dbf-8d80-b1e0924dee1e","local_time":"20210121153057","daily_mods":["Shiny","Specialized"],"is_ascension_mode":false,"campfire_choices":[],"circlet_count":0,"master_deck":["Demon Form","Wraith Form v2","Echo Form+1","DevaForm","Multi-Cast","Hyperbeam","Thunder Strike","Biased Cognition","Machine Learning","Electrodynamics","Buffer","Rainbow","Seek","Meteor Strike","Echo Form","All For One","Reboot","Amplify","Creative AI","Fission","Core Surge","Creative AI","Creative AI","Creative AI","Creative AI","Creative AI","Gash","Go for the Eyes"],"relics":["Unceasing Top"],"acts_visited":["Exordium"],"potions_floor_usage":[],"damage_taken":[{"damage":0,"enemies":"Small Slimes","floor":1,"turns":2},{"damage":18,"enemies":"Cultist","floor":2,"turns":5},{"damage":16,"enemies":"Jaw Worm","floor":3,"turns":4},{"damage":32,"enemies":"Looter","floor":4,"turns":4},{"damage":9,"enemies":"3 Sentries","floor":6,"turns":1}],"seed_played":"-7535696035732794528","potions_obtained":[{"floor":3,"key":"PowerPotion"}],"is_trial":true,"path_per_floor":["M","M","M","M","?","E"],"character_chosen":"DEFECT","items_purchased":[],"campfire_rested":0,"item_purchase_floors":[],"current_hp_per_floor":[75,57,41,9,9,0,0],"gold":137,"neow_bonus":"","is_daily":false,"chose_seed":false,"campfire_upgraded":0,"win_rate":0.0,"timestamp":1611271857,"path_taken":["M","M","M","M","?","E"],"items_purchased_type":[],"build_version":"2020-12-22","purchased_purges":0,"victory":false,"max_hp_per_floor":[75,75,75,75,75,75,75],"card_choices":[{"not_picked":["Leap","Conserve Battery"],"picked":"Gash","floor":1},{"not_picked":["Leap","Turbo"],"picked":"Go for the Eyes","floor":2},{"not_picked":["Cold Snap","Turbo","Rebound"],"picked":"SKIP","floor":3},{"not_picked":["Compile Driver","Blizzard","Echo Form"],"picked":"SKIP","floor":4}],"player_experience":147383,"relics_obtained":[],"event_choices":[{"damage_healed":0,"gold_gain":0,"player_choice":"Upgraded","damage_taken":0,"max_hp_gain":0,"max_hp_loss":0,"event_name":"Upgrade Shrine","floor":5,"gold_loss":0,"cards_upgraded":["Echo Form"]}],"is_beta":false,"boss_relics":[],"items_purged_floors":[],"is_endless":false,"potions_floor_spawned":[3],"killed_by":"3 Sentries","ascension_level":0}}