{"host":"utcbn1j9ebmpc40m","time":1611188020,"event":{"mods":["BaseMod","Better Altar","Better Match","GifTheSpireLib","Minty Spire (QoL Compilation)","Poor People Problems","StSLib","SuperFastMode","The IronCluck","The Servant 0.9.4"],"gold_per_floor":[114,114,132,307,318,350,350,367,415,340,355,355,355,325,325,428,428,448,448,448],"floor_reached":19,"language":"ENG","playtime":796,"items_purged":["Doubt"],"score":167,"play_id":"990dabce-9338-4f7a-9db1-74cefaf283be","local_time":"20210120191340","is_ascension_mode":false,"campfire_choices":[{"floor":7.0,"key":"REST"},{"floor":13.0,"key":"REST"},{"data":"Flex","floor":15,"key":"SMITH"}],"circlet_count":0,"master_deck":["Strike_R","Strike_R","Strike_R","Strike_R","Strike_R","Defend_R","Defend_R","Defend_R","Defend_R","Bash","Barricade+1","Wild Strike","Feel No Pain","True Grit","Second Wind","Flex+1","Ghostly Armor","Berserk","Havoc"],"relics":["Burning Blood","Pear","Blood Vial","Art of War","SlaversCollar"],"acts_visited":["Exordium","TheCity"],"potions_floor_usage":[],"damage_taken":[{"damage":5.0,"enemies":"Small Slimes","floor":1.0,"turns":6.0},{"damage":0.0,"enemies":"Cultist","floor":3.0,"turns":2.0},{"damage":5.0,"enemies":"2 Louse","floor":5.0,"turns":4.0},{"damage":49.0,"enemies":"Lagavulin","floor":6.0,"turns":12.0},{"damage":13.0,"enemies":"Blue Slaver","floor":8.0,"turns":7.0},{"damage":14.0,"enemies":"Red Slaver","floor":11.0,"turns":5.0},{"damage":10.0,"enemies":"Looter","floor":14.0,"turns":4.0},{"damage":29,"enemies":"Slime Boss","floor":16,"turns":27},{"damage":48,"enemies":"Spheric Guardian","floor":18,"turns":10},{"damage":42,"enemies":"3 Byrds","floor":19,"turns":3}],"seed_played":"-2386178295263501071","potions_obtained":[{"floor":3.0,"key":"ElixirPotion"},{"floor":5.0,"key":"BloodPotion"}],"is_trial":false,"path_per_floor":["M","?","M","?","M","E","R","M","T","$","M","T","R","M","R","B",null,"M","M"],"character_chosen":"IRONCLAD","items_purchased":[],"campfire_rested":2,"item_purchase_floors":[],"current_hp_per_floor":[72,72,72,72,72,53,77,70,70,70,64,64,82,78,78,57,82,40,0,0],"gold":448,"neow_bonus":"THREE_RARE_CARDS","is_daily":false,"chose_seed":false,"campfire_upgraded":1,"win_rate":0.0,"timestamp":1611188020,"path_taken":["M","?","?","?","M","E","R","M","T","$","M","?","R","M","R","BOSS","M","M"],"items_purchased_type":[],"build_version":"2020-12-22","purchased_purges":1,"victory":false,"max_hp_per_floor":[72,72,72,72,72,82,82,82,82,82,82,82,82,82,82,82,82,82,82,82],"card_choices":[{"not_picked":["Exhume","Fiend Fire"],"picked":"Barricade","floor":0.0},{"not_picked":["Warcry","Dark Embrace"],"picked":"Wild Strike","floor":1.0},{"not_picked":["Armaments","Twin Strike"],"picked":"Feel No Pain","floor":3.0},{"not_picked":["Warcry","Clothesline","Rupture"],"picked":"SKIP","floor":5.0},{"not_picked":["Clothesline","Seeing Red"],"picked":"True Grit","floor":6.0},{"not_picked":["Disarm","True Grit"],"picked":"Second Wind","floor":8.0},{"not_picked":["Pommel Strike","Twin Strike"],"picked":"Flex","floor":11.0},{"not_picked":["Warcry","Sword Boomerang"],"picked":"Ghostly Armor","floor":14},{"not_picked":["Offering","Bludgeon"],"picked":"Berserk","floor":16},{"not_picked":["Heavy Blade","Clash+1"],"picked":"Havoc","floor":18}],"player_experience":504237,"relics_obtained":[{"floor":6.0,"key":"Pear"},{"floor":9.0,"key":"Blood Vial"},{"floor":12.0,"key":"Art of War"}],"event_choices":[{"damage_healed":0.0,"max_hp_gain":0.0,"max_hp_loss":0.0,"gold_gain":0.0,"event_name":"Upgrade Shrine","player_choice":"Upgraded","floor":2.0,"gold_loss":0.0,"damage_taken":0.0,"cards_upgraded":["Barricade"]},{"damage_healed":0.0,"max_hp_gain":0.0,"max_hp_loss":0.0,"gold_gain":175.0,"event_name":"Liars Game","player_choice":"AGREE","floor":4.0,"gold_loss":0.0,"damage_taken":0.0,"cards_obtained":["Doubt"]}],"is_beta":false,"boss_relics":[{"not_picked":["Runic Pyramid","Busted Crown"],"picked":"SlaversCollar"}],"items_purged_floors":[10],"is_endless":false,"potions_floor_spawned":[3,5],"killed_by":"3 Byrds","ascension_level":0}}