{"host":"6h0diz2ap0m56grs","time":1611188345,"event":{"mods":["2.2 Compatiblity","BaseMod","Colored Map","Marisa????????","Minty Spire (QoL Compilation)","Quick Restart","Replay The Spire","Shop Mod","StSLib","The Servant 0.9.4"],"gold_per_floor":[116,133,133,153,153,188,188,188],"floor_reached":7,"language":"ENG","playtime":255,"items_purged":[],"score":80,"play_id":"7738aca7-5d46-4403-a29a-fbdb48fb120a","local_time":"20210120181905","daily_mods":["SealedDeck","Heirloom","Time Dilation","Flight"],"is_ascension_mode":true,"campfire_choices":[],"circlet_count":0,"master_deck":["White Noise","Hologram","Loop","Coolheaded","Streamline","Leap","Leap","Doom and Gloom","Sunder","Streamline","Conserve Battery"],"relics":["Snecko Eye","Ring of Chaos","replay:Trail_Library","Mango","Calipers"],"acts_visited":["Exordium"],"potions_floor_usage":[],"damage_taken":[{"damage":0,"enemies":"2 Louse","floor":1,"turns":2},{"damage":0,"enemies":"Jaw Worm","floor":2,"turns":1},{"damage":0,"enemies":"Small Slimes","floor":4,"turns":1},{"damage":0,"enemies":"Gremlin Nob","floor":6,"turns":2},{"damage":0,"enemies":"Lagavulin","floor":7,"turns":3}],"seed_played":"-2611459713795372762","potions_obtained":[{"floor":2,"key":"Weak Potion"},{"floor":4,"key":"SmokeBomb"}],"is_trial":true,"path_per_floor":["M","M","?","M","$","E","E"],"character_chosen":"DEFECT","items_purchased":[],"campfire_rested":0,"item_purchase_floors":[],"current_hp_per_floor":[89,89,82,82,82,82,82,82],"gold":188,"neow_bonus":"","is_daily":false,"chose_seed":false,"campfire_upgraded":0,"win_rate":0.0,"timestamp":1611188345,"path_taken":["M","M","?","M","$","E","E"],"items_purchased_type":[],"build_version":"2020-12-22","purchased_purges":0,"victory":false,"max_hp_per_floor":[89,89,89,89,89,89,89,89],"card_choices":[{"not_picked":["BasicCrystalCard","Gash"],"picked":"Streamline","floor":1},{"not_picked":["Streamline","ReplayTheSpireMod:Repulse"],"picked":"Conserve Battery","floor":2},{"not_picked":["Hologram","Barrage","Panic Button"],"picked":"SKIP","floor":4},{"not_picked":["Chill","ReplaySolidLightProjector","Static Discharge"],"picked":"SKIP","floor":6}],"player_experience":221167,"relics_obtained":[{"floor":6,"key":"Calipers"}],"event_choices":[{"cards_removed":["White Noise"],"damage_healed":0,"gold_gain":0,"player_choice":"Card Removal","damage_taken":7,"max_hp_gain":0,"max_hp_loss":0,"event_name":"Golden Wing","floor":3,"gold_loss":0}],"is_beta":false,"boss_relics":[],"items_purged_floors":[],"is_endless":false,"potions_floor_spawned":[2,4],"killed_by":"Lagavulin","ascension_level":1}}