{"host":"rolltorest","time":1611202812,"event":{"mods":["BaseMod","Minty Spire (QoL Compilation)","Relic Stats","Slay the Relics Exporter","StSLib"],"gold_per_floor":[114,128,128,138,156,156,190,145,145,145,145],"floor_reached":10,"language":"ENG","playtime":248,"items_purged":[],"score":136,"play_id":"64aae6d6-c65e-49a9-b12b-419de923fad1","local_time":"20210120202012","is_ascension_mode":true,"campfire_choices":[{"data":"Defragment","floor":6,"key":"SMITH"}],"circlet_count":0,"master_deck":["AscendersBane","Strike_B","Strike_B+1","Strike_B","Strike_B","Defend_B","Defend_B","Defend_B","Defend_B","Zap+1","Dualcast","Hologram","Cold Snap","Rebound","Defragment+1","Barrage"],"relics":["Cursed Key","Ginger"],"acts_visited":["Exordium"],"potions_floor_usage":[10],"damage_taken":[{"damage":1,"enemies":"Cultist","floor":1,"turns":4},{"damage":7,"enemies":"Jaw Worm","floor":2,"turns":4},{"damage":0,"enemies":"2 Louse","floor":4,"turns":4},{"damage":7,"enemies":"Exordium Wildlife","floor":5,"turns":4},{"damage":6,"enemies":"Lagavulin","floor":7,"turns":6},{"damage":20,"enemies":"Gremlin Nob","floor":10,"turns":4}],"seed_played":"-380771654693057259","potions_obtained":[{"floor":4,"key":"Ancient Potion"},{"floor":7,"key":"BlessingOfTheForge"}],"is_trial":false,"path_per_floor":["M","M","?","M","M","R","E","?","T","E"],"character_chosen":"DEFECT","items_purchased":[],"campfire_rested":0,"item_purchase_floors":[],"current_hp_per_floor":[63,56,35,35,28,28,22,22,22,2,2],"gold":145,"neow_bonus":"BOSS_RELIC","is_daily":false,"chose_seed":false,"campfire_upgraded":1,"win_rate":0.0,"timestamp":1611202812,"path_taken":["M","?","?","M","M","R","E","?","T","E"],"items_purchased_type":[],"build_version":"2020-12-18","purchased_purges":0,"victory":false,"max_hp_per_floor":[71,71,71,71,71,71,71,71,71,71,71],"relic_stats":{"counters":[6,26],"Ginger":[0],"Cursed Key":0,"obtain_stats":[{"Ginger":7,"Cracked Core":0,"Cursed Key":0},{"Ginger":5,"Cracked Core":0,"Cursed Key":0},{"Ginger":22,"Cracked Core":0,"Cursed Key":0}]},"card_choices":[{"not_picked":["Heatsinks","Leap"],"picked":"Hologram","floor":1},{"not_picked":["Coolheaded","Buffer"],"picked":"Cold Snap","floor":2},{"not_picked":["Loop","Hologram"],"picked":"Rebound","floor":4},{"not_picked":["Hologram","Lockon"],"picked":"Defragment","floor":5},{"not_picked":["FTL","Storm"],"picked":"Barrage","floor":7}],"player_experience":1750260,"relics_obtained":[{"floor":7,"key":"Ginger"}],"event_choices":[{"damage_healed":0,"gold_gain":0,"player_choice":"Entered Light","damage_taken":21,"max_hp_gain":0,"max_hp_loss":0,"event_name":"Shining Light","floor":3,"gold_loss":0,"cards_upgraded":["Strike_B","Zap"]},{"damage_healed":0,"gold_gain":0,"player_choice":"Left Gold","damage_taken":0,"max_hp_gain":0,"max_hp_loss":0,"event_name":"World of Goop","floor":8,"gold_loss":45}],"is_beta":true,"boss_relics":[],"items_purged_floors":[],"is_endless":false,"potions_floor_spawned":[4,7],"killed_by":"Gremlin Nob","ascension_level":20}}