{"host":"swphzoo6hmc78epl","time":1611209699,"event":{"mods":["BaseMod","Highlight Path","Minty Spire (QoL Compilation)","Quick Restart"],"gold_per_floor":[110,120,133,143,154,154,104,116,116,41,56,69,69,85,85,182,182,198,214,214,214,22,52,52,52,52,52,82,101,126,26,26,125,125,138,157,167,167,184,210,210,210],"floor_reached":41,"language":"ENG","playtime":2206,"items_purged":["Strike_G","Strike_G"],"score":602,"play_id":"baecd924-e7c4-4f8e-bf1b-aab553d8861c","local_time":"20210121011459","is_ascension_mode":true,"campfire_choices":[{"data":"Dash","floor":6.0,"key":"SMITH"},{"data":"Envenom","floor":13.0,"key":"SMITH"},{"data":"Blur","floor":15.0,"key":"SMITH"},{"data":"Ghostly","floor":27,"key":"SMITH"},{"data":"Setup","floor":32,"key":"SMITH"}],"circlet_count":0,"master_deck":["Defend_G","Defend_G","Defend_G","Survivor","Neutralize","Dash+1","Deadly Poison","Backflip","Flying Knee","Envenom+1","Caltrops","Backstab","Blur+1","Corpse Explosion","CurseOfTheBell","Noxious Fumes+1","Ghostly+1","Ghostly","Ghostly","Ghostly","Ghostly","Noxious Fumes","Poisoned Stab","Blur","Crippling Poison","Setup+1","Escape Plan+1","Glass Knife","Cloak And Dagger+1","Infinite Blades"],"relics":["Ring of the Snake","NeowsBlessing","StrikeDummy","Calling Bell","Potion Belt","Meat on the Bone","Unceasing Top","TwistedFunnel","Sundial","Question Card","InkBottle","HornCleat","Empty Cage","PreservedInsect"],"acts_visited":["Exordium","TheCity","TheBeyond"],"potions_floor_usage":[18,29,30,33,40],"damage_taken":[{"damage":0.0,"enemies":"Cultist","floor":1.0,"turns":1.0},{"damage":0.0,"enemies":"2 Louse","floor":2.0,"turns":1.0},{"damage":0.0,"enemies":"Small Slimes","floor":3.0,"turns":1.0},{"damage":4.0,"enemies":"3 Louse","floor":4.0,"turns":5.0},{"damage":3.0,"enemies":"Blue Slaver","floor":5.0,"turns":4.0},{"damage":6.0,"enemies":"2 Fungi Beasts","floor":8.0,"turns":3.0},{"damage":9.0,"enemies":"Large Slime","floor":11.0,"turns":6.0},{"damage":5.0,"enemies":"Lots of Slimes","floor":12.0,"turns":4.0},{"damage":6.0,"enemies":"Exordium Thugs","floor":14.0,"turns":3.0},{"damage":4.0,"enemies":"The Guardian","floor":16.0,"turns":11.0},{"damage":11,"enemies":"3 Byrds","floor":18,"turns":2},{"damage":18,"enemies":"Spheric Guardian","floor":19,"turns":5},{"damage":1,"enemies":"Gremlin Leader","floor":23,"turns":7},{"damage":12,"enemies":"Book of Stabbing","floor":28,"turns":6},{"damage":5,"enemies":"Centurion and Healer","floor":29,"turns":7},{"damage":0,"enemies":"Slavers","floor":30,"turns":6},{"damage":7,"enemies":"Automaton","floor":33,"turns":10},{"damage":19,"enemies":"3 Darklings","floor":35,"turns":4},{"damage":24,"enemies":"3 Shapes","floor":36,"turns":4},{"damage":9,"enemies":"Jaw Worm Horde","floor":37,"turns":5},{"damage":2,"enemies":"4 Shapes","floor":39,"turns":3},{"damage":6,"enemies":"Reptomancer","floor":40,"turns":10},{"damage":29,"enemies":"Transient","floor":41,"turns":3}],"seed_played":"-3907652834370395813","potions_obtained":[{"floor":3.0,"key":"SteroidPotion"},{"floor":8.0,"key":"Energy Potion"},{"floor":11.0,"key":"DistilledChaos"},{"floor":16.0,"key":"Strength Potion"},{"floor":23,"key":"EssenceOfSteel"},{"floor":28,"key":"Block Potion"},{"floor":30,"key":"SkillPotion"},{"floor":36,"key":"DistilledChaos"}],"is_trial":false,"path_per_floor":["M","M","M","M","M","R","?","M","T","$","M","M","R","M","R","B",null,"M","M","?","?","$","E","$","?","T","R","E","M","E","$","R","B",null,"M","M","M","?","M","E","M"],"character_chosen":"THE_SILENT","items_purchased":["Noxious Fumes","TwistedFunnel"],"campfire_rested":0,"item_purchase_floors":[22,22],"current_hp_per_floor":[70,70,70,66,63,63,63,57,57,57,48,43,43,37,37,33,70,59,41,41,35,35,34,34,34,34,34,22,29,29,29,29,22,35,28,16,19,19,17,23,0,0],"gold":210,"neow_bonus":"THREE_ENEMY_KILL","is_daily":false,"chose_seed":false,"campfire_upgraded":5,"win_rate":0.0,"timestamp":1611209699,"path_taken":["M","?","?","M","M","R","?","M","T","$","M","M","R","M","R","BOSS","M","M","?","?","$","E","$","?","T","R","E","M","E","?","R","BOSS","M","M","M","?","M","E","M"],"items_purchased_type":["Card","Relic"],"build_version":"2020-12-22","purchased_purges":2,"victory":false,"max_hp_per_floor":[70,70,70,70,70,70,70,70,70,70,70,70,70,70,70,70,70,70,70,70,35,35,35,35,35,35,35,35,35,35,35,35,35,35,35,35,35,33,33,33,33,33],"card_choices":[{"not_picked":["Prepared","Dodge and Roll"],"picked":"Dash","floor":1.0},{"not_picked":["PiercingWail","Heel Hook"],"picked":"Deadly Poison","floor":2.0},{"not_picked":["Concentrate","PiercingWail"],"picked":"Backflip","floor":3.0},{"not_picked":["Endless Agony","Acrobatics"],"picked":"Flying Knee","floor":4.0},{"not_picked":["Blade Dance","Backflip","Eviscerate"],"picked":"SKIP","floor":5.0},{"not_picked":["Reflex","Skewer"],"picked":"Envenom","floor":8.0},{"not_picked":["Outmaneuver","Concentrate"],"picked":"Caltrops","floor":11.0},{"not_picked":["Masterful Stab","Backflip"],"picked":"Backstab","floor":12.0},{"not_picked":["Sucker Punch","Outmaneuver"],"picked":"Blur","floor":14.0},{"not_picked":["After Image","Venomology"],"picked":"Corpse Explosion","floor":16.0},{"not_picked":["PiercingWail+1","Dagger Throw"],"picked":"Noxious Fumes+1","floor":18},{"not_picked":["Setup","Bane","Sucker Punch+1"],"picked":"SKIP","floor":19},{"not_picked":["Sucker Punch","Acrobatics+1","Flying Knee"],"picked":"SKIP","floor":23},{"not_picked":["Caltrops","Corpse Explosion","Slice"],"picked":"Crippling Poison","floor":28},{"not_picked":["Riddle With Holes","Outmaneuver+1","Flying Knee"],"picked":"Setup","floor":29},{"not_picked":["Quick Slash+1","Slice","Endless Agony"],"picked":"Escape Plan+1","floor":30},{"not_picked":["Die Die Die","Envenom","Doppelganger"],"picked":"Glass Knife","floor":33},{"not_picked":["Prepared","Finisher","Tactician+1"],"picked":"Cloak And Dagger+1","floor":35},{"not_picked":["Reflex","Calculated Gamble+1","All Out Attack+1","Footwork+1"],"picked":"SKIP","floor":36},{"not_picked":["Dagger Spray+1","Cloak And Dagger","Expertise","Quick Slash"],"picked":"SKIP","floor":37},{"not_picked":["Outmaneuver","Poisoned Stab","Leg Sweep"],"picked":"Infinite Blades","floor":39},{"not_picked":["Flechettes","Deflect+1","Cloak And Dagger","Expertise"],"picked":"SKIP","floor":40}],"player_experience":807187,"relics_obtained":[{"floor":9.0,"key":"StrikeDummy"},{"floor":17.0,"key":"Potion Belt"},{"floor":17.0,"key":"Meat on the Bone"},{"floor":17.0,"key":"Unceasing Top"},{"floor":23,"key":"Sundial"},{"floor":26,"key":"Question Card"},{"floor":28,"key":"InkBottle"},{"floor":30,"key":"HornCleat"},{"floor":40,"key":"PreservedInsect"}],"event_choices":[{"cards_removed":["Strike_G"],"damage_healed":0.0,"max_hp_gain":0.0,"max_hp_loss":0.0,"gold_gain":0.0,"event_name":"The Cleric","player_choice":"Card Removal","floor":7.0,"gold_loss":50.0,"damage_taken":0.0},{"damage_healed":0,"gold_gain":0,"player_choice":"Ignored","damage_taken":0,"max_hp_gain":0,"max_hp_loss":0,"event_name":"Vampires","floor":20,"gold_loss":0},{"damage_healed":0,"gold_gain":0,"player_choice":"Became a Ghost","damage_taken":0,"max_hp_gain":0,"max_hp_loss":35,"event_name":"Ghosts","floor":21,"gold_loss":0,"cards_obtained":["Ghostly","Ghostly","Ghostly","Ghostly","Ghostly"]},{"damage_healed":0,"gold_gain":0,"cards_transformed":["Strike_G","Strike_G"],"player_choice":"Became Test Subject","damage_taken":0,"max_hp_gain":0,"max_hp_loss":0,"event_name":"Drug Dealer","floor":25,"gold_loss":0,"cards_obtained":["Poisoned Stab","Blur"]},{"damage_healed":0,"gold_gain":0,"player_choice":"Max HP","damage_taken":0,"max_hp_gain":0,"max_hp_loss":2,"event_name":"Winding Halls","floor":38,"gold_loss":0}],"is_beta":false,"boss_relics":[{"not_picked":["Pandora\u0027s Box","Coffee Dripper"],"picked":"Calling Bell"},{"not_picked":["Black Star","Tiny House"],"picked":"Empty Cage"}],"items_purged_floors":[10,31],"is_endless":false,"potions_floor_spawned":[3,8,11,16,23,28,30,36],"killed_by":"Transient","ascension_level":3}}