{"host":"aqym1xxr3lb31d9m","time":1611216689,"event":{"mods":["BaseMod","Block Reminder","Colored Map","Colored Powertips","DeckTracker","Highlight Path","Minty Spire (QoL Compilation)","Quick Restart","Random Character Button","StSLib","SuperFastMode","UnlockEverythingMod"],"gold_per_floor":[109,79,79,98,110,110,185,110,133,133,53,86,86,111,111,183,183,200,213,230,72,72,101,101,111,111,161,161,61,72,101,101,178,178,196,196,250,263,281,281,312,312,312,347,364,389,421,439,439,439,439,439,439,7,41,41,41],"floor_reached":56,"language":"JPN","playtime":4097,"items_purged":["Strike_R","Shame"],"score":2062,"play_id":"2c901c32-3b15-46d4-86d5-e83b9df07312","local_time":"20210121171129","is_ascension_mode":true,"campfire_choices":[{"data":"Bash","floor":6.0,"key":"SMITH"},{"data":"Limit Break","floor":13.0,"key":"SMITH"},{"data":"Clothesline","floor":15.0,"key":"SMITH"},{"data":"Intimidate","floor":24.0,"key":"SMITH"},{"data":"Inflame","floor":28.0,"key":"SMITH"},{"floor":32.0,"key":"REST"},{"data":"Spot Weakness","floor":40.0,"key":"SMITH"},{"floor":42.0,"key":"RECALL"},{"data":"Evolve","floor":49.0,"key":"SMITH"},{"data":"Defend_R","floor":53.0,"key":"SMITH"}],"circlet_count":0,"master_deck":["AscendersBane","Strike_R","Strike_R","Strike_R","Defend_R+1","Defend_R","Defend_R+1","Defend_R+1","Bash+1","Limit Break+1","Clothesline+1","Spot Weakness+1","Thunderclap","Carnage","Intimidate+1","Shrug It Off+1","Reaper","Cleave+1","Shrug It Off+1","Inflame+1","Reaper","Feed","True Grit+1","True Grit+1","Impervious+1","Exhume+1","Twin Strike","Doubt","Shockwave+1","Sentinel+1","True Grit+1","Doubt","Blood for Blood","Second Wind+1","Evolve+1"],"relics":["Burning Blood","Red Skull","CultistMask","Toxic Egg 2","Letter Opener","Cursed Key","Ancient Tea Set","Mango","War Paint","Runic Pyramid","Bag of Marbles","Magic Flower","MealTicket","Dead Branch","Pen Nib","Membership Card","Centennial Puzzle","Champion Belt","Self Forming Clay"],"acts_visited":["Exordium","TheCity","TheBeyond","TheEnding"],"potions_floor_usage":[],"damage_taken":[{"damage":16.0,"enemies":"Small Slimes","floor":1.0,"turns":5.0},{"damage":4.0,"enemies":"Cultist","floor":4.0,"turns":3.0},{"damage":2.0,"enemies":"2 Louse","floor":5.0,"turns":3.0},{"damage":21.0,"enemies":"3 Sentries","floor":12.0,"turns":9.0},{"damage":6.0,"enemies":"Gremlin Nob","floor":14.0,"turns":3.0},{"damage":21.0,"enemies":"The Guardian","floor":16.0,"turns":7.0},{"damage":33.0,"enemies":"Shell Parasite","floor":18.0,"turns":9.0},{"damage":23.0,"enemies":"Spheric Guardian","floor":19.0,"turns":4.0},{"damage":16.0,"enemies":"Snake Plant","floor":20.0,"turns":3.0},{"damage":26.0,"enemies":"Gremlin Leader","floor":23.0,"turns":6.0},{"damage":18.0,"enemies":"Snecko","floor":25.0,"turns":3.0},{"damage":29.0,"enemies":"Cultist and Chosen","floor":30.0,"turns":5.0},{"damage":48.0,"enemies":"Book of Stabbing","floor":31.0,"turns":7.0},{"damage":57.0,"enemies":"Champ","floor":33.0,"turns":15.0},{"damage":29.0,"enemies":"3 Shapes","floor":35.0,"turns":10.0},{"damage":45.0,"enemies":"3 Darklings","floor":38.0,"turns":12.0},{"damage":44.0,"enemies":"Writhing Mass","floor":39.0,"turns":12.0},{"damage":28.0,"enemies":"Nemesis","floor":41.0,"turns":11.0},{"damage":108.0,"enemies":"Giant Head","floor":44.0,"turns":11.0},{"damage":35.0,"enemies":"Maw","floor":45.0,"turns":10.0},{"damage":0.0,"enemies":"Mind Bloom Boss Battle","floor":46.0,"turns":6.0},{"damage":34.0,"enemies":"Nemesis","floor":47.0,"turns":9.0},{"damage":43.0,"enemies":"Transient","floor":48.0,"turns":6.0},{"damage":96.0,"enemies":"Time Eater","floor":50.0,"turns":13.0},{"damage":89.0,"enemies":"Awakened One","floor":51.0,"turns":13.0},{"damage":94.0,"enemies":"Shield and Spear","floor":55.0,"turns":8.0},{"damage":146,"enemies":"The Heart","floor":56,"turns":11}],"seed_played":"-4742629174764164488","potions_obtained":[{"floor":2.0,"key":"Swift Potion"},{"floor":2.0,"key":"HeartOfIron"},{"floor":4.0,"key":"FearPotion"},{"floor":12.0,"key":"Regen Potion"},{"floor":14.0,"key":"AttackPotion"},{"floor":19.0,"key":"Dexterity Potion"},{"floor":25.0,"key":"Explosive Potion"},{"floor":33.0,"key":"AttackPotion"},{"floor":35.0,"key":"Explosive Potion"},{"floor":41.0,"key":"Swift Potion"}],"is_trial":false,"path_per_floor":["M","?","$","M","M","R","?","?","T","?","$","E","R","E","R","B",null,"M","M","M","$","?","E","R","M","T","?","R","$","M","E","R","B",null,"M","$","T","M","M","R","E","R","T","E","M","?","E","M","R","B","B",null,"R","$","E","B"],"character_chosen":"IRONCLAD","items_purchased":["Carnage","Inflame","Membership Card","Centennial Puzzle","Champion Belt","Swift Potion"],"campfire_rested":1,"item_purchase_floors":[11,21,54,54,54,54],"current_hp_per_floor":[58,58,58,60,64,64,53,53,53,53,53,38,38,38,38,23,62,40,23,19,19,19,38,38,38,52,52,52,52,51,26,53,21,77,78,78,78,101,104,104,107,107,107,107,110,113,108,116,116,82,91,112,112,119,122,0,0],"gold":41,"neow_bonus":"ONE_RANDOM_RARE_CARD","is_daily":false,"chose_seed":false,"campfire_upgraded":8,"win_rate":0.0,"timestamp":1611216689,"path_taken":["M","?","?","M","M","R","?","?","T","?","$","E","R","E","R","BOSS","M","?","?","$","?","E","R","?","T","?","R","?","M","E","R","BOSS","M","?","?","?","M","R","E","R","T","E","M","?","E","M","R","BOSS","BOSS","R","$","E","BOSS"],"items_purchased_type":["Card","Card","Relic","Relic","Relic","Potion"],"build_version":"2020-12-22","purchased_purges":2,"victory":false,"max_hp_per_floor":[75,75,75,75,75,75,75,75,75,75,75,75,75,75,75,75,75,75,75,75,75,75,75,75,75,89,89,89,89,92,92,92,95,95,98,98,98,101,104,104,107,107,107,107,110,113,116,116,116,116,119,119,119,119,122,122,122],"card_choices":[{"not_picked":["Warcry","Twin Strike"],"picked":"Clothesline","floor":1.0},{"not_picked":["Sword Boomerang","Shrug It Off"],"picked":"Spot Weakness","floor":4.0},{"not_picked":["Corruption","Havoc"],"picked":"Thunderclap","floor":5.0},{"not_picked":["Exhume","Havoc"],"picked":"Intimidate","floor":12.0},{"not_picked":["Thunderclap","Bloodletting+1"],"picked":"Shrug It Off+1","floor":14.0},{"not_picked":["Juggernaut","Corruption"],"picked":"Reaper","floor":16.0},{"not_picked":["Warcry+1","Heavy Blade"],"picked":"Cleave+1","floor":18.0},{"not_picked":["Infernal Blade+1","Blood for Blood"],"picked":"Shrug It Off+1","floor":19.0},{"not_picked":["Iron Wave","Thunderclap","Searing Blow"],"picked":"SKIP","floor":20.0},{"not_picked":["Rampage+1","Entrench+1"],"picked":"Feed","floor":23.0},{"not_picked":["Thunderclap+1","Sword Boomerang"],"picked":"True Grit+1","floor":25.0},{"not_picked":["Sword Boomerang+1","Dropkick"],"picked":"True Grit+1","floor":30.0},{"not_picked":["Twin Strike","Carnage"],"picked":"Impervious+1","floor":31.0},{"not_picked":["Barricade","Feed"],"picked":"Exhume+1","floor":33.0},{"not_picked":["Rage+1","Perfected Strike"],"picked":"Twin Strike","floor":35.0},{"not_picked":["Anger","Searing Blow"],"picked":"Shockwave+1","floor":38.0},{"not_picked":["Shrug It Off+1","Rampage+1"],"picked":"Sentinel+1","floor":39.0},{"not_picked":["Havoc+1","Warcry+1"],"picked":"True Grit+1","floor":41.0},{"not_picked":["Brutality","Perfected Strike"],"picked":"Blood for Blood","floor":44.0},{"not_picked":["Pommel Strike+1","Clothesline+1"],"picked":"Second Wind+1","floor":45.0},{"not_picked":["Carnage","Thunderclap+1","Clash"],"picked":"SKIP","floor":47.0},{"not_picked":["Cleave","Wild Strike"],"picked":"Evolve","floor":48.0},{"not_picked":["Carnage","Perfected Strike","Fire Breathing"],"picked":"SKIP","floor":55.0}],"player_experience":3957068,"relics_obtained":[{"floor":9.0,"key":"Red Skull"},{"floor":12.0,"key":"Toxic Egg 2"},{"floor":14.0,"key":"Letter Opener"},{"floor":23.0,"key":"Ancient Tea Set"},{"floor":26.0,"key":"Mango"},{"floor":31.0,"key":"War Paint"},{"floor":37.0,"key":"Bag of Marbles"},{"floor":41.0,"key":"Magic Flower"},{"floor":44.0,"key":"MealTicket"},{"floor":46.0,"key":"Dead Branch"},{"floor":47.0,"key":"Pen Nib"},{"floor":55.0,"key":"Self Forming Clay"}],"event_choices":[{"damage_healed":0.0,"max_hp_gain":0.0,"max_hp_loss":0.0,"gold_gain":0.0,"event_name":"The Woman in Blue","player_choice":"Bought 2 Potions","floor":2.0,"gold_loss":0.0,"damage_taken":0.0},{"damage_healed":0.0,"max_hp_gain":0.0,"max_hp_loss":0.0,"gold_gain":75.0,"event_name":"World of Goop","player_choice":"Gather Gold","floor":7.0,"gold_loss":0.0,"damage_taken":11.0},{"cards_removed":["Strike_R"],"damage_healed":0.0,"max_hp_gain":0.0,"max_hp_loss":0.0,"gold_gain":0.0,"event_name":"The Cleric","player_choice":"Card Removal","floor":8.0,"gold_loss":75.0,"damage_taken":0.0},{"damage_healed":0.0,"max_hp_gain":0.0,"max_hp_loss":0.0,"gold_gain":0.0,"event_name":"FaceTrader","player_choice":"Trade","floor":10.0,"gold_loss":0.0,"damage_taken":0.0,"relics_obtained":["CultistMask"]},{"damage_healed":0.0,"max_hp_gain":0.0,"max_hp_loss":0.0,"gold_gain":0.0,"event_name":"Duplicator","player_choice":"Copied","floor":22.0,"gold_loss":0.0,"damage_taken":0.0,"cards_obtained":["Reaper"]},{"damage_healed":0.0,"max_hp_gain":0.0,"max_hp_loss":0.0,"gold_gain":50.0,"event_name":"Nest","player_choice":"Stole From Cult","floor":27.0,"gold_loss":0.0,"damage_taken":0.0},{"damage_healed":0.0,"max_hp_gain":0.0,"max_hp_loss":0.0,"gold_gain":0.0,"event_name":"MindBloom","player_choice":"Fight","floor":46.0,"gold_loss":0.0,"damage_taken":0.0}],"is_beta":false,"boss_relics":[{"not_picked":["SlaversCollar","Empty Cage"],"picked":"Cursed Key"},{"not_picked":["Pandora\u0027s Box","Black Star"],"picked":"Runic Pyramid"}],"items_purged_floors":[21,29],"is_endless":false,"potions_floor_spawned":[4,12,14,19,20,25,33,35,38,41],"killed_by":"The Heart","ascension_level":20}}