{"host":"4bbalj7r5kimsnho","time":1611260642,"event":{"mods":["AchievementEnabler","BaseMod","Colored Powertips","Hermit","Minty Spire (QoL Compilation)","StSLib"],"gold_per_floor":[359,377,391,391,11,11,22,41,122,157,168,168,187,205,205,303,303,303,303,303,303,59,59,59,59,59,59,59,59,59,59,59,59,59,59,59,59,59,59,59,59,59,59,59,59,59,59,59,59,59,59,59,59,59,59,59],"floor_reached":55,"language":"ENG","playtime":3311,"items_purged":["Strike_R","Strike_R"],"score":847,"play_id":"66fa1416-1d7a-4d4e-9af2-7dea80cba5dc","local_time":"20210121202402","is_ascension_mode":true,"campfire_choices":[{"data":"Combust","floor":6.0,"key":"SMITH"},{"data":"Heavy Blade","floor":12.0,"key":"SMITH"},{"data":"Rupture","floor":15.0,"key":"SMITH"},{"data":"J.A.X.","floor":24.0,"key":"SMITH"},{"data":"Brutality","floor":30.0,"key":"SMITH"},{"data":"Ghostly Armor","floor":32.0,"key":"SMITH"},{"data":"Shrug It Off","floor":41.0,"key":"SMITH"},{"data":"Power Through","floor":44,"key":"SMITH"},{"floor":49,"key":"RECALL"},{"data":"Shrug It Off","floor":52,"key":"SMITH"}],"circlet_count":0,"master_deck":["Strike_R","Defend_R","Defend_R","Defend_R","Bash","Warcry","Ghostly Armor+1","Rupture+1","Offering","Combust+1","Shrug It Off+1","Pummel+1","Shockwave","Cleave","Shrug It Off+1","Heavy Blade+1","Rupture","Pummel","Reaper","J.A.X.+1","Brutality+1","Battle Trance","Iron Wave+1","Offering+1","Demon Form+1","Power Through+1","Flash of Steel"],"relics":["Burning Blood","Orrery","Eternal Feather","Thread and Needle","Ectoplasm","Boot","Happy Flower","Sundial","Astrolabe","Strawberry","Centennial Puzzle"],"acts_visited":["Exordium","TheCity","TheBeyond","TheEnding"],"potions_floor_usage":[55,55],"damage_taken":[{"damage":7.0,"enemies":"Jaw Worm","floor":1.0,"turns":3.0},{"damage":1.0,"enemies":"Cultist","floor":2.0,"turns":4.0},{"damage":0.0,"enemies":"Small Slimes","floor":3.0,"turns":3.0},{"damage":11.0,"enemies":"Looter","floor":7.0,"turns":3.0},{"damage":14.0,"enemies":"3 Louse","floor":8.0,"turns":2.0},{"damage":23.0,"enemies":"Gremlin Nob","floor":10.0,"turns":4.0},{"damage":3.0,"enemies":"Gremlin Gang","floor":11.0,"turns":2.0},{"damage":10.0,"enemies":"Exordium Wildlife","floor":13.0,"turns":4.0},{"damage":22.0,"enemies":"Exordium Thugs","floor":14.0,"turns":4.0},{"damage":10.0,"enemies":"Hexaghost","floor":16.0,"turns":8.0},{"damage":2.0,"enemies":"Chosen","floor":18.0,"turns":4.0},{"damage":6.0,"enemies":"3 Byrds","floor":19.0,"turns":4.0},{"damage":28.0,"enemies":"Snake Plant","floor":20.0,"turns":3.0},{"damage":31.0,"enemies":"Slavers","floor":23.0,"turns":5.0},{"damage":14.0,"enemies":"Gremlin Leader","floor":25.0,"turns":4.0},{"damage":18.0,"enemies":"Cultist and Chosen","floor":27.0,"turns":6.0},{"damage":15.0,"enemies":"Sentry and Sphere","floor":29.0,"turns":3.0},{"damage":33.0,"enemies":"Collector","floor":33.0,"turns":4.0},{"damage":22.0,"enemies":"3 Shapes","floor":35.0,"turns":3.0},{"damage":8.0,"enemies":"Orb Walker","floor":38.0,"turns":2.0},{"damage":30.0,"enemies":"4 Shapes","floor":39.0,"turns":3.0},{"damage":25.0,"enemies":"3 Darklings","floor":40.0,"turns":4.0},{"damage":24.0,"enemies":"Reptomancer","floor":42.0,"turns":5.0},{"damage":19,"enemies":"Spire Growth","floor":45,"turns":3},{"damage":28,"enemies":"Maw","floor":46,"turns":5},{"damage":19,"enemies":"4 Shapes","floor":48,"turns":3},{"damage":39,"enemies":"Time Eater","floor":50,"turns":8},{"damage":53,"enemies":"Shield and Spear","floor":54,"turns":5},{"damage":107,"enemies":"The Heart","floor":55,"turns":5}],"seed_played":"2293299866025410444","potions_obtained":[{"floor":2.0,"key":"Energy Potion"},{"floor":3.0,"key":"AttackPotion"},{"floor":10.0,"key":"SpeedPotion"},{"floor":25.0,"key":"EssenceOfSteel"},{"floor":27.0,"key":"LiquidMemories"},{"floor":33.0,"key":"GamblersBrew"},{"floor":46,"key":"DuplicationPotion"}],"is_trial":false,"path_per_floor":["M","M","M","?","$","R","M","M","T","E","M","R","M","M","R","B",null,"M","M","M","?","$","E","R","E","T","M","?","M","R","?","R","B",null,"M","?","?","M","M","M","R","E","T","R","M","M","?","M","R","B",null,"R","$","E","B"],"character_chosen":"IRONCLAD","items_purchased":["Offering","Orrery","Brutality"],"campfire_rested":0,"item_purchase_floors":[5,5,22],"current_hp_per_floor":[71,72,72,72,72,72,67,59,59,42,45,57,53,37,49,45,72,72,72,50,50,50,25,40,68,68,56,56,47,62,62,72,45,72,72,68,68,66,64,68,68,75,75,75,62,75,75,75,75,42,75,75,75,46,0,0],"gold":59,"neow_bonus":"TWO_FIFTY_GOLD","is_daily":false,"chose_seed":false,"campfire_upgraded":9,"win_rate":0.0,"timestamp":1611260642,"path_taken":["M","M","M","?","$","R","M","M","T","E","M","R","M","M","R","BOSS","M","M","M","?","$","E","R","E","T","M","?","M","R","?","R","BOSS","M","?","?","?","M","M","R","E","T","R","M","M","?","M","R","BOSS","R","$","E","BOSS"],"items_purchased_type":["Card","Relic","Card"],"build_version":"2020-12-22","purchased_purges":2,"victory":false,"max_hp_per_floor":[72,72,72,72,72,72,72,72,72,72,72,72,72,72,72,72,72,72,72,72,72,72,72,72,72,72,72,72,72,72,72,72,72,72,72,68,68,68,68,68,68,75,75,75,75,75,75,75,75,75,75,75,75,75,75,75],"card_choices":[{"not_picked":["Body Slam","Perfected Strike"],"picked":"Warcry","floor":1.0},{"not_picked":["True Grit","Battle Trance"],"picked":"Ghostly Armor","floor":2.0},{"not_picked":["Sword Boomerang","Twin Strike","Searing Blow"],"picked":"SKIP","floor":3.0},{"not_picked":["Shrug It Off","Disarm"],"picked":"Combust","floor":5.0},{"not_picked":["Flame Barrier","Heavy Blade"],"picked":"Shrug It Off","floor":5.0},{"not_picked":["Corruption","Perfected Strike"],"picked":"Pummel","floor":5.0},{"not_picked":["Infernal Blade","Flame Barrier"],"picked":"Shockwave","floor":5.0},{"not_picked":["Power Through","Warcry"],"picked":"Cleave","floor":7.0},{"not_picked":["Perfected Strike","Sword Boomerang"],"picked":"Shrug It Off","floor":8.0},{"not_picked":["Body Slam","True Grit"],"picked":"Heavy Blade","floor":10.0},{"not_picked":["Infernal Blade","Iron Wave","Rampage"],"picked":"SKIP","floor":11.0},{"not_picked":["Havoc","Power Through"],"picked":"Rupture","floor":13.0},{"not_picked":["Disarm","Havoc"],"picked":"Pummel","floor":14.0},{"not_picked":["Feed","Barricade"],"picked":"Reaper","floor":16.0},{"not_picked":["Flex","Pommel Strike","Havoc"],"picked":"SKIP","floor":18.0},{"not_picked":["Armaments","Iron Wave","Shrug It Off"],"picked":"SKIP","floor":19.0},{"not_picked":["Anger","Dark Embrace+1","Reckless Charge"],"picked":"SKIP","floor":20.0},{"not_picked":["Feel No Pain","Spot Weakness"],"picked":"Battle Trance","floor":23.0},{"not_picked":["Twin Strike+1","Flex+1","Brutality"],"picked":"SKIP","floor":25.0},{"not_picked":["Rage","Body Slam","Entrench"],"picked":"SKIP","floor":27.0},{"not_picked":["Reckless Charge","Anger+1","Wild Strike"],"picked":"SKIP","floor":29.0},{"not_picked":["Iron Wave+1","Havoc+1","Anger"],"picked":"SKIP","floor":35.0},{"not_picked":["Dark Embrace","Sword Boomerang","Body Slam"],"picked":"SKIP","floor":38.0},{"not_picked":["Pummel+1","True Grit"],"picked":"Power Through","floor":39.0},{"not_picked":["Combust+1","Perfected Strike","Clash"],"picked":"SKIP","floor":40.0},{"not_picked":["Cleave","Twin Strike","Clash"],"picked":"SKIP","floor":42.0},{"not_picked":["Uppercut+1","Infernal Blade","Entrench+1"],"picked":"SKIP","floor":45},{"not_picked":["Rage+1","Corruption","Sever Soul+1"],"picked":"SKIP","floor":46},{"not_picked":["Forethought","Swift Strike"],"picked":"Flash of Steel","floor":47},{"not_picked":["Battle Trance+1","Disarm","Warcry"],"picked":"SKIP","floor":48},{"not_picked":["Inflame","Clash","Body Slam+1"],"picked":"SKIP","floor":54}],"player_experience":113967,"relics_obtained":[{"floor":9.0,"key":"Eternal Feather"},{"floor":10.0,"key":"Thread and Needle"},{"floor":23.0,"key":"Boot"},{"floor":25.0,"key":"Happy Flower"},{"floor":26.0,"key":"Sundial"},{"floor":42.0,"key":"Strawberry"},{"floor":54,"key":"Centennial Puzzle"}],"event_choices":[{"damage_healed":0.0,"max_hp_gain":0.0,"max_hp_loss":0.0,"gold_gain":0.0,"event_name":"Match and Keep!","player_choice":"1 cards matched","floor":4.0,"gold_loss":0.0,"damage_taken":0.0,"cards_obtained":["Rupture"]},{"damage_healed":0.0,"max_hp_gain":0.0,"max_hp_loss":0.0,"gold_gain":0.0,"event_name":"Drug Dealer","player_choice":"Obtain J.A.X.","floor":21.0,"gold_loss":0.0,"damage_taken":0.0,"cards_obtained":["J.A.X."]},{"damage_healed":0.0,"max_hp_gain":0.0,"max_hp_loss":0.0,"gold_gain":0.0,"event_name":"The Mausoleum","player_choice":"Ignored","floor":28.0,"gold_loss":0.0,"damage_taken":0.0},{"damage_healed":0.0,"max_hp_gain":0.0,"max_hp_loss":4.0,"gold_gain":0.0,"event_name":"Winding Halls","player_choice":"Max HP","floor":36.0,"gold_loss":0.0,"damage_taken":0.0},{"damage_healed":0.0,"max_hp_gain":0.0,"max_hp_loss":0.0,"gold_gain":0.0,"event_name":"Upgrade Shrine","player_choice":"Upgraded","floor":37.0,"gold_loss":0.0,"damage_taken":0.0,"cards_upgraded":["Pummel"]},{"damage_healed":0,"gold_gain":0,"player_choice":"Memory 1","damage_taken":0,"max_hp_gain":0,"max_hp_loss":0,"event_name":"SensoryStone","floor":47,"gold_loss":0}],"is_beta":false,"boss_relics":[{"not_picked":["Velvet Choker","Cursed Key"],"picked":"Ectoplasm"},{"not_picked":["Runic Pyramid","Runic Dome"],"picked":"Astrolabe"}],"items_purged_floors":[5,22],"is_endless":false,"potions_floor_spawned":[2,3,10,11,13,25,27,29,33,35,38,40,46,48,54],"killed_by":"The Heart","ascension_level":2}}