{"host":"y3h3n3f7seyagppx","time":1611261423,"event":{"mods":["AlwaysNeverKeys","BaseMod","Better Vampires","Colored Powertips","DeckTracker","Emptier Cage","Minty Spire (QoL Compilation)","Permanent Neow","Quick Restart","Rare Cards Sparkle","Relic Sorter","Relic Stats","StSLib","Transform Curses"],"gold_per_floor":[115,128,128,138,138,177,177,197,197,24,55,78,114,134,134,227,227,243,6,25,50,50,86,86,120,120,155,155,155,193,25,25,114,114,133,133,153,178,13,56,56,100,100,100,144,175,175,18,18,18,18,18,18,18,59,59],"floor_reached":57,"language":"ENG","playtime":9545,"items_purged":["Strike_G"],"score":3623,"play_id":"f48b51d5-ab96-4eed-bc87-c233c4c66b57","local_time":"20210121153703","is_ascension_mode":true,"campfire_choices":[{"floor":7,"key":"REST"},{"data":"Neutralize","floor":15,"key":"SMITH"},{"data":"Wraith Form v2","floor":24,"key":"SMITH"},{"data":"After Image","floor":29,"key":"SMITH"},{"data":"Cloak And Dagger","floor":32,"key":"SMITH"},{"data":"Adrenaline","floor":44,"key":"SMITH"},{"data":"Terror","floor":49,"key":"SMITH"},{"data":"Blade Dance","floor":53,"key":"SMITH"}],"circlet_count":0,"master_deck":["AscendersBane","Strike_G","Strike_G","Strike_G","Defend_G","Defend_G","Defend_G","Defend_G","Defend_G","Survivor","Neutralize+1","Blade Dance+1","Dagger Throw","Infinite Blades","Quick Slash","Finisher","Cloak And Dagger+1","Die Die Die","Terror+1","After Image+1","Endless Agony","Ghostly","Ghostly","Ghostly","Wraith Form v2+1","Blur","Acrobatics","Calculated Gamble","Adrenaline+1","Outmaneuver+1","Acrobatics+1","Backflip+1","Calculated Gamble","Bullet Time","Wraith Form v2+1"],"relics":["Ring of the Snake","Lantern","Golden Idol","Kunai","Bottled Tornado","Toolbox","Odd Mushroom","Akabeko","Coffee Dripper","Orichalcum","Nunchaku","Pocketwatch","Dead Branch","Anchor","InkBottle","ClockworkSouvenir","Cursed Key","Pen Nib","Omamori","Bird Faced Urn","Molten Egg 2","Bottled Lightning","Mango","Darkstone Periapt","DollysMirror","The Specimen"],"acts_visited":["Exordium","TheCity","TheBeyond","TheEnding"],"potions_floor_usage":[6,7,7,13,16,21,23],"damage_taken":[{"damage":3.0,"enemies":"Cultist","floor":1.0,"turns":5.0},{"damage":9.0,"enemies":"Jaw Worm","floor":2.0,"turns":5.0},{"damage":4.0,"enemies":"Small Slimes","floor":4.0,"turns":4.0},{"damage":22,"enemies":"Lagavulin","floor":6,"turns":6},{"damage":1,"enemies":"Looter","floor":8,"turns":3},{"damage":7,"enemies":"The Mushroom Lair","floor":11,"turns":4},{"damage":7,"enemies":"Blue Slaver","floor":12,"turns":3},{"damage":10,"enemies":"3 Sentries","floor":13,"turns":8},{"damage":0,"enemies":"2 Fungi Beasts","floor":14,"turns":2},{"damage":0,"enemies":"Slime Boss","floor":16,"turns":6},{"damage":0,"enemies":"3 Byrds","floor":18,"turns":4},{"damage":4,"enemies":"Shell Parasite","floor":20,"turns":4},{"damage":0,"enemies":"Snake Plant","floor":21,"turns":4},{"damage":16,"enemies":"Book of Stabbing","floor":23,"turns":5},{"damage":14,"enemies":"Gremlin Leader","floor":25,"turns":4},{"damage":0,"enemies":"Slavers","floor":27,"turns":7},{"damage":0,"enemies":"Gremlin Leader","floor":30,"turns":5},{"damage":0,"enemies":"Champ","floor":33,"turns":5},{"damage":0,"enemies":"3 Shapes","floor":35,"turns":3},{"damage":0,"enemies":"Orb Walker","floor":37,"turns":2},{"damage":0,"enemies":"Writhing Mass","floor":38,"turns":4},{"damage":0,"enemies":"Nemesis","floor":40,"turns":3},{"damage":0,"enemies":"Giant Head","floor":42,"turns":3},{"damage":0,"enemies":"Reptomancer","floor":45,"turns":3},{"damage":0,"enemies":"Mind Bloom Boss Battle","floor":46,"turns":2},{"damage":2,"enemies":"Time Eater","floor":50,"turns":13},{"damage":0,"enemies":"Donu and Deca","floor":51,"turns":9},{"damage":0,"enemies":"Shield and Spear","floor":55,"turns":8},{"damage":8,"enemies":"The Heart","floor":56,"turns":9}],"seed_played":"-949957486374994180","potions_obtained":[{"floor":2.0,"key":"Fruit Juice"},{"floor":4.0,"key":"SteroidPotion"},{"floor":6,"key":"Fruit Juice"},{"floor":11,"key":"Regen Potion"},{"floor":12,"key":"PowerPotion"},{"floor":16,"key":"SteroidPotion"},{"floor":18,"key":"Block Potion"},{"floor":23,"key":"SneckoOil"},{"floor":37,"key":"EssenceOfSteel"},{"floor":38,"key":"BlessingOfTheForge"}],"is_trial":false,"path_per_floor":["M","M","?","M","?","E","R","M","T","$","?","M","E","M","R","B",null,"M","$","M","M","?","E","R","E","T","E","?","R","E","$","R","B",null,"M","?","M","M","$","E","?","E","T","R","E","?","T","$","R","B","B",null,"R","$","E","B",null],"character_chosen":"THE_SILENT","items_purchased":["Toolbox","Orichalcum","ClockworkSouvenir","Pen Nib","DollysMirror"],"campfire_rested":1,"item_purchase_floors":[10,19,31,39,48],"current_hp_per_floor":[56,47,47,43,43,21,52,51,51,51,44,37,42,42,42,42,63,63,63,59,59,35,19,19,5,5,5,5,5,5,5,5,5,28,28,35,35,35,35,35,35,35,35,35,35,49,49,49,49,49,49,49,49,49,49,45],"gold":59,"neow_bonus":"RANDOM_COMMON_RELIC","is_daily":false,"chose_seed":false,"campfire_upgraded":7,"win_rate":0.0,"timestamp":1611261423,"path_taken":["M","M","?","M","?","E","R","?","T","$","?","M","E","M","R","BOSS","M","$","M","M","?","E","R","E","T","E","?","R","E","$","R","BOSS","M","?","?","M","$","E","?","E","T","R","E","?","?","?","R","BOSS","BOSS","R","$","E","BOSS"],"items_purchased_type":["Relic","Relic","Relic","Relic","Relic"],"build_version":"2020-12-22","purchased_purges":1,"victory":true,"max_hp_per_floor":[66,66,66,66,60,60,70,70,70,70,70,70,70,70,70,70,70,70,70,70,70,35,35,35,35,35,35,35,35,35,35,35,35,35,35,35,35,35,35,35,35,35,35,35,35,49,49,49,49,49,49,49,49,49,49,49],"relic_stats":{"Darkstone Periapt":0,"counters":[29,143],"Golden Idol":222,"Dead Branch":[316],"Pen Nib":[24],"Orichalcum":[24],"Cursed Key":2,"Nunchaku":[39],"Bird Faced Urn":[6],"Kunai":[139],"obtain_stats":[{"Darkstone Periapt":47,"Lantern":0,"Mango":46,"Bottled Tornado":9,"Cursed Key":34,"ClockworkSouvenir":31,"Nunchaku":23,"DollysMirror":48,"Toolbox":10,"Kunai":6,"InkBottle":30,"Ring of the Snake":0,"The Specimen":55,"Golden Idol":5,"Dead Branch":26,"Pen Nib":39,"Omamori":40,"Odd Mushroom":11,"Orichalcum":19,"Akabeko":13,"Anchor":27,"Bird Faced Urn":42,"Molten Egg 2":43,"Coffee Dripper":17,"Bottled Lightning":45,"Pocketwatch":25},{"Darkstone Periapt":25,"Lantern":0,"Mango":25,"Bottled Tornado":5,"Cursed Key":18,"ClockworkSouvenir":17,"Nunchaku":14,"DollysMirror":25,"Toolbox":5,"Kunai":4,"InkBottle":17,"Ring of the Snake":0,"The Specimen":28,"Golden Idol":3,"Dead Branch":15,"Pen Nib":21,"Omamori":22,"Odd Mushroom":6,"Orichalcum":11,"Akabeko":8,"Anchor":16,"Bird Faced Urn":23,"Molten Egg 2":23,"Coffee Dripper":10,"Bottled Lightning":24,"Pocketwatch":15},{"Darkstone Periapt":104,"Lantern":0,"Mango":104,"Bottled Tornado":23,"Cursed Key":84,"ClockworkSouvenir":79,"Nunchaku":63,"DollysMirror":104,"Toolbox":23,"Kunai":20,"InkBottle":79,"Ring of the Snake":0,"The Specimen":134,"Golden Idol":14,"Dead Branch":67,"Pen Nib":93,"Omamori":96,"Odd Mushroom":27,"Orichalcum":50,"Akabeko":38,"Anchor":74,"Bird Faced Urn":99,"Molten Egg 2":99,"Coffee Dripper":46,"Bottled Lightning":102,"Pocketwatch":67}],"InkBottle":[53],"Ring of the Snake":[60],"Pocketwatch":[22]},"card_choices":[{"not_picked":["Prepared","Terror"],"picked":"Blade Dance","floor":1.0},{"not_picked":["Backflip","Riddle With Holes","Cloak And Dagger"],"picked":"SKIP","floor":2.0},{"not_picked":["Caltrops","Underhanded Strike"],"picked":"Dagger Throw","floor":4.0},{"not_picked":["Prepared","Predator"],"picked":"Infinite Blades","floor":6},{"not_picked":["Blur","PiercingWail"],"picked":"Quick Slash","floor":8},{"not_picked":["Infinite Blades","Sucker Punch"],"picked":"Finisher","floor":11},{"not_picked":["Quick Slash","Prepared"],"picked":"Cloak And Dagger","floor":12},{"not_picked":["Expertise","Dagger Throw"],"picked":"Die Die Die","floor":13},{"not_picked":["Caltrops","Outmaneuver"],"picked":"Terror","floor":14},{"not_picked":["Night Terror","Doppelganger"],"picked":"After Image","floor":16},{"not_picked":["Quick Slash","Deadly Poison","Slice"],"picked":"SKIP","floor":18},{"not_picked":["Quick Slash","Flying Knee"],"picked":"Endless Agony","floor":20},{"not_picked":["Flying Knee","Deadly Poison","Catalyst"],"picked":"SKIP","floor":21},{"not_picked":["Outmaneuver","PiercingWail"],"picked":"Wraith Form v2","floor":23},{"not_picked":["Heel Hook","Blur","Masterful Stab"],"picked":"SKIP","floor":25},{"not_picked":["Heel Hook","Masterful Stab"],"picked":"Blur","floor":25},{"not_picked":["Flechettes","Skewer"],"picked":"Acrobatics","floor":27},{"not_picked":["Infinite Blades","Endless Agony+1","Quick Slash"],"picked":"SKIP","floor":30},{"not_picked":["Infinite Blades","Endless Agony+1","Quick Slash"],"picked":"SKIP","floor":30},{"not_picked":["Glass Knife","Doppelganger"],"picked":"Adrenaline","floor":33},{"not_picked":["All Out Attack","Flying Knee+1"],"picked":"Outmaneuver+1","floor":35},{"not_picked":["Prepared","Poisoned Stab"],"picked":"Acrobatics+1","floor":37},{"not_picked":["Slice","Poisoned Stab"],"picked":"Backflip+1","floor":38},{"not_picked":["Acrobatics","Concentrate","Deadly Poison+1"],"picked":"SKIP","floor":40},{"not_picked":["Skewer+1","Flying Knee","Acrobatics"],"picked":"SKIP","floor":42},{"not_picked":["Skewer+1","Flying Knee","Acrobatics"],"picked":"SKIP","floor":42},{"not_picked":["Riddle With Holes+1","Terror"],"picked":"Calculated Gamble","floor":45},{"not_picked":["Dash+1","Dagger Throw+1"],"picked":"Bullet Time","floor":46},{"not_picked":["All Out Attack+1","Crippling Poison","Slice+1"],"picked":"SKIP","floor":55},{"not_picked":["All Out Attack+1","Crippling Poison","Slice+1"],"picked":"SKIP","floor":55}],"player_experience":21415529,"relics_obtained":[{"floor":6,"key":"Kunai"},{"floor":9,"key":"Bottled Tornado"},{"floor":11,"key":"Odd Mushroom"},{"floor":13,"key":"Akabeko"},{"floor":23,"key":"Nunchaku"},{"floor":25,"key":"Pocketwatch"},{"floor":26,"key":"Dead Branch"},{"floor":27,"key":"Anchor"},{"floor":30,"key":"InkBottle"},{"floor":40,"key":"Omamori"},{"floor":42,"key":"Bird Faced Urn"},{"floor":43,"key":"Molten Egg 2"},{"floor":45,"key":"Bottled Lightning"},{"floor":46,"key":"Mango"},{"floor":47,"key":"Darkstone Periapt"},{"floor":55,"key":"The Specimen"}],"event_choices":[{"damage_healed":0.0,"max_hp_gain":0.0,"max_hp_loss":0.0,"gold_gain":0.0,"event_name":"Liars Game","player_choice":"Ignored","floor":3.0,"gold_loss":0.0,"damage_taken":0.0},{"damage_healed":0.0,"max_hp_gain":0.0,"max_hp_loss":6.0,"gold_gain":0.0,"event_name":"Golden Idol","player_choice":"Lose Max HP","floor":5.0,"gold_loss":0.0,"damage_taken":0.0,"relics_obtained":["Golden Idol"]},{"damage_healed":0,"gold_gain":0,"player_choice":"Fought Mushrooms","damage_taken":0,"max_hp_gain":0,"max_hp_loss":0,"event_name":"Mushrooms","floor":11,"gold_loss":0},{"damage_healed":0,"gold_gain":0,"player_choice":"Became a Ghost","damage_taken":0,"max_hp_gain":0,"max_hp_loss":35,"event_name":"Ghosts","floor":22,"gold_loss":0,"cards_obtained":["Ghostly","Ghostly","Ghostly"]},{"damage_healed":0,"gold_gain":0,"player_choice":"Read","damage_taken":0,"max_hp_gain":0,"max_hp_loss":0,"event_name":"The Library","floor":28,"gold_loss":0,"cards_obtained":["Calculated Gamble"]},{"damage_healed":7,"gold_gain":0,"player_choice":"Full Heal","damage_taken":0,"max_hp_gain":0,"max_hp_loss":0,"event_name":"Wheel of Change","floor":36,"gold_loss":0},{"cards_removed":["Strike_G"],"damage_healed":0,"gold_gain":0,"player_choice":"Removed Attack","damage_taken":0,"max_hp_gain":0,"max_hp_loss":0,"event_name":"Falling","floor":41,"gold_loss":0},{"damage_healed":0,"gold_gain":0,"player_choice":"Fight","damage_taken":0,"max_hp_gain":0,"max_hp_loss":0,"event_name":"MindBloom","floor":46,"gold_loss":0}],"is_beta":false,"boss_relics":[{"not_picked":["Fusion Hammer","SlaversCollar"],"picked":"Coffee Dripper"},{"not_picked":["Runic Pyramid","Empty Cage"],"picked":"Cursed Key"}],"items_purged_floors":[19],"is_endless":false,"potions_floor_spawned":[2,4,6,11,12,16,18,23,37,38,42],"ascension_level":20}}