{"host":"mdnuhe0e3jmsk2w1","time":1611266217,"event":{"mods":["2.2 Compatiblity","BaseMod","Colored Map","DeckTracker","Highlight Path","Keyboard Shortcuts","Minty Spire (QoL Compilation)","Permanent Neow","Quick Restart","StSLib","SuperFastMode"],"gold_per_floor":[113,128,141,154,171,196,209,209,209,134,234,249,265,283,283,381,381,394,165,180,100,100,131,131,165,191,191,211,225,225,242,242,340,340,355,366,385,260,275,307,320,320,320,170,170,110,123,148,148,148],"floor_reached":51,"language":"KOR","playtime":3429,"items_purged":["Defend_P","Strike_P","Strike_P","Strike_P"],"score":1043,"play_id":"62dc4310-afcf-4f83-a6a5-81d5dd498bda","local_time":"20210122065657","is_ascension_mode":true,"campfire_choices":[{"data":"Eruption","floor":8,"key":"SMITH"},{"floor":15,"key":"REST"},{"floor":24,"key":"REST"},{"data":"Adaptation","floor":27,"key":"SMITH"},{"data":"Adaptation","floor":32,"key":"SMITH"},{"data":"ClearTheMind","floor":42,"key":"SMITH"},{"floor":49,"key":"REST"}],"circlet_count":0,"master_deck":["Defend_P","Defend_P","Eruption+1","Vigilance","Indignation","FearNoEvil","Tantrum","FlurryOfBlows","MentalFortress","Flash of Steel","Tantrum","Adaptation+1","ClearTheMind+1","Adaptation+1","FlurryOfBlows+1","ClearTheMind+1"],"relics":["PureWater","Question Card","Blue Candle","VioletLotus","Mercury Hourglass","White Beast Statue","Yang","Bag of Preparation","SacredBark","Gambling Chip","Bird Faced Urn"],"acts_visited":["Exordium","TheCity","TheBeyond"],"potions_floor_usage":[6,20,28,33,33,36,37,47,50,50,50,50],"damage_taken":[{"damage":0,"enemies":"2 Louse","floor":1,"turns":4},{"damage":0,"enemies":"Cultist","floor":2,"turns":2},{"damage":7,"enemies":"Jaw Worm","floor":3,"turns":3},{"damage":20,"enemies":"Lots of Slimes","floor":4,"turns":4},{"damage":20,"enemies":"Large Slime","floor":5,"turns":3},{"damage":0,"enemies":"Gremlin Nob","floor":6,"turns":2},{"damage":0,"enemies":"2 Fungi Beasts","floor":7,"turns":2},{"damage":6,"enemies":"Looter","floor":12,"turns":2},{"damage":9,"enemies":"Red Slaver","floor":13,"turns":2},{"damage":1,"enemies":"Exordium Thugs","floor":14,"turns":3},{"damage":6,"enemies":"Slime Boss","floor":16,"turns":7},{"damage":41,"enemies":"Shell Parasite","floor":18,"turns":6},{"damage":0,"enemies":"Chosen","floor":20,"turns":3},{"damage":23,"enemies":"Slavers","floor":23,"turns":3},{"damage":15,"enemies":"Gremlin Leader","floor":25,"turns":4},{"damage":0,"enemies":"Shelled Parasite and Fungi","floor":28,"turns":1},{"damage":0,"enemies":"Sentry and Sphere","floor":29,"turns":2},{"damage":0,"enemies":"Centurion and Healer","floor":31,"turns":2},{"damage":0,"enemies":"Automaton","floor":33,"turns":4},{"damage":20,"enemies":"3 Shapes","floor":35,"turns":3},{"damage":0,"enemies":"3 Darklings","floor":36,"turns":2},{"damage":21,"enemies":"4 Shapes","floor":37,"turns":4},{"damage":0,"enemies":"Spire Growth","floor":39,"turns":2},{"damage":50,"enemies":"Nemesis","floor":40,"turns":3},{"damage":0,"enemies":"3 Darklings","floor":41,"turns":1},{"damage":0,"enemies":"Sphere and 2 Shapes","floor":47,"turns":1},{"damage":0,"enemies":"Reptomancer","floor":48,"turns":1},{"damage":0,"enemies":"Awakened One","floor":50,"turns":2}],"seed_played":"7814206566741998701","potions_obtained":[{"floor":2,"key":"PowerPotion"},{"floor":6,"key":"Energy Potion"},{"floor":12,"key":"Weak Potion"},{"floor":16,"key":"SteroidPotion"},{"floor":25,"key":"LiquidMemories"},{"floor":28,"key":"ColorlessPotion"},{"floor":29,"key":"Block Potion"},{"floor":33,"key":"Block Potion"},{"floor":35,"key":"BlessingOfTheForge"},{"floor":36,"key":"SpeedPotion"},{"floor":37,"key":"FairyPotion"},{"floor":39,"key":"LiquidBronze"},{"floor":40,"key":"Strength Potion"},{"floor":47,"key":"DuplicationPotion"},{"floor":48,"key":"EntropicBrew"}],"is_trial":false,"path_per_floor":["M","M","M","M","M","E","M","R","T","$","?","M","M","M","R","B",null,"M","$","M","$","?","E","R","E","T","R","M","M","?","M","R","B",null,"M","M","M","$","M","E","M","R","T","$","?","?","M","E","R","B",null],"character_chosen":"WATCHER","items_purchased":["MentalFortress","Flash of Steel","Adaptation"],"campfire_rested":3,"item_purchase_floors":[19,19,21],"current_hp_per_floor":[72,72,65,45,25,25,25,25,25,25,25,19,10,9,30,24,72,31,31,31,31,31,8,29,14,14,14,14,14,14,14,14,14,72,52,52,31,31,31,43,43,43,43,43,43,43,43,43,63,68],"gold":148,"neow_bonus":"TRANSFORM_CARD","is_daily":false,"chose_seed":false,"campfire_upgraded":4,"win_rate":0.0,"timestamp":1611266217,"path_taken":["M","M","M","M","M","E","M","R","T","$","?","M","M","M","R","BOSS","M","$","M","?","?","E","R","E","T","R","?","M","?","M","R","BOSS","M","M","M","$","M","E","M","R","T","$","?","?","?","E","R","BOSS"],"items_purchased_type":["Card","Card","Card"],"build_version":"2020-12-22","purchased_purges":4,"victory":true,"max_hp_per_floor":[72,72,72,72,72,72,72,72,72,72,72,72,72,72,72,72,72,72,72,72,72,72,72,72,72,72,72,72,72,72,72,72,72,72,72,72,72,72,72,72,72,72,72,72,68,68,68,68,68,68],"card_choices":[{"not_picked":["ThirdEye","Crescendo"],"picked":"FearNoEvil","floor":1},{"not_picked":["Prostrate","FollowUp"],"picked":"Tantrum","floor":2},{"not_picked":["Nirvana","Prostrate","ReachHeaven"],"picked":"SKIP","floor":3},{"not_picked":["Evaluate","EmptyBody","EmptyFist"],"picked":"SKIP","floor":4},{"not_picked":["ReachHeaven","Protect"],"picked":"FlurryOfBlows","floor":5},{"not_picked":["Halt","Conclude","FollowUp"],"picked":"SKIP","floor":6},{"not_picked":["Halt","Conclude","FollowUp"],"picked":"SKIP","floor":6},{"not_picked":["EmptyBody","WindmillStrike","CrushJoints","EmptyFist"],"picked":"SKIP","floor":7},{"not_picked":["Wallop","ConjureBlade","Meditate","Perseverance"],"picked":"SKIP","floor":12},{"not_picked":["ReachHeaven","EmptyBody","TalkToTheHand","CutThroughFate"],"picked":"SKIP","floor":13},{"not_picked":["Evaluate","Crescendo","EmptyBody","ThirdEye"],"picked":"SKIP","floor":14},{"not_picked":["ForeignInfluence","Fasting2","Collect+1","JustLucky"],"picked":"SKIP","floor":18},{"not_picked":["FlyingSleeves","BattleHymn+1","Worship"],"picked":"Tantrum","floor":20},{"not_picked":["Wireheading","Wish","Blasphemy"],"picked":"ClearTheMind","floor":23},{"not_picked":["JustLucky","FlyingSleeves","Consecrate","WheelKick"],"picked":"SKIP","floor":25},{"not_picked":["Consecrate","CrushJoints","FollowUp"],"picked":"Adaptation","floor":28},{"not_picked":["SignatureMove+1","ThirdEye","JustLucky","SashWhip"],"picked":"SKIP","floor":29},{"not_picked":["CrushJoints","ReachHeaven+1","PathToVictory","MasterReality"],"picked":"SKIP","floor":31},{"not_picked":["ForeignInfluence+1","ThirdEye+1","Prostrate+1"],"picked":"FlurryOfBlows+1","floor":35},{"not_picked":["Weave","FlurryOfBlows","PathToVictory+1","EmptyMind+1"],"picked":"SKIP","floor":36},{"not_picked":["ThirdEye","SashWhip+1","Prostrate+1","InnerPeace"],"picked":"SKIP","floor":37},{"not_picked":["Indignation+1","Pray+1","Alpha","CrushJoints"],"picked":"SKIP","floor":39},{"not_picked":["Evaluate","JustLucky","FlurryOfBlows+1"],"picked":"ClearTheMind+1","floor":40},{"not_picked":["SashWhip+1","PathToVictory+1","InnerPeace","FlyingSleeves"],"picked":"SKIP","floor":41},{"not_picked":["SashWhip+1","PathToVictory+1","InnerPeace","FlyingSleeves"],"picked":"SKIP","floor":41},{"not_picked":["MentalFortress+1","Halt+1","DevaForm","Weave"],"picked":"SKIP","floor":47},{"not_picked":["Swivel+1","Weave+1","Prostrate","Protect+1"],"picked":"SKIP","floor":48}],"player_experience":130805,"relics_obtained":[{"floor":6,"key":"Question Card"},{"floor":9,"key":"Blue Candle"},{"floor":23,"key":"White Beast Statue"},{"floor":25,"key":"Yang"},{"floor":26,"key":"Bag of Preparation"},{"floor":40,"key":"Gambling Chip"},{"floor":48,"key":"Bird Faced Urn"}],"event_choices":[{"damage_healed":0,"gold_gain":100,"player_choice":"Pray","damage_taken":0,"max_hp_gain":0,"max_hp_loss":0,"event_name":"Golden Shrine","floor":11,"gold_loss":0},{"damage_healed":0,"gold_gain":0,"player_choice":"Gave Potion","damage_taken":0,"relics_obtained":["Mercury Hourglass"],"max_hp_gain":0,"max_hp_loss":0,"event_name":"WeMeetAgain","floor":22,"gold_loss":0},{"damage_healed":0,"gold_gain":0,"player_choice":"Ignored","damage_taken":0,"max_hp_gain":0,"max_hp_loss":0,"event_name":"Ghosts","floor":30,"gold_loss":0},{"damage_healed":0,"gold_gain":0,"player_choice":"Max HP","damage_taken":0,"max_hp_gain":0,"max_hp_loss":4,"event_name":"Winding Halls","floor":45,"gold_loss":0},{"cards_removed":["Strike_P"],"damage_healed":0,"gold_gain":0,"player_choice":"Single Remove","damage_taken":0,"max_hp_gain":0,"max_hp_loss":0,"event_name":"Designer","floor":46,"gold_loss":60}],"is_beta":false,"boss_relics":[{"not_picked":["Coffee Dripper","Snecko Eye"],"picked":"VioletLotus"},{"not_picked":["Runic Dome","Philosopher\u0027s Stone"],"picked":"SacredBark"}],"items_purged_floors":[10,19,38,44],"is_endless":false,"potions_floor_spawned":[2,6,12,16,25,28,29,31,33,35,36,37,39,40,41,47,48],"ascension_level":2}}