{"host":"9n6i2vl93jt4o42q","time":1611270241,"event":{"mods":["BaseMod","Minty Spire (QoL Compilation)","Relic Stats"],"gold_per_floor":[119,194,205,221,221,221,221],"floor_reached":6,"language":"ENG","playtime":598,"items_purged":[],"score":72,"play_id":"67d66d3d-ea64-424b-b23e-10f63ffb9740","local_time":"20210122000401","is_ascension_mode":true,"campfire_choices":[],"circlet_count":0,"master_deck":["AscendersBane","Strike_G","Strike_G","Strike_G","Strike_G","Strike_G","Defend_G","Defend_G","Defend_G","Defend_G","Defend_G","Survivor","Neutralize","Flechettes","Leg Sweep","Dagger Spray","Injury"],"relics":["Ring of the Snake","Golden Idol"],"acts_visited":["Exordium"],"potions_floor_usage":[6],"damage_taken":[{"damage":21,"enemies":"Jaw Worm","floor":1,"turns":8},{"damage":5,"enemies":"2 Louse","floor":3,"turns":2},{"damage":4,"enemies":"Small Slimes","floor":4,"turns":4},{"damage":26,"enemies":"3 Sentries","floor":6,"turns":4}],"seed_played":"5278933322736983862","potions_obtained":[{"floor":3,"key":"Energy Potion"}],"is_trial":false,"path_per_floor":["M","?","M","M","?","E"],"character_chosen":"THE_SILENT","items_purchased":[],"campfire_rested":0,"item_purchase_floors":[],"current_hp_per_floor":[44,33,28,24,24,0,0],"gold":221,"neow_bonus":"TEN_PERCENT_HP_BONUS","is_daily":false,"chose_seed":false,"campfire_upgraded":0,"win_rate":0.0,"timestamp":1611270241,"path_taken":["M","?","M","M","?","E"],"items_purchased_type":[],"build_version":"2020-12-22","purchased_purges":0,"victory":false,"max_hp_per_floor":[72,72,72,72,72,72,72],"relic_stats":{"counters":[4,18],"Golden Idol":0,"obtain_stats":[{"Golden Idol":5,"Ring of the Snake":0},{"Golden Idol":3,"Ring of the Snake":0},{"Golden Idol":14,"Ring of the Snake":0}],"Ring of the Snake":[8]},"card_choices":[{"not_picked":["Prepared","Backflip"],"picked":"Flechettes","floor":1},{"not_picked":["Finisher","Deflect"],"picked":"Leg Sweep","floor":3},{"not_picked":["Bouncing Flask","Distraction"],"picked":"Dagger Spray","floor":4}],"player_experience":2222476,"relics_obtained":[],"event_choices":[{"damage_healed":0,"gold_gain":75,"player_choice":"Gather Gold","damage_taken":11,"max_hp_gain":0,"max_hp_loss":0,"event_name":"World of Goop","floor":2,"gold_loss":0},{"damage_healed":0,"gold_gain":0,"player_choice":"Take Wound","damage_taken":0,"relics_obtained":["Golden Idol"],"max_hp_gain":0,"max_hp_loss":0,"event_name":"Golden Idol","floor":5,"gold_loss":0,"cards_obtained":["Injury"]}],"is_beta":false,"boss_relics":[],"items_purged_floors":[],"is_endless":false,"potions_floor_spawned":[3],"killed_by":"3 Sentries","ascension_level":20}}