{"host":"wshh0nphwn6jv7vj","time":1611226903,"event":{"mods":["BaseMod","Bestiary","Minty Spire (QoL Compilation)","Relic Stats"],"gold_per_floor":[110,120,120,120,220,220,259,259,286,286,310,354,374,418,418,514,514,532,556,556,556,556,599,599,639,716,729,750,794,366,380,380,479,479,504,504,837,848,903,928,928,959,983,995,995,1008,374,409,409,409,409,409,3,31,31],"floor_reached":56,"language":"ENG","playtime":3555,"items_purged":["Defend_B","Writhe","Defend_B"],"score":2359,"play_id":"bf32fd33-e40b-4416-8da4-6c041ec47884","local_time":"20210121060143","is_ascension_mode":true,"campfire_choices":[{"data":"Zap","floor":6,"key":"SMITH"},{"data":"Barrage","floor":8,"key":"SMITH"},{"data":"Ball Lightning","floor":10,"key":"SMITH"},{"data":"Defragment","floor":15,"key":"SMITH"},{"floor":24,"key":"REST"},{"floor":32,"key":"REST"},{"floor":41,"key":"REST"},{"floor":45,"key":"RECALL"},{"floor":49,"key":"REST"},{"floor":52,"key":"REST"}],"circlet_count":0,"master_deck":["AscendersBane","Defend_B","Defend_B","Zap+1","Compile Driver","Barrage+1","Ball Lightning+1","Defragment+1","Sweeping Beam","Go for the Eyes","Buffer","Redo+1","Hyperbeam+1","Beam Cell+1","Cold Snap","Undo","Compile Driver","Sunder","RitualDagger","Double Energy","Coolheaded","Compile Driver+1","Coolheaded","Defragment+1","Self Repair","Creative AI","Stack+1","Defragment","Ball Lightning+1","Redo+1","Heatsinks+1","Aggregate+1","Coolheaded","Storm","Steam Power","Compile Driver","Barrage+1","Steam Power","White Noise","FTL","Steam Power+1"],"relics":["Cracked Core","NeowsBlessing","Toy Ornithopter","Centennial Puzzle","Shuriken","Happy Flower","Astrolabe","Potion Belt","Incense Burner","Smiling Mask","Bag of Preparation","DollysMirror","Fusion Hammer","TungstenRod","Omamori","Eternal Feather","Bronze Scales","Lantern","Sling","Kunai","OrangePellets","Torii"],"acts_visited":["Exordium","TheCity","TheBeyond","TheEnding"],"potions_floor_usage":[12,16,27,29,29,33,33,39,46,50,50,55,55],"damage_taken":[{"damage":0,"enemies":"Jaw Worm","floor":1,"turns":1},{"damage":0,"enemies":"Small Slimes","floor":2,"turns":1},{"damage":0,"enemies":"Gremlin Nob","floor":7,"turns":1},{"damage":0,"enemies":"Cultist","floor":11,"turns":3},{"damage":10,"enemies":"Lagavulin","floor":12,"turns":4},{"damage":0,"enemies":"Large Slime","floor":13,"turns":4},{"damage":15,"enemies":"3 Sentries","floor":14,"turns":5},{"damage":13,"enemies":"Slime Boss","floor":16,"turns":6},{"damage":1,"enemies":"Spheric Guardian","floor":18,"turns":3},{"damage":13,"enemies":"Shell Parasite","floor":19,"turns":3},{"damage":18,"enemies":"Gremlin Leader","floor":23,"turns":8},{"damage":18,"enemies":"Slavers","floor":25,"turns":4},{"damage":19,"enemies":"Cultist and Chosen","floor":27,"turns":4},{"damage":0,"enemies":"Centurion and Healer","floor":28,"turns":4},{"damage":0,"enemies":"Gremlin Leader","floor":29,"turns":4},{"damage":17,"enemies":"Snake Plant","floor":31,"turns":5},{"damage":46,"enemies":"Champ","floor":33,"turns":11},{"damage":23,"enemies":"3 Darklings","floor":35,"turns":4},{"damage":0,"enemies":"Orb Walker","floor":38,"turns":4},{"damage":25,"enemies":"2 Orb Walkers","floor":39,"turns":5},{"damage":20,"enemies":"Giant Head","floor":40,"turns":8},{"damage":10,"enemies":"Nemesis","floor":42,"turns":9},{"damage":19,"enemies":"Writhing Mass","floor":44,"turns":7},{"damage":16,"enemies":"Jaw Worm Horde","floor":46,"turns":3},{"damage":15,"enemies":"Reptomancer","floor":48,"turns":4},{"damage":79,"enemies":"Time Eater","floor":50,"turns":10},{"damage":18,"enemies":"Shield and Spear","floor":54,"turns":6},{"damage":0,"enemies":"The Heart","floor":55,"turns":9}],"seed_played":"-23635059642392012","potions_obtained":[{"floor":7,"key":"SpeedPotion"},{"floor":12,"key":"Fire Potion"},{"floor":14,"key":"BlessingOfTheForge"},{"floor":16,"key":"FocusPotion"},{"floor":23,"key":"LiquidBronze"},{"floor":25,"key":"FocusPotion"},{"floor":27,"key":"Explosive Potion"},{"floor":29,"key":"Regen Potion"},{"floor":40,"key":"Explosive Potion"},{"floor":42,"key":"Ancient Potion"},{"floor":44,"key":"Swift Potion"},{"floor":46,"key":"GamblersBrew"}],"is_trial":false,"path_per_floor":["M","M","?","?","?","R","E","R","T","R","M","E","M","E","R","B",null,"M","M","?","?","?","E","R","E","T","M","M","E","$","M","R","B",null,"M","?","?","M","?","E","R","E","T","M","R","M","$","E","R","B",null,"R","$","E","B",null],"character_chosen":"DEFECT","items_purchased":["Bag of Preparation","DollysMirror","FocusPotion","Lantern","Storm","Steam Power","Compile Driver","Regen Potion","Sling","OrangePellets","Steam Power","White Noise","FTL"],"campfire_rested":5,"item_purchase_floors":[30,30,30,47,47,47,47,47,47,53,53,53,53],"current_hp_per_floor":[64,64,40,63,63,63,63,63,63,63,63,58,58,43,43,35,62,61,48,48,48,42,24,45,27,27,13,13,23,23,6,27,13,57,41,55,55,62,49,36,57,54,54,42,60,56,56,48,71,19,58,71,71,60,70],"gold":31,"neow_bonus":"THREE_ENEMY_KILL","is_daily":false,"chose_seed":false,"campfire_upgraded":4,"win_rate":0.0,"timestamp":1611226903,"path_taken":["M","M","?","?","?","R","E","R","T","R","M","E","?","E","R","BOSS","M","M","?","?","?","E","R","E","T","M","M","E","$","M","R","BOSS","M","?","?","M","?","E","R","E","T","M","R","M","$","E","R","BOSS","R","$","E","BOSS"],"items_purchased_type":["Relic","Relic","Potion","Relic","Card","Card","Card","Potion","Relic","Relic","Card","Card","Card"],"build_version":"2020-12-22","purchased_purges":3,"victory":true,"max_hp_per_floor":[71,71,71,71,71,71,71,71,71,71,71,71,71,71,71,71,71,71,71,71,71,71,71,71,71,71,71,71,71,71,71,71,71,71,71,71,71,71,71,71,71,71,71,71,71,71,71,71,71,71,71,71,71,71,71],"relic_stats":{"Happy Flower":[40],"Torii":28,"counters":[28,140],"Astrolabe":["Redo","Hyperbeam","Beam Cell"],"Eternal Feather":52,"Bag of Preparation":[26],"Smiling Mask":150,"OrangePellets":[3],"Centennial Puzzle":[57],"Shuriken":[45],"Bronze Scales":[255],"Kunai":[9],"obtain_stats":[{"Potion Belt":23,"Lantern":47,"NeowsBlessing":0,"Happy Flower":14,"Torii":54,"Golden Idol":3,"Astrolabe":17,"Eternal Feather":42,"Incense Burner":25,"Bag of Preparation":30,"Omamori":40,"Smiling Mask":29,"Sling":47,"OrangePellets":53,"Centennial Puzzle":9,"Shuriken":12,"DollysMirror":30,"Bronze Scales":43,"Fusion Hammer":34,"Kunai":48,"Cracked Core":0,"Toy Ornithopter":7,"TungstenRod":39},{"Potion Belt":11,"Lantern":24,"NeowsBlessing":0,"Happy Flower":7,"Torii":27,"Golden Idol":2,"Astrolabe":8,"Eternal Feather":22,"Incense Burner":12,"Bag of Preparation":15,"Omamori":21,"Smiling Mask":15,"Sling":24,"OrangePellets":26,"Centennial Puzzle":3,"Shuriken":5,"DollysMirror":15,"Bronze Scales":22,"Fusion Hammer":17,"Kunai":25,"Cracked Core":0,"Toy Ornithopter":3,"TungstenRod":20},{"Potion Belt":39,"Lantern":111,"NeowsBlessing":0,"Happy Flower":19,"Torii":131,"Golden Idol":2,"Astrolabe":25,"Eternal Feather":101,"Incense Burner":43,"Bag of Preparation":55,"Omamori":92,"Smiling Mask":55,"Sling":111,"OrangePellets":125,"Centennial Puzzle":3,"Shuriken":10,"DollysMirror":55,"Bronze Scales":101,"Fusion Hammer":71,"Kunai":115,"Cracked Core":0,"Toy Ornithopter":3,"TungstenRod":84}],"Toy Ornithopter":60,"TungstenRod":64},"card_choices":[{"not_picked":["Storm","White Noise"],"picked":"Compile Driver","floor":1},{"not_picked":["Streamline","Turbo"],"picked":"Barrage","floor":2},{"not_picked":["Tempest","Storm"],"picked":"Ball Lightning","floor":7},{"not_picked":["Lockon","Leap"],"picked":"Defragment","floor":11},{"not_picked":["Stack","Go for the Eyes"],"picked":"Sweeping Beam","floor":12},{"not_picked":["Leap","Beam Cell"],"picked":"Go for the Eyes","floor":13},{"not_picked":["Streamline","Sweeping Beam","Force Field"],"picked":"SKIP","floor":14},{"not_picked":["Amplify","Biased Cognition"],"picked":"Buffer","floor":16},{"not_picked":["Leap+1","Coolheaded"],"picked":"Cold Snap","floor":18},{"not_picked":["Hologram","Sweeping Beam"],"picked":"Undo","floor":19},{"not_picked":["Doom and Gloom","Ball Lightning"],"picked":"Double Energy","floor":23},{"not_picked":["Gash","Redo"],"picked":"Coolheaded","floor":25},{"not_picked":["Storm","Leap","Melter"],"picked":"SKIP","floor":27},{"not_picked":["Stack","Coolheaded"],"picked":"Compile Driver+1","floor":28},{"not_picked":["Multi-Cast","Heatsinks"],"picked":"Coolheaded","floor":29},{"not_picked":["Hello World","Beam Cell"],"picked":"Self Repair","floor":31},{"not_picked":["Hyperbeam","Rainbow"],"picked":"Creative AI","floor":33},{"not_picked":["Streamline","Lockon"],"picked":"Stack+1","floor":35},{"not_picked":["Coolheaded","Scrape"],"picked":"Defragment","floor":38},{"not_picked":["Go for the Eyes","Compile Driver"],"picked":"Ball Lightning+1","floor":39},{"not_picked":["Barrage","Sweeping Beam"],"picked":"Redo+1","floor":40},{"not_picked":["Scrape","White Noise+1"],"picked":"Heatsinks+1","floor":42},{"not_picked":["Scrape","Chaos"],"picked":"Aggregate+1","floor":44},{"not_picked":["Ball Lightning","Melter"],"picked":"Coolheaded","floor":46},{"not_picked":["Genetic Algorithm","Cold Snap"],"picked":"Barrage+1","floor":48},{"not_picked":["Blizzard","Leap"],"picked":"Steam Power+1","floor":54}],"player_experience":1599663,"relics_obtained":[{"floor":7,"key":"Toy Ornithopter"},{"floor":9,"key":"Centennial Puzzle"},{"floor":12,"key":"Shuriken"},{"floor":14,"key":"Happy Flower"},{"floor":23,"key":"Potion Belt"},{"floor":25,"key":"Incense Burner"},{"floor":29,"key":"Smiling Mask"},{"floor":39,"key":"TungstenRod"},{"floor":40,"key":"Omamori"},{"floor":42,"key":"Eternal Feather"},{"floor":43,"key":"Bronze Scales"},{"floor":48,"key":"Kunai"},{"floor":54,"key":"Torii"}],"event_choices":[{"damage_healed":0,"gold_gain":0,"player_choice":"Take Damage","damage_taken":24,"relics_obtained":["Golden Idol"],"max_hp_gain":0,"max_hp_loss":0,"event_name":"Golden Idol","floor":3,"gold_loss":0},{"damage_healed":23,"gold_gain":0,"player_choice":"Banana","damage_taken":0,"max_hp_gain":0,"max_hp_loss":0,"event_name":"Big Fish","floor":4,"gold_loss":0},{"damage_healed":0,"gold_gain":100,"player_choice":"Gold","damage_taken":0,"max_hp_gain":0,"max_hp_loss":0,"event_name":"Wheel of Change","floor":5,"gold_loss":0},{"damage_healed":0,"gold_gain":0,"cards_transformed":["Dualcast","Strike_B"],"player_choice":"Became Test Subject","damage_taken":0,"max_hp_gain":0,"max_hp_loss":0,"event_name":"Drug Dealer","floor":20,"gold_loss":0,"cards_obtained":["Compile Driver","Sunder"]},{"damage_healed":0,"gold_gain":0,"player_choice":"Ignored","damage_taken":0,"max_hp_gain":0,"max_hp_loss":0,"event_name":"Vampires","floor":21,"gold_loss":0},{"damage_healed":0,"gold_gain":0,"player_choice":"Joined the Cult","damage_taken":6,"max_hp_gain":0,"max_hp_loss":0,"event_name":"Nest","floor":22,"gold_loss":0,"cards_obtained":["RitualDagger"]},{"damage_healed":14,"gold_gain":0,"player_choice":"Writhe","damage_taken":0,"max_hp_gain":0,"max_hp_loss":0,"event_name":"Winding Halls","floor":36,"gold_loss":0,"cards_obtained":["Writhe"]},{"damage_healed":0,"gold_gain":333,"player_choice":"Gave Idol","damage_taken":0,"max_hp_gain":0,"max_hp_loss":0,"event_name":"The Moai Head","floor":37,"relics_lost":["Golden Idol"],"gold_loss":0},{"damage_healed":0,"gold_gain":0,"player_choice":"Fight","damage_taken":0,"max_hp_gain":0,"max_hp_loss":0,"event_name":"Mysterious Sphere","floor":39,"gold_loss":0}],"is_beta":false,"boss_relics":[{"not_picked":["Calling Bell","Nuclear Battery"],"picked":"Astrolabe"},{"not_picked":["Tiny House","Black Star"],"picked":"Fusion Hammer"}],"items_purged_floors":[30,47,53],"is_endless":false,"potions_floor_spawned":[7,12,14,16,19,23,25,27,29,40,42,44,46],"ascension_level":17}}