{"host":"lxihx0b6awoz2w1j","time":1611272026,"event":{"mods":["Act Like it!","BaseMod","Better Third Choice","CapriCore","Colored Powertips","Conspire","Fox Events","Gensokyo","Hermit","Hubris","Infinite Spire","JesterMod","Luminous","Marisa????????","Melee Mod","Minty Spire (QoL Compilation)","Prisma Mod","Quick Restart","Relic Stats","Replay The Spire","Shade Mod","Spicy Shops","StSLib","The Alterego","The Blue Laboratory","The Cursed","The Disciple","The Forsaken","The Gatherer","The Immortal","The Jungle","The Marked","The Runesmith","The Senshi","The Servant 0.9.4","The Spell Scribe","Waifu the Spire"],"gold_per_floor":[113,123,123,138,138,138,165,165,165,191,66,83,103,113,113,215,215,215],"floor_reached":17,"language":"ENG","playtime":651,"items_purged":[],"score":175,"play_id":"3eda4b17-e86d-42b6-b380-60c98495ef26","local_time":"20210122003346","is_ascension_mode":true,"campfire_choices":[{"data":"Bash","floor":6,"key":"SMITH"},{"data":"Spot Weakness","floor":8,"key":"SMITH"},{"data":"infinitespire:OneForAll","floor":15,"key":"SMITH"}],"circlet_count":0,"master_deck":["Strike_R","Strike_R","Strike_R","Strike_R","Strike_R","Defend_R","Defend_R","Defend_R","Defend_R","Bash+1","Shrug It Off","Replay:Undeath\u0027s Touch","Spot Weakness+1","Rampage","Shrug It Off","Metallicize+1","Heavy Blade","Heavy Blade","infinitespire:OneForAll+1","Hemokinesis","Berserk+1","Sword Boomerang","conspire:HitWhereItHurts"],"relics":["Burning Blood","hubris:Icosahedron","hubris:Towel","Eternal Feather","Frozen Egg 2","Blue Doll","Fusion Hammer"],"acts_visited":["Exordium","TheCity"],"potions_floor_usage":[14],"damage_taken":[{"damage":18,"enemies":"Jaw Worm","floor":1,"turns":5},{"damage":0,"enemies":"Small Slimes","floor":2,"turns":3},{"damage":1,"enemies":"Cultist","floor":4,"turns":3},{"damage":20,"enemies":"Gremlin Nob","floor":7,"turns":4},{"damage":5,"enemies":"Replay:BlueRogue","floor":10,"turns":4},{"damage":11,"enemies":"Exordium Thugs","floor":12,"turns":5},{"damage":8,"enemies":"2 Fungi Beasts","floor":13,"turns":4},{"damage":12,"enemies":"Blue Slaver","floor":14,"turns":2},{"damage":37,"enemies":"Fading Forest","floor":16,"turns":11}],"seed_played":"1634238742821560877","potions_obtained":[{"floor":1,"key":"blueLaboratory:NullPotion"},{"floor":12,"key":"Swift Potion"},{"floor":13,"key":"BloodPotion"},{"floor":14,"key":"blueLaboratory:SmithPotion"},{"floor":16,"key":"AttackPotion"}],"is_trial":false,"path_per_floor":["M","M","?","M","?","R","E","R","T","E","$","M","M","M","R","B",null],"character_chosen":"IRONCLAD","items_purchased":["Metallicize+1","Heavy Blade","infinitespire:OneForAll"],"campfire_rested":0,"item_purchase_floors":[11,11,11],"current_hp_per_floor":[76,82,82,87,87,87,73,79,79,80,80,75,73,84,88,57,88,88],"gold":215,"neow_bonus":"TEN_PERCENT_HP_BONUS","is_daily":false,"chose_seed":false,"campfire_upgraded":3,"win_rate":0.0,"timestamp":1611272026,"path_taken":["M","M","?","M","?","R","E","R","T","E","?","M","M","?","R","BOSS"],"items_purchased_type":["Card","Card","Card"],"build_version":"2020-12-22","purchased_purges":0,"victory":false,"max_hp_per_floor":[88,88,88,88,88,88,88,88,88,88,88,88,88,88,88,88,88,88],"relic_stats":{"counters":[9,41],"Eternal Feather":10,"obtain_stats":[{"hubris:Icosahedron":3,"Eternal Feather":7,"Blue Doll":10,"Fusion Hammer":17,"hubris:Towel":5,"Frozen Egg 2":9,"Burning Blood":0},{"hubris:Icosahedron":2,"Eternal Feather":4,"Blue Doll":5,"Fusion Hammer":9,"hubris:Towel":3,"Frozen Egg 2":4,"Burning Blood":0},{"hubris:Icosahedron":8,"Eternal Feather":15,"Blue Doll":19,"Fusion Hammer":41,"hubris:Towel":11,"Frozen Egg 2":15,"Burning Blood":0}],"Burning Blood":54},"card_choices":[{"not_picked":["Pommel Strike","Entrench"],"picked":"Shrug It Off","floor":1},{"not_picked":["Flex","Sword Boomerang"],"picked":"Replay:Undeath\u0027s Touch","floor":2},{"not_picked":["Run Through","Warcry"],"picked":"Spot Weakness","floor":4},{"not_picked":["Dark Embrace","Fiend Fire"],"picked":"Rampage","floor":7},{"not_picked":["Fiend Fire","Havoc"],"picked":"Shrug It Off","floor":10},{"not_picked":["Shrug It Off","True Grit"],"picked":"Hemokinesis","floor":12},{"not_picked":["Shrug It Off","Havoc"],"picked":"Berserk+1","floor":13},{"not_picked":["Dark Embrace+1","Run Through"],"picked":"Sword Boomerang","floor":14},{"not_picked":["Demonic Infusion","Impervious"],"picked":"conspire:HitWhereItHurts","floor":16}],"player_experience":652372,"relics_obtained":[{"floor":7,"key":"Eternal Feather"},{"floor":9,"key":"Frozen Egg 2"},{"floor":10,"key":"Blue Doll"}],"event_choices":[],"is_beta":false,"boss_relics":[{"not_picked":["Replay:Drink Me","jesterMod:MachoBrace"],"picked":"Fusion Hammer"}],"items_purged_floors":[],"is_endless":false,"potions_floor_spawned":[1,12,13,14,16],"ascension_level":1}}