{"host":"pf9sh7nh6rpu9sau","time":1611257480,"event":{"mods":["2.2 Compatiblity","BaseMod","BetterRewards","Clockwork Mod","Downfall","Hermit","Mad Scientist","Minty Spire (QoL Compilation)","Permanent Neow","Quick Restart","Somnambulant","StSLib","The Clintock","The Cursed","The Disciple","The Hierophant","The Necromancer","The Runesmith"],"gold_per_floor":[349,360,33,33,18,18,18,35,35,64,78,113,131,145,165,262,262,162,182,197,282,302,302,302,335,335,345,376,17,17,4,18,115,115,115,129,146,146,162,62,108,143,143,170,170,185,213,233,247,247,247,247],"floor_reached":50,"language":"ENG","playtime":3988,"items_purged":["bronze:Strike"],"score":653,"play_id":"a977f415-5b55-4e03-9634-1c16c92169e8","local_time":"20210121143120","is_ascension_mode":false,"campfire_choices":[{"data":"bronze:Replicate","floor":1.0,"key":"SMITH"},{"data":"bronze:Goto","floor":6.0,"key":"SMITH"},{"data":"bronze:Fortify","floor":18.0,"key":"SMITH"},{"data":"bronze:Separator","floor":23.0,"key":"SMITH"},{"data":"bronze:FineTuning","floor":30,"key":"SMITH"},{"floor":35,"key":"RECALL"},{"data":"bronze:Mutator","floor":40,"key":"SMITH"},{"data":"bronze:Iterate","floor":43,"key":"SMITH"}],"circlet_count":0,"master_deck":["bronze:Strike+1","bronze:Strike","bronze:Strike","bronze:Defend","bronze:Defend","bronze:Defend","bronze:Defend+1","bronze:Replicate+1","bronze:Goto+1","bronze:ChosenStrike","bronze:FineTuning+1","bronze:FineTuning+1","bronze:Optimize","bronze:Iterate+1","bronze:Fortify+1","bronze:Branch","bronze:Separator+1","bronze:Format","bronze:CutThrough","bronze:DigitalCarnage+1","bronze:ThunderWave","bronze:CloningBeam+1","bronze:Mutator+1","bronze:Flail","bronze:Constructor","bronze:FineTuning","bronze:ChildClass","bronze:Format","bronze:FollowUp+1","bronze:OilSpill","bronze:BronzeOrb","bronze:Verify","bronze:Fortify","bronze:Shield+1"],"relics":["bronze:BronzeCore","Eternal Feather","Ornamental Fan","Spirit Poop","HornCleat","Pantograph","SlaversCollar","downfall:HeartBlessingGreen","PreservedInsect","MealTicket","Smiling Mask","TungstenRod","bronze:SilverBullet","Anchor","Runic Dome","downfall:HeartBlessingRed","Omamori","Bottled Lightning","Darkstone Periapt"],"acts_visited":["Exordium","TheCity","TheBeyond"],"potions_floor_usage":[27,33,33,33,50,50,50],"damage_taken":[{"damage":0.0,"enemies":"Small Slimes","floor":2.0,"turns":3.0},{"damage":0.0,"enemies":"downfall:FleeingMerchant","floor":3.0,"turns":4.0},{"damage":10.0,"enemies":"downfall:FleeingMerchant","floor":5.0,"turns":4.0},{"damage":0.0,"enemies":"Jaw Worm","floor":8.0,"turns":2.0},{"damage":0.0,"enemies":"Lagavulin","floor":10.0,"turns":4.0},{"damage":0.0,"enemies":"Cultist","floor":11.0,"turns":3.0},{"damage":4.0,"enemies":"3 Sentries","floor":12.0,"turns":8.0},{"damage":6.0,"enemies":"Large Slime","floor":13.0,"turns":2.0},{"damage":1.0,"enemies":"3 Louse","floor":14.0,"turns":3.0},{"damage":0.0,"enemies":"Exordium Thugs","floor":15.0,"turns":2.0},{"damage":34.0,"enemies":"SI_SHIV_ARCHETYPE","floor":16.0,"turns":8.0},{"damage":0.0,"enemies":"Shell Parasite","floor":19.0,"turns":2.0},{"damage":3.0,"enemies":"Snake Plant","floor":20.0,"turns":3.0},{"damage":0.0,"enemies":"Sentry and Sphere","floor":22.0,"turns":3.0},{"damage":12.0,"enemies":"Slavers","floor":25.0,"turns":4.0},{"damage":11,"enemies":"Centurion and Healer","floor":27,"turns":4},{"damage":0,"enemies":"Gremlin Leader","floor":28,"turns":3},{"damage":2,"enemies":"downfall:FleeingMerchant","floor":29,"turns":4},{"damage":0,"enemies":"downfall:FleeingMerchant","floor":31,"turns":3},{"damage":18,"enemies":"Snake Plant","floor":32,"turns":4},{"damage":40,"enemies":"IC_MUSHROOM_ARCHETYPE","floor":33,"turns":7},{"damage":0,"enemies":"Orb Walker","floor":36,"turns":2},{"damage":25,"enemies":"3 Shapes","floor":37,"turns":3},{"damage":0,"enemies":"Jaw Worm Horde","floor":39,"turns":3},{"damage":0,"enemies":"Giant Head","floor":42,"turns":5},{"damage":2,"enemies":"Transient","floor":46,"turns":5},{"damage":22,"enemies":"Reptomancer","floor":47,"turns":5},{"damage":0,"enemies":"4 Shapes","floor":48,"turns":3},{"damage":0,"enemies":"Sphere and 2 Shapes","floor":49,"turns":2},{"damage":73,"enemies":"DF_ARCHETYPE_ORBS","floor":50,"turns":6}],"seed_played":"-2503286582077137938","potions_obtained":[{"floor":2.0,"key":"hexamod:SoulburnPotion"},{"floor":8.0,"key":"LiquidMemories"},{"floor":12.0,"key":"Energy Potion"},{"floor":13.0,"key":"Energy Potion"},{"floor":14.0,"key":"DistilledChaos"},{"floor":16.0,"key":"Dexterity Potion"},{"floor":22.0,"key":"AttackPotion"},{"floor":25.0,"key":"Fruit Juice"},{"floor":32,"key":"bronze:BuildAFunctionPotion"},{"floor":33,"key":"CultistPotion"},{"floor":36,"key":"SteroidPotion"},{"floor":48,"key":"DistilledChaos"}],"is_trial":false,"path_per_floor":["R","M","$","?","$","R","T","M","?","E","M","E","M","M","M","B",null,"R","M","M","?","M","R","T","E","?","M","E","$","R","$","M","B",null,"R","M","M","?","M","R","T","E","R","?","?","M","E","M","M","B"],"character_chosen":"THE_AUTOMATON","items_purchased":["bronze:FineTuning","Eternal Feather","TungstenRod","bronze:FineTuning","bronze:SilverBullet","Anchor"],"campfire_rested":0,"item_purchase_floors":[3,3,29,31,31,31],"current_hp_per_floor":[63,63,63,63,53,59,59,59,59,59,59,55,49,48,48,29,63,63,63,60,46,46,58,58,46,46,40,40,53,68,68,50,28,68,68,68,43,43,43,61,61,61,68,68,68,66,44,44,44,0,0,0],"gold":247,"neow_bonus":"TWO_FIFTY_GOLD","is_daily":false,"chose_seed":false,"campfire_upgraded":7,"win_rate":0.0,"timestamp":1611257480,"path_taken":["R","M","$","?","$","R","T","M","?","E","M","E","M","?","M","BOSS","R","M","M","?","M","R","T","E","?","?","E","$","R","$","M","BOSS","R","M","M","?","M","R","T","E","R","?","?","?","E","M","M","BOSS"],"items_purchased_type":["Card","Relic","Relic","Card","Relic","Relic"],"build_version":"2020-12-22","purchased_purges":1,"victory":false,"max_hp_per_floor":[63,63,63,63,63,63,63,63,63,63,63,63,63,63,63,63,63,63,63,63,63,63,63,63,63,63,68,68,68,68,68,68,68,68,68,68,68,68,68,68,68,68,68,68,68,68,68,68,68,68,68,68],"card_choices":[{"not_picked":["bronze:ClassDefault","bronze:Turbo"],"picked":"bronze:ChosenStrike","floor":2.0},{"not_picked":["bronze:BuggyMess","bronze:DarkDash","bronze:BugBarrage"],"picked":"SKIP","floor":3.0},{"not_picked":["bronze:FollowUp","bronze:Backtrace"],"picked":"bronze:FineTuning","floor":5.0},{"not_picked":["bronze:OilSpill","bronze:WhirlingStrike"],"picked":"bronze:Optimize","floor":8.0},{"not_picked":["bronze:GetLatest","bronze:ShipIt"],"picked":"bronze:Iterate","floor":10.0},{"not_picked":["bronze:Deprecate","bronze:Frontload","bronze:Iterate"],"picked":"SKIP","floor":11.0},{"not_picked":["bronze:BugBarrage","bronze:Constructor"],"picked":"bronze:Fortify","floor":12.0},{"not_picked":["bronze:WildBeam","bronze:Deprecate","bronze:Philosophize"],"picked":"SKIP","floor":13.0},{"not_picked":["bronze:DarkDash","bronze:Branch","bronze:DelayedSlice"],"picked":"SKIP","floor":14.0},{"not_picked":["bronze:DarkDash","bronze:DelayedSlice"],"picked":"bronze:Branch","floor":14.0},{"not_picked":["bronze:DelayedGuard","bronze:Shield"],"picked":"bronze:Separator","floor":15.0},{"not_picked":["bronze:ShipIt","bronze:Break"],"picked":"bronze:Format","floor":16.0},{"not_picked":["bronze:Overload","bronze:MaxOutput"],"picked":"bronze:CutThrough","floor":19.0},{"not_picked":["bronze:BugBarrage","bronze:Repair+1"],"picked":"bronze:DigitalCarnage+1","floor":20.0},{"not_picked":["bronze:Safeguard","bronze:DarkDash"],"picked":"bronze:Optimize","floor":22.0},{"not_picked":["bronze:WildBeam+1","bronze:BuggyMess+1"],"picked":"bronze:ThunderWave","floor":25.0},{"not_picked":["bronze:BugBarrage+1","bronze:WildBeam"],"picked":"bronze:CloningBeam+1","floor":27},{"not_picked":["bronze:Shield+1","bronze:WhirlingStrike"],"picked":"bronze:Mutator","floor":28},{"not_picked":["bronze:Overheat+1","bronze:BitShift"],"picked":"bronze:Flail","floor":29},{"not_picked":["bronze:MaxOutput+1","bronze:Separator"],"picked":"bronze:Constructor","floor":31},{"not_picked":["bronze:Invalidate+1","bronze:DelayedGuard"],"picked":"bronze:ChildClass","floor":32},{"not_picked":["bronze:Virus","bronze:HyperBeam"],"picked":"bronze:Format","floor":33},{"not_picked":["bronze:Shield+1","bronze:BugBarrage"],"picked":"bronze:FollowUp+1","floor":36},{"not_picked":["bronze:Branch","bronze:Overload"],"picked":"bronze:OilSpill","floor":37},{"not_picked":["bronze:CutThrough","bronze:Branch+1"],"picked":"bronze:BronzeOrb","floor":39},{"not_picked":["bronze:CutThrough","bronze:Turbo","bronze:BitShift"],"picked":"SKIP","floor":42},{"not_picked":["bronze:WildBeam","bronze:Shield"],"picked":"bronze:Verify","floor":46},{"not_picked":["bronze:Return+1","bronze:ForLoop+1","bronze:DarkDash"],"picked":"SKIP","floor":47},{"not_picked":["bronze:OilSpill+1","bronze:Safeguard"],"picked":"bronze:Fortify","floor":48},{"not_picked":["bronze:WhirlingStrike+1","bronze:Invalidate"],"picked":"bronze:Shield+1","floor":49}],"player_experience":818995,"relics_obtained":[{"floor":7.0,"key":"Ornamental Fan"},{"floor":10.0,"key":"HornCleat"},{"floor":12.0,"key":"Pantograph"},{"floor":24.0,"key":"PreservedInsect"},{"floor":25.0,"key":"MealTicket"},{"floor":28,"key":"Smiling Mask"},{"floor":41,"key":"Omamori"},{"floor":42,"key":"Bottled Lightning"},{"floor":47,"key":"Darkstone Periapt"}],"event_choices":[{"cards_removed":["downfall:Malfunctioning"],"damage_healed":0.0,"max_hp_gain":0.0,"max_hp_loss":0.0,"gold_gain":0.0,"event_name":"Bonfire Elementals","player_choice":"Offered Curse","floor":9.0,"gold_loss":0.0,"damage_taken":0.0,"relics_obtained":["Spirit Poop"]},{"damage_healed":0,"gold_gain":0,"player_choice":"Leave","damage_taken":0,"max_hp_gain":0,"max_hp_loss":0,"event_name":"FaceTrader","floor":26,"gold_loss":0},{"cards_removed":["bronze:Optimize"],"damage_healed":0,"gold_gain":0,"player_choice":"Removed Power","damage_taken":0,"max_hp_gain":0,"max_hp_loss":0,"event_name":"Falling","floor":38,"gold_loss":0},{"damage_healed":0,"gold_gain":0,"player_choice":"Got Potions","damage_taken":0,"max_hp_gain":0,"max_hp_loss":0,"event_name":"Lab","floor":45,"gold_loss":0}],"is_beta":false,"boss_relics":[{"not_picked":["Runic Pyramid","Pandora\u0027s Box"],"picked":"SlaversCollar"},{"not_picked":["Busted Crown","Fusion Hammer"],"picked":"Runic Dome"}],"items_purged_floors":[29],"is_endless":false,"potions_floor_spawned":[2,8,12,13,14,16,22,25,32,33,36,48],"killed_by":"DF_ARCHETYPE_ORBS","ascension_level":0}}