{"host":"mi0eibewekhugwl1","time":1611233155,"event":{"mods":["AchievementEnabler","BaseMod","Colored Map","Colored Powertips","DeckTracker","Keyboard Shortcuts","Minty Spire (QoL Compilation)","Quick Restart","Rare Cards Sparkle","Relic Stats","StSLib","SuperFastMode","everything is the same but u backflip on backflip"],"gold_per_floor":[209,228,228,246,48,48,116,116,116,116,155,254,100,144,144,144,144],"floor_reached":16,"language":"KOR","playtime":283,"items_purged":["Strike_G"],"score":184,"play_id":"0bafdb44-db68-41da-b0c0-700b8beb4db9","local_time":"20210121214555","is_ascension_mode":true,"campfire_choices":[{"data":"HandOfGreed","floor":6,"key":"SMITH"},{"floor":10,"key":"REST"},{"floor":15,"key":"REST"}],"circlet_count":0,"master_deck":["AscendersBane","Strike_G","Strike_G","Strike_G","Strike_G","Defend_G","Defend_G","Defend_G","Defend_G","Defend_G","Survivor","Neutralize","Dagger Throw","HandOfGreed+1","Poisoned Stab","Dash","Calculated Gamble","Footwork"],"relics":["Ring of the Snake","Golden Idol","Mercury Hourglass","Ornamental Fan","Vajra"],"acts_visited":["Exordium"],"potions_floor_usage":[12],"damage_taken":[{"damage":0,"enemies":"Jaw Worm","floor":1,"turns":4},{"damage":7,"enemies":"2 Louse","floor":2,"turns":3},{"damage":0,"enemies":"Small Slimes","floor":4,"turns":5},{"damage":7,"enemies":"3 Louse","floor":7,"turns":5},{"damage":6,"enemies":"Looter","floor":11,"turns":3},{"damage":3,"enemies":"3 Sentries","floor":12,"turns":6},{"damage":13,"enemies":"Large Slime","floor":14,"turns":4},{"damage":35,"enemies":"Slime Boss","floor":16,"turns":6}],"seed_played":"-1584397044879794466","potions_obtained":[{"floor":7,"key":"Fruit Juice"},{"floor":11,"key":"PowerPotion"}],"is_trial":false,"path_per_floor":["M","M","?","M","$","R","M","?","T","R","M","?","$","M","R","B"],"character_chosen":"THE_SILENT","items_purchased":["HandOfGreed","Calculated Gamble"],"campfire_rested":2,"item_purchase_floors":[5,13],"current_hp_per_floor":[59,52,52,52,52,52,45,19,19,37,31,28,28,15,33,0,0],"gold":144,"neow_bonus":"HUNDRED_GOLD","is_daily":false,"chose_seed":false,"campfire_upgraded":1,"win_rate":0.0,"timestamp":1611233155,"path_taken":["M","M","?","M","$","R","M","?","T","R","M","?","$","M","R","BOSS"],"items_purchased_type":["Card","Card"],"build_version":"2020-12-22","purchased_purges":1,"victory":false,"max_hp_per_floor":[66,66,60,60,60,60,60,60,60,60,60,60,60,60,60,60,60],"relic_stats":{"counters":[8,36],"Golden Idol":37,"Ornamental Fan":[12],"obtain_stats":[{"Golden Idol":3,"Ornamental Fan":9,"Vajra":12,"Ring of the Snake":0,"Mercury Hourglass":8},{"Golden Idol":2,"Ornamental Fan":4,"Vajra":6,"Ring of the Snake":0,"Mercury Hourglass":4},{"Golden Idol":7,"Ornamental Fan":17,"Vajra":26,"Ring of the Snake":0,"Mercury Hourglass":17}],"Ring of the Snake":[16],"Mercury Hourglass":[96]},"card_choices":[{"not_picked":["Acrobatics","Deflect"],"picked":"Dagger Throw","floor":1},{"not_picked":["Deflect","Acrobatics","Night Terror"],"picked":"SKIP","floor":2},{"not_picked":["Slice","PiercingWail","Bane"],"picked":"SKIP","floor":4},{"not_picked":["Prepared","PiercingWail"],"picked":"Poisoned Stab","floor":7},{"not_picked":["Endless Agony","Skewer"],"picked":"Dash","floor":11},{"not_picked":["Dagger Spray","Well Laid Plans"],"picked":"Footwork","floor":14}],"player_experience":1746728,"relics_obtained":[{"floor":9,"key":"Ornamental Fan"},{"floor":12,"key":"Vajra"}],"event_choices":[{"damage_healed":0,"gold_gain":0,"player_choice":"Lose Max HP","damage_taken":0,"relics_obtained":["Golden Idol"],"max_hp_gain":0,"max_hp_loss":6,"event_name":"Golden Idol","floor":3,"gold_loss":0},{"damage_healed":0,"gold_gain":0,"player_choice":"Success","damage_taken":26,"relics_obtained":["Mercury Hourglass"],"max_hp_gain":0,"max_hp_loss":0,"event_name":"Scrap Ooze","floor":8,"gold_loss":0},{"damage_healed":0,"gold_gain":0,"player_choice":"Searched \u00271\u0027 times","damage_taken":0,"max_hp_gain":0,"max_hp_loss":0,"event_name":"Dead Adventurer","floor":12,"gold_loss":0}],"is_beta":false,"boss_relics":[],"items_purged_floors":[13],"is_endless":false,"potions_floor_spawned":[7,11],"killed_by":"Slime Boss","ascension_level":20}}