{"host":"u7lm8z2rvb4dg2oo","time":1611206471,"event":{"mods":["AchievementEnabler","BaseMod","Bestiary","Block Reminder","Colored Map","Colored Powertips","Curses Come First","DeckTracker","Googly Eyes","Highlight Path","Minty Spire (QoL Compilation)","Quick Restart","StSLib"],"gold_per_floor":[110,122,122,133,153,153,188,206,206,216,249,259,35,65,65,166,166,180,193,212,212,224,224,251,251,251,285,23,23,23],"floor_reached":29,"language":"ENG","playtime":2831,"items_purged":["Strike_G"],"score":489,"play_id":"8d32f686-656a-473a-a298-ad42d5f47f4e","local_time":"20210121002111","is_ascension_mode":true,"campfire_choices":[{"data":"Predator","floor":6.0,"key":"SMITH"},{"floor":15.0,"key":"REST"},{"data":"After Image","floor":23.0,"key":"SMITH"},{"floor":25.0,"key":"REST"}],"circlet_count":0,"master_deck":["Strike_G","Strike_G","Strike_G","Strike_G","Defend_G","Defend_G","Defend_G","Defend_G","Defend_G","Survivor","Neutralize","Predator+1","Well Laid Plans","Dash","Leg Sweep","Infinite Blades","Terror","Accuracy","Blade Dance","Caltrops","After Image+1","Venomology","Masterful Stab+1","Accuracy","PiercingWail+1","The Bomb"],"relics":["Ring of the Snake","NeowsBlessing","Boot","Bag of Marbles","Eternal Feather","White Beast Statue","Vajra","Oddly Smooth Stone","Philosopher\u0027s Stone","FaceOfCleric","Ornamental Fan","Kunai","Dream Catcher"],"acts_visited":["Exordium","TheCity"],"potions_floor_usage":[29],"damage_taken":[{"damage":0.0,"enemies":"2 Louse","floor":1.0,"turns":1.0},{"damage":0.0,"enemies":"Cultist","floor":2.0,"turns":1.0},{"damage":0.0,"enemies":"Jaw Worm","floor":4.0,"turns":1.0},{"damage":14.0,"enemies":"Gremlin Gang","floor":5.0,"turns":7.0},{"damage":16.0,"enemies":"Lagavulin","floor":7.0,"turns":8.0},{"damage":14.0,"enemies":"Exordium Wildlife","floor":8.0,"turns":5.0},{"damage":4.0,"enemies":"Blue Slaver","floor":10.0,"turns":3.0},{"damage":2.0,"enemies":"3 Sentries","floor":11.0,"turns":8.0},{"damage":6.0,"enemies":"3 Louse","floor":12.0,"turns":3.0},{"damage":5.0,"enemies":"Gremlin Nob","floor":14.0,"turns":3.0},{"damage":0.0,"enemies":"The Guardian","floor":16.0,"turns":10.0},{"damage":1.0,"enemies":"Shell Parasite","floor":18.0,"turns":4.0},{"damage":0.0,"enemies":"Chosen","floor":19.0,"turns":4.0},{"damage":17.0,"enemies":"Shelled Parasite and Fungi","floor":20.0,"turns":4.0},{"damage":14.0,"enemies":"Sentry and Sphere","floor":22.0,"turns":7.0},{"damage":35.0,"enemies":"Gremlin Leader","floor":24.0,"turns":7.0},{"damage":21.0,"enemies":"Book of Stabbing","floor":27.0,"turns":5.0},{"damage":16,"enemies":"Snake Plant","floor":29,"turns":2}],"seed_played":"6943984237635249440","potions_obtained":[{"floor":4.0,"key":"Weak Potion"},{"floor":5.0,"key":"Poison Potion"},{"floor":8.0,"key":"ColorlessPotion"},{"floor":10.0,"key":"SkillPotion"},{"floor":12.0,"key":"GamblersBrew"},{"floor":14.0,"key":"Dexterity Potion"},{"floor":16.0,"key":"SteroidPotion"},{"floor":18.0,"key":"Explosive Potion"},{"floor":19.0,"key":"Dexterity Potion"},{"floor":20.0,"key":"SkillPotion"},{"floor":22.0,"key":"AttackPotion"},{"floor":24.0,"key":"DistilledChaos"},{"floor":27.0,"key":"SkillPotion"}],"is_trial":false,"path_per_floor":["M","M","?","M","M","R","E","M","T","M","E","M","$","E","R","B",null,"M","M","M","?","M","R","E","R","T","E","$","M"],"character_chosen":"THE_SILENT","items_purchased":["Vajra","Caltrops","The Bomb"],"campfire_rested":2,"item_purchase_floors":[13,13,28],"current_hp_per_floor":[63,63,63,63,49,49,33,19,19,15,13,7,7,2,35,35,61,60,60,43,43,30,42,8,44,44,24,24,8,8],"gold":23,"neow_bonus":"THREE_ENEMY_KILL","is_daily":false,"chose_seed":false,"campfire_upgraded":2,"win_rate":0.0,"timestamp":1611206471,"path_taken":["M","M","?","?","M","R","E","M","T","?","E","M","$","E","R","BOSS","M","M","M","?","M","R","E","R","T","E","$","?"],"items_purchased_type":["Relic","Card","Card"],"build_version":"2020-12-22","purchased_purges":1,"victory":false,"max_hp_per_floor":[70,70,70,70,70,70,70,70,70,70,70,70,70,70,70,70,70,70,70,70,70,71,71,72,72,72,73,73,73,73],"card_choices":[{"not_picked":["Flying Knee","Backflip"],"picked":"Predator","floor":1.0},{"not_picked":["Dagger Throw","Endless Agony"],"picked":"Well Laid Plans","floor":2.0},{"not_picked":["Sucker Punch","Flying Knee"],"picked":"Dash","floor":4.0},{"not_picked":["Deflect","Setup"],"picked":"Leg Sweep","floor":5.0},{"not_picked":["All Out Attack","Doppelganger"],"picked":"Infinite Blades","floor":7.0},{"not_picked":["Dagger Throw","Crippling Poison"],"picked":"Terror","floor":8.0},{"not_picked":["Accuracy","Backflip","Underhanded Strike"],"picked":"SKIP","floor":10.0},{"not_picked":["PiercingWail","Quick Slash"],"picked":"Accuracy","floor":11.0},{"not_picked":["Deflect","Backflip"],"picked":"Blade Dance","floor":12.0},{"not_picked":["Flying Knee","Endless Agony"],"picked":"After Image","floor":14.0},{"not_picked":["After Image","Wraith Form v2"],"picked":"Venomology","floor":16.0},{"not_picked":["Underhanded Strike","Outmaneuver+1","Slice"],"picked":"SKIP","floor":18.0},{"not_picked":["Flying Knee","Terror"],"picked":"Masterful Stab+1","floor":19.0},{"not_picked":["Dagger Throw","Dash","Deadly Poison"],"picked":"SKIP","floor":20.0},{"not_picked":["Terror","Bane+1","Dagger Spray"],"picked":"SKIP","floor":22.0},{"not_picked":["Caltrops","Die Die Die"],"picked":"Accuracy","floor":24.0},{"not_picked":["Crippling Poison","Terror"],"picked":"PiercingWail+1","floor":27.0}],"player_experience":1015530,"relics_obtained":[{"floor":3.0,"key":"Boot"},{"floor":7.0,"key":"Bag of Marbles"},{"floor":9.0,"key":"Eternal Feather"},{"floor":11.0,"key":"White Beast Statue"},{"floor":14.0,"key":"Oddly Smooth Stone"},{"floor":24.0,"key":"Ornamental Fan"},{"floor":26.0,"key":"Kunai"},{"floor":27.0,"key":"Dream Catcher"}],"event_choices":[{"damage_healed":0.0,"max_hp_gain":0.0,"max_hp_loss":0.0,"gold_gain":0.0,"event_name":"Wheel of Change","player_choice":"Relic","floor":3.0,"gold_loss":0.0,"damage_taken":0.0},{"damage_healed":0.0,"max_hp_gain":0.0,"max_hp_loss":0.0,"gold_gain":0.0,"event_name":"FaceTrader","player_choice":"Trade","floor":21.0,"gold_loss":0.0,"damage_taken":0.0,"relics_obtained":["FaceOfCleric"]}],"is_beta":false,"boss_relics":[{"not_picked":["Snecko Eye","Runic Dome"],"picked":"Philosopher\u0027s Stone"}],"items_purged_floors":[28],"is_endless":false,"potions_floor_spawned":[4,5,8,10,12,14,16,18,19,20,22,24,27],"killed_by":"Snake Plant","ascension_level":9}}