{"host":"hjw1ay65n7jm40lc","time":1611203460,"event":{"mods":["AchievementEnabler","BaseMod","Block Reminder","Colored Map","Colored Powertips","Curses Come First","Downfall","Googly Eyes","Hermit","Highlight Path","Minty Spire (QoL Compilation)","Quick Restart","Relic Stats","StSLib"],"gold_per_floor":[99,111,124,124,124,124,124,124,158,143,177,192,206,233,243,346,346,246,259,276,276,226,254,279,310,328,356,341,345,345,345,364,467,467,467,478,495,270,281,181,181,216,216,248,248,276,290,22,38,38],"floor_reached":51,"language":"ENG","playtime":4410,"items_purged":["bronze:Strike","bronze:Strike"],"score":1141,"play_id":"e549bdf0-7676-481e-ae76-11492d1ae6e0","local_time":"20210120233100","is_ascension_mode":true,"campfire_choices":[{"data":"bronze:Replicate","floor":1.0,"key":"SMITH"},{"data":"bronze:BronzeOrb","floor":6.0,"key":"SMITH"},{"floor":8.0,"key":"REST"},{"data":"bronze:Hardcode","floor":18.0,"key":"SMITH"},{"data":"bronze:Verify","floor":30.0,"key":"SMITH"},{"floor":35.0,"key":"RECALL"},{"floor":40,"key":"REST"},{"data":"bronze:Goto","floor":45,"key":"SMITH"}],"circlet_count":0,"master_deck":["bronze:Strike","bronze:Strike","bronze:Defend","bronze:Defend","bronze:Defend","bronze:Defend","bronze:Replicate+1","bronze:Goto+1","bronze:BronzeOrb+1","bronze:Separator","bronze:Verify+1","bronze:CutThrough","bronze:FunctionCard","bronze:Philosophize","bronze:Assembly","bronze:Repulsor","bronze:Shell","bronze:GetLatest+1","bronze:BronzeArmor"],"relics":["bronze:BronzeCore","Ginger","downfall:ShatteredFragment","PreservedInsect","Kunai","Sundial","MealTicket","bronze:MakeshiftBattery","downfall:HeartBlessingGreen","Pocketwatch","Bronze Scales","Omamori","Bag of Marbles","Slimebound:StickyStick","bronze:ElectromagneticCoil","Guardian:BottledAnomaly","downfall:HeartBlessingRed","Torii","Mummified Hand","Pen Nib","bronze:SilverBullet"],"acts_visited":["Exordium","TheCity","TheBeyond"],"potions_floor_usage":[42,42,42,42,42,42,50,50],"damage_taken":[{"damage":7.0,"enemies":"Small Slimes","floor":2.0,"turns":3.0},{"damage":2.0,"enemies":"Jaw Worm","floor":3.0,"turns":4.0},{"damage":10.0,"enemies":"Gremlin Nob","floor":9.0,"turns":3.0},{"damage":0.0,"enemies":"downfall:FleeingMerchant","floor":10.0,"turns":4.0},{"damage":2.0,"enemies":"3 Sentries","floor":11.0,"turns":5.0},{"damage":0.0,"enemies":"2 Louse","floor":12.0,"turns":2.0},{"damage":0.0,"enemies":"Blue Slaver","floor":13.0,"turns":2.0},{"damage":6.0,"enemies":"Lagavulin","floor":14.0,"turns":5.0},{"damage":0.0,"enemies":"2 Fungi Beasts","floor":15.0,"turns":2.0},{"damage":26.0,"enemies":"DF_ARCHETYPE_STREAMLINE","floor":16.0,"turns":9.0},{"damage":4.0,"enemies":"Spheric Guardian","floor":19.0,"turns":5.0},{"damage":7.0,"enemies":"Snake Plant","floor":20.0,"turns":3.0},{"damage":18.0,"enemies":"Gremlin Leader","floor":23.0,"turns":4.0},{"damage":9.0,"enemies":"Book of Stabbing","floor":25.0,"turns":4.0},{"damage":0.0,"enemies":"Centurion and Healer","floor":26.0,"turns":5.0},{"damage":20.0,"enemies":"Slavers","floor":27.0,"turns":3.0},{"damage":0.0,"enemies":"downfall:FleeingMerchant","floor":28.0,"turns":4.0},{"damage":4.0,"enemies":"downfall:FleeingMerchant","floor":29.0,"turns":3.0},{"damage":20.0,"enemies":"Snecko","floor":32.0,"turns":3.0},{"damage":8.0,"enemies":"IC_MUSHROOM_ARCHETYPE","floor":33.0,"turns":7.0},{"damage":16.0,"enemies":"3 Darklings","floor":36.0,"turns":6.0},{"damage":6,"enemies":"3 Shapes","floor":37,"turns":6},{"damage":21,"enemies":"Jaw Worm Horde","floor":39,"turns":4},{"damage":20,"enemies":"Giant Head","floor":42,"turns":6},{"damage":31,"enemies":"Nemesis","floor":44,"turns":5},{"damage":20,"enemies":"Reptomancer","floor":46,"turns":4},{"damage":0,"enemies":"3 Darklings","floor":47,"turns":3},{"damage":20,"enemies":"Writhing Mass","floor":49,"turns":4},{"damage":0,"enemies":"SI_POISON_ARCHETYPE","floor":50,"turns":6}],"seed_played":"-6399070376484499174","potions_obtained":[{"floor":3.0,"key":"SpeedPotion"},{"floor":9.0,"key":"Fire Potion"},{"floor":15.0,"key":"DuplicationPotion"},{"floor":16.0,"key":"Block Potion"},{"floor":20.0,"key":"DuplicationPotion"},{"floor":23.0,"key":"Block Potion"},{"floor":32.0,"key":"champ:CounterPotion"},{"floor":33.0,"key":"Dexterity Potion"},{"floor":36.0,"key":"PowerPotion"},{"floor":39,"key":"EntropicBrew"},{"floor":47,"key":"DuplicationPotion"}],"is_trial":false,"path_per_floor":["R","M","M","?","?","R","T","R","E","$","E","M","M","E","M","B",null,"R","M","M","?","?","E","T","E","M","E","$","$","R","?","M","B",null,"R","M","M","$","M","R","T","E","?","E","R","E","M","$","M","B",null],"character_chosen":"THE_AUTOMATON","items_purchased":["Slimebound:StickyStick","bronze:FreeFunctionsPotion","PowerPotion","Guardian:BottledAnomaly","bronze:Shell","bronze:BronzeArmor","Dexterity Potion","Dexterity Potion"],"campfire_rested":2,"item_purchase_floors":[29,29,29,38,38,48,48,48],"current_hp_per_floor":[63,56,54,54,33,33,33,51,41,41,39,39,39,33,33,7,49,49,45,38,38,63,45,45,36,36,16,31,42,42,42,22,14,51,51,35,29,44,23,41,41,21,73,42,42,22,22,37,17,17],"gold":38,"neow_bonus":"ONE_RARE_RELIC","is_daily":false,"chose_seed":false,"campfire_upgraded":5,"win_rate":0.0,"timestamp":1611203460,"path_taken":["R","M","M","?","?","R","T","R","E","?","E","M","M","E","M","BOSS","R","M","M","?","?","E","T","E","M","E","?","$","R","?","M","BOSS","R","M","M","$","M","R","T","E","?","E","R","E","M","$","M","BOSS"],"items_purchased_type":["Relic","Potion","Potion","Relic","Card","Card","Potion","Potion"],"build_version":"2020-12-22","purchased_purges":2,"victory":true,"max_hp_per_floor":[63,63,63,63,63,63,63,63,63,63,63,63,63,63,63,63,63,63,63,63,63,63,63,63,63,63,63,63,63,63,63,63,63,63,63,63,63,63,63,63,63,63,73,73,73,73,73,73,73,73],"relic_stats":{"Torii":3,"counters":[29,124],"Sundial":[38],"Mummified Hand":[8],"Bronze Scales":[140],"MealTicket":60,"PreservedInsect":539,"Pen Nib":[6],"Ginger":[10],"Kunai":[89],"obtain_stats":[{"bronze:ElectromagneticCoil":34,"bronze:BronzeCore":0,"downfall:ShatteredFragment":5,"downfall:HeartBlessingRed":40,"Torii":41,"downfall:HeartBlessingGreen":18,"PreservedInsect":7,"Pen Nib":44,"Omamori":25,"Ginger":0,"Sundial":11,"Slimebound:StickyStick":29,"Mummified Hand":42,"Bronze Scales":24,"MealTicket":14,"Bag of Marbles":27,"Kunai":9,"Guardian:BottledAnomaly":38,"bronze:SilverBullet":46,"bronze:MakeshiftBattery":17,"Pocketwatch":23},{"bronze:ElectromagneticCoil":20,"bronze:BronzeCore":0,"downfall:ShatteredFragment":2,"downfall:HeartBlessingRed":23,"Torii":23,"downfall:HeartBlessingGreen":10,"PreservedInsect":2,"Pen Nib":25,"Omamori":14,"Ginger":0,"Sundial":5,"Slimebound:StickyStick":18,"Mummified Hand":24,"Bronze Scales":13,"MealTicket":8,"Bag of Marbles":16,"Kunai":3,"Guardian:BottledAnomaly":22,"bronze:SilverBullet":26,"bronze:MakeshiftBattery":10,"Pocketwatch":13},{"bronze:ElectromagneticCoil":80,"bronze:BronzeCore":0,"downfall:ShatteredFragment":7,"downfall:HeartBlessingRed":96,"Torii":96,"downfall:HeartBlessingGreen":39,"PreservedInsect":7,"Pen Nib":107,"Omamori":55,"Ginger":0,"Sundial":19,"Slimebound:StickyStick":70,"Mummified Hand":102,"Bronze Scales":51,"MealTicket":28,"Bag of Marbles":63,"Kunai":10,"Guardian:BottledAnomaly":92,"bronze:SilverBullet":111,"bronze:MakeshiftBattery":39,"Pocketwatch":51}],"Pocketwatch":[15]},"card_choices":[{"not_picked":["bronze:WildBeam","bronze:Turbo","bronze:Allocate"],"picked":"SKIP","floor":2.0},{"not_picked":["bronze:ForceShield","bronze:Invalidate"],"picked":"bronze:BronzeOrb","floor":3.0},{"not_picked":["bronze:Backtrace","bronze:DelayedGuard"],"picked":"bronze:Separator","floor":9.0},{"not_picked":["bronze:DelayedSlice","bronze:Deprecate"],"picked":"bronze:Verify","floor":10.0},{"not_picked":["bronze:Shield","bronze:Repulsor","bronze:Overload"],"picked":"SKIP","floor":11.0},{"not_picked":["bronze:WildBeam","bronze:FollowUp"],"picked":"bronze:CutThrough","floor":12.0},{"not_picked":["bronze:ItsAFeature","bronze:DarkDash","bronze:ForLoop"],"picked":"SKIP","floor":13.0},{"not_picked":["bronze:Backtrace","bronze:WhirlingStrike","bronze:OilSpill"],"picked":"SKIP","floor":14.0},{"not_picked":["bronze:Turbo","bronze:FineTuning","bronze:CloningBeam"],"picked":"SKIP","floor":15.0},{"not_picked":["bronze:Virus","bronze:AlphaBuild"],"picked":"bronze:Hardcode","floor":16.0},{"not_picked":["bronze:ForLoop+1","bronze:GetLatest","bronze:OilSpill+1"],"picked":"SKIP","floor":19.0},{"not_picked":["bronze:Overheat","bronze:Invalidate"],"picked":"bronze:Philosophize","floor":20.0},{"not_picked":["bronze:WhirlingStrike","bronze:ClassDefault"],"picked":"bronze:Assembly","floor":23.0},{"not_picked":["bronze:Shield","bronze:FineTuning"],"picked":"bronze:Repulsor","floor":25.0},{"not_picked":["bronze:Frontload","bronze:BuggyMess","bronze:Repulsor"],"picked":"SKIP","floor":26.0},{"not_picked":["bronze:NullPointer","bronze:RecursiveStrike","bronze:MaxOutput"],"picked":"SKIP","floor":27.0},{"not_picked":["bronze:DelayedSlice+1","bronze:FineTuning","bronze:Philosophize+1"],"picked":"SKIP","floor":28.0},{"not_picked":["bronze:ShipIt","bronze:Invalidate","bronze:Repulsor+1"],"picked":"SKIP","floor":29.0},{"not_picked":["bronze:Shield+1","bronze:BuggyMess","bronze:Fortify+1"],"picked":"SKIP","floor":32.0},{"not_picked":["bronze:Shield+1","bronze:BuggyMess","bronze:Fortify+1"],"picked":"SKIP","floor":32.0},{"not_picked":["bronze:SpaghettiCode","bronze:HyperBeam"],"picked":"bronze:TinkerersToolbox","floor":33.0},{"not_picked":["bronze:Separator+1","bronze:BuggyMess+1","bronze:Branch+1"],"picked":"SKIP","floor":36.0},{"not_picked":["bronze:Safeguard+1","bronze:Separator+1","bronze:BugBarrage+1"],"picked":"SKIP","floor":37},{"not_picked":["bronze:BuggyMess","bronze:Frontload+1","bronze:CutThrough+1"],"picked":"SKIP","floor":39},{"not_picked":["bronze:BronzeOrb","bronze:ForceShield","bronze:Branch+1"],"picked":"SKIP","floor":42},{"not_picked":["bronze:ClassDefault+1","bronze:Allocate","bronze:Separator"],"picked":"SKIP","floor":44},{"not_picked":["bronze:NullPointer","bronze:Overload+1","bronze:Shield+1"],"picked":"SKIP","floor":46},{"not_picked":["bronze:DigitalCarnage+1","bronze:Fortify+1"],"picked":"bronze:GetLatest+1","floor":47},{"not_picked":["bronze:Terminator","bronze:Frontload+1","bronze:Separator"],"picked":"SKIP","floor":49}],"player_experience":954468,"relics_obtained":[{"floor":7.0,"key":"PreservedInsect"},{"floor":9.0,"key":"Kunai"},{"floor":11.0,"key":"Sundial"},{"floor":14.0,"key":"MealTicket"},{"floor":23.0,"key":"Pocketwatch"},{"floor":24.0,"key":"Bronze Scales"},{"floor":25.0,"key":"Omamori"},{"floor":27.0,"key":"Bag of Marbles"},{"floor":41,"key":"Torii"},{"floor":42,"key":"Mummified Hand"},{"floor":44,"key":"Pen Nib"},{"floor":46,"key":"bronze:SilverBullet"}],"event_choices":[],"is_beta":false,"boss_relics":[{"not_picked":["Runic Dome","SlaversCollar"],"picked":"bronze:MakeshiftBattery"},{"not_picked":["Astrolabe","Snecko Eye"],"picked":"bronze:ElectromagneticCoil"}],"items_purged_floors":[29,48],"is_endless":false,"potions_floor_spawned":[3,9,15,16,20,23,32,33,36,39,47],"ascension_level":5}}