{"host":"b1dzdo8uo7e6jx8g","time":1611269041,"event":{"mods":["AchievementEnabler","BaseMod","BetterRewards","Colored Map","Highlight Path","Minty Spire (QoL Compilation)","StSLib"],"gold_per_floor":[117,117,141,216,234,234,265,283,283,301,320,320,338,361,361,491,491,505,430,449,449,464,464,464,464],"floor_reached":24,"language":"ENG","playtime":812,"items_purged":[],"score":292,"play_id":"5809672f-33c4-44ff-93aa-70515d179c62","local_time":"20210121234401","is_ascension_mode":false,"campfire_choices":[{"data":"Devotion","floor":6,"key":"SMITH"},{"floor":12,"key":"REST"},{"floor":15,"key":"REST"},{"floor":23,"key":"REST"}],"circlet_count":0,"master_deck":["Strike_P","Strike_P","Strike_P","Strike_P","Defend_P","Defend_P","Defend_P","Defend_P","Eruption","Vigilance","Devotion+1","BattleHymn","Consecrate","BowlingBash","Consecrate","Indignation","SandsOfTime","Adaptation","DeusExMachina","FollowUp"],"relics":["PureWater","Orrery","Regal Pillow","Bloody Idol","Odd Mushroom","Bottled Tornado","Philosopher\u0027s Stone"],"acts_visited":["Exordium","TheCity"],"potions_floor_usage":[8,10,16,20,22,22],"damage_taken":[{"damage":1,"enemies":"Jaw Worm","floor":1,"turns":2},{"damage":0,"enemies":"2 Louse","floor":3,"turns":2},{"damage":0,"enemies":"Cultist","floor":5,"turns":2},{"damage":36,"enemies":"The Mushroom Lair","floor":7,"turns":4},{"damage":0,"enemies":"Looter","floor":8,"turns":2},{"damage":12,"enemies":"2 Fungi Beasts","floor":10,"turns":3},{"damage":2,"enemies":"3 Louse","floor":11,"turns":3},{"damage":16,"enemies":"Lots of Slimes","floor":13,"turns":4},{"damage":3,"enemies":"Exordium Wildlife","floor":14,"turns":5},{"damage":46,"enemies":"The Guardian","floor":16,"turns":6},{"damage":30,"enemies":"Spheric Guardian","floor":18,"turns":5},{"damage":26,"enemies":"2 Thieves","floor":20,"turns":4},{"damage":28,"enemies":"Chosen and Byrds","floor":22,"turns":4},{"damage":57,"enemies":"Book of Stabbing","floor":24,"turns":4}],"seed_played":"6093102689761767446","potions_obtained":[{"floor":3,"key":"BottledMiracle"},{"floor":5,"key":"Ancient Potion"},{"floor":7,"key":"Fire Potion"},{"floor":10,"key":"ColorlessPotion"},{"floor":13,"key":"Regen Potion"},{"floor":18,"key":"Regen Potion"},{"floor":20,"key":"StancePotion"}],"is_trial":false,"path_per_floor":["M","?","M","?","M","R","?","M","T","M","M","R","M","M","R","B",null,"M","?","M","?","M","R","E"],"character_chosen":"WATCHER","items_purchased":["Orrery","Regal Pillow"],"campfire_rested":3,"item_purchase_floors":[0,0],"current_hp_per_floor":[62,62,62,51,51,51,15,15,15,3,1,37,21,18,54,8,72,42,42,28,28,17,53,0,0],"gold":464,"neow_bonus":"","is_daily":false,"chose_seed":false,"campfire_upgraded":1,"win_rate":0.0,"timestamp":1611269041,"path_taken":["M","?","M","?","M","R","?","M","T","?","M","R","?","M","R","BOSS","M","?","M","?","M","R","E"],"items_purchased_type":["Relic","Relic"],"build_version":"2020-12-22","purchased_purges":0,"victory":false,"max_hp_per_floor":[72,72,72,72,72,72,72,72,72,72,72,72,72,72,72,72,72,72,72,72,72,72,72,72,72],"card_choices":[{"not_picked":["Pray","FlyingSleeves"],"picked":"Devotion","floor":0},{"not_picked":["EmptyFist","Blasphemy"],"picked":"BattleHymn","floor":0},{"not_picked":["WaveOfTheHand","Tantrum"],"picked":"Consecrate","floor":0},{"not_picked":["ThirdEye","EmptyBody"],"picked":"BowlingBash","floor":0},{"not_picked":["Wireheading","Collect","FlurryOfBlows"],"picked":"SKIP","floor":1},{"not_picked":["CrushJoints","EmptyBody","Evaluate"],"picked":"SKIP","floor":3},{"not_picked":["Nirvana","ThirdEye","FlurryOfBlows"],"picked":"SKIP","floor":5},{"not_picked":["Indignation","Sanctity"],"picked":"Consecrate","floor":7},{"not_picked":["EmptyFist","Ragnarok"],"picked":"Indignation","floor":8},{"not_picked":["WaveOfTheHand","SashWhip","CarveReality"],"picked":"SKIP","floor":10},{"not_picked":["Sanctity","Indignation","PathToVictory"],"picked":"SKIP","floor":11},{"not_picked":["FollowUp","WreathOfFlame"],"picked":"SandsOfTime","floor":13},{"not_picked":["Halt","SashWhip"],"picked":"Adaptation","floor":14},{"not_picked":["Establishment","SpiritShield"],"picked":"DeusExMachina","floor":16},{"not_picked":["EmptyFist","PathToVictory","FearNoEvil+1"],"picked":"SKIP","floor":18},{"not_picked":["LikeWater","EmptyFist+1","ClearTheMind"],"picked":"SKIP","floor":20},{"not_picked":["FlyingSleeves+1","BowlingBash"],"picked":"FollowUp","floor":22}],"player_experience":220111,"relics_obtained":[{"floor":7,"key":"Odd Mushroom"},{"floor":9,"key":"Bottled Tornado"}],"event_choices":[{"damage_healed":0,"gold_gain":0,"player_choice":"Take Wound","damage_taken":0,"relics_obtained":["Golden Idol"],"max_hp_gain":0,"max_hp_loss":0,"event_name":"Golden Idol","floor":2,"gold_loss":0,"cards_obtained":["Injury"]},{"damage_healed":0,"gold_gain":75,"player_choice":"Gather Gold","damage_taken":11,"max_hp_gain":0,"max_hp_loss":0,"event_name":"World of Goop","floor":4,"gold_loss":0},{"damage_healed":0,"gold_gain":0,"player_choice":"Fought Mushrooms","damage_taken":0,"max_hp_gain":0,"max_hp_loss":0,"event_name":"Mushrooms","floor":7,"gold_loss":0},{"cards_removed":["Injury"],"damage_healed":0,"gold_gain":0,"player_choice":"Gave Gold","damage_taken":0,"max_hp_gain":0,"max_hp_loss":0,"event_name":"Beggar","floor":19,"gold_loss":75},{"damage_healed":0,"gold_gain":0,"player_choice":"Gave Idol","damage_taken":0,"relics_obtained":["Bloody Idol"],"max_hp_gain":0,"max_hp_loss":0,"event_name":"Forgotten Altar","floor":21,"relics_lost":["Golden Idol"],"gold_loss":0}],"is_beta":false,"boss_relics":[{"not_picked":["Velvet Choker","Runic Pyramid"],"picked":"Philosopher\u0027s Stone"}],"items_purged_floors":[],"is_endless":false,"potions_floor_spawned":[3,5,7,10,13,18,20],"killed_by":"Book of Stabbing","ascension_level":0}}