{"host":"fhl0aha90wvfvsew","time":1611217958,"event":{"mods":["BaseMod","Colored Powertips","Marisa£®ÏF”Í°°ƒß¿Ì…≥£©","Minty Spire (QoL Compilation)","Remilia£®¿Ÿ√◊¿Ú—«£©","Replay The Spire","StSLib","Youmu£®ªÍ∆«—˝√Œ£©","Yuyuko"],"gold_per_floor":[116,41,122,135,135,166,186,221,221,253,273,273,284,313,313,408,408,418,429,442,442,40,366,389,399,424,424,449,449,477,97,97,193,193,209,229,248,264,264,264,291,338,338,370,220,45,75,91,91,91,91,91,91,122,122],"floor_reached":56,"language":"ZHS","playtime":3629,"items_purged":["Strike_MRS","Strike_MRS","Strike_MRS","PowerUp","Defend_MRS"],"score":1998,"play_id":"f1c8a6b6-ca1d-4a4a-a0af-a6b6819ec394","local_time":"20210121163238","is_ascension_mode":true,"campfire_choices":[{"data":"UltimateShortwave","floor":12.0,"key":"SMITH"},{"floor":15.0,"key":"REST"},{"data":"Acceleration","floor":27.0,"key":"SMITH"},{"data":"OpenUniverse","floor":32.0,"key":"SMITH"},{"data":"SatelliteIllusion","floor":40,"key":"SMITH"},{"floor":49,"key":"RECALL"},{"data":"UpSweep","floor":52,"key":"SMITH"}],"circlet_count":0,"master_deck":["Defend_MRS","Defend_MRS","MasterSpark","UpSweep+1","PropBag","GrandCross","UltimateShortwave+1","SuperPerseids","OpenUniverse+1","Acceleration+1","MilkyWay","ManaRampage","PowerUp+1","PropBag","StarDustReverie","Acceleration","SatelliteIllusion+1","Acceleration+1","PropBag"],"relics":["MiniHakkero","NeowsBlessing","Strawberry","Toy Ornithopter","Pen Nib","Quantum Egg","Eternal Feather","Garlic","Coffee Dripper","SimpleLauncher","Old Coin","MealTicket","PreservedInsect","Omamori","CaptainsWheel","AntiCross","Replay:Grab Bag","ChewingGum","SlaversCollar","Empty Cage","HandmadeGrimoire","MagicBroom","Singing Bowl","CeramicFish","Girya","Replay:Wax Seal"],"acts_visited":["Exordium","TheCity","TheBeyond","TheEnding"],"potions_floor_usage":[37,55,55,55],"damage_taken":[{"damage":0.0,"enemies":"Jaw Worm","floor":1.0,"turns":1.0},{"damage":0.0,"enemies":"Small Slimes","floor":4.0,"turns":1.0},{"damage":0.0,"enemies":"Gremlin Nob","floor":6.0,"turns":1.0},{"damage":1.0,"enemies":"Cultist","floor":7.0,"turns":3.0},{"damage":12.0,"enemies":"3 Sentries","floor":8.0,"turns":6.0},{"damage":29.0,"enemies":"Gremlin Nob","floor":10.0,"turns":4.0},{"damage":16.0,"enemies":"Exordium Thugs","floor":11.0,"turns":3.0},{"damage":23.0,"enemies":"Lots of Slimes","floor":13.0,"turns":4.0},{"damage":18.0,"enemies":"Replay:BlueRogue","floor":14.0,"turns":4.0},{"damage":29.0,"enemies":"Slime Boss","floor":16.0,"turns":5.0},{"damage":10.0,"enemies":"3 Byrds","floor":18.0,"turns":5.0},{"damage":15.0,"enemies":"Shell Parasite","floor":19.0,"turns":4.0},{"damage":4.0,"enemies":"3 Cultists","floor":20.0,"turns":4.0},{"damage":8.0,"enemies":"Gremlin Leader","floor":23.0,"turns":3.0},{"damage":0.0,"enemies":"Snake Plant","floor":25.0,"turns":2.0},{"damage":8.0,"enemies":"Slavers","floor":28.0,"turns":4.0},{"damage":0.0,"enemies":"Gremlin Leader","floor":30.0,"turns":4.0},{"damage":0.0,"enemies":"Pondfish","floor":33.0,"turns":3.0},{"damage":28.0,"enemies":"3 Shapes","floor":35.0,"turns":2.0},{"damage":1.0,"enemies":"3 Darklings","floor":36.0,"turns":3.0},{"damage":6,"enemies":"Transient","floor":37,"turns":4},{"damage":0,"enemies":"Writhing Mass","floor":38,"turns":2},{"damage":16,"enemies":"R_Hoarder","floor":41,"turns":3},{"damage":1,"enemies":"2 Orb Walkers","floor":42,"turns":2},{"damage":0,"enemies":"Giant Head","floor":44,"turns":2},{"damage":0,"enemies":"R_Hoarder","floor":47,"turns":2},{"damage":0,"enemies":"Sphere and 2 Shapes","floor":48,"turns":1},{"damage":7,"enemies":"Donu and Deca","floor":50,"turns":4},{"damage":6,"enemies":"Shield and Spear","floor":54,"turns":3},{"damage":76,"enemies":"The Heart","floor":55,"turns":4}],"seed_played":"-4723145162588634374","potions_obtained":[{"floor":7.0,"key":"StarNLove"},{"floor":10.0,"key":"BottledSpark"},{"floor":14.0,"key":"BlessingOfTheForge"},{"floor":16.0,"key":"SpeedPotion"},{"floor":18.0,"key":"Fire Potion"},{"floor":23.0,"key":"Elixir"},{"floor":30.0,"key":"Swift Potion"},{"floor":38,"key":"Elixir"},{"floor":41,"key":"LiquidBronze"}],"is_trial":false,"path_per_floor":["M","$","?","M","T","E","M","E","T","E","M","R","M","E","R","B",null,"M","M","M","?","$","E","T","M","T","R","E","?","E","$","R","B",null,"M","M","M","M","?","R","E","?","T","E","$","$","E","M","R","B",null,"R","$","E","B",null],"character_chosen":"MARISA","items_purchased":["SimpleLauncher","AntiCross"],"campfire_rested":1,"item_purchase_floors":[22,31],"current_hp_per_floor":[75,75,82,82,82,82,81,69,69,45,29,38,32,14,47,23,82,72,57,53,53,53,50,50,50,50,62,59,43,43,58,70,70,87,59,58,57,57,57,69,53,52,52,54,69,84,86,88,93,86,93,93,93,89,28],"gold":122,"neow_bonus":"THREE_ENEMY_KILL","is_daily":false,"chose_seed":false,"campfire_upgraded":5,"win_rate":0.0,"timestamp":1611217958,"path_taken":["M","$","?","?","?","E","M","E","T","E","?","R","?","E","R","BOSS","M","M","M","?","$","E","?","?","T","R","E","?","E","?","R","BOSS","M","M","M","M","?","R","E","?","T","E","?","$","E","M","R","BOSS","R","$","E","BOSS"],"items_purchased_type":["Relic","Relic"],"build_version":"2020-12-22","purchased_purges":5,"victory":true,"max_hp_per_floor":[75,75,82,82,82,82,82,82,82,82,82,82,82,82,82,82,82,82,82,82,82,82,82,82,82,82,82,82,87,87,87,87,87,87,87,87,87,87,87,87,87,87,87,89,89,89,91,93,93,93,93,93,93,95,95],"card_choices":[{"not_picked":["UnstableBomb","6A","DC"],"picked":"SKIP","floor":1.0},{"not_picked":["WitchOfGreed","SporeBomb"],"picked":"PropBag","floor":3.0},{"not_picked":["FairyDestructionRay","MeteoricShower"],"picked":"GrandCross","floor":3.0},{"not_picked":["MilkyWay","PowerUp"],"picked":"UltimateShortwave","floor":4.0},{"not_picked":["DeepEcoloBomb","MachineGunSpark"],"picked":"SuperPerseids","floor":6.0},{"not_picked":["SporeBomb","NonDirectionalLaser","RefractionSpark"],"picked":"SKIP","floor":7.0},{"not_picked":["GravityBeat","ManaConvection"],"picked":"PowerUp","floor":8.0},{"not_picked":["ShootingEcho","OortCloud"],"picked":"OpenUniverse","floor":10.0},{"not_picked":["MachineGunSpark","WitchLeyline","MysteriousBeam"],"picked":"SKIP","floor":11.0},{"not_picked":["LuminesStrike","PowerUp"],"picked":"Acceleration","floor":13.0},{"not_picked":["DoubleSpark","UnstableBomb"],"picked":"MilkyWay","floor":14.0},{"not_picked":["BigCrunch","BlazingStar"],"picked":"ManaRampage","floor":16.0},{"not_picked":["GalacticHalo+1","GrandCross+1"],"picked":"PowerUp+1","floor":18.0},{"not_picked":["LuminesStrike+1","UnstableBomb","6A"],"picked":"SKIP","floor":19.0},{"not_picked":["MysteriousBeam+1","GrandCross"],"picked":"PropBag","floor":20.0},{"not_picked":["GrandCross","ShootingEcho"],"picked":"StarDustReverie","floor":23.0},{"not_picked":["WitchOfGreed","UnstableBomb","OrrerysSun"],"picked":"SKIP","floor":25.0},{"not_picked":["GasGiant","DC+1","WitchLeyline"],"picked":"SKIP","floor":28.0},{"not_picked":["DarkSpark+1","WitchLeyline"],"picked":"Acceleration","floor":30.0},{"not_picked":["FinalSpark","BlazingStar"],"picked":"SatelliteIllusion","floor":33.0},{"not_picked":["WitchOfGreed","DarkMatter","MysteriousBeam"],"picked":"SKIP","floor":35.0},{"not_picked":["MysteriousBeam","DarkMatter+1"],"picked":"Acceleration+1","floor":36.0},{"not_picked":["GravityBeat+1","IllusionStar","SporeBomb"],"picked":"SKIP","floor":37},{"not_picked":["DoubleSpark+1","MysteriousBeam","GravityBeat+1"],"picked":"SKIP","floor":38},{"not_picked":["RefractionSpark+1","SuperPerseids"],"picked":"PropBag","floor":41},{"not_picked":["PropBag","PulseMagic","MaximisePower"],"picked":"Singing Bowl","floor":44},{"not_picked":["Occultation","UnstableBomb","ShootingEcho"],"picked":"Singing Bowl","floor":47},{"not_picked":["ChargeUpSpray","IllusionStar","EnergyRecoil"],"picked":"Singing Bowl","floor":48},{"not_picked":["DC+1","UnstableBomb+1","DragonMeteor"],"picked":"Singing Bowl","floor":54}],"player_experience":279673,"relics_obtained":[{"floor":3.0,"key":"Strawberry"},{"floor":6.0,"key":"Toy Ornithopter"},{"floor":8.0,"key":"Pen Nib"},{"floor":9.0,"key":"Quantum Egg"},{"floor":10.0,"key":"Eternal Feather"},{"floor":14.0,"key":"Garlic"},{"floor":23.0,"key":"Old Coin"},{"floor":24.0,"key":"MealTicket"},{"floor":26.0,"key":"PreservedInsect"},{"floor":28.0,"key":"Omamori"},{"floor":30.0,"key":"CaptainsWheel"},{"floor":41,"key":"HandmadeGrimoire"},{"floor":42,"key":"MagicBroom"},{"floor":43,"key":"Singing Bowl"},{"floor":44,"key":"CeramicFish"},{"floor":47,"key":"Girya"},{"floor":54,"key":"Replay:Wax Seal"}],"event_choices":[{"damage_healed":0.0,"max_hp_gain":5.0,"max_hp_loss":0.0,"gold_gain":0.0,"event_name":"Forgotten Altar","player_choice":"Shed Blood","floor":29.0,"gold_loss":0.0,"damage_taken":21.0},{"damage_healed":0,"gold_gain":0,"player_choice":"Ignored","damage_taken":0,"max_hp_gain":0,"max_hp_loss":0,"event_name":"Tomb of Lord Red Mask","floor":39,"gold_loss":0},{"damage_healed":0,"gold_gain":0,"player_choice":"Fight","damage_taken":0,"max_hp_gain":0,"max_hp_loss":0,"event_name":"Mysterious Sphere","floor":42,"gold_loss":0}],"is_beta":false,"boss_relics":[{"not_picked":["Honey Jar","Runic Dome"],"picked":"Coffee Dripper"},{"not_picked":["ReplayTheSpireMod:DimensionalGlitch","Busted Crown"],"picked":"Replay:Grab Bag"},{"not_picked":["Sozu","Fusion Hammer"],"picked":"ChewingGum"},{"not_picked":["Cursed Key","Philosopher\u0027s Stone"],"picked":"SlaversCollar"},{"not_picked":["Tiny House","Pandora\u0027s Box"],"picked":"Empty Cage"}],"items_purged_floors":[2,22,31,45,46],"is_endless":false,"potions_floor_spawned":[7,10,14,16,18,23,30,38,41,44],"ascension_level":2}}