{"host":"1ekl8hlbnopmdapi","time":1611252091,"event":{"mods":["AchievementEnabler","BaseMod","Colored Map","Colored Powertips","DeckTracker","Googly Eyes","Highlight Path","Minty Spire (QoL Compilation)","Relic Sorter","StSLib","Synergy Search"],"gold_per_floor":[99,99,99,99,99,99,99,99,99,99,99,99,99,99,99,99,99,99,99,99,65,65,65,65,65,65,65,65,65,65,65,65,65,65],"floor_reached":33,"language":"ENG","playtime":974,"items_purged":[],"score":428,"play_id":"5173712a-40c1-49a5-adfe-93017b4c2b5e","local_time":"20210121130131","is_ascension_mode":true,"campfire_choices":[{"floor":7,"key":"REST"},{"floor":10,"key":"REST"},{"floor":15,"key":"REST"},{"floor":23,"key":"RECALL"},{"floor":27,"key":"REST"},{"floor":32,"key":"REST"}],"circlet_count":0,"master_deck":["Strike_G+1","Strike_G","Strike_G","Strike_G","Strike_G","Defend_G","Defend_G","Defend_G","Defend_G+1","Defend_G","Survivor","Neutralize","Cloak And Dagger","Injury","Sucker Punch","Sucker Punch","Noxious Fumes","After Image+1","Bane","Backstab","Corpse Explosion","Skewer","Sucker Punch","Footwork","Noxious Fumes","Dagger Throw+1","Calculated Gamble+1","Dodge and Roll","Distraction+1"],"relics":["Ectoplasm","Golden Idol","Tiny Chest","Blue Candle","Pear","Tiny House","Potion Belt","Vajra","Nunchaku","Kunai","Gremlin Horn"],"acts_visited":["Exordium","TheCity"],"potions_floor_usage":[12,16,18,22,24,30,31,33],"damage_taken":[{"damage":0,"enemies":"2 Louse","floor":1,"turns":3},{"damage":2,"enemies":"Jaw Worm","floor":3,"turns":5},{"damage":0,"enemies":"Small Slimes","floor":4,"turns":3},{"damage":2,"enemies":"Exordium Wildlife","floor":5,"turns":5},{"damage":41,"enemies":"Lagavulin","floor":6,"turns":11},{"damage":44,"enemies":"Gremlin Nob","floor":8,"turns":6},{"damage":2,"enemies":"3 Louse","floor":12,"turns":2},{"damage":0,"enemies":"Blue Slaver","floor":13,"turns":4},{"damage":18,"enemies":"The Guardian","floor":16,"turns":12},{"damage":5,"enemies":"Chosen","floor":18,"turns":4},{"damage":3,"enemies":"3 Byrds","floor":22,"turns":3},{"damage":19,"enemies":"Slavers","floor":24,"turns":4},{"damage":12,"enemies":"3 Cultists","floor":25,"turns":4},{"damage":22,"enemies":"Gremlin Leader","floor":29,"turns":7},{"damage":19,"enemies":"Snake Plant","floor":30,"turns":6},{"damage":6,"enemies":"Shelled Parasite and Fungi","floor":31,"turns":6},{"damage":49,"enemies":"Collector","floor":33,"turns":7}],"seed_played":"-3956848702452735781","potions_obtained":[{"floor":1,"key":"Energy Potion"},{"floor":4,"key":"Explosive Potion"},{"floor":5,"key":"LiquidBronze"},{"floor":12,"key":"PowerPotion"},{"floor":17,"key":"AttackPotion"},{"floor":19,"key":"Block Potion"},{"floor":29,"key":"Weak Potion"},{"floor":30,"key":"GhostInAJar"}],"is_trial":false,"path_per_floor":["M","?","M","M","M","E","R","E","T","R","T","M","M","?","R","B",null,"M","?","T","$","M","R","E","M","T","R","?","E","M","M","R","B"],"character_chosen":"THE_SILENT","items_purchased":["Footwork"],"campfire_rested":5,"item_purchase_floors":[21],"current_hp_per_floor":[70,70,68,68,66,25,46,2,2,23,33,31,31,15,39,21,70,65,65,65,65,62,62,43,31,31,56,56,34,15,9,34,0,0],"gold":65,"neow_bonus":"BOSS_RELIC","is_daily":false,"chose_seed":false,"campfire_upgraded":0,"win_rate":0.0,"timestamp":1611252091,"path_taken":["M","?","M","M","M","E","R","E","T","R","?","M","M","?","R","BOSS","M","?","?","?","M","R","E","M","T","R","?","E","M","?","R","BOSS"],"items_purchased_type":["Card"],"build_version":"2020-12-22","purchased_purges":0,"victory":false,"max_hp_per_floor":[70,70,70,70,70,70,70,70,70,70,80,80,80,80,80,80,85,85,85,85,85,85,85,85,85,85,85,85,85,85,85,85,85,85],"card_choices":[{"not_picked":["Caltrops","Sucker Punch"],"picked":"Cloak And Dagger","floor":1},{"not_picked":["Outmaneuver","Setup","Backflip"],"picked":"SKIP","floor":3},{"not_picked":["Tactician","Heel Hook"],"picked":"Sucker Punch","floor":4},{"not_picked":["Cloak And Dagger","Calculated Gamble"],"picked":"Sucker Punch","floor":5},{"not_picked":["Poisoned Stab","Blade Dance"],"picked":"Noxious Fumes","floor":6},{"not_picked":["Catalyst","Prepared"],"picked":"After Image","floor":8},{"not_picked":["Underhanded Strike","Deadly Poison"],"picked":"Bane","floor":12},{"not_picked":["Dodge and Roll","Sucker Punch"],"picked":"Backstab","floor":13},{"not_picked":["Adrenaline","Burst"],"picked":"Corpse Explosion","floor":16},{"not_picked":["Flechettes","Slice"],"picked":"Skewer","floor":17},{"not_picked":["Slice+1","Backflip"],"picked":"Sucker Punch","floor":18},{"not_picked":["Reflex","Calculated Gamble+1"],"picked":"Noxious Fumes","floor":22},{"not_picked":["Burst","Leg Sweep"],"picked":"Dagger Throw+1","floor":24},{"not_picked":["Blur+1","Eviscerate+1"],"picked":"Calculated Gamble+1","floor":25},{"not_picked":["Deflect","Masterful Stab","Endless Agony"],"picked":"SKIP","floor":29},{"not_picked":["Reflex","Accuracy+1"],"picked":"Dodge and Roll","floor":30},{"not_picked":["Dodge and Roll","Noxious Fumes"],"picked":"Distraction+1","floor":31}],"player_experience":476971,"relics_obtained":[{"floor":6,"key":"Tiny Chest"},{"floor":8,"key":"Blue Candle"},{"floor":11,"key":"Pear"},{"floor":20,"key":"Potion Belt"},{"floor":24,"key":"Vajra"},{"floor":26,"key":"Nunchaku"},{"floor":29,"key":"Gremlin Horn"}],"event_choices":[{"damage_healed":0,"gold_gain":0,"player_choice":"Take Wound","damage_taken":0,"relics_obtained":["Golden Idol"],"max_hp_gain":0,"max_hp_loss":0,"event_name":"Golden Idol","floor":2,"gold_loss":0,"cards_obtained":["Injury"]},{"damage_healed":0,"gold_gain":0,"player_choice":"Entered Light","damage_taken":16,"max_hp_gain":0,"max_hp_loss":0,"event_name":"Shining Light","floor":14,"gold_loss":0,"cards_upgraded":["After Image","Defend_G"]},{"damage_healed":0,"gold_gain":0,"player_choice":"Got Potions","damage_taken":0,"max_hp_gain":0,"max_hp_loss":0,"event_name":"Lab","floor":19,"gold_loss":0},{"damage_healed":0,"gold_gain":0,"player_choice":"Opened","damage_taken":0,"relics_obtained":["Kunai"],"max_hp_gain":0,"max_hp_loss":0,"event_name":"The Mausoleum","floor":28,"gold_loss":0}],"is_beta":false,"boss_relics":[{"not_picked":["Busted Crown","Velvet Choker"],"picked":"Tiny House"}],"items_purged_floors":[],"is_endless":false,"potions_floor_spawned":[1,4,5,12,29,30],"killed_by":"Collector","ascension_level":5}}