{"host":"i09pxcjttd31eh4q","time":1611247464,"event":{"mods":["AchievementEnabler","BaseMod","Colored Map","Keyboard Shortcuts","Minty Spire (QoL Compilation)","StSLib","SuperFastMode"],"gold_per_floor":[114,114,114,128,147,147,72,106,106,106,123,137,37,48,48,122,122,132,132,152,27,44,44,57,72,72,72,91,110,110,141,141,216,216,229,241,91,107,123,123,123],"floor_reached":40,"language":"KOR","playtime":1110,"items_purged":["Defend_P","Defend_P","Strike_P","Strike_P"],"score":928,"play_id":"4ba42284-31bf-44fc-82e9-0cbccd931dff","local_time":"20210122014424","is_ascension_mode":true,"campfire_choices":[{"data":"Eruption","floor":6.0,"key":"SMITH"},{"data":"FlyingSleeves","floor":10.0,"key":"SMITH"},{"data":"Wallop","floor":15.0,"key":"SMITH"},{"data":"Scrawl","floor":23.0,"key":"SMITH"},{"floor":27.0,"key":"REST"},{"floor":32.0,"key":"REST"}],"circlet_count":0,"master_deck":["AscendersBane","Strike_P","Strike_P","Defend_P","Defend_P","Eruption+1","Vigilance","FlyingSleeves+1","Sanctity+1","Wallop+1","Scrawl+1","Adaptation+1","FearNoEvil+1"],"relics":["PureWater","NeowsBlessing","Shuriken","Thread and Needle","Sozu","White Beast Statue","Anchor","VioletLotus"],"acts_visited":["Exordium","TheCity","TheBeyond"],"potions_floor_usage":[],"damage_taken":[{"damage":0.0,"enemies":"Small Slimes","floor":1.0,"turns":2.0},{"damage":0.0,"enemies":"2 Louse","floor":4.0,"turns":1.0},{"damage":0.0,"enemies":"Cultist","floor":5.0,"turns":1.0},{"damage":16.0,"enemies":"Gremlin Nob","floor":8.0,"turns":3.0},{"damage":6.0,"enemies":"Lots of Slimes","floor":11.0,"turns":5.0},{"damage":0.0,"enemies":"2 Fungi Beasts","floor":12.0,"turns":2.0},{"damage":1.0,"enemies":"3 Louse","floor":14.0,"turns":4.0},{"damage":1.0,"enemies":"The Guardian","floor":16.0,"turns":7.0},{"damage":8.0,"enemies":"2 Thieves","floor":18.0,"turns":3.0},{"damage":5.0,"enemies":"3 Byrds","floor":20.0,"turns":6.0},{"damage":11.0,"enemies":"Centurion and Healer","floor":22.0,"turns":5.0},{"damage":0.0,"enemies":"Sentry and Sphere","floor":24.0,"turns":3.0},{"damage":1.0,"enemies":"Snake Plant","floor":25.0,"turns":4.0},{"damage":10.0,"enemies":"3 Cultists","floor":28.0,"turns":4.0},{"damage":19.0,"enemies":"Centurion and Healer","floor":29.0,"turns":3.0},{"damage":3.0,"enemies":"Slavers","floor":31.0,"turns":4.0},{"damage":0,"enemies":"Automaton","floor":33,"turns":4},{"damage":0,"enemies":"3 Shapes","floor":35,"turns":3},{"damage":5,"enemies":"3 Darklings","floor":36,"turns":4},{"damage":0,"enemies":"Transient","floor":38,"turns":6},{"damage":2,"enemies":"Spire Growth","floor":39,"turns":4},{"damage":52,"enemies":"Giant Head","floor":40,"turns":5}],"seed_played":"4748750590174931921","potions_obtained":[{"floor":1.0,"key":"Swift Potion"},{"floor":8.0,"key":"Weak Potion"},{"floor":14.0,"key":"FearPotion"},{"floor":16.0,"key":"Ancient Potion"}],"is_trial":false,"path_per_floor":["M","?","?","M","M","R","$","E","T","R","M","M","$","M","R","B",null,"M","?","M","$","M","R","M","M","T","R","M","M","?","E","R","B",null,"M","M","$","M","M","E"],"character_chosen":"WATCHER","items_purchased":[],"campfire_rested":2,"item_purchase_floors":[],"current_hp_per_floor":[61,66,66,66,66,66,66,50,50,50,44,44,44,43,43,42,65,57,36,31,31,20,20,20,19,19,42,32,13,13,10,33,33,67,67,62,62,62,60,8,8],"gold":123,"neow_bonus":"THREE_ENEMY_KILL","is_daily":false,"chose_seed":false,"campfire_upgraded":4,"win_rate":0.0,"timestamp":1611247464,"path_taken":["M","?","?","?","M","R","$","E","T","R","M","M","?","M","R","BOSS","M","?","M","$","M","R","M","M","T","R","M","M","?","E","R","BOSS","M","M","$","M","M","E"],"items_purchased_type":[],"build_version":"2020-12-22","purchased_purges":4,"victory":false,"max_hp_per_floor":[68,73,73,73,73,73,73,73,73,73,73,73,73,73,73,73,73,73,78,78,78,78,78,78,78,78,78,78,78,78,78,78,78,78,78,78,78,78,78,78,78],"card_choices":[{"not_picked":["TalkToTheHand","Protect","ThirdEye"],"picked":"SKIP","floor":1.0},{"not_picked":["ThirdEye","TalkToTheHand","Evaluate"],"picked":"SKIP","floor":4.0},{"not_picked":["Vengeance","Crescendo"],"picked":"FlyingSleeves","floor":5.0},{"not_picked":["EmptyBody","SashWhip","CarveReality"],"picked":"SKIP","floor":8.0},{"not_picked":["ThirdEye","Swivel","FlyingSleeves"],"picked":"SKIP","floor":11.0},{"not_picked":["Evaluate","Fasting2"],"picked":"Sanctity","floor":12.0},{"not_picked":["Perseverance","InnerPeace"],"picked":"Wallop","floor":14.0},{"not_picked":["DeusExMachina","Alpha"],"picked":"Scrawl","floor":16.0},{"not_picked":["JustLucky","CarveReality","PathToVictory"],"picked":"SKIP","floor":18.0},{"not_picked":["ClearTheMind","WreathOfFlame+1","FollowUp"],"picked":"SKIP","floor":20.0},{"not_picked":["ClearTheMind","BowlingBash+1","CutThroughFate+1"],"picked":"SKIP","floor":22.0},{"not_picked":["CarveReality","ClearTheMind","ThirdEye+1"],"picked":"SKIP","floor":24.0},{"not_picked":["WaveOfTheHand","FollowUp"],"picked":"Adaptation+1","floor":25.0},{"not_picked":["EmptyBody","Worship","SandsOfTime"],"picked":"SKIP","floor":28.0},{"not_picked":["EmptyBody","TalkToTheHand"],"picked":"FearNoEvil+1","floor":29.0},{"not_picked":["EmptyBody","FlurryOfBlows","ThirdEye"],"picked":"SKIP","floor":31.0},{"not_picked":["Collect","Evaluate","Crescendo+1"],"picked":"SKIP","floor":35},{"not_picked":["FlurryOfBlows","EmptyBody+1","Perseverance"],"picked":"SKIP","floor":36},{"not_picked":["Conclude","Worship+1","Evaluate"],"picked":"SKIP","floor":38},{"not_picked":["CutThroughFate+1","Pray","Halt"],"picked":"SKIP","floor":39}],"player_experience":873297,"relics_obtained":[{"floor":8.0,"key":"Thread and Needle"},{"floor":26.0,"key":"White Beast Statue"},{"floor":31.0,"key":"Anchor"}],"event_choices":[{"damage_healed":0.0,"max_hp_gain":5.0,"max_hp_loss":0.0,"gold_gain":0.0,"event_name":"Big Fish","player_choice":"Donut","floor":2.0,"gold_loss":0.0,"damage_taken":0.0},{"damage_healed":0.0,"max_hp_gain":0.0,"max_hp_loss":0.0,"gold_gain":0.0,"event_name":"WeMeetAgain","player_choice":"Gave Potion","floor":3.0,"gold_loss":0.0,"damage_taken":0.0,"relics_obtained":["Shuriken"]},{"damage_healed":0.0,"max_hp_gain":5.0,"max_hp_loss":0.0,"gold_gain":0.0,"event_name":"Forgotten Altar","player_choice":"Shed Blood","floor":19.0,"gold_loss":0.0,"damage_taken":26.0},{"damage_healed":0.0,"max_hp_gain":0.0,"max_hp_loss":0.0,"gold_gain":0.0,"event_name":"Accursed Blacksmith","player_choice":"Forge","floor":30.0,"gold_loss":0.0,"damage_taken":0.0,"cards_upgraded":["Sanctity"]}],"is_beta":false,"boss_relics":[{"not_picked":["Ectoplasm","Runic Dome"],"picked":"Sozu"},{"not_picked":["SlaversCollar","Pandora\u0027s Box"],"picked":"VioletLotus"}],"items_purged_floors":[7,13,21,37],"is_endless":false,"potions_floor_spawned":[1,8,14,16,20,25,28,29,31,33,35,36,38,39],"killed_by":"Giant Head","ascension_level":20}}