{"host":"y1oqg7uy0jc6f5mb","time":1611265145,"event":{"mods":["BaseMod","Better Altar","Better Match","Better Note","Better Sensory Stone","Better Skull","Better Third Choice","BetterRewards","Block Reminder","Colored Map","Colored Powertips","Custom Start","DeckTracker","Displayed Cursed Tome","Highlight Path","Ironclad Rager","Minty Spire (QoL Compilation)","Permanent Neow","Quick Restart","Relic Sorter","Relic Stats","Shop Mod","StSLib"],"gold_per_floor":[13,23,23,36,56,56,82,110,410,429,429,44,44,9,9,109,109,123,123,5,25,25,25,57,70,152,152,204,38,68,88,88,193,193,210,220,231,247,247,247,262,262,262,281,281,281,281],"floor_reached":46,"language":"ENG","playtime":3218,"items_purged":["Decay"],"score":644,"play_id":"752750eb-c364-498c-99c4-dac66618896c","local_time":"20210122053905","is_ascension_mode":true,"campfire_choices":[{"data":"Pommel Strike","floor":6.0,"key":"SMITH"},{"data":"Juggernaut","floor":11.0,"key":"SMITH"},{"data":"Apotheosis","floor":13.0,"key":"SMITH"},{"data":"Rage","floor":15.0,"key":"SMITH"},{"data":"Pommel Strike","floor":23.0,"key":"SMITH"},{"data":"Body Slam","floor":27.0,"key":"SMITH"},{"data":"Double Tap","floor":32.0,"key":"SMITH"},{"data":"Disarm","floor":40,"key":"SMITH"},{"data":"Rage","floor":42,"key":"SMITH"}],"circlet_count":0,"master_deck":["Bash","Twin Strike","Twin Strike","Twin Strike","Twin Strike","Iron Wave","Iron Wave","Iron Wave","Iron Wave","Pommel Strike+1","Juggernaut+1","Rage+1","Iron Wave","Apotheosis+1","Fire Breathing","Impervious","Rage+1","Headbutt","Pommel Strike+1","Double Tap+1","Body Slam+1","Body Slam+1","Rage","Spot Weakness+1","Fire Breathing+1","Entrench+1","Shrug It Off","Disarm+1","Reckless Charge","Iron Wave+1","Iron Wave","Writhe","Headbutt+1","Sword Boomerang"],"relics":["Burning Blood","Eternal Feather","Odd Mushroom","Old Coin","Mark of Pain","Prayer Wheel","Bottled Tornado","PreservedInsect","Frozen Egg 2","SlaversCollar","Pear"],"acts_visited":["Exordium","TheCity","TheBeyond"],"potions_floor_usage":[38,46],"damage_taken":[{"damage":0.0,"enemies":"Cultist","floor":1.0,"turns":3.0},{"damage":8.0,"enemies":"2 Louse","floor":2.0,"turns":3.0},{"damage":12.0,"enemies":"Small Slimes","floor":4.0,"turns":3.0},{"damage":4.0,"enemies":"2 Fungi Beasts","floor":5.0,"turns":3.0},{"damage":6.0,"enemies":"Gremlin Nob","floor":7.0,"turns":4.0},{"damage":2.0,"enemies":"The Mushroom Lair","floor":8.0,"turns":4.0},{"damage":16.0,"enemies":"Gremlin Gang","floor":10.0,"turns":5.0},{"damage":28.0,"enemies":"Hexaghost","floor":16.0,"turns":7.0},{"damage":0.0,"enemies":"Spheric Guardian","floor":18.0,"turns":3.0},{"damage":7.0,"enemies":"3 Byrds","floor":21.0,"turns":4.0},{"damage":19.0,"enemies":"Gremlin Leader","floor":24.0,"turns":6.0},{"damage":11.0,"enemies":"Shelled Parasite and Fungi","floor":25.0,"turns":4.0},{"damage":4.0,"enemies":"Book of Stabbing","floor":30.0,"turns":3.0},{"damage":15.0,"enemies":"Snake Plant","floor":31.0,"turns":3.0},{"damage":50.0,"enemies":"Automaton","floor":33.0,"turns":7.0},{"damage":31.0,"enemies":"3 Shapes","floor":35.0,"turns":4.0},{"damage":12.0,"enemies":"Orb Walker","floor":36.0,"turns":3.0},{"damage":19.0,"enemies":"3 Darklings","floor":37.0,"turns":5.0},{"damage":20,"enemies":"Writhing Mass","floor":38,"turns":5},{"damage":63,"enemies":"Jaw Worm Horde","floor":41,"turns":5},{"damage":33,"enemies":"3 Darklings","floor":44,"turns":4},{"damage":45,"enemies":"Transient","floor":46,"turns":4}],"seed_played":"-8966806382644495895","potions_obtained":[{"floor":4.0,"key":"Strength Potion"},{"floor":7.0,"key":"SneckoOil"},{"floor":16.0,"key":"Energy Potion"},{"floor":21.0,"key":"Strength Potion"},{"floor":31.0,"key":"Weak Potion"},{"floor":33.0,"key":"PowerPotion"},{"floor":37.0,"key":"Block Potion"},{"floor":41,"key":"LiquidMemories"}],"is_trial":false,"path_per_floor":["M","M","$","M","M","R","E","?","T","M","R","$","R","?","R","B",null,"M","?","$","M","?","R","E","M","T","R","T","$","E","M","R","B",null,"M","M","M","M","?","R","M","R","T","M","?","M"],"character_chosen":"IRONCLAD","items_purchased":["Iron Wave","Apotheosis","Fire Breathing","Rage","Headbutt","Body Slam","Rage","EssenceOfSteel"],"campfire_rested":0,"item_purchase_floors":[12,12,12,20,20,29,29,29],"current_hp_per_floor":[57,55,55,49,51,51,51,55,55,45,51,51,60,72,72,50,67,72,72,72,71,71,72,59,54,54,66,66,66,68,59,72,28,61,36,30,17,38,56,72,40,58,68,41,41,0,0],"gold":281,"neow_bonus":"IRONCLAD_BERSERKER","is_daily":false,"chose_seed":false,"campfire_upgraded":9,"win_rate":0.0,"timestamp":1611265145,"path_taken":["M","M","?","M","M","R","E","?","T","M","R","$","R","?","R","BOSS","M","?","$","M","?","R","E","?","T","R","?","?","E","?","R","BOSS","M","M","M","?","?","R","M","R","T","M","?","M"],"items_purchased_type":["Card","Card","Card","Card","Card","Card","Card","Potion"],"build_version":"2020-12-22","purchased_purges":1,"victory":false,"max_hp_per_floor":[72,72,72,72,72,72,72,72,72,72,72,72,72,72,72,72,72,72,72,72,72,72,72,72,72,72,72,72,72,72,72,72,72,72,72,72,72,72,72,72,72,72,82,82,82,82,82],"relic_stats":{"counters":[22,92],"Eternal Feather":75,"Prayer Wheel":8,"PreservedInsect":43,"obtain_stats":[{"SlaversCollar":34,"Pear":43,"Eternal Feather":7,"Prayer Wheel":24,"Mark of Pain":17,"PreservedInsect":28,"Odd Mushroom":8,"Bottled Tornado":26,"Frozen Egg 2":30,"Burning Blood":0,"Old Coin":9},{"SlaversCollar":15,"Pear":20,"Eternal Feather":5,"Prayer Wheel":11,"Mark of Pain":8,"PreservedInsect":12,"Odd Mushroom":6,"Bottled Tornado":12,"Frozen Egg 2":13,"Burning Blood":0,"Old Coin":6},{"SlaversCollar":62,"Pear":84,"Eternal Feather":16,"Prayer Wheel":45,"Mark of Pain":32,"PreservedInsect":49,"Odd Mushroom":20,"Bottled Tornado":49,"Frozen Egg 2":52,"Burning Blood":0,"Old Coin":20}],"Burning Blood":125},"card_choices":[{"not_picked":["Clothesline","Heavy Blade"],"picked":"Pommel Strike","floor":1.0},{"not_picked":["Anger","Havoc","Twin Strike"],"picked":"SKIP","floor":2.0},{"not_picked":["Shrug It Off","Flex"],"picked":"Juggernaut","floor":4.0},{"not_picked":["Thunderclap","Anger","Sentinel"],"picked":"SKIP","floor":5.0},{"not_picked":["Clash","Havoc","Wild Strike"],"picked":"SKIP","floor":7.0},{"not_picked":["Headbutt","ICR:Frenzy"],"picked":"Rage","floor":10.0},{"not_picked":["Bludgeon","Limit Break"],"picked":"Impervious","floor":16.0},{"not_picked":["Iron Wave","Evolve","Dark Embrace"],"picked":"SKIP","floor":18.0},{"not_picked":["Wild Strike+1","Thunderclap"],"picked":"Pommel Strike","floor":21.0},{"not_picked":["Anger+1","Flex+1"],"picked":"Double Tap","floor":24.0},{"not_picked":["Iron Wave+1","Heavy Blade+1"],"picked":"Body Slam","floor":25.0},{"not_picked":["ICR:Frenzy","Cleave+1"],"picked":"Metallicize","floor":25.0},{"not_picked":["Thunderclap","Clothesline"],"picked":"Spot Weakness+1","floor":30.0},{"not_picked":["Entrench","True Grit","Armaments"],"picked":"SKIP","floor":31.0},{"not_picked":["Metallicize+1","Havoc+1","Clash+1"],"picked":"SKIP","floor":31.0},{"not_picked":["Entrench","True Grit","Armaments"],"picked":"SKIP","floor":31.0},{"not_picked":["Metallicize+1","Havoc+1","Clash+1"],"picked":"SKIP","floor":31.0},{"not_picked":["Feel No Pain+1","Havoc"],"picked":"Fire Breathing+1","floor":35.0},{"not_picked":["Wild Strike","Second Wind"],"picked":"Anger+1","floor":35.0},{"not_picked":["True Grit+1","Dropkick"],"picked":"Entrench+1","floor":36.0},{"not_picked":["Iron Wave+1","Shrug It Off"],"picked":"True Grit+1","floor":36.0},{"not_picked":["Wild Strike","Sever Soul+1"],"picked":"Disarm","floor":37.0},{"not_picked":["Blood for Blood","Clash+1"],"picked":"Reckless Charge","floor":37.0},{"not_picked":["Clothesline+1","Intimidate"],"picked":"Iron Wave+1","floor":38},{"not_picked":["Clash","Perfected Strike+1"],"picked":"Iron Wave","floor":38},{"not_picked":["Flex","Anger+1"],"picked":"Headbutt+1","floor":41},{"not_picked":["Flex","Seeing Red+1","Power Through+1"],"picked":"SKIP","floor":41},{"not_picked":["Flex","Seeing Red+1","Power Through+1"],"picked":"SKIP","floor":41},{"not_picked":["Combust+1","True Grit"],"picked":"Sword Boomerang","floor":44},{"not_picked":["Heavy Blade","Evolve+1","Twin Strike+1"],"picked":"SKIP","floor":44}],"player_experience":126155,"relics_obtained":[{"floor":7.0,"key":"Eternal Feather"},{"floor":8.0,"key":"Odd Mushroom"},{"floor":9.0,"key":"Old Coin"},{"floor":24.0,"key":"Prayer Wheel"},{"floor":26.0,"key":"Bottled Tornado"},{"floor":28.0,"key":"PreservedInsect"},{"floor":30.0,"key":"Frozen Egg 2"},{"floor":43,"key":"Pear"}],"event_choices":[{"damage_healed":0.0,"max_hp_gain":0.0,"max_hp_loss":0.0,"gold_gain":0.0,"event_name":"Mushrooms","player_choice":"Fought Mushrooms","floor":8.0,"gold_loss":0.0,"damage_taken":0.0},{"damage_healed":18.0,"max_hp_gain":0.0,"max_hp_loss":0.0,"gold_gain":0.0,"event_name":"The Cleric","player_choice":"Healed","floor":14.0,"gold_loss":35.0,"damage_taken":0.0},{"damage_healed":0.0,"max_hp_gain":0.0,"max_hp_loss":0.0,"gold_gain":0.0,"event_name":"Vampires","player_choice":"Ignored","floor":19.0,"gold_loss":0.0,"damage_taken":0.0},{"cards_removed":["Twin Strike"],"damage_healed":0.0,"max_hp_gain":0.0,"max_hp_loss":0.0,"gold_gain":0.0,"event_name":"Wheel of Change","player_choice":"Card Removal","floor":22.0,"gold_loss":0.0,"damage_taken":0.0},{"damage_healed":18,"gold_gain":0,"player_choice":"Writhe","damage_taken":0,"max_hp_gain":0,"max_hp_loss":0,"event_name":"Winding Halls","floor":39,"gold_loss":0,"cards_obtained":["Writhe"]},{"damage_healed":0,"gold_gain":0,"player_choice":"Forge","damage_taken":0,"max_hp_gain":0,"max_hp_loss":0,"event_name":"Accursed Blacksmith","floor":45,"gold_loss":0,"cards_upgraded":["Body Slam"]}],"is_beta":false,"boss_relics":[{"not_picked":["Ectoplasm","Astrolabe"],"picked":"Mark of Pain"},{"not_picked":["Cursed Key","Black Blood"],"picked":"SlaversCollar"}],"items_purged_floors":[12],"is_endless":false,"potions_floor_spawned":[4,7,16,21,31,33,37,41],"killed_by":"Transient","ascension_level":8}}