{"host":"och2iitg9ibgz06n","time":1611265910,"event":{"mods":["Abigail Mod","AchievementEnabler","Aspiration","BaseMod","Colored Powertips","Dio Mod","Hubris","Hyrulean Relics","Infinite Spire","Minty Spire (QoL Compilation)","Replay The Spire","Small Relic Pack","StSLib","The Animator","The Bug Knight","The Hierophant","The Jungle","The Saiyan","TheHero","Wandering Minibosses","everything is the same but u backflip on backflip","slay the spire mod where everything is the same but ironclad has a cowboy hat","vexMod"],"gold_per_floor":[109,109,124,124,135,160,160,173,173,173,203,46,65,30,30,30,30],"floor_reached":16,"language":"ENG","playtime":482,"items_purged":[],"score":160,"play_id":"ed430f31-64e2-42ef-804a-4c29543221b0","local_time":"20210121155150","is_ascension_mode":true,"campfire_choices":[{"floor":7,"key":"REST"},{"data":"Searing Blow","floor":10,"key":"SMITH"},{"data":"Infernal Blade","floor":15,"key":"SMITH"}],"circlet_count":0,"master_deck":["Strike_R","Strike_R","Strike_R","Strike_R","Strike_R","Defend_R","Defend_R","Defend_R","Bash","Searing Blow+1","Shockwave","Thunderclap","Metallicize","Twin Strike","Infernal Blade+1","Dropkick"],"relics":["Burning Blood","relicPack:OneForAll","Magic Flower","aspiration:HiddenCompartment","King of Hearts"],"acts_visited":["Exordium"],"potions_floor_usage":[16,16,16],"damage_taken":[{"damage":4,"enemies":"Small Slimes","floor":1,"turns":4},{"damage":12,"enemies":"Jaw Worm","floor":3,"turns":3},{"damage":6,"enemies":"Cultist","floor":5,"turns":3},{"damage":47,"enemies":"Lagavulin","floor":6,"turns":8},{"damage":0,"enemies":"Large Slime","floor":8,"turns":5},{"damage":18,"enemies":"Gremlin Nob","floor":11,"turns":4},{"damage":27,"enemies":"Blue Slaver","floor":13,"turns":5},{"damage":66,"enemies":"Hexaghost","floor":16,"turns":9}],"seed_played":"4327948896028500902","potions_obtained":[{"floor":6,"key":"EssenceOfSteel"},{"floor":8,"key":"Cursed Concoction"},{"floor":11,"key":"GamblersBrew"}],"is_trial":false,"path_per_floor":["M","?","M","?","M","E","R","M","T","R","E","$","M","?","R","B"],"character_chosen":"IRONCLAD","items_purchased":["King of Hearts"],"campfire_rested":1,"item_purchase_floors":[12],"current_hp_per_floor":[82,82,76,76,76,35,61,70,70,70,61,61,43,65,65,0,0],"gold":30,"neow_bonus":"TEN_PERCENT_HP_BONUS","is_daily":false,"chose_seed":false,"campfire_upgraded":2,"win_rate":0.0,"timestamp":1611265910,"path_taken":["M","?","M","?","M","E","R","M","T","R","E","$","?","?","R","BOSS"],"items_purchased_type":["Relic"],"build_version":"2020-12-22","purchased_purges":0,"victory":false,"max_hp_per_floor":[88,88,88,88,88,88,88,88,88,88,88,88,88,88,88,88,88],"card_choices":[{"not_picked":["Replay:Undeath\u0027s Touch","Bloodletting"],"picked":"Searing Blow","floor":1},{"not_picked":["Entrench","Carnage"],"picked":"Shockwave","floor":3},{"not_picked":["Heavy Blade","Clash"],"picked":"Thunderclap","floor":5},{"not_picked":["Thunderclap","Wild Strike"],"picked":"Metallicize","floor":6},{"not_picked":["Havoc","Perfected Strike"],"picked":"Twin Strike","floor":8},{"not_picked":["Offering","True Grit"],"picked":"Infernal Blade","floor":11},{"not_picked":["Infernal Blade","Run Through"],"picked":"Dropkick","floor":13}],"player_experience":441815,"relics_obtained":[{"floor":6,"key":"Magic Flower"},{"floor":11,"key":"aspiration:HiddenCompartment"}],"event_choices":[{"cards_removed":["Defend_R"],"damage_healed":0,"gold_gain":0,"player_choice":"Purged","damage_taken":0,"max_hp_gain":0,"max_hp_loss":0,"event_name":"Purifier","floor":4,"gold_loss":0},{"damage_healed":22,"gold_gain":0,"player_choice":"Healed","damage_taken":0,"max_hp_gain":0,"max_hp_loss":0,"event_name":"The Cleric","floor":14,"gold_loss":35}],"is_beta":false,"boss_relics":[],"items_purged_floors":[],"is_endless":false,"potions_floor_spawned":[6,8,11],"killed_by":"Hexaghost","ascension_level":9}}