{"host":"om7owl42mqyth0gn","time":1611188953,"event":{"mods":["2.2 Compatiblity","AchievementEnabler","BaseMod","Best Route Mod","Better Note","Better Sensory Stone","Better Third Choice","Block Reminder","Colored Map","Colored Powertips","Dark Map","DeckTracker","Displayed Cursed Tome","Highlight Path","Minty Spire (QoL Compilation)","Quick Restart","Rare Cards Sparkle","Spicy Shops","Spire Birthday Party","StSLib","UnlockEverythingMod"],"gold_per_floor":[119,129,143,161,161,161,185,185,185,32,89,89,108,136,136,236,236,254,254,244,263,5,5,33,133,133,153,50,50,50,66,66,171,171,183,196,1195,1195,1195,1195,596,596,596],"floor_reached":42,"language":"ENG","playtime":4526,"items_purged":["Normality"],"score":441,"play_id":"6c9e4f95-c62d-4f86-9b72-7c62964faeed","local_time":"20210121002913","is_ascension_mode":false,"campfire_choices":[{"floor":6,"key":"REST"},{"data":"Eruption","floor":8,"key":"SMITH"},{"data":"Alpha","floor":15,"key":"SMITH"},{"data":"Crescendo","floor":23,"key":"SMITH"},{"floor":30,"key":"REST"},{"floor":32,"key":"REST"},{"floor":40,"key":"REST"}],"circlet_count":0,"master_deck":["Strike_P","Strike_P","Strike_P","Strike_P","Defend_P","Defend_P","Defend_P","Defend_P","Eruption+1","Vigilance","Brilliance","InnerPeace","EmptyBody","BattleHymn","FlurryOfBlows","Alpha+1","Crescendo+1","EmptyBody","Consecrate","Protect+1","FearNoEvil+1","ReachHeaven","EmptyFist","DevaForm","ClearTheMind+1","Normality","Worship"],"relics":["HolyWater","Odd Mushroom","Ancient Tea Set","Pen Nib","Yang","Runic Pyramid","Gremlin Horn","Bronze Scales","Bottled Lightning","Damaru","Lee\u0027s Waffle","TheAbacus"],"acts_visited":["Exordium","TheCity","TheBeyond"],"potions_floor_usage":[7,14,16,20,24,24,29],"damage_taken":[{"damage":0,"enemies":"Cultist","floor":1,"turns":2},{"damage":0,"enemies":"2 Louse","floor":2,"turns":2},{"damage":6,"enemies":"Jaw Worm","floor":3,"turns":3},{"damage":8,"enemies":"Large Slime","floor":4,"turns":6},{"damage":0,"enemies":"The Mushroom Lair","floor":7,"turns":3},{"damage":0,"enemies":"2 Fungi Beasts","floor":13,"turns":2},{"damage":13,"enemies":"3 Sentries","floor":14,"turns":6},{"damage":38,"enemies":"The Guardian","floor":16,"turns":6},{"damage":0,"enemies":"Chosen","floor":18,"turns":4},{"damage":4,"enemies":"2 Thieves","floor":20,"turns":4},{"damage":5,"enemies":"Snecko","floor":21,"turns":5},{"damage":8,"enemies":"Slavers","floor":24,"turns":4},{"damage":17,"enemies":"Centurion and Healer","floor":27,"turns":5},{"damage":0,"enemies":"Snake Plant","floor":29,"turns":1},{"damage":1,"enemies":"Chosen and Byrds","floor":31,"turns":4},{"damage":16,"enemies":"Collector","floor":33,"turns":8},{"damage":48,"enemies":"3 Darklings","floor":35,"turns":5},{"damage":20,"enemies":"3 Shapes","floor":36,"turns":4},{"damage":90,"enemies":"Spire Growth","floor":42,"turns":5}],"seed_played":"-889622789778022213","potions_obtained":[{"floor":2,"key":"Fire Potion"},{"floor":4,"key":"DistilledChaos"},{"floor":13,"key":"Regen Potion"},{"floor":14,"key":"Block Potion"},{"floor":16,"key":"ColorlessPotion"},{"floor":21,"key":"ColorlessPotion"},{"floor":24,"key":"SmokeBomb"},{"floor":35,"key":"Ancient Potion"},{"floor":39,"key":"AttackPotion"},{"floor":39,"key":"Block Potion"},{"floor":39,"key":"Energy Potion"}],"is_trial":false,"path_per_floor":["M","M","M","M","?","R","?","R","T","$","?","?","M","E","R","B",null,"M","?","M","M","$","R","E","?","T","M","$","M","R","M","R","B",null,"M","M","?","?","?","R","$","M"],"character_chosen":"WATCHER","items_purchased":["Pen Nib","Gremlin Horn","ReachHeaven","Damaru","Worship","Lee\u0027s Waffle","TheAbacus"],"campfire_rested":4,"item_purchase_floors":[10,22,28,41,41,41,41],"current_hp_per_floor":[72,72,66,58,58,72,72,72,72,72,72,77,77,69,69,31,77,77,77,73,68,68,68,60,60,60,43,43,43,66,65,77,61,77,29,9,9,9,9,32,84,0,0],"gold":596,"neow_bonus":"ONE_RANDOM_RARE_CARD","is_daily":false,"chose_seed":false,"campfire_upgraded":3,"win_rate":0.0,"timestamp":1611188953,"path_taken":["M","?","M","M","?","R","?","R","T","$","?","?","M","E","R","BOSS","M","?","?","M","$","R","E","?","T","M","$","M","R","M","R","BOSS","M","?","?","?","?","R","$","?"],"items_purchased_type":["Relic","Relic","Card","Relic","Card","Relic","Relic"],"build_version":"2020-12-22","purchased_purges":1,"victory":false,"max_hp_per_floor":[72,72,72,72,72,72,72,72,72,72,72,77,77,77,77,77,77,77,77,77,77,77,77,77,77,77,77,77,77,77,77,77,77,77,77,77,77,77,77,77,84,84,84],"card_choices":[{"not_picked":["FollowUp","Fasting2"],"picked":"InnerPeace","floor":1},{"not_picked":["WreathOfFlame","FlurryOfBlows"],"picked":"EmptyBody","floor":2},{"not_picked":["WheelKick","CarveReality"],"picked":"BattleHymn","floor":3},{"not_picked":["FlyingSleeves","PathToVictory","Swivel"],"picked":"SKIP","floor":4},{"not_picked":["JustLucky","Study"],"picked":"FlurryOfBlows","floor":7},{"not_picked":["Weave","Swivel","Halt"],"picked":"SKIP","floor":13},{"not_picked":["CarveReality","FlyingSleeves"],"picked":"Alpha","floor":14},{"not_picked":["CutThroughFate","JustLucky"],"picked":"Crescendo","floor":18},{"not_picked":["Evaluate","Vengeance"],"picked":"Consecrate","floor":20},{"not_picked":["Conclude","TalkToTheHand","WindmillStrike+1"],"picked":"SKIP","floor":21},{"not_picked":["Swivel","WreathOfFlame"],"picked":"Protect+1","floor":24},{"not_picked":["CutThroughFate","Protect"],"picked":"FearNoEvil+1","floor":27},{"not_picked":["Wallop","Conclude"],"picked":"EmptyFist","floor":31},{"not_picked":["Scrawl","Brilliance"],"picked":"DevaForm","floor":33},{"not_picked":["Protect+1","Crescendo+1","CutThroughFate"],"picked":"SKIP","floor":35},{"not_picked":["BowlingBash","CrushJoints+1"],"picked":"ClearTheMind+1","floor":36}],"player_experience":14414,"relics_obtained":[{"floor":7,"key":"Odd Mushroom"},{"floor":9,"key":"Ancient Tea Set"},{"floor":14,"key":"Yang"},{"floor":24,"key":"Bronze Scales"},{"floor":26,"key":"Bottled Lightning"}],"event_choices":[{"damage_healed":0,"gold_gain":0,"player_choice":"Ignored","damage_taken":161,"max_hp_gain":0,"max_hp_loss":0,"event_name":"betterThird:BetterSerpent","floor":5,"gold_loss":0},{"damage_healed":0,"gold_gain":0,"player_choice":"Fought Mushrooms","damage_taken":0,"max_hp_gain":0,"max_hp_loss":0,"event_name":"Mushrooms","floor":7,"gold_loss":0},{"damage_healed":0,"gold_gain":57,"player_choice":"Gained Gold","damage_taken":0,"max_hp_gain":0,"max_hp_loss":0,"event_name":"Golden Wing","floor":11,"gold_loss":0},{"damage_healed":0,"gold_gain":0,"player_choice":"Donut","damage_taken":0,"max_hp_gain":5,"max_hp_loss":0,"event_name":"Big Fish","floor":12,"gold_loss":0},{"damage_healed":0,"gold_gain":0,"player_choice":"Copied","damage_taken":0,"max_hp_gain":0,"max_hp_loss":0,"event_name":"Duplicator","floor":19,"gold_loss":0,"cards_obtained":["EmptyBody"]},{"damage_healed":0,"gold_gain":100,"player_choice":"Pray","damage_taken":0,"max_hp_gain":0,"max_hp_loss":0,"event_name":"Golden Shrine","floor":25,"gold_loss":0},{"damage_healed":0,"gold_gain":999,"player_choice":"Gold","damage_taken":0,"max_hp_gain":0,"max_hp_loss":0,"event_name":"MindBloom","floor":37,"gold_loss":0,"cards_obtained":["Normality","Normality"]},{"damage_healed":0,"gold_gain":0,"player_choice":"Ignored","damage_taken":0,"max_hp_gain":0,"max_hp_loss":0,"event_name":"Mysterious Sphere","floor":38,"gold_loss":0},{"damage_healed":0,"gold_gain":0,"player_choice":"Got Potions","damage_taken":0,"max_hp_gain":0,"max_hp_loss":0,"event_name":"Lab","floor":39,"gold_loss":0}],"is_beta":false,"boss_relics":[{"not_picked":["Calling Bell","Tiny House"],"picked":"Runic Pyramid"},{"not_picked":["Fusion Hammer","Empty Cage"],"picked":"HolyWater"}],"items_purged_floors":[41],"is_endless":false,"potions_floor_spawned":[2,4,13,14,16,21,24,29,35],"killed_by":"Spire Growth","ascension_level":0}}