{"host":"7gewg82ormp6yt4e","time":1611237753,"event":{"mods":["BaseMod","Block Reminder","Colored Map","Colored Powertips","DeckTracker","Highlight Path","Minty Spire (QoL Compilation)","Relic Stats","StSLib","ojb\u0027s Info Mod"],"gold_per_floor":[368,51,51,51,201,201,219,219,219,219,15,15,43,61,61,138,138,155,169,11,11,31,31,31],"floor_reached":23,"language":"JPN","playtime":1018,"items_purged":["Shame","Doubt"],"score":474,"play_id":"a0976f48-78bd-402e-9575-46de4a3b78ae","local_time":"20210121230233","is_ascension_mode":true,"campfire_choices":[{"floor":6,"key":"REST"},{"data":"Zap","floor":8,"key":"SMITH"},{"data":"Dualcast","floor":10,"key":"SMITH"},{"data":"Defragment","floor":12,"key":"SMITH"},{"data":"Streamline","floor":15,"key":"SMITH"}],"circlet_count":0,"master_deck":["AscendersBane","Zap+1","Dualcast+1","Cold Snap","Rip and Tear+1","Cold Snap","Defragment+1","Coolheaded","Glacier","Streamline+1","Creative AI","Thunder Strike","Buffer","Heatsinks","Turbo","Scrape","Capacitor","Tempest","Leap","Steam+1","Capacitor","FTL"],"relics":["Cracked Core","Centennial Puzzle","Mercury Hourglass","Vajra","Pandora\u0027s Box","OrangePellets"],"acts_visited":["Exordium","TheCity"],"potions_floor_usage":[16,23],"damage_taken":[{"damage":9,"enemies":"Small Slimes","floor":1,"turns":3},{"damage":2,"enemies":"Jaw Worm","floor":7,"turns":3},{"damage":8,"enemies":"Lagavulin","floor":13,"turns":6},{"damage":0,"enemies":"2 Louse","floor":14,"turns":2},{"damage":0,"enemies":"Slime Boss","floor":16,"turns":5},{"damage":8,"enemies":"Shell Parasite","floor":18,"turns":5},{"damage":3,"enemies":"Spheric Guardian","floor":19,"turns":4},{"damage":18,"enemies":"Cultist and Chosen","floor":22,"turns":5},{"damage":59,"enemies":"Book of Stabbing","floor":23,"turns":7}],"seed_played":"2561499178258964952","potions_obtained":[{"floor":1,"key":"Swift Potion"},{"floor":14,"key":"Swift Potion"},{"floor":19,"key":"FairyPotion"}],"is_trial":false,"path_per_floor":["M","$","?","?","?","R","M","R","T","R","$","R","E","M","R","B",null,"M","M","$","?","M","E"],"character_chosen":"DEFECT","items_purchased":["Rip and Tear","Centennial Puzzle","Defragment","Coolheaded","OrangePellets"],"campfire_rested":1,"item_purchase_floors":[2,2,11,11,20],"current_hp_per_floor":[55,55,34,27,27,48,46,46,46,46,46,46,38,38,38,38,63,55,52,52,52,34,0,0],"gold":31,"neow_bonus":"TWO_FIFTY_GOLD","is_daily":false,"chose_seed":false,"campfire_upgraded":4,"win_rate":0.0,"timestamp":1611237753,"path_taken":["M","$","?","?","?","R","M","R","T","R","$","R","E","M","R","BOSS","M","M","$","?","M","E"],"items_purchased_type":["Card","Relic","Card","Card","Relic"],"build_version":"2020-12-22","purchased_purges":2,"victory":false,"max_hp_per_floor":[71,71,71,71,71,71,71,71,71,71,71,71,71,71,71,71,71,71,71,71,71,71,71,71],"relic_stats":{"OrangePellets":[2],"Centennial Puzzle":[18],"counters":[9,40],"Pandora\u0027s Box":["Thunder Strike","Buffer","Heatsinks","Turbo","Scrape","Capacitor","Tempest"],"obtain_stats":[{"OrangePellets":20,"Centennial Puzzle":2,"Vajra":13,"Pandora\u0027s Box":17,"Cracked Core":0,"Mercury Hourglass":9},{"OrangePellets":7,"Centennial Puzzle":1,"Vajra":3,"Pandora\u0027s Box":5,"Cracked Core":0,"Mercury Hourglass":2},{"OrangePellets":28,"Centennial Puzzle":3,"Vajra":12,"Pandora\u0027s Box":19,"Cracked Core":0,"Mercury Hourglass":6}],"Mercury Hourglass":[84]},"card_choices":[{"not_picked":["Auto Shields","Fusion"],"picked":"Cold Snap","floor":1},{"not_picked":["Scrape","Compile Driver"],"picked":"Cold Snap","floor":7},{"not_picked":["Barrage","Turbo"],"picked":"Glacier","floor":13},{"not_picked":["Coolheaded","Genetic Algorithm"],"picked":"Streamline","floor":14},{"not_picked":["Multi-Cast","Reboot"],"picked":"Creative AI","floor":16},{"not_picked":["Beam Cell","Storm"],"picked":"Leap","floor":18},{"not_picked":["Leap","Heatsinks+1"],"picked":"Steam+1","floor":19},{"not_picked":["Rebound+1","Steam"],"picked":"FTL","floor":22}],"player_experience":2645347,"relics_obtained":[{"floor":9,"key":"Mercury Hourglass"},{"floor":13,"key":"Vajra"}],"event_choices":[{"damage_healed":0,"gold_gain":0,"player_choice":"Entered Light","damage_taken":21,"max_hp_gain":0,"max_hp_loss":0,"event_name":"Shining Light","floor":3,"gold_loss":0,"cards_upgraded":["Rip and Tear","Strike_B"]},{"cards_removed":["Strike_B"],"damage_healed":0,"gold_gain":0,"player_choice":"Card Removal","damage_taken":7,"max_hp_gain":0,"max_hp_loss":0,"event_name":"Golden Wing","floor":4,"gold_loss":0},{"damage_healed":0,"gold_gain":150,"player_choice":"AGREE","damage_taken":0,"max_hp_gain":0,"max_hp_loss":0,"event_name":"Liars Game","floor":5,"gold_loss":0,"cards_obtained":["Doubt"]},{"damage_healed":0,"gold_gain":0,"player_choice":"Read","damage_taken":0,"max_hp_gain":0,"max_hp_loss":0,"event_name":"The Library","floor":21,"gold_loss":0,"cards_obtained":["Capacitor"]}],"is_beta":false,"boss_relics":[{"not_picked":["Fusion Hammer","Runic Dome"],"picked":"Pandora\u0027s Box"}],"items_purged_floors":[2,11],"is_endless":false,"potions_floor_spawned":[1,14,19,22],"killed_by":"Book of Stabbing","ascension_level":20}}