{"host":"ockkdcgl3b18tfz9","time":1611245940,"event":{"mods":["2.2 Compatiblity","BaseMod","Better Skull","Better Third Choice","BetterRewards","Hermit","Minty Spire (QoL Compilation)","Quick Restart","Replay The Spire","Spicy Shops","StSLib","SuperFastMode","The Jungle"],"gold_per_floor":[115,84,84,6,6,40,40,40,89,119,139,139,167,184,184,184,257,257,277,303,29,44,62,62,87,87,87,37,137,167,167,185,185,257,257,273,273,273,63,80,110,50,66,116,147,147,177,67,96,96,96,96,96,3,35,35],"floor_reached":57,"language":"ENG","playtime":1583,"items_purged":["Regret","Strike_G","Strike_G","Strike_G"],"score":2967,"play_id":"cb0ac5d1-9629-43c0-b073-2c66066fda81","local_time":"20210121231900","is_ascension_mode":true,"campfire_choices":[{"floor":7.0,"key":"RECALL"},{"floor":12.0,"key":"REST"},{"data":"Accuracy","floor":15.0,"key":"SMITH"},{"data":"Blade Dance","floor":16.0,"key":"SMITH"},{"floor":24.0,"key":"REST"},{"data":"Adrenaline","floor":33.0,"key":"SMITH"},{"data":"Mind Blast","floor":46.0,"key":"SMITH"},{"data":"Burst","floor":50.0,"key":"SMITH"},{"data":"Bouncing Flask","floor":50.0,"key":"SMITH"},{"data":"Blade Dance","floor":53.0,"key":"SMITH"},{"data":"Caltrops","floor":53.0,"key":"SMITH"}],"circlet_count":0,"master_deck":["AscendersBane","Strike_G","Defend_G","Defend_G","Defend_G","Defend_G","Defend_G","Survivor","Neutralize","Accuracy+1","Calculated Gamble","Dagger Spray+1","Flying Knee","Deflect","Panache+1","Mind Blast+1","Bouncing Flask+1","Backflip","Blade Dance+1","Adrenaline+1","ReplayTheSpireMod:Necrosis+1","Blade Dance+1","Quick Slash","Backflip","Blade Dance","Terror","Blade Dance","Phantasmal Killer+1","Leg Sweep","Acrobatics+1","Cloak And Dagger","Caltrops+1","Blade Dance","Burst+1","Footwork","PiercingWail"],"relics":["Lee\u0027s Waffle","Oddly Smooth Stone","Tingsha","BargainBundle","Juzu Bracelet","Torii","ReplayTheSpireMod:CursedCoin","Membership Card","Dream Catcher","Sizzling Blood","Nunchaku","ReplayTheSpireMod:Lightbulb","StrikeDummy","ChewingGum","Red Mask","Mummified Hand","Gremlin Food","Regal Pillow","Dead Branch","Incense Burner","Divine Protection","Durian","Nilry\u0027s Codex","Calling Bell","Lantern","Replay:WaspNest","Replay:PocketPolymizer","Omamori","Guide Book","Pet Ghost","Potion Belt","Replay:Rubber Ducky","Vajra","Replay:Arrowhead","Bag of Preparation"],"acts_visited":["Exordium","TheCity","TheBeyond","TheEnding"],"potions_floor_usage":[56,56,56,56],"damage_taken":[{"damage":1.0,"enemies":"Jaw Worm","floor":1.0,"turns":3.0},{"damage":13.0,"enemies":"3 Sentries","floor":6.0,"turns":4.0},{"damage":28.0,"enemies":"Lagavulin","floor":10.0,"turns":6.0},{"damage":0.0,"enemies":"Cultist","floor":11.0,"turns":3.0},{"damage":0.0,"enemies":"3 Sentries","floor":13.0,"turns":3.0},{"damage":0.0,"enemies":"2 Louse","floor":14.0,"turns":2.0},{"damage":30.0,"enemies":"The Guardian","floor":17.0,"turns":7.0},{"damage":6.0,"enemies":"Chosen","floor":19.0,"turns":2.0},{"damage":19.0,"enemies":"Masked Bandits","floor":20.0,"turns":3.0},{"damage":9.0,"enemies":"2 Thieves","floor":22.0,"turns":3.0},{"damage":13.0,"enemies":"Snake Plant","floor":23.0,"turns":4.0},{"damage":3.0,"enemies":"Book of Stabbing","floor":25.0,"turns":3.0},{"damage":0.0,"enemies":"Colosseum Slavers","floor":29.0,"turns":1.0},{"damage":0.0,"enemies":"Colosseum Nobs","floor":29.0,"turns":2.0},{"damage":0.0,"enemies":"Gremlin Leader","floor":30.0,"turns":2.0},{"damage":0.0,"enemies":"Shelled Parasite and Fungi","floor":32.0,"turns":2.0},{"damage":0.0,"enemies":"Automaton","floor":34.0,"turns":5.0},{"damage":2.0,"enemies":"3 Shapes","floor":36.0,"turns":3.0},{"damage":0.0,"enemies":"3 Darklings","floor":40.0,"turns":2.0},{"damage":8.0,"enemies":"R_Hoarder","floor":41.0,"turns":4.0},{"damage":0.0,"enemies":"Writhing Mass","floor":43.0,"turns":4.0},{"damage":1.0,"enemies":"Giant Head","floor":45.0,"turns":4.0},{"damage":0.0,"enemies":"R_Hoarder","floor":47.0,"turns":5.0},{"damage":0.0,"enemies":"Reptomancer","floor":49.0,"turns":5.0},{"damage":0.0,"enemies":"Donu and Deca","floor":51.0,"turns":4.0},{"damage":0.0,"enemies":"Shield and Spear","floor":55.0,"turns":3.0},{"damage":22,"enemies":"The Heart","floor":56,"turns":6}],"seed_played":"5742827056426841143","potions_obtained":[{"floor":6.0,"key":"Cursed Concoction"},{"floor":11.0,"key":"Toxic Potion"},{"floor":23.0,"key":"FearPotion"},{"floor":25.0,"key":"LifebloodPotion"},{"floor":41.0,"key":"ColorlessPotion"}],"is_trial":false,"path_per_floor":["M","$","?","$","?","E","R","?","T","E","M","R","E","M","R","R","B",null,"M","?","$","M","M","R","E","?","T","$","?","E","?","M","R","B",null,"M","?","?","$","M","E","?","M","T","E","R","E","$","E","R","B",null,"R","$","E","B",null],"character_chosen":"THE_SILENT","items_purchased":["Lee\u0027s Waffle","Oddly Smooth Stone","BargainBundle","Accuracy","Calculated Gamble","Dagger Spray","Flying Knee","Deflect","Panache","Mind Blast","Juzu Bracelet","Bouncing Flask","Backflip","ReplayTheSpireMod:CursedCoin","Membership Card","ReplayTheSpireMod:Necrosis","Mummified Hand","Gremlin Food","Regal Pillow","Omamori","Guide Book","Footwork","GamblersBrew","Milkshake"],"campfire_rested":2,"item_purchase_floors":[0,0,0,0,0,0,0,0,0,0,0,0,0,2,2,4,21,21,21,39,39,48,54,54],"current_hp_per_floor":[72,72,72,72,72,59,59,63,63,39,43,66,70,74,74,74,48,70,68,53,53,48,39,77,77,77,77,77,77,82,66,70,70,74,80,82,78,78,78,78,74,74,78,78,78,78,78,78,78,78,78,78,78,78,78,60],"gold":35,"neow_bonus":"","is_daily":false,"chose_seed":false,"campfire_upgraded":8,"win_rate":0.0,"timestamp":1611245940,"path_taken":["M","$","?","?","?","E","R","?","T","E","M","R","E","M","R","R","BOSS","M","?","$","M","M","R","E","?","T","?","?","E","?","M","R","BOSS","M","?","?","$","M","E","?","M","T","E","R","E","?","E","R","BOSS","R","$","E","BOSS"],"items_purchased_type":["Relic","Relic","Relic","Card","Card","Card","Card","Card","Card","Card","Relic","Card","Card","Relic","Relic","Card","Relic","Relic","Relic","Relic","Relic","Card","Potion","Potion"],"build_version":"2020-12-22","purchased_purges":4,"victory":true,"max_hp_per_floor":[73,73,73,73,73,73,73,77,77,77,77,77,77,77,77,77,77,77,77,77,77,77,77,77,77,77,77,77,77,82,82,82,82,82,82,82,78,78,78,78,78,78,78,78,78,78,78,78,78,78,78,78,78,78,78,78],"card_choices":[{"not_picked":["Slice","Cloak And Dagger"],"picked":"Blade Dance","floor":1.0},{"not_picked":["Acrobatics","Concentrate"],"picked":"Blade Dance","floor":6.0},{"not_picked":["Slice","Reflex"],"picked":"Quick Slash","floor":10.0},{"not_picked":["ReplayTheSpireMod:Tripwire","Eviscerate"],"picked":"Backflip","floor":11.0},{"not_picked":["Eviscerate","Dodge and Roll"],"picked":"Blade Dance","floor":12.0},{"not_picked":["Heel Hook","Underhanded Strike"],"picked":"Terror","floor":13.0},{"not_picked":["PiercingWail","Dagger Throw"],"picked":"Blade Dance","floor":14.0},{"not_picked":["Atom Bomb","Venomology"],"picked":"Phantasmal Killer","floor":17.0},{"not_picked":["Dodge and Roll","ReplayTheSpireMod:Exploit Weakness","Poisoned Stab"],"picked":"SKIP","floor":19.0},{"not_picked":["Underhanded Strike","Finisher"],"picked":"Leg Sweep","floor":20.0},{"not_picked":["Cloak And Dagger","Dodge and Roll"],"picked":"Acrobatics+1","floor":22.0},{"not_picked":["Quick Slash","Dagger Spray"],"picked":"Cloak And Dagger","floor":23.0},{"not_picked":["Prepared","Deflect","Underhanded Strike"],"picked":"SKIP","floor":25.0},{"not_picked":["Dodge and Roll","Outmaneuver"],"picked":"Caltrops","floor":29.0},{"not_picked":["Eviscerate","Prepared","Slice"],"picked":"SKIP","floor":30.0},{"not_picked":["Acrobatics","Bane","Predator"],"picked":"SKIP","floor":32.0},{"not_picked":["Deflect","Slice"],"picked":"Blade Dance","floor":36.0},{"not_picked":["Poisoned Stab+1","Bane","Prepared"],"picked":"SKIP","floor":40.0},{"not_picked":["Hidden Blade","Deadly Poison","Fluid Movement"],"picked":"SKIP","floor":41.0},{"not_picked":["Prepared","Hidden Blade","Noxious Fumes"],"picked":"SKIP","floor":43.0},{"not_picked":["Dagger Spray","ReplayTheSpireMod:Scrap Shanks"],"picked":"Burst","floor":45.0},{"not_picked":["Replay:Poison Smokescreen+1","Slice","Prepared+1"],"picked":"SKIP","floor":47.0},{"not_picked":["Backflip","Draining Mist","Outmaneuver"],"picked":"SKIP","floor":49.0},{"not_picked":["Deadly Poison","Dash"],"picked":"PiercingWail","floor":55.0}],"player_experience":302213,"relics_obtained":[{"floor":6.0,"key":"Dream Catcher"},{"floor":9.0,"key":"Nunchaku"},{"floor":10.0,"key":"ReplayTheSpireMod:Lightbulb"},{"floor":13.0,"key":"StrikeDummy"},{"floor":20.0,"key":"Red Mask"},{"floor":25.0,"key":"Dead Branch"},{"floor":29.0,"key":"Incense Burner"},{"floor":29.0,"key":"Divine Protection"},{"floor":30.0,"key":"Durian"},{"floor":31.0,"key":"Nilry\u0027s Codex"},{"floor":35.0,"key":"Lantern"},{"floor":35.0,"key":"Replay:WaspNest"},{"floor":35.0,"key":"Replay:PocketPolymizer"},{"floor":41.0,"key":"Pet Ghost"},{"floor":44.0,"key":"Potion Belt"},{"floor":45.0,"key":"Replay:Rubber Ducky"},{"floor":47.0,"key":"Vajra"},{"floor":49.0,"key":"Replay:Arrowhead"},{"floor":55.0,"key":"Bag of Preparation"}],"event_choices":[{"damage_healed":0.0,"max_hp_gain":0.0,"max_hp_loss":0.0,"gold_gain":0.0,"event_name":"Match and Keep!","player_choice":"1 cards matched","floor":3.0,"gold_loss":0.0,"damage_taken":0.0,"cards_obtained":["Adrenaline"]},{"damage_healed":0.0,"max_hp_gain":0.0,"max_hp_loss":0.0,"gold_gain":0.0,"event_name":"Masked Bandits","player_choice":"Fought Bandits","floor":20.0,"gold_loss":0.0,"damage_taken":0.0},{"damage_healed":0.0,"max_hp_gain":0.0,"max_hp_loss":0.0,"gold_gain":0.0,"event_name":"Vampires","player_choice":"Ignored","floor":26.0,"gold_loss":0.0,"damage_taken":0.0},{"damage_healed":0.0,"max_hp_gain":0.0,"max_hp_loss":0.0,"gold_gain":0.0,"event_name":"Colosseum","player_choice":"Fight","floor":29.0,"gold_loss":0.0,"damage_taken":0.0},{"damage_healed":0.0,"max_hp_gain":0.0,"max_hp_loss":0.0,"gold_gain":0.0,"event_name":"Colosseum","player_choice":"Fought Nobs","floor":29.0,"gold_loss":0.0,"damage_taken":0.0},{"damage_healed":0.0,"max_hp_gain":0.0,"max_hp_loss":0.0,"gold_gain":0.0,"event_name":"Cursed Tome","player_choice":"Obtained Book","floor":31.0,"gold_loss":0.0,"damage_taken":16.0},{"damage_healed":0.0,"max_hp_gain":0.0,"max_hp_loss":4.0,"gold_gain":0.0,"event_name":"Winding Halls","player_choice":"Max HP","floor":37.0,"gold_loss":0.0,"damage_taken":0.0},{"damage_healed":0.0,"max_hp_gain":0.0,"max_hp_loss":0.0,"gold_gain":0.0,"event_name":"The Woman in Blue","player_choice":"Bought 0 Potions","floor":38.0,"gold_loss":0.0,"damage_taken":0.0},{"cards_removed":["Strike_G"],"damage_healed":0.0,"max_hp_gain":0.0,"max_hp_loss":0.0,"gold_gain":0.0,"event_name":"Designer","player_choice":"Single Remove","floor":42.0,"gold_loss":60.0,"damage_taken":0.0}],"is_beta":false,"boss_relics":[{"not_picked":["Kintsugi","Replay:Drink Me"],"picked":"ChewingGum"},{"not_picked":["Sozu","Fusion Hammer"],"picked":"Calling Bell"}],"items_purged_floors":[2,28,39,48],"is_endless":false,"potions_floor_spawned":[6,11,17,23,25,29,32,41,55],"ascension_level":14}}