{"host":"8tgyo6jwzgmjsiz5","time":1611207550,"event":{"mods":["AchievementEnabler","BaseMod","Best Route Mod","Colored Map","Highlight Path","Minty Spire (QoL Compilation)","Permanent Neow","Quick Restart","StSLib","SuperFastMode","everything is the same but u backflip on backflip"],"gold_per_floor":[116,47,47,62,74,101,124,158,211,171,205,205,238,255,255,327,327,327,327,327,327,327,327,327,327,327,327,327,327,327,102,102,102,102,102,102,102,102,102,102,102,102,102,102,102,102,102,102,102,102,102,102,25,25,25],"floor_reached":56,"language":"ENG","playtime":7876,"items_purged":["Writhe"],"score":2033,"play_id":"c4792d68-fa66-4662-a651-f1e3269681f7","local_time":"20210121023910","is_ascension_mode":true,"campfire_choices":[{"floor":12.0,"key":"REST"},{"floor":15.0,"key":"REST"},{"data":"Limit Break","floor":30.0,"key":"SMITH"},{"data":"Ghostly","floor":32.0,"key":"SMITH"},{"floor":41.0,"key":"RECALL"},{"data":"Demon Form","floor":44.0,"key":"SMITH"},{"data":"Limit Break","floor":49.0,"key":"SMITH"},{"data":"Ghostly","floor":52.0,"key":"SMITH"}],"circlet_count":0,"master_deck":["AscendersBane","Strike_R+1","Strike_R+1","Strike_R+1","Strike_R+1","Strike_R+1","Defend_R+1","Defend_R+1","Defend_R+1","Defend_R+1","Bash","Heavy Blade","Carnage","True Grit","Impervious","Fiend Fire","Demon Form+1","Limit Break+1","Shrug It Off","Ghostly+1","Ghostly+1","Ghostly","Ghostly","Ghostly","True Grit+1","Battle Trance+1","Armaments+1","Limit Break+1","Dark Embrace+1","Offering","Burning Pact"],"relics":["Burning Blood","FossilizedHelix","Spirit Poop","Letter Opener","Odd Mushroom","Anchor","Potion Belt","Bottled Lightning","Sundial","Ectoplasm","Shuriken","PreservedInsect","Red Mask","Pantograph","Strange Spoon","Cursed Key","Pear","Gremlin Horn"],"acts_visited":["Exordium","TheCity","TheBeyond","TheEnding"],"potions_floor_usage":[54,55,55],"damage_taken":[{"damage":0.0,"enemies":"Cultist","floor":1.0,"turns":3.0},{"damage":0.0,"enemies":"Small Slimes","floor":4.0,"turns":3.0},{"damage":0.0,"enemies":"Jaw Worm","floor":5.0,"turns":2.0},{"damage":31.0,"enemies":"Lagavulin","floor":6.0,"turns":9.0},{"damage":36.0,"enemies":"The Mushroom Lair","floor":7.0,"turns":6.0},{"damage":15.0,"enemies":"3 Sentries","floor":8.0,"turns":6.0},{"damage":7.0,"enemies":"Gremlin Nob","floor":11.0,"turns":4.0},{"damage":27.0,"enemies":"3 Sentries","floor":13.0,"turns":9.0},{"damage":0.0,"enemies":"2 Fungi Beasts","floor":14.0,"turns":3.0},{"damage":4.0,"enemies":"Slime Boss","floor":16.0,"turns":10.0},{"damage":26.0,"enemies":"Chosen","floor":18.0,"turns":5.0},{"damage":0.0,"enemies":"Spheric Guardian","floor":22.0,"turns":6.0},{"damage":5.0,"enemies":"Book of Stabbing","floor":23.0,"turns":7.0},{"damage":1.0,"enemies":"Masked Bandits","floor":24.0,"turns":6.0},{"damage":0.0,"enemies":"Snake Plant","floor":25.0,"turns":6.0},{"damage":5.0,"enemies":"Shelled Parasite and Fungi","floor":27.0,"turns":7.0},{"damage":5.0,"enemies":"Gremlin Leader","floor":28.0,"turns":8.0},{"damage":16.0,"enemies":"Champ","floor":33.0,"turns":13.0},{"damage":1.0,"enemies":"Orb Walker","floor":35.0,"turns":5.0},{"damage":7.0,"enemies":"3 Darklings","floor":38.0,"turns":6.0},{"damage":1.0,"enemies":"Transient","floor":39.0,"turns":5.0},{"damage":0.0,"enemies":"Reptomancer","floor":40.0,"turns":5.0},{"damage":1.0,"enemies":"Sphere and 2 Shapes","floor":42.0,"turns":6.0},{"damage":3.0,"enemies":"Spire Growth","floor":45.0,"turns":6.0},{"damage":0.0,"enemies":"Transient","floor":46.0,"turns":5.0},{"damage":0.0,"enemies":"Jaw Worm Horde","floor":48.0,"turns":5.0},{"damage":15.0,"enemies":"Time Eater","floor":50.0,"turns":7.0},{"damage":14,"enemies":"Shield and Spear","floor":54,"turns":9},{"damage":39,"enemies":"The Heart","floor":55,"turns":11}],"seed_played":"8833474460038827688","potions_obtained":[{"floor":6.0,"key":"LiquidBronze"},{"floor":7.0,"key":"FearPotion"},{"floor":8.0,"key":"GamblersBrew"},{"floor":10.0,"key":"FairyPotion"},{"floor":10.0,"key":"EssenceOfSteel"},{"floor":10.0,"key":"Fruit Juice"},{"floor":13.0,"key":"Dexterity Potion"},{"floor":16.0,"key":"EssenceOfSteel"},{"floor":18.0,"key":"EssenceOfSteel"},{"floor":33.0,"key":"SneckoOil"},{"floor":38.0,"key":"FearPotion"},{"floor":40.0,"key":"GamblersBrew"}],"is_trial":false,"path_per_floor":["M","$","?","M","M","E","?","E","T","?","E","R","E","M","R","B",null,"M","?","?","?","M","E","?","M","T","M","E","?","R","$","R","B",null,"M","?","?","M","M","E","R","M","T","R","M","M","?","M","R","B",null,"R","$","E","B",null],"character_chosen":"IRONCLAD","items_purchased":["Carnage","Strange Spoon","DuplicationPotion"],"campfire_rested":2,"item_purchase_floors":[2,31,53],"current_hp_per_floor":[74,74,74,75,75,50,20,11,11,11,10,32,11,17,39,41,67,47,37,37,37,37,37,37,37,37,37,37,37,37,37,37,27,35,37,37,37,41,42,52,52,52,52,52,52,52,52,52,52,43,50,50,50,42,19],"gold":25,"neow_bonus":"ONE_RARE_RELIC","is_daily":false,"chose_seed":false,"campfire_upgraded":5,"win_rate":0.0,"timestamp":1611207550,"path_taken":["M","?","?","M","?","E","?","E","T","?","E","R","E","M","R","BOSS","M","?","?","?","M","E","?","M","T","M","E","?","R","?","R","BOSS","M","?","?","M","?","E","R","M","T","R","M","M","?","M","R","BOSS","R","$","E","BOSS"],"items_purchased_type":["Card","Relic","Potion"],"build_version":"2020-12-22","purchased_purges":1,"victory":true,"max_hp_per_floor":[75,75,75,75,75,75,75,75,75,75,75,75,75,75,75,75,75,75,37,37,37,37,37,37,37,37,37,37,37,37,37,37,37,37,37,37,37,42,42,52,52,52,52,52,52,52,52,52,52,52,52,52,52,52,52],"card_choices":[{"not_picked":["Havoc","Body Slam"],"picked":"Heavy Blade","floor":1.0},{"not_picked":["Perfected Strike","Pummel"],"picked":"True Grit","floor":4.0},{"not_picked":["Intimidate","Body Slam","Perfected Strike"],"picked":"SKIP","floor":5.0},{"not_picked":["Twin Strike","Pommel Strike"],"picked":"Impervious","floor":6.0},{"not_picked":["Intimidate","Clothesline"],"picked":"Hemokinesis","floor":7.0},{"not_picked":["Infernal Blade","Havoc","Anger"],"picked":"SKIP","floor":8.0},{"not_picked":["Intimidate","Flex"],"picked":"Fiend Fire","floor":11.0},{"not_picked":["Disarm","Hemokinesis"],"picked":"Demon Form","floor":13.0},{"not_picked":["Havoc","Flex","Clash"],"picked":"SKIP","floor":14.0},{"not_picked":["Fiend Fire","Demon Form"],"picked":"Limit Break","floor":16.0},{"not_picked":["Body Slam","Iron Wave"],"picked":"Shrug It Off","floor":18.0},{"not_picked":["Wild Strike","Iron Wave","Twin Strike+1"],"picked":"SKIP","floor":22.0},{"not_picked":["Rampage","Heavy Blade","Headbutt"],"picked":"SKIP","floor":23.0},{"not_picked":["Infernal Blade","Sever Soul"],"picked":"True Grit+1","floor":25.0},{"not_picked":["Clothesline","Infernal Blade"],"picked":"Battle Trance+1","floor":27.0},{"not_picked":["Bludgeon","Ghostly Armor+1"],"picked":"Armaments+1","floor":28.0},{"not_picked":["Demon Form","Offering"],"picked":"Limit Break","floor":33.0},{"not_picked":["Clothesline","Flex","Battle Trance"],"picked":"SKIP","floor":35.0},{"not_picked":["Anger+1","True Grit+1","Clothesline"],"picked":"SKIP","floor":38.0},{"not_picked":["Body Slam","Clothesline"],"picked":"Dark Embrace","floor":39.0},{"not_picked":["Sword Boomerang","Metallicize"],"picked":"Offering","floor":40.0},{"not_picked":["Heavy Blade","Cleave","Flex"],"picked":"SKIP","floor":42.0},{"not_picked":["Twin Strike","Rage","Hemokinesis"],"picked":"SKIP","floor":45.0},{"not_picked":["Rage","True Grit","Pommel Strike"],"picked":"SKIP","floor":46.0},{"not_picked":["Cleave+1","Ghostly Armor"],"picked":"Burning Pact","floor":48.0},{"not_picked":["Sword Boomerang+1","Thunderclap+1","Searing Blow+1"],"picked":"SKIP","floor":54}],"player_experience":1896734,"relics_obtained":[{"floor":6.0,"key":"Letter Opener"},{"floor":7.0,"key":"Odd Mushroom"},{"floor":8.0,"key":"Anchor"},{"floor":9.0,"key":"Potion Belt"},{"floor":11.0,"key":"Bottled Lightning"},{"floor":13.0,"key":"Sundial"},{"floor":23.0,"key":"PreservedInsect"},{"floor":24.0,"key":"Red Mask"},{"floor":28.0,"key":"Pantograph"},{"floor":40.0,"key":"Pear"},{"floor":54,"key":"Gremlin Horn"}],"event_choices":[{"cards_removed":["Injury"],"damage_healed":0.0,"max_hp_gain":0.0,"max_hp_loss":0.0,"gold_gain":0.0,"event_name":"Bonfire Elementals","player_choice":"Offered Curse","floor":3.0,"gold_loss":0.0,"damage_taken":0.0,"relics_obtained":["Spirit Poop"]},{"damage_healed":0.0,"max_hp_gain":0.0,"max_hp_loss":0.0,"gold_gain":0.0,"event_name":"Mushrooms","player_choice":"Fought Mushrooms","floor":7.0,"gold_loss":0.0,"damage_taken":0.0},{"damage_healed":0.0,"max_hp_gain":0.0,"max_hp_loss":0.0,"gold_gain":0.0,"event_name":"The Woman in Blue","player_choice":"Bought 3 Potions","floor":10.0,"gold_loss":0.0,"damage_taken":0.0},{"damage_healed":0.0,"max_hp_gain":0.0,"max_hp_loss":38.0,"gold_gain":0.0,"event_name":"Ghosts","player_choice":"Became a Ghost","floor":19.0,"gold_loss":0.0,"damage_taken":0.0,"cards_obtained":["Ghostly","Ghostly","Ghostly","Ghostly","Ghostly"]},{"damage_healed":0.0,"max_hp_gain":0.0,"max_hp_loss":0.0,"gold_gain":0.0,"event_name":"The Mausoleum","player_choice":"Opened","floor":20.0,"gold_loss":0.0,"damage_taken":0.0,"relics_obtained":["Shuriken"],"cards_obtained":["Writhe"]},{"damage_healed":0.0,"max_hp_gain":0.0,"max_hp_loss":0.0,"gold_gain":0.0,"event_name":"Back to Basics","player_choice":"Simplicity","floor":21.0,"gold_loss":0.0,"damage_taken":0.0,"cards_upgraded":["Strike_R","Strike_R","Strike_R","Strike_R","Strike_R","Defend_R","Defend_R","Defend_R","Defend_R"]},{"damage_healed":0.0,"max_hp_gain":0.0,"max_hp_loss":0.0,"gold_gain":0.0,"event_name":"Masked Bandits","player_choice":"Fought Bandits","floor":24.0,"gold_loss":0.0,"damage_taken":0.0},{"damage_healed":0.0,"max_hp_gain":0.0,"max_hp_loss":0.0,"gold_gain":0.0,"event_name":"Vampires","player_choice":"Ignored","floor":29.0,"gold_loss":0.0,"damage_taken":0.0},{"damage_healed":0.0,"max_hp_gain":0.0,"max_hp_loss":0.0,"gold_gain":0.0,"event_name":"Tomb of Lord Red Mask","player_choice":"Ignored","floor":36.0,"gold_loss":0.0,"damage_taken":0.0},{"cards_removed":["Hemokinesis"],"damage_healed":0.0,"max_hp_gain":0.0,"max_hp_loss":0.0,"gold_gain":0.0,"event_name":"Falling","player_choice":"Removed Attack","floor":37.0,"gold_loss":0.0,"damage_taken":0.0},{"damage_healed":0.0,"max_hp_gain":0.0,"max_hp_loss":0.0,"gold_gain":0.0,"event_name":"Upgrade Shrine","player_choice":"Upgraded","floor":47.0,"gold_loss":0.0,"damage_taken":0.0,"cards_upgraded":["Dark Embrace"]}],"is_beta":false,"boss_relics":[{"not_picked":["Busted Crown","Tiny House"],"picked":"Ectoplasm"},{"not_picked":["Black Blood","Mark of Pain"],"picked":"Cursed Key"}],"items_purged_floors":[31],"is_endless":false,"potions_floor_spawned":[6,7,8,13,16,18,23,33,38,39,40],"ascension_level":14}}