{"host":"l491xr9n6v7t2d5g","time":1611257076,"event":{"mods":["Act Like it!","Arknights The Spire","BaseMod","Gensokyo","Marisa£®ÏF”Í°°ƒß¿Ì…≥£©","Minty Spire (QoL Compilation)","StSLib","The Animator","[IsaacMod]“‘»ˆº‚À˛"],"gold_per_floor":[110,18,38,38,48,83,96,96,96,96,109,71,103,122,122,223,223,240,240,112,124,144,170,170,190,190,190,224,235,255,268,268,373,373,391,314,314,314,314],"floor_reached":38,"language":"ZHS","playtime":2652,"items_purged":["ats:Strike C","ats:Strike G"],"score":428,"play_id":"36c3ffda-9056-4f35-be06-ca68b14e7e2a","local_time":"20210122032436","is_ascension_mode":false,"campfire_choices":[{"data":"Apotheosis","floor":8,"key":"SMITH"},{"floor":10,"key":"RECALL"},{"floor":15,"key":"REST"},{"floor":24,"key":"REST"},{"floor":27,"key":"REST"},{"floor":32,"key":"REST"}],"circlet_count":0,"master_deck":["ats:Strike S","ats:Armor Crushing Shot","ats:Defend","ats:Defend","ats:Defend","ats:Defend","ats:Emotion Absorption","ats:Consecutive Shot Auto","Apotheosis+1","ats:Leaping Hammer","ats:Explosion Area Strengthen","ats:Sword Rain","ats:Directed Diagnosis","ats:Flexible Camouflage","ats:Dogmatic Field","ats:Magnetic Hammer+1","ats:Closed Bolt Burst Fire","ats:Calcification"],"relics":["ats:Sanity","HushsDoor","SteamSale","NeowsBlessing","ats:Originium","Vajra","PillsDrop","GuppysTail","ats:Omniscience","ats:Support","PunchingBag","StrikeDummy","Empty Cage","ats:Attack"],"acts_visited":["Exordium","TheCity","TheBeyond"],"potions_floor_usage":[23,25,33,33],"damage_taken":[{"damage":0,"enemies":"Cultist","floor":1,"turns":1},{"damage":0,"enemies":"2 Louse","floor":3,"turns":1},{"damage":0,"enemies":"Jaw Worm","floor":5,"turns":1},{"damage":20,"enemies":"Lagavulin","floor":6,"turns":7},{"damage":9,"enemies":"Gremlin Gang","floor":7,"turns":5},{"damage":8,"enemies":"Lots of Slimes","floor":11,"turns":2},{"damage":26,"enemies":"Gremlin Nob","floor":13,"turns":4},{"damage":4,"enemies":"Blue Slaver","floor":14,"turns":2},{"damage":19,"enemies":"Slime Boss","floor":16,"turns":6},{"damage":10,"enemies":"Chosen","floor":18,"turns":4},{"damage":20,"enemies":"2 Thieves","floor":21,"turns":4},{"damage":26,"enemies":"Cultist and Chosen","floor":22,"turns":7},{"damage":38,"enemies":"Gremlin Leader","floor":23,"turns":7},{"damage":49,"enemies":"3 Cultists","floor":25,"turns":6},{"damage":54,"enemies":"Book of Stabbing","floor":28,"turns":9},{"damage":0,"enemies":"Snecko","floor":29,"turns":4},{"damage":6,"enemies":"Chosen and Byrds","floor":30,"turns":8},{"damage":6,"enemies":"Cultist and Chosen","floor":31,"turns":7},{"damage":109,"enemies":"Collector","floor":33,"turns":11},{"damage":14,"enemies":"3 Shapes","floor":35,"turns":6},{"damage":58,"enemies":"Orin","floor":38,"turns":6}],"seed_played":"2426351326633209499","potions_obtained":[{"floor":5,"key":"BlessingOfTheForge"},{"floor":6,"key":"Weak Potion"},{"floor":11,"key":"FearPotion"},{"floor":28,"key":"DistilledChaos"},{"floor":29,"key":"SteroidPotion"},{"floor":30,"key":"Fruit Juice"},{"floor":33,"key":"Dexterity Potion"}],"is_trial":false,"path_per_floor":["M","$","M","$","M","E","M","R","T","R","M","$","E","M","R","B",null,"M","?","$","M","M","E","R","M","T","R","E","M","M","M","R","B",null,"M","$","$","?"],"character_chosen":"DOCTOR_CLASS","items_purchased":["Apotheosis","ats:Support","ats:Attack"],"campfire_rested":4,"item_purchase_floors":[2,20,36],"current_hp_per_floor":[72,72,72,72,72,55,49,49,49,49,41,41,20,16,36,23,67,57,57,57,37,37,29,49,33,33,53,30,30,26,26,44,11,70,56,56,56,0,0],"gold":314,"neow_bonus":"THREE_ENEMY_KILL","is_daily":false,"chose_seed":false,"campfire_upgraded":1,"win_rate":0.0,"timestamp":1611257076,"path_taken":["M","$","M","$","M","E","M","R","T","R","?","$","E","M","R","BOSS","M","?","$","M","M","E","R","M","T","R","E","M","?","M","R","BOSS","M","?","$","?"],"items_purchased_type":["Card","Relic","Relic"],"build_version":"2020-12-22","purchased_purges":2,"victory":false,"max_hp_per_floor":[72,72,72,72,72,72,72,72,72,72,72,72,72,67,67,67,67,67,67,67,67,67,67,67,67,67,67,62,62,62,62,62,70,70,70,70,70,70,70],"card_choices":[{"not_picked":["ats:Ignite","ats:Composite Medical Shells"],"picked":"ats:Consecutive Shot Auto","floor":1},{"not_picked":["ats:Hammer On","ats:Song Of Battle"],"picked":"ats:Nebulous Foxfire","floor":3},{"not_picked":["ats:Cat Scratch","ats:Spore Proliferation"],"picked":"ats:Leaping Hammer","floor":5},{"not_picked":["ats:Assault Order","ats:Steam Pump"],"picked":"ats:Explosion Area Strengthen","floor":6},{"not_picked":["ats:Shell Defense","ats:Guardian Obelisk","ats:Spore Proliferation"],"picked":"SKIP","floor":7},{"not_picked":["ats:Apocalypse","ats:Consecutive Shot Auto"],"picked":"ats:Sword Rain","floor":11},{"not_picked":["ats:LN2 Cannon","ats:Blood Oath"],"picked":"ats:Directed Diagnosis","floor":13},{"not_picked":["ats:Very Hot Blade","ats:Blood Oath"],"picked":"ats:Flexible Camouflage","floor":14},{"not_picked":["ats:Nebulous Foxfire","ats:Volcano"],"picked":"ats:Dogmatic Field","floor":16},{"not_picked":["ats:Very Hot Blade","ats:Part Time Job","ats:Mental Burst"],"picked":"SKIP","floor":18},{"not_picked":["ats:Blood Oath","ats:Poison Spread","ats:Revitalization"],"picked":"SKIP","floor":21},{"not_picked":["ats:Powerful Strike","ats:Soul Absorption+1","ats:Curse Doll"],"picked":"SKIP","floor":22},{"not_picked":["ats:Mental Burst+1","ats:Automatic Cover"],"picked":"ats:Magnetic Hammer+1","floor":23},{"not_picked":["ats:Directed Diagnosis","ats:Thermite Blade+1","ats:Curse Doll+1"],"picked":"SKIP","floor":25},{"not_picked":["ats:Very Hot Blade+1","ats:Consecutive Shot Auto"],"picked":"ats:Closed Bolt Burst Fire","floor":28},{"not_picked":["ats:Mental Burst","ats:Revitalization","ats:Part Time Job"],"picked":"SKIP","floor":29},{"not_picked":["ats:Directed Diagnosis","ats:Assault Order","ats:Very Hot Blade"],"picked":"SKIP","floor":30},{"not_picked":["ats:Leaping Hammer","ats:Apocalypse+1","ats:Very Hot Blade"],"picked":"SKIP","floor":31},{"not_picked":["ats:Shadow Assault","ats:Wolf Pack"],"picked":"ats:Calcification","floor":33},{"not_picked":["ats:Closed Bolt Burst Fire+1","ats:Powerful Strike","ats:Guardian Obelisk"],"picked":"SKIP","floor":35}],"player_experience":190387,"relics_obtained":[{"floor":6,"key":"ats:Originium"},{"floor":6,"key":"Vajra"},{"floor":9,"key":"PillsDrop"},{"floor":13,"key":"ats:Originium"},{"floor":13,"key":"GuppysTail"},{"floor":23,"key":"ats:Originium"},{"floor":23,"key":"PunchingBag"},{"floor":28,"key":"ats:Originium"},{"floor":28,"key":"StrikeDummy"}],"event_choices":[{"damage_healed":0,"gold_gain":0,"player_choice":"Ignored","damage_taken":0,"max_hp_gain":0,"max_hp_loss":0,"event_name":"Beggar","floor":19,"gold_loss":0},{"damage_healed":0,"gold_gain":0,"player_choice":"Fight","damage_taken":0,"max_hp_gain":0,"max_hp_loss":0,"event_name":"OrinTheCat","floor":38,"gold_loss":0}],"is_beta":false,"boss_relics":[{"not_picked":["Pandora\u0027s Box","Sozu"],"picked":"ats:Omniscience"},{"not_picked":[]},{"not_picked":["Coffee Dripper","Busted Crown"],"picked":"Empty Cage"},{"not_picked":[]}],"items_purged_floors":[12,20],"is_endless":false,"potions_floor_spawned":[5,6,11,13,28,29,30,33],"killed_by":"Orin","ascension_level":0}}