{"host":"dlqyscxstsnu98l1","time":1611206248,"event":{"mods":["AchievementEnabler","BaseMod","Bestiary","Colored Map","Colored Powertips","Conspire","GifTheSpireLib","Highlight Path","Minty Spire (QoL Compilation)","Random Character Button","Replay The Spire","SacredBarkPlus","StSLib"],"gold_per_floor":[113,132,57,70,80,80,80,80,80,109,9,25,25,25,25,121,121,132,7,7,71,121,131,131,131],"floor_reached":24,"language":"ENG","playtime":827,"items_purged":["Defend_P","Defend_P","Regret"],"score":216,"play_id":"90623ea7-ae9f-4abf-820d-29af978ceb86","local_time":"20210120231728","is_ascension_mode":true,"campfire_choices":[{"data":"PathToVictory","floor":6,"key":"SMITH"},{"data":"Eruption","floor":8,"key":"SMITH"},{"data":"FearNoEvil","floor":13,"key":"SMITH"},{"data":"Halt","floor":15,"key":"SMITH"}],"circlet_count":0,"master_deck":["Strike_P","Defend_P","Eruption+1","Halt+1","FearNoEvil+1","PathToVictory+1","Alpha","ReplayTheSpireMod:Faulty Equipment","Writhe","Replay:AtTheReady","Replay:AtTheReady+1"],"relics":["PureWater","NeowsBlessing","Garlic","Vajra","Kintsugi","SsserpentHead"],"acts_visited":["Exordium","TheCity"],"potions_floor_usage":[5,16,21,21],"damage_taken":[{"damage":0,"enemies":"Jaw Worm","floor":1,"turns":1},{"damage":0,"enemies":"conspire:RoseBush","floor":2,"turns":1},{"damage":0,"enemies":"Cultist","floor":4,"turns":1},{"damage":10,"enemies":"2 Fungi Beasts","floor":5,"turns":3},{"damage":16,"enemies":"Gremlin Nob","floor":10,"turns":3},{"damage":1,"enemies":"conspire:2 RoseBushes","floor":12,"turns":4},{"damage":20,"enemies":"Hexaghost","floor":16,"turns":7},{"damage":46,"enemies":"2 Thieves","floor":18,"turns":4},{"damage":14,"enemies":"Spheric Guardian","floor":21,"turns":5},{"damage":28,"enemies":"Centurion and Healer","floor":23,"turns":5},{"damage":12,"enemies":"3 Cultists","floor":24,"turns":3}],"seed_played":"3536009921976179649","potions_obtained":[{"floor":1,"key":"Adrenaline Potion"},{"floor":10,"key":"StancePotion"},{"floor":12,"key":"LiquidBronze"},{"floor":18,"key":"Fire Potion"},{"floor":21,"key":"Fire Potion"}],"is_trial":false,"path_per_floor":["M","M","$","M","M","R","?","R","T","E","$","M","R","?","R","B",null,"M","$","?","M","?","M","M"],"character_chosen":"WATCHER","items_purchased":[],"campfire_rested":0,"item_purchase_floors":[],"current_hp_per_floor":[72,72,72,72,62,62,62,62,62,46,46,45,45,45,45,25,72,26,26,26,12,36,8,0,0],"gold":131,"neow_bonus":"THREE_ENEMY_KILL","is_daily":false,"chose_seed":false,"campfire_upgraded":4,"win_rate":0.0,"timestamp":1611206248,"path_taken":["M","M","$","M","M","R","?","R","T","E","$","M","R","?","R","BOSS","M","$","?","?","?","M","M"],"items_purchased_type":[],"build_version":"2020-12-22","purchased_purges":3,"victory":false,"max_hp_per_floor":[72,72,72,72,72,72,72,72,72,72,72,72,72,72,72,72,72,72,72,72,72,72,72,72,72],"card_choices":[{"not_picked":["CrushJoints","Consecrate"],"picked":"Halt","floor":1},{"not_picked":["Replay:Cycle","Replay:BluntJabs"],"picked":"FearNoEvil","floor":2},{"not_picked":["Perseverance","Replay:Anticipation","EmptyBody"],"picked":"SKIP","floor":4},{"not_picked":["Protect","Evaluate"],"picked":"PathToVictory","floor":5},{"not_picked":["Prostrate","Wallop","Swivel"],"picked":"SKIP","floor":10},{"not_picked":["Replay:Hum","ClearTheMind","EmptyBody"],"picked":"SKIP","floor":12},{"not_picked":["Replay:AllIn","Establishment"],"picked":"Alpha","floor":16},{"not_picked":["WaveOfTheHand+1","Crescendo"],"picked":"Replay:AtTheReady","floor":18},{"not_picked":["WreathOfFlame","BowlingBash"],"picked":"Replay:AtTheReady+1","floor":21},{"not_picked":["BowlingBash","CrushJoints+1","Vengeance"],"picked":"SKIP","floor":23}],"player_experience":93092,"relics_obtained":[{"floor":10,"key":"Garlic"}],"event_choices":[{"damage_healed":0,"gold_gain":0,"player_choice":"Box","damage_taken":0,"relics_obtained":["Vajra"],"max_hp_gain":0,"max_hp_loss":0,"event_name":"Big Fish","floor":14,"gold_loss":0,"cards_obtained":["Regret"]},{"damage_healed":0,"gold_gain":0,"player_choice":"Trade","damage_taken":0,"relics_obtained":["SsserpentHead"],"max_hp_gain":0,"max_hp_loss":0,"event_name":"FaceTrader","floor":20,"gold_loss":0},{"damage_healed":24,"gold_gain":0,"player_choice":"Heal","damage_taken":0,"max_hp_gain":0,"max_hp_loss":0,"event_name":"The Library","floor":22,"gold_loss":0}],"is_beta":false,"boss_relics":[{"not_picked":["Black Star","Pandora\u0027s Box"],"picked":"Kintsugi"}],"items_purged_floors":[3,11,19],"is_endless":false,"potions_floor_spawned":[1,10,12,18,21],"killed_by":"3 Cultists","ascension_level":2}}