{"host":"o7j6aatxjwpw1421","time":1611242038,"event":{"mods":["2.2 Compatiblity","AchievementEnabler","BaseMod","Colored Map","DeckTracker","Highlight Path","Keyboard Shortcuts","Minty Spire (QoL Compilation)","Permanent Neow","Quick Restart","StSLib","SuperFastMode","everything is the same but u backflip on backflip"],"gold_per_floor":[119,133,133,148,223,223,236,268,268,193,193,31,47,13,13,91,91,106,121,121,121],"floor_reached":20,"language":"KOR","playtime":945,"items_purged":["Defend_G"],"score":352,"play_id":"fad1537f-1b5e-4282-9f42-125ce9836b78","local_time":"20210122001358","is_ascension_mode":true,"campfire_choices":[{"data":"All Out Attack","floor":6.0,"key":"SMITH"},{"floor":11.0,"key":"REST"},{"floor":15.0,"key":"REST"}],"circlet_count":0,"master_deck":["AscendersBane","Strike_G","Strike_G","Strike_G","Strike_G","Defend_G","Defend_G","Defend_G","Defend_G","Survivor","Neutralize","All Out Attack+1","Poisoned Stab","Quick Slash","Bouncing Flask+1","Blur+1","Malaise+1","Burst+1","Reflex+1"],"relics":["Ring of the Snake","Darkstone Periapt","Toxic Egg 2","SlaversCollar"],"acts_visited":["Exordium","TheCity"],"potions_floor_usage":[20,20],"damage_taken":[{"damage":0.0,"enemies":"2 Louse","floor":1.0,"turns":5.0},{"damage":6.0,"enemies":"Jaw Worm","floor":2.0,"turns":6.0},{"damage":3.0,"enemies":"Small Slimes","floor":4.0,"turns":3.0},{"damage":6.0,"enemies":"Exordium Wildlife","floor":7.0,"turns":4.0},{"damage":34.0,"enemies":"3 Sentries","floor":8.0,"turns":8.0},{"damage":8.0,"enemies":"Gremlin Gang","floor":13.0,"turns":4.0},{"damage":1.0,"enemies":"Exordium Thugs","floor":14.0,"turns":5.0},{"damage":4.0,"enemies":"Hexaghost","floor":16.0,"turns":10.0},{"damage":8.0,"enemies":"Shell Parasite","floor":18.0,"turns":6.0},{"damage":25.0,"enemies":"3 Byrds","floor":19.0,"turns":5.0},{"damage":33,"enemies":"Masked Bandits","floor":20,"turns":5}],"seed_played":"-3503271263900853072","potions_obtained":[{"floor":2.0,"key":"Block Potion"},{"floor":4.0,"key":"PowerPotion"},{"floor":13.0,"key":"SkillPotion"},{"floor":16.0,"key":"SteroidPotion"},{"floor":19.0,"key":"SpeedPotion"}],"is_trial":false,"path_per_floor":["M","M","?","M","?","R","M","E","T","?","R","$","M","M","R","B",null,"M","M","?"],"character_chosen":"THE_SILENT","items_purchased":["Bouncing Flask+1"],"campfire_rested":2,"item_purchase_floors":[12],"current_hp_per_floor":[65,59,64,61,50,50,44,10,10,10,33,33,25,24,47,43,69,61,36,3,3],"gold":121,"neow_bonus":"TEN_PERCENT_HP_BONUS","is_daily":false,"chose_seed":false,"campfire_upgraded":1,"win_rate":0.0,"timestamp":1611242038,"path_taken":["M","M","?","M","?","R","M","E","T","?","R","$","M","?","R","BOSS","M","?","?"],"items_purchased_type":["Card"],"build_version":"2020-12-22","purchased_purges":1,"victory":false,"max_hp_per_floor":[72,72,77,77,77,77,77,77,77,77,77,77,77,77,77,77,77,77,77,77,77],"card_choices":[{"not_picked":["Sucker Punch","Flying Knee","Distraction"],"picked":"SKIP","floor":1.0},{"not_picked":["Terror","Sucker Punch"],"picked":"All Out Attack","floor":2.0},{"not_picked":["Outmaneuver","Sucker Punch","Accuracy"],"picked":"SKIP","floor":4.0},{"not_picked":["Blur","PiercingWail"],"picked":"Poisoned Stab","floor":7.0},{"not_picked":["Deflect","Backflip"],"picked":"Quick Slash","floor":8.0},{"not_picked":["Predator","Underhanded Strike"],"picked":"Blur+1","floor":13.0},{"not_picked":["Heel Hook","Flying Knee"],"picked":"Malaise+1","floor":14.0},{"not_picked":["Die Die Die","Tools of the Trade"],"picked":"Burst+1","floor":16.0},{"not_picked":["Terror+1","Outmaneuver+1"],"picked":"Reflex+1","floor":18.0},{"not_picked":["Choke","Blade Dance+1","Slice"],"picked":"SKIP","floor":19.0}],"player_experience":599576,"relics_obtained":[{"floor":8.0,"key":"Darkstone Periapt"},{"floor":9.0,"key":"Toxic Egg 2"}],"event_choices":[{"damage_healed":0.0,"max_hp_gain":5.0,"max_hp_loss":0.0,"gold_gain":0.0,"event_name":"Big Fish","player_choice":"Donut","floor":3.0,"gold_loss":0.0,"damage_taken":0.0},{"damage_healed":0.0,"max_hp_gain":0.0,"max_hp_loss":0.0,"gold_gain":75.0,"event_name":"World of Goop","player_choice":"Gather Gold","floor":5.0,"gold_loss":0.0,"damage_taken":11.0},{"cards_removed":["Strike_G"],"damage_healed":0.0,"max_hp_gain":0.0,"max_hp_loss":0.0,"gold_gain":0.0,"event_name":"The Cleric","player_choice":"Card Removal","floor":10.0,"gold_loss":75.0,"damage_taken":0.0},{"damage_healed":0,"gold_gain":0,"player_choice":"Fought Bandits","damage_taken":0,"max_hp_gain":0,"max_hp_loss":0,"event_name":"Masked Bandits","floor":20,"gold_loss":0}],"is_beta":false,"boss_relics":[{"not_picked":["Fusion Hammer","Ring of the Serpent"],"picked":"SlaversCollar"}],"items_purged_floors":[12],"is_endless":false,"potions_floor_spawned":[2,4,13,16,19],"killed_by":"Masked Bandits","ascension_level":20}}