{"host":"2n2g1vowfllvjtvi","time":1611225758,"event":{"mods":["AchievementEnabler","BaseMod","Custom Start","GifTheSpireLib","Keyboard Shortcuts","Minty Spire (QoL Compilation)","Quick Restart","Rare Cards Sparkle","StSLib","SuperFastMode"],"gold_per_floor":[361,12,12,12,27,27,55,55,55,90,90,90,102,113,113,215,215,234,234,252,271,171,201,0,0,54,73,104,104,134,153,153,248,248,258,168,178,194,44,375,375,408,435,455,489,489,508,521,521,521,521,521,52,86,86],"floor_reached":56,"language":"KOR","playtime":1187,"items_purged":["Strike_R","Strike_R","Strike_R","Clash+1","Carnage+1"],"score":1782,"play_id":"5fe27b02-aa17-4bb3-8bfd-35853caafc1e","local_time":"20210121194238","is_ascension_mode":true,"campfire_choices":[{"data":"Apotheosis","floor":6.0,"key":"SMITH"},{"data":"Feel No Pain","floor":8.0,"key":"SMITH"},{"data":"Shockwave","floor":12.0,"key":"SMITH"},{"floor":15.0,"key":"REST"},{"data":"Evolve","floor":25.0,"key":"SMITH"},{"data":"Dark Embrace","floor":29.0,"key":"SMITH"},{"data":"Impervious","floor":32.0,"key":"SMITH"},{"floor":41.0,"key":"REST"},{"floor":49.0,"key":"RECALL"},{"floor":52.0,"key":"REST"}],"circlet_count":0,"master_deck":["Defend_R","Defend_R+1","Defend_R","Defend_R","Bash","Shockwave+1","Apotheosis+1","Second Wind","Feel No Pain+1","Body Slam+1","Shrug It Off","Impervious+1","Power Through+1","Dark Embrace+1","Evolve+1"],"relics":["Burning Blood","Oddly Smooth Stone","Letter Opener","Vajra","Sozu","Bag of Marbles","Happy Flower","Paper Frog","Blood Vial","Busted Crown","Old Coin","Champion Belt","Sling","Nunchaku","War Paint"],"acts_visited":["Exordium","TheCity","TheBeyond","TheEnding"],"potions_floor_usage":[],"damage_taken":[{"damage":4.0,"enemies":"2 Louse","floor":1.0,"turns":3.0},{"damage":4.0,"enemies":"Jaw Worm","floor":5.0,"turns":4.0},{"damage":23.0,"enemies":"Gremlin Nob","floor":7.0,"turns":4.0},{"damage":22.0,"enemies":"3 Sentries","floor":10.0,"turns":12.0},{"damage":0.0,"enemies":"Small Slimes","floor":13.0,"turns":3.0},{"damage":2.0,"enemies":"Gremlin Gang","floor":14.0,"turns":2.0},{"damage":23.0,"enemies":"The Guardian","floor":16.0,"turns":8.0},{"damage":0.0,"enemies":"3 Byrds","floor":18.0,"turns":6.0},{"damage":19.0,"enemies":"Spheric Guardian","floor":20.0,"turns":4.0},{"damage":0.0,"enemies":"Shelled Parasite and Fungi","floor":21.0,"turns":4.0},{"damage":13.0,"enemies":"Slavers","floor":23.0,"turns":5.0},{"damage":6.0,"enemies":"Snake Plant","floor":27.0,"turns":3.0},{"damage":18.0,"enemies":"Book of Stabbing","floor":28.0,"turns":4.0},{"damage":0.0,"enemies":"Gremlin Leader","floor":30.0,"turns":5.0},{"damage":0.0,"enemies":"Chosen and Byrds","floor":31.0,"turns":5.0},{"damage":0.0,"enemies":"Champ","floor":33.0,"turns":6.0},{"damage":9.0,"enemies":"3 Darklings","floor":35.0,"turns":4.0},{"damage":3.0,"enemies":"3 Shapes","floor":37.0,"turns":5.0},{"damage":21.0,"enemies":"Jaw Worm Horde","floor":38.0,"turns":4.0},{"damage":16.0,"enemies":"Reptomancer","floor":40.0,"turns":5.0},{"damage":0.0,"enemies":"Giant Head","floor":42.0,"turns":4.0},{"damage":0.0,"enemies":"Transient","floor":44.0,"turns":5.0},{"damage":33.0,"enemies":"Nemesis","floor":45.0,"turns":3.0},{"damage":0.0,"enemies":"Sphere and 2 Shapes","floor":47.0,"turns":5.0},{"damage":0.0,"enemies":"Writhing Mass","floor":48.0,"turns":3.0},{"damage":0.0,"enemies":"Time Eater","floor":50.0,"turns":5.0},{"damage":0.0,"enemies":"Shield and Spear","floor":54.0,"turns":4.0},{"damage":22,"enemies":"The Heart","floor":55,"turns":6}],"seed_played":"-1492084483982894105","potions_obtained":[{"floor":7.0,"key":"Explosive Potion"},{"floor":10.0,"key":"LiquidBronze"},{"floor":13.0,"key":"FairyPotion"},{"floor":14.0,"key":"EssenceOfSteel"},{"floor":16.0,"key":"FairyPotion"}],"is_trial":false,"path_per_floor":["M","$","?","$","M","R","E","R","T","E","?","R","M","M","R","B",null,"M","?","M","M","$","E","$","R","T","M","E","R","E","M","R","B",null,"M","?","M","M","$","E","R","E","T","M","E","?","M","M","R","B",null,"R","$","E","B",null],"character_chosen":"IRONCLAD","items_purchased":["Apotheosis","Second Wind","Feel No Pain","Evolve","Sling","Nunchaku"],"campfire_rested":3,"item_purchase_floors":[2,2,2,24,53,53],"current_hp_per_floor":[58,58,58,58,60,60,43,43,43,27,27,27,33,37,61,44,80,80,80,67,73,73,66,66,66,66,66,54,54,60,68,68,76,80,77,77,80,65,65,57,80,80,80,80,53,53,61,69,69,77,80,80,80,80,64],"gold":86,"neow_bonus":"TWO_FIFTY_GOLD","is_daily":false,"chose_seed":false,"campfire_upgraded":6,"win_rate":0.0,"timestamp":1611225758,"path_taken":["M","$","?","?","M","R","E","R","T","E","?","R","M","M","R","BOSS","M","?","M","?","$","E","$","R","T","M","E","R","E","M","R","BOSS","M","?","M","M","$","E","R","E","T","M","E","?","?","M","R","BOSS","R","$","E","BOSS"],"items_purchased_type":["Card","Card","Card","Card","Relic","Relic"],"build_version":"2020-12-22","purchased_purges":5,"victory":true,"max_hp_per_floor":[80,80,80,80,80,80,80,80,80,80,80,80,80,80,80,80,80,80,80,80,80,80,80,80,80,80,80,80,80,80,80,80,80,80,80,80,80,80,80,80,80,80,80,80,80,80,80,80,80,80,80,80,80,80,80],"card_choices":[{"not_picked":["Clothesline","Flex"],"picked":"Shockwave","floor":1.0},{"not_picked":["Thunderclap","Intimidate"],"picked":"Clash","floor":5.0},{"not_picked":["Clothesline","Iron Wave","Heavy Blade"],"picked":"SKIP","floor":7.0},{"not_picked":["Reaper","Intimidate"],"picked":"Body Slam","floor":10.0},{"not_picked":["Combust","Clothesline"],"picked":"Wild Strike","floor":13.0},{"not_picked":["Armaments","Heavy Blade"],"picked":"Shrug It Off","floor":14.0},{"not_picked":["Feed","Bludgeon"],"picked":"Impervious","floor":16.0},{"not_picked":["Reckless Charge","Blood for Blood"],"picked":"Carnage+1","floor":18.0},{"not_picked":["Havoc","Hemokinesis"],"picked":"Power Through","floor":20.0},{"not_picked":["Pommel Strike","Carnage"],"picked":"Dark Embrace","floor":21.0},{"not_picked":["Combust","Warcry","Perfected Strike+1"],"picked":"SKIP","floor":23.0},{"not_picked":["Perfected Strike","Inflame","Limit Break"],"picked":"SKIP","floor":27.0},{"not_picked":["Twin Strike","Battle Trance","Dropkick"],"picked":"SKIP","floor":28.0},{"not_picked":["Feel No Pain","Clash","Metallicize"],"picked":"SKIP","floor":30.0},{"not_picked":["Searing Blow","Ghostly Armor","Dark Embrace+1"],"picked":"SKIP","floor":31.0},{"not_picked":["Anger"],"picked":"SKIP","floor":35.0},{"not_picked":["Thunderclap"],"picked":"SKIP","floor":37.0},{"not_picked":["Second Wind+1"],"picked":"SKIP","floor":38.0},{"not_picked":["Uppercut"],"picked":"SKIP","floor":40.0},{"not_picked":["Sword Boomerang"],"picked":"SKIP","floor":42.0},{"not_picked":["Uppercut"],"picked":"SKIP","floor":44.0},{"not_picked":["Perfected Strike+1"],"picked":"SKIP","floor":45.0},{"not_picked":["Power Through+1"],"picked":"SKIP","floor":47.0},{"not_picked":["Burning Pact+1"],"picked":"SKIP","floor":48.0},{"not_picked":["Rupture"],"picked":"SKIP","floor":54.0}],"player_experience":220845,"relics_obtained":[{"floor":7.0,"key":"Oddly Smooth Stone"},{"floor":9.0,"key":"Letter Opener"},{"floor":10.0,"key":"Vajra"},{"floor":23.0,"key":"Bag of Marbles"},{"floor":26.0,"key":"Happy Flower"},{"floor":28.0,"key":"Paper Frog"},{"floor":30.0,"key":"Blood Vial"},{"floor":40.0,"key":"Old Coin"},{"floor":42.0,"key":"Champion Belt"},{"floor":54.0,"key":"War Paint"}],"event_choices":[{"damage_healed":0.0,"max_hp_gain":0.0,"max_hp_loss":0.0,"gold_gain":0.0,"event_name":"Shining Light","player_choice":"Ignored","floor":3.0,"gold_loss":0.0,"damage_taken":0.0},{"cards_removed":["Strike_R"],"damage_healed":0.0,"max_hp_gain":0.0,"max_hp_loss":0.0,"gold_gain":0.0,"event_name":"Living Wall","player_choice":"Forget","floor":11.0,"gold_loss":0.0,"damage_taken":0.0},{"cards_removed":["Wild Strike"],"damage_healed":5.0,"max_hp_gain":0.0,"max_hp_loss":0.0,"gold_gain":0.0,"event_name":"Bonfire Elementals","player_choice":"Offered Common","floor":19.0,"gold_loss":0.0,"damage_taken":0.0},{"cards_removed":["Wild Strike"],"damage_healed":5.0,"max_hp_gain":0.0,"max_hp_loss":0.0,"gold_gain":0.0,"event_name":"Bonfire Elementals","player_choice":"Offered Special","floor":19.0,"gold_loss":0.0,"damage_taken":0.0},{"cards_removed":["Strike_R"],"damage_healed":0.0,"max_hp_gain":0.0,"max_hp_loss":0.0,"gold_gain":0.0,"event_name":"Designer","player_choice":"Upgrade and Remove","floor":36.0,"gold_loss":90.0,"damage_taken":0.0,"cards_upgraded":["Clash"]},{"damage_healed":0.0,"max_hp_gain":0.0,"max_hp_loss":0.0,"gold_gain":0.0,"event_name":"Upgrade Shrine","player_choice":"Upgraded","floor":46.0,"gold_loss":0.0,"damage_taken":0.0,"cards_upgraded":["Body Slam"]}],"is_beta":false,"boss_relics":[{"not_picked":["Calling Bell","Philosopher\u0027s Stone"],"picked":"Sozu"},{"not_picked":["Tiny House","Runic Cube"],"picked":"Busted Crown"}],"items_purged_floors":[2,22,24,39,53],"is_endless":false,"potions_floor_spawned":[7,10,13,14,16,20,27,28,33,35,44,45,47,54],"ascension_level":3}}