{"host":"¿à÷økuyou","time":1611239361,"event":{"mods":["ATMod(°¢èªMod)","Act Like it!","BaseMod","BetterRewards","Minty Spire (QoL Compilation)","Quick Restart","RyuuouÁúÍõ","StSLib"],"gold_per_floor":[114,64,64,64,64,64,83,102,127,177,228,415,427,477,489,626,638,669,681,681],"floor_reached":19,"language":"ZHS","playtime":685,"items_purged":[],"score":275,"play_id":"035a1c6d-0049-409c-b16f-76c5f3323c05","local_time":"20210121222921","daily_mods":["Chimera","Hoarder","Binary"],"is_ascension_mode":false,"campfire_choices":[{"data":"AT_FamilyPortrait","floor":6,"key":"SMITH"},{"data":"AT_FamilyPortrait","floor":13,"key":"SMITH"},{"data":"AT_FamilyPortrait","floor":15,"key":"SMITH"}],"circlet_count":0,"master_deck":["Bash","Survivor","Zap","Strike_R","Strike_G","Strike_B","Defend_R","Defend_G","Defend_P","AT_FamilyPortrait+1","AT_FamilyPortrait+1","AT_FamilyPortrait+1","AT_DiedThrough","AT_DiedThrough","AT_DiedThrough","Regret","Regret","Regret","Second Wind","Second Wind","Second Wind","Doubt","Doubt","Doubt","Immolate","Immolate","Immolate"],"relics":["Burning Blood","AT_ATBox","Pen Nib","Golden Idol","MawBank","Juzu Bracelet","Blue Candle","Sozu"],"acts_visited":["Exordium","TheCity"],"potions_floor_usage":[16],"damage_taken":[{"damage":0,"enemies":"Jaw Worm","floor":1,"turns":4},{"damage":0,"enemies":"Small Slimes","floor":7,"turns":1},{"damage":0,"enemies":"2 Louse","floor":8,"turns":2},{"damage":11,"enemies":"Gremlin Nob","floor":10,"turns":3},{"damage":4,"enemies":"2 Fungi Beasts","floor":11,"turns":3},{"damage":25,"enemies":"3 Sentries","floor":14,"turns":4},{"damage":47,"enemies":"Slime Boss","floor":16,"turns":9},{"damage":11,"enemies":"3 Byrds","floor":18,"turns":3},{"damage":28,"enemies":"Shell Parasite","floor":19,"turns":5}],"seed_played":"811174962971598332","potions_obtained":[{"floor":1,"key":"Weak Potion"},{"floor":11,"key":"BlessingOfTheForge"}],"is_trial":false,"path_per_floor":["M","?","?","$","?","R","M","M","T","E","M","?","R","E","R","B",null,"M","M"],"character_chosen":"IRONCLAD","items_purchased":[],"campfire_rested":0,"item_purchase_floors":[],"current_hp_per_floor":[80,80,80,80,60,60,69,75,75,70,72,72,72,53,53,12,83,78,50,50],"gold":681,"neow_bonus":"","is_daily":true,"chose_seed":false,"campfire_upgraded":3,"win_rate":0.0,"timestamp":1611239361,"path_taken":["M","?","?","$","?","R","M","M","T","E","M","?","R","E","R","BOSS","M","M"],"items_purchased_type":[],"build_version":"2020-12-18","purchased_purges":0,"victory":false,"max_hp_per_floor":[80,80,80,80,80,80,83,83,83,83,83,83,83,83,83,83,83,83,83,83],"card_choices":[{"not_picked":["AT_IchimonjiDouble"],"picked":"AT_DiedThrough","floor":1},{"not_picked":["Pommel Strike"],"picked":"Second Wind","floor":7},{"not_picked":["Clothesline","Sever Soul"],"picked":"SKIP","floor":8},{"not_picked":["Headbutt","Cleave"],"picked":"SKIP","floor":10},{"not_picked":["Shrug It Off","Warcry"],"picked":"SKIP","floor":11},{"not_picked":["Sword Boomerang","True Grit"],"picked":"SKIP","floor":14},{"not_picked":["Impervious"],"picked":"Immolate","floor":16},{"not_picked":["Shrug It Off","Heavy Blade+1"],"picked":"SKIP","floor":18}],"player_experience":173185,"relics_obtained":[{"floor":9,"key":"MawBank"},{"floor":10,"key":"Juzu Bracelet"},{"floor":14,"key":"Blue Candle"}],"event_choices":[{"cards_removed":["Eruption"],"damage_healed":0,"gold_gain":0,"player_choice":"Card Removal","damage_taken":0,"max_hp_gain":0,"max_hp_loss":0,"event_name":"The Cleric","floor":2,"gold_loss":50},{"damage_healed":0,"gold_gain":0,"player_choice":"Box","damage_taken":0,"relics_obtained":["Pen Nib"],"max_hp_gain":0,"max_hp_loss":0,"event_name":"Big Fish","floor":3,"gold_loss":0,"cards_obtained":["Regret"]},{"damage_healed":0,"gold_gain":0,"player_choice":"Take Damage","damage_taken":20,"relics_obtained":["Golden Idol"],"max_hp_gain":0,"max_hp_loss":0,"event_name":"Golden Idol","floor":5,"gold_loss":0},{"damage_healed":0,"gold_gain":175,"player_choice":"AGREE","damage_taken":0,"max_hp_gain":0,"max_hp_loss":0,"event_name":"Liars Game","floor":12,"gold_loss":0,"cards_obtained":["Doubt"]}],"is_beta":true,"boss_relics":[{"not_picked":["SlaversCollar","Philosopher\u0027s Stone"],"picked":"Sozu"}],"items_purged_floors":[],"is_endless":false,"potions_floor_spawned":[1,11],"killed_by":"Shell Parasite","ascension_level":0}}