{"host":"yncvxcxtq9dkce9q","time":1611192936,"event":{"mods":["ATMod(°¢èªMod)","AchievementEnabler","Act Like it!","Arknights The Spire","Ascension Reborn","Aspiration","Bard","BaseMod","BetterRewards","ChefMod","Colored Powertips","Conspire","Custom Start","Defuse TimeMaze Blight","Dota2Spire","Energized Spire","Friendly Minions","Gensokyo","GifTheSpireLib","Gremlin Mod","Halation","Hermit","Hubris","Infinite Spire","Jedi Mod","KomeijiMod","Lobotomy","LobotomyExtend","Marisa£¨ìFÓê¡¡Ä§ÀíÉ³£©","Marked Mod","Minty Spire (QoL Compilation)","MostiFishMod","Pale of the Ancients","Potionbrewer","Rare Cards Sparkle","Reimu£¨²©ÀöÁéÃÎ£©","Relic Sorter","Replay The Spire","RumiaBox-Â¶Ã×æ«µÄÉñÃØºÐ×Ó","Shop Mod","Spicy Shops","StSLib","Stuff the Spire","TestMod","The Administrix","The Blue Laboratory","The Construct","The Gatherer","The Hayseed","The Jungle","The Marked","The Runesmith","The Servant 0.9.4","Waifu the Spire","Wandering Minibosses","Yakumo Yukari mod","Youmu£¨»êÆÇÑýÃÎ£©","[GremlinLeader]The Maniac","noobMod","vexMod","¡¾¹¦ÄÜMod¡¿»ìãçÖ®»·ÐÞ¸´²¹¶¡","¡¾ÒÅÎï¿¨ÅÆ¡¿REMEMod"],"gold_per_floor":[118,131,131,131,150,150,182,94,119,119,136,151,366,393,393,493,493,454,471,471,471,521,521,521,110,188,157,468,468,0,81,81,179,179,195,195,195,206,225,257,257,18,41,41,55,87,1086,1100,977,977,977,977,977,653,729,801],"floor_reached":57,"language":"ZHS","playtime":6717,"items_purged":["Defend_Komeiji","Defend_Komeiji+1","Defend_Komeiji+1"],"score":1640,"play_id":"e661cf4e-5153-4939-9696-040fe561b397","local_time":"20210121093536","is_ascension_mode":true,"campfire_choices":[{"data":"HagoromoKu","floor":6.0,"key":"SMITH"},{"data":"MunenMusou","floor":10.0,"key":"SMITH"},{"data":"SeekerWire+1","floor":15.0,"key":"SWEEP"},{"floor":24.0,"key":"RECALL"},{"data":"HelanNingyou","floor":29.0,"key":"SMITH"},{"data":"ArtfulChanter","floor":41.0,"key":"SMITH"},{"data":"infinitespire:Fortify","floor":53,"key":"SMITH"}],"circlet_count":0,"master_deck":["Strike_Komeiji+1","Strike_Komeiji+1","Defend_Komeiji+1","Dash_Komeiji+1","MunenMusou+1","Agarareta+1","NingyouSousou+1","HagoromoKu+1","NingyouSousou+1","GasuOrimono+1","NingyouSousou+1","SenseofElegance+2","MiraiBunraku+1","SeekerWire+1","TerribleSouvenir+1","HagoromoKu","infinitespire:Fortify+1","infinitespire:Gouge","HelanNingyou+1","LittleLegion","Agarareta+1","Injury","LunaticRedEyes+1","NingyouKasou+1","ArtfulChanter+1","SeekerWire+1","Gensokyo:SevenSchoolMysteries+1"],"relics":["KomeijisEye","Replay:Accelerometer","testmod-CardMagician","Gensokyo:Companionship","MusicBox","testmod-TestBox","ice","DaveBox","REME_ComplimentaryCards","AT_ATBox","testmod-AssaultLearning","BionicSphere","SynthV:TestCard","LetterFromLob","Dota2Spire:AghanimScepter","CrystalOfMemory","Dota2Spire:ArmletOfMordiggian","hubris:Towel","HaiYi:Twilight","hubris:MobiusCoin","HonorFeather","LaetitiaHeart","MetatronsCube","Civilization","vexMod:InvisibilityCloak","Dota2Spire:Vanguard","Frozen Egg 2","PreservedInsect","Ring of Panic","Ring of Fury","Dota2Spire:OctarineCore","testmod-LifeArmor","halation:Prosthetics","Omamori","Nunchaku","aspiration:AnachronicSnailShell","GoodDreamPillow","MerchantsRug","halation:IllGainedPizza"],"acts_visited":["Exordium","Gensokyo:Gensokyo","Gensokyo:Gensokyoer","TheEnding"],"potions_floor_usage":[],"damage_taken":[{"damage":0.0,"enemies":"Gensokyo:Gryphon","floor":1.0,"turns":5.0},{"damage":0.0,"enemies":"Gensokyo:Python","floor":2.0,"turns":5.0},{"damage":0.0,"enemies":"Gensokyo:3_Fairies","floor":5.0,"turns":6.0},{"damage":0.0,"enemies":"Gensokyo:Mamizou","floor":7.0,"turns":6.0},{"damage":0.0,"enemies":"Gensokyo:LivingMonolith","floor":11.0,"turns":7.0},{"damage":0.0,"enemies":"Gensokyo:CorruptedTreant","floor":12.0,"turns":7.0},{"damage":0.0,"enemies":"Gensokyo:VengefulSpirit","floor":13.0,"turns":6.0},{"damage":0.0,"enemies":"Gensokyo:Cirno","floor":14.0,"turns":6.0},{"damage":0.0,"enemies":"Gensokyo:Yukari","floor":16.0,"turns":10.0},{"damage":0.0,"enemies":"Gensokyo:Chomper","floor":18.0,"turns":6.0},{"damage":0.0,"enemies":"Gensokyo:AngelMirror","floor":19.0,"turns":6.0},{"damage":0.0,"enemies":"Gensokyo:Koishi","floor":23.0,"turns":6.0},{"damage":0.0,"enemies":"Gensokyo:Koishi","floor":23.0,"turns":4.0},{"damage":0.0,"enemies":"Gensokyo:Koishi","floor":23.0,"turns":2.0},{"damage":0.0,"enemies":"Gensokyo:Monolith_and_Dog","floor":27.0,"turns":8.0},{"damage":0.0,"enemies":"Gensokyo:Slime_Group","floor":28.0,"turns":7.0},{"damage":0.0,"enemies":"Gensokyo:Koishi","floor":31.0,"turns":5.0},{"damage":0.0,"enemies":"Gensokyo:Eternal_Rivals","floor":33.0,"turns":9.0},{"damage":0.0,"enemies":"Gensokyo:3_Boulders","floor":35.0,"turns":6.0},{"damage":0.0,"enemies":"Gensokyo:3_Bats","floor":38.0,"turns":2.0},{"damage":0.0,"enemies":"Gensokyo:Dusk_and_Dawn","floor":39.0,"turns":4.0},{"damage":0.0,"enemies":"Gensokyo:Kasen","floor":40.0,"turns":6.0},{"damage":0.0,"enemies":"Gensokyo:AtlasGolem","floor":45.0,"turns":4.0},{"damage":0.0,"enemies":"Gensokyo:Marisa","floor":46.0,"turns":5.0},{"damage":0.0,"enemies":"Gensokyo:3_Boulders","floor":48.0,"turns":5.0},{"damage":0.0,"enemies":"Gensokyo:Yuyuko","floor":50.0,"turns":4.0},{"damage":7,"enemies":"Shield and Spear","floor":55,"turns":4},{"damage":0,"enemies":"The Heart","floor":56,"turns":6}],"seed_played":"330701093117549483","potions_obtained":[{"floor":2.0,"key":"potionbrewer:SplittingPotion"},{"floor":7.0,"key":"jedi:wingpotion"},{"floor":11.0,"key":"DuplicationPotion"},{"floor":14.0,"key":"potionbrewer:BarricadePotion"},{"floor":27.0,"key":"AttackPotion"},{"floor":38.0,"key":"potionbrewer:BlacksmithPotion"},{"floor":39.0,"key":"PpointPotion"}],"is_trial":false,"path_per_floor":["M","M","?","?","M","R","E","COS","T","R","M","M","M","E","R","B",null,"M","M","?","?","AVR","E","R","COS","T","M","M","R","?","E","R","B",null,"M","?","?","M","M","E","R","COS","T","?","M","E","?","M","R","B",null,null,"R","$","E","B",null],"character_chosen":"KomeijiSatori","items_purchased":["MerchantsRug"],"campfire_rested":0,"item_purchase_floors":[54],"current_hp_per_floor":[50,50,50,50,50,50,50,50,50,50,50,50,50,50,50,50,50,50,50,50,50,50,50,50,50,50,52,56,56,56,61,61,66,66,71,43,43,48,53,58,86,86,86,30,35,40,40,45,45,45,45,50,50,50,48,53],"gold":801,"neow_bonus":"REMOVE_CARD","is_daily":false,"chose_seed":false,"campfire_upgraded":5,"win_rate":0.0,"timestamp":1611192936,"path_taken":["M","M","?","?","M","R","E","COS","T","R","M","M","M","E","R","BOSS","M","M","?","?","AVR","E","R","COS","T","M","?","R","?","E","R","BOSS","M","?","?","M","M","E","R","COS","T","?","?","E","?","M","R","BOSS","R","$","E","BOSS"],"items_purchased_type":["Relic"],"build_version":"2020-12-22","purchased_purges":3,"victory":true,"max_hp_per_floor":[50,50,50,50,50,50,50,50,50,50,50,50,50,50,50,50,50,50,50,50,50,50,50,50,50,50,52,56,56,56,61,61,66,66,71,71,71,76,81,86,86,86,86,30,35,40,40,45,45,50,50,50,50,50,55,60],"card_choices":[{"not_picked":["RikonNoKama+1","NingyouMusou+1","SenyouGoraku+1"],"picked":"SKIP","floor":1.0},{"not_picked":["Melting","KinbakuJin+1","NingyouSousou+1","NingyouFukuhei+1"],"picked":"Agarareta+1","floor":2.0},{"not_picked":["NingyouSP+1","OoedoNingyou+1","RikonNoKama+1","SatsujinDooru"],"picked":"NingyouSousou+1","floor":3.0},{"not_picked":["GroundStardust+1","OoedoNingyou+1","LunaDial","KokorosuKi+1"],"picked":"HagoromoKu","floor":3.0},{"not_picked":["MusuNoYume","KeiseiJin+1","RikonNoKama+1","YoukiSo+1"],"picked":"NingyouSousou+1","floor":5.0},{"not_picked":["NarrowSpark","KeiseiJin+1","KimairaNoYoku","MakuraSeki"],"picked":"GasuOrimono","floor":7.0},{"not_picked":["KeiseiJin+1","HagoromoMizu","DemonsDinnerFork","NarrowSpark"],"picked":"NingyouSousou+1","floor":11.0},{"not_picked":["MusuNoYume","SeekerDolls","SatsujinDooru","KoKei+1"],"picked":"NingyouShinki+1","floor":12.0},{"not_picked":["SenyouGoraku+1","MissingPower","NingyouMusou+1","DochyakuKami+1"],"picked":"SenseofElegance","floor":13.0},{"not_picked":["SeekerDolls","ShyakuBuku","VampireKiss","DochyakuKami+1"],"picked":"MiraiBunraku","floor":14.0},{"not_picked":["AbyssNova","EverywhereHibernate","MunenMusou","WumiGaWareru"],"picked":"TerribleSouvenir","floor":16.0},{"not_picked":["GroundStardust+1","NingyouSousou+1","KinbakuJin+1","NingyouShinki+1","DemonsDinnerFork"],"picked":"SKIP","floor":18.0},{"not_picked":["KokorosuKi+1","DemonsDinnerFork","HagoromoMizu","NingyouSP+1"],"picked":"HagoromoKu","floor":19.0},{"not_picked":["Sabishigari+1","GroundStardust+1","KimairaNoYoku","ArtfulChanter"],"picked":"HelanNingyou","floor":27.0},{"not_picked":["SenyouGoraku+1","SelfTokamak","SenseofElegance","NingyouShinki+1"],"picked":"LittleLegion","floor":28.0},{"not_picked":["NingyouKisou+1","DochyakuKami+1","Mishyaguji+1","InscribeRedSoul"],"picked":"Agarareta+1","floor":31.0},{"not_picked":["MunenMusou+1","YuumeiNoKurin+1","JigokuNoTaiyou","TerribleSouvenir"],"picked":"LunaticRedEyes+1","floor":33.0},{"not_picked":["HenyouMirume+1","NingyouOkisou+1","MissingPower","NingyouMusou+1"],"picked":"NingyouKasou+1","floor":35.0},{"not_picked":["NingyouSousou+1","KeiseiJin+1","HisouNoKen+1","NingyouShinki+1","MusuNoYume"],"picked":"SKIP","floor":38.0},{"not_picked":["JyouchiJin+1","ShyakuBuku+1","WumiGaWareru","EnMu+1","YoukiSo+1"],"picked":"SKIP","floor":39.0},{"not_picked":["SelfTokamak+1","SeishiRoten+1","LittleLegion+1","Mishyaguji+1"],"picked":"SeekerWire+1","floor":40.0},{"not_picked":["HagoromoMizu+1","NingyouKasou+1","VampireKiss","ShyakuBuku","SeekerWire+1"],"picked":"SKIP","floor":45.0},{"not_picked":["Agarareta+1","NingyouMusou+1","YoukiSo+1","RoshinSou+1","JyouchiJin+1"],"picked":"SKIP","floor":46.0},{"not_picked":["Sabishigari+1","SenseofElegance+1","JyouchiJin+1","NingyouOkisou+1","ShyakuBuku+1"],"picked":"SKIP","floor":48.0},{"not_picked":["Melting","JyouchiJin+1","DochyakuKami+1","NingyouSP+1","InscribeRedSoul"],"picked":"SKIP","floor":55}],"player_experience":424789,"relics_obtained":[{"floor":1.0,"key":"SynthV:TestCard"},{"floor":1.0,"key":"LetterFromLob"},{"floor":7.0,"key":"Dota2Spire:AghanimScepter"},{"floor":7.0,"key":"CrystalOfMemory"},{"floor":14.0,"key":"Dota2Spire:ArmletOfMordiggian"},{"floor":26.0,"key":"vexMod:InvisibilityCloak"},{"floor":31.0,"key":"PreservedInsect"},{"floor":32.0,"key":"Ring of Panic"},{"floor":32.0,"key":"Ring of Fury"},{"floor":40.0,"key":"Replay:Accelerometer"},{"floor":43.0,"key":"testmod-LifeArmor"},{"floor":46.0,"key":"Nunchaku"},{"floor":55,"key":"halation:IllGainedPizza"}],"event_choices":[{"damage_healed":0.0,"max_hp_gain":0.0,"max_hp_loss":0.0,"gold_gain":999.0,"event_name":"¶÷ÂåË¹µÄÅÌ×Ó","player_choice":"Sell","floor":47.0,"relics_lost":["vexMod:ImprovementManual"],"gold_loss":0.0,"damage_taken":0.0}],"is_beta":false,"boss_relics":[{"not_picked":["aspiration:RitualDagger","aspiration:FutureDiary"],"picked":"vexMod:ImprovementManual"},{"not_picked":["energizedSpire:SpiderWeb","energizedSpire:NeverEndingSparkler"],"picked":"testmod-CardMagician"}],"items_purged_floors":[22,54,54],"is_endless":false,"potions_floor_spawned":[2,7,11,13,14,23,27,28,31,38,39,48],"ascension_level":0}}