{"host":"xofguaajdv1n6kut","time":1611244717,"event":{"mods":["AchievementEnabler","AlwaysNeverKeys","BaseMod","Better Altar","Better Match","Better Note","Better Sensory Stone","Better Skull","Better Third Choice","Better Vampires","BetterRewards","Colored Map","Colored Powertips","Custom Start","Downfall","Googly Eyes","Hermit","Highlight Path","Marisa????????","Minty Spire (QoL Compilation)","Relic Stats","StSLib","SuperFastMode"],"gold_per_floor":[114,134,134,147,160,192,192,204,204,204,224,236,236,300,300,400,400,420,420,410,428,428,428],"floor_reached":22,"language":"RUS","playtime":1254,"items_purged":[],"score":190,"play_id":"3ddcdaaf-aebc-4f6a-a3d0-f3ebf7dc9931","local_time":"20210121185837","is_ascension_mode":false,"campfire_choices":[{"floor":7,"key":"REST"},{"floor":10,"key":"REST"},{"floor":13,"key":"REST"},{"floor":15,"key":"REST"}],"circlet_count":0,"master_deck":["Strike_MRS","Strike_MRS","Strike_MRS","Strike_MRS","Defend_MRS","Defend_MRS","Defend_MRS","Defend_MRS","MasterSpark","UpSweep","DragonMeteor","GasGiant","DoubleSpark","DoubleSpark","MysteriousBeam","CasketOfStar","ChargeUpSpray","DarkMatter","SatelliteIllusion","CurseOfTheBell","MilkyWay","MilkyWay+1","6A"],"relics":["MiniHakkero","NeowsBlessing","Toy Ornithopter","BreadOfAWashokuLover","Calling Bell","Pen Nib","AmplifyWand","Girya"],"acts_visited":["Exordium","TheCity"],"potions_floor_usage":[6,11,16,20,20,22],"damage_taken":[{"damage":0,"enemies":"Cultist","floor":1,"turns":1},{"damage":0,"enemies":"Small Slimes","floor":2,"turns":1},{"damage":0,"enemies":"2 Louse","floor":4,"turns":1},{"damage":10,"enemies":"Looter","floor":5,"turns":3},{"damage":46,"enemies":"Lagavulin","floor":6,"turns":11},{"damage":13,"enemies":"Lots of Slimes","floor":8,"turns":5},{"damage":29,"enemies":"Gremlin Gang","floor":11,"turns":4},{"damage":5,"enemies":"Large Slime","floor":12,"turns":4},{"damage":59,"enemies":"The Guardian","floor":16,"turns":8},{"damage":15,"enemies":"Shell Parasite","floor":18,"turns":6},{"damage":18,"enemies":"2 Thieves","floor":20,"turns":4},{"damage":45,"enemies":"Chosen and Byrds","floor":21,"turns":7},{"damage":5,"enemies":"Sentry and Sphere","floor":22,"turns":3}],"seed_played":"3651194465509125594","potions_obtained":[{"floor":5,"key":"bronze:BurnAndBuffPotion"},{"floor":8,"key":"SneckoOil"},{"floor":12,"key":"SteroidPotion"},{"floor":19,"key":"ColorlessPotion"},{"floor":19,"key":"FearPotion"},{"floor":19,"key":"bronze:BurnAndBuffPotion"},{"floor":21,"key":"Swift Potion"}],"is_trial":false,"path_per_floor":["M","M","?","M","M","E","R","M","T","R","M","M","R","?","R","B",null,"M","?","M","M","M"],"character_chosen":"MARISA","items_purchased":[],"campfire_rested":4,"item_purchase_floors":[],"current_hp_per_floor":[75,75,75,75,65,19,41,28,28,50,26,21,43,43,65,11,75,60,60,52,10,10,10],"gold":428,"neow_bonus":"THREE_ENEMY_KILL","is_daily":false,"chose_seed":false,"campfire_upgraded":0,"win_rate":0.0,"timestamp":1611244717,"path_taken":["M","?","?","M","M","E","R","?","T","R","M","M","R","?","R","BOSS","M","?","M","M","?"],"items_purchased_type":[],"build_version":"2020-12-22","purchased_purges":0,"victory":false,"max_hp_per_floor":[75,75,75,75,75,75,75,75,75,75,75,75,75,75,75,75,75,75,75,75,75,75,75],"relic_stats":{"counters":[13,58],"Pen Nib":[4],"obtain_stats":[{"Calling Bell":17,"AmplifyWand":17,"Girya":17,"NeowsBlessing":0,"BreadOfAWashokuLover":9,"Pen Nib":17,"MiniHakkero":0,"Toy Ornithopter":6},{"Calling Bell":9,"AmplifyWand":9,"Girya":9,"NeowsBlessing":0,"BreadOfAWashokuLover":6,"Pen Nib":9,"MiniHakkero":0,"Toy Ornithopter":5},{"Calling Bell":38,"AmplifyWand":38,"Girya":38,"NeowsBlessing":0,"BreadOfAWashokuLover":22,"Pen Nib":38,"MiniHakkero":0,"Toy Ornithopter":17}],"Toy Ornithopter":25},"card_choices":[{"not_picked":["MilkyWay","SporeBomb"],"picked":"DragonMeteor","floor":1},{"not_picked":["Acceleration","EnergyFlow"],"picked":"GasGiant","floor":2},{"not_picked":["Singularity","AsteroidBelt","DoubleSpark"],"picked":"SKIP","floor":4},{"not_picked":["Singularity","AsteroidBelt"],"picked":"DoubleSpark","floor":4},{"not_picked":["MachineGunSpark","WitchOfGreed"],"picked":"DoubleSpark","floor":5},{"not_picked":["AsteroidBelt","OpenUniverse"],"picked":"MysteriousBeam","floor":6},{"not_picked":["MagicChant","PulseMagic"],"picked":"CasketOfStar","floor":8},{"not_picked":["GasGiant","6A"],"picked":"ChargeUpSpray","floor":11},{"not_picked":["Acceleration","DC"],"picked":"DarkMatter","floor":12},{"not_picked":["FinalSpark","MaximisePower"],"picked":"SatelliteIllusion","floor":16},{"not_picked":["LuminesStrike","GrandCross"],"picked":"MilkyWay","floor":18},{"not_picked":["RefractionSpark+1","MeteoricShower"],"picked":"MilkyWay+1","floor":20},{"not_picked":["MilkyWay","DarkMatter+1"],"picked":"6A","floor":21}],"player_experience":14606,"relics_obtained":[{"floor":6,"key":"Toy Ornithopter"},{"floor":9,"key":"BreadOfAWashokuLover"},{"floor":17,"key":"Pen Nib"},{"floor":17,"key":"AmplifyWand"},{"floor":17,"key":"Girya"}],"event_choices":[{"damage_healed":0,"gold_gain":0,"player_choice":"Bought 0 Potions","damage_taken":0,"max_hp_gain":0,"max_hp_loss":0,"event_name":"The Woman in Blue","floor":3,"gold_loss":0},{"damage_healed":0,"gold_gain":64,"player_choice":"Gained Gold","damage_taken":0,"max_hp_gain":0,"max_hp_loss":0,"event_name":"Golden Wing","floor":14,"gold_loss":0},{"damage_healed":0,"gold_gain":0,"player_choice":"Got Potions","damage_taken":0,"max_hp_gain":0,"max_hp_loss":0,"event_name":"Lab","floor":19,"gold_loss":0}],"is_beta":false,"boss_relics":[{"not_picked":["Velvet Choker","SlaversCollar"],"picked":"Calling Bell"}],"items_purged_floors":[],"is_endless":false,"potions_floor_spawned":[5,8,12,21],"killed_by":"Sentry and Sphere","ascension_level":0}}