{"host":"exhp4inpfmbngj23","time":1611206038,"event":{"mods":["Abigail Mod","BaseMod","Beaked The Cultist","Downfall","Friendly Minions","Gremlin Mod","Kiyohime????","Minty Spire (QoL Compilation)","StSLib","The Alterego"],"gold_per_floor":[99,111,126,301,314,325,325,357,368,257,257,267,278,224,239,344,344,44,60,78,16,16,30,30,30,30,30,49,49,49,74,125,125,125,125],"floor_reached":33,"language":"ENG","playtime":2813,"items_purged":[],"score":301,"play_id":"cfa6dc6d-023f-4730-b0a6-839e92df8472","local_time":"20210120211358","is_ascension_mode":false,"campfire_choices":[{"floor":1,"key":"RECALL"},{"data":"bronze:GetLatest","floor":18,"key":"SMITH"},{"floor":25,"key":"REST"},{"floor":30,"key":"REST"}],"circlet_count":0,"master_deck":["bronze:Strike","bronze:Strike","bronze:Strike","bronze:Strike","bronze:Defend","bronze:Defend","bronze:Defend","bronze:Defend","bronze:Replicate","bronze:Goto","bronze:FollowUp","bronze:Separator","Doubt","bronze:BitShift","bronze:Separator","bronze:Terminator","bronze:Constructor","bronze:Frontload","bronze:GetLatest+1","bronze:Optimize","bronze:Boost","bronze:TinkerersToolbox","bronze:HyperBeam","bronze:Constructor","bronze:ForceShield","bronze:WhirlingStrike","bronze:CutThrough","bronze:DelayedGuard","bronze:DelayedSlice+1","bronze:Invalidate+1"],"relics":["bronze:BronzeCore","Turnip","SlaversCollar","downfall:HeartBlessingRed","downfall:HeartBlessingGreen","downfall:HeartBlessingBlue","downfall:KnowingSkull","Happy Flower"],"acts_visited":["Exordium","TheCity"],"potions_floor_usage":[8,9,10,14,19,21,31,31,33,33],"damage_taken":[{"damage":5,"enemies":"2 Louse","floor":2,"turns":3},{"damage":4,"enemies":"Jaw Worm","floor":3,"turns":4},{"damage":5,"enemies":"Cultist","floor":5,"turns":4},{"damage":16,"enemies":"Lots of Slimes","floor":6,"turns":4},{"damage":37,"enemies":"3 Sentries","floor":8,"turns":9},{"damage":0,"enemies":"2 Fungi Beasts","floor":9,"turns":3},{"damage":2,"enemies":"downfall:FleeingMerchant","floor":10,"turns":4},{"damage":10,"enemies":"Red Slaver","floor":12,"turns":4},{"damage":0,"enemies":"3 Louse","floor":13,"turns":4},{"damage":12,"enemies":"downfall:FleeingMerchant","floor":14,"turns":4},{"damage":15,"enemies":"Exordium Thugs","floor":15,"turns":5},{"damage":15,"enemies":"WA_ARCHETYPE_RETAIN","floor":16,"turns":8},{"damage":3,"enemies":"Shell Parasite","floor":19,"turns":6},{"damage":38,"enemies":"Chosen","floor":20,"turns":7},{"damage":0,"enemies":"downfall:FleeingMerchant","floor":21,"turns":4},{"damage":38,"enemies":"Shelled Parasite and Fungi","floor":23,"turns":6},{"damage":21,"enemies":"Centurion and Healer","floor":28,"turns":7},{"damage":11,"enemies":"downfall:FleeingMerchant","floor":31,"turns":4},{"damage":21,"enemies":"Sentry and Sphere","floor":32,"turns":7},{"damage":25,"enemies":"SI_MIRROR_ARCHETYPE","floor":33,"turns":8}],"seed_played":"2109462315109762028","potions_obtained":[{"floor":2,"key":"Ancient Potion"},{"floor":8,"key":"Energy Potion"},{"floor":12,"key":"DuplicationPotion"},{"floor":13,"key":"bronze:BurnAndBuffPotion"},{"floor":15,"key":"Block Potion"},{"floor":16,"key":"EntropicBrew"},{"floor":19,"key":"SkillPotion"}],"is_trial":false,"path_per_floor":["R","M","M","?","M","M","T","E","M","$","?","M","M","$","M","B",null,"R","M","M","$","?","M","T","R","?","?","M","?","R","$","M","B"],"character_chosen":"THE_AUTOMATON","items_purchased":["Fruit Juice","bronze:Boost","bronze:WhirlingStrike"],"campfire_rested":2,"item_purchase_floors":[10,14,21],"current_hp_per_floor":[77,72,68,68,63,47,47,10,10,13,92,82,82,70,55,40,92,102,99,61,61,54,16,16,46,46,46,25,25,55,44,23,0,0,0],"gold":125,"neow_bonus":"TEN_PERCENT_HP_BONUS","is_daily":false,"chose_seed":false,"campfire_upgraded":1,"win_rate":0.0,"timestamp":1611206038,"path_taken":["R","M","M","?","M","M","T","E","M","$","?","?","?","$","M","BOSS","R","M","M","$","?","?","T","R","?","?","M","?","R","$","M","BOSS"],"items_purchased_type":["Potion","Card","Card"],"build_version":"2020-12-22","purchased_purges":0,"victory":false,"max_hp_per_floor":[77,77,77,77,77,77,77,77,77,82,92,92,92,92,92,92,92,102,102,102,102,102,102,102,102,102,102,102,102,102,102,102,102,102,102],"card_choices":[{"not_picked":["bronze:NullPointer","bronze:BuggyMess"],"picked":"bronze:FollowUp","floor":2},{"not_picked":["bronze:OilSpill","bronze:CutThrough"],"picked":"bronze:Separator","floor":3},{"not_picked":["bronze:Backtrace","bronze:Turbo"],"picked":"bronze:BitShift","floor":5},{"not_picked":["bronze:ChildClass","bronze:CleanCode"],"picked":"bronze:Separator","floor":6},{"not_picked":["bronze:WildBeam","bronze:ItsAFeature"],"picked":"bronze:Mutator","floor":8},{"not_picked":["bronze:MaxOutput","bronze:Iterate"],"picked":"bronze:Terminator","floor":9},{"not_picked":["bronze:Return","bronze:DelayedGuard"],"picked":"bronze:Constructor","floor":10},{"not_picked":["bronze:Allocate","bronze:Separator"],"picked":"bronze:Frontload","floor":12},{"not_picked":["bronze:Invalidate","bronze:BitShift"],"picked":"bronze:GetLatest","floor":13},{"not_picked":["bronze:Iterate","bronze:Overload"],"picked":"bronze:Optimize","floor":14},{"not_picked":["bronze:Invalidate","bronze:Overload"],"picked":"bronze:TinkerersToolbox","floor":15},{"not_picked":["bronze:Break","bronze:RecursiveStrike"],"picked":"bronze:HyperBeam","floor":16},{"not_picked":["bronze:Safeguard","bronze:Separator"],"picked":"bronze:Constructor","floor":19},{"not_picked":["bronze:Frontload+1","bronze:BugBarrage","bronze:Invalidate"],"picked":"SKIP","floor":20},{"not_picked":["bronze:OilSpill","bronze:Branch+1"],"picked":"bronze:ForceShield","floor":21},{"not_picked":["bronze:WildBeam","bronze:Frontload"],"picked":"bronze:CutThrough","floor":23},{"not_picked":["bronze:ClassDefault","bronze:Constructor"],"picked":"bronze:DelayedGuard","floor":28},{"not_picked":["bronze:CutThrough","bronze:Overheat"],"picked":"bronze:DelayedSlice+1","floor":31},{"not_picked":["bronze:Allocate","bronze:BuggyMess+1"],"picked":"bronze:Invalidate+1","floor":32}],"player_experience":2035060,"relics_obtained":[{"floor":8,"key":"Turnip"},{"floor":24,"key":"Happy Flower"}],"event_choices":[{"cards_removed":["bronze:Mutator"],"damage_healed":69,"gold_gain":0,"player_choice":"Offered Rare","damage_taken":0,"max_hp_gain":10,"max_hp_loss":0,"event_name":"Bonfire Elementals","floor":11,"gold_loss":0}],"is_beta":false,"boss_relics":[{"not_picked":["Busted Crown","Fusion Hammer"],"picked":"SlaversCollar"}],"items_purged_floors":[],"is_endless":false,"potions_floor_spawned":[2,8,12,13,15,16,19,20],"killed_by":"SI_MIRROR_ARCHETYPE","ascension_level":0}}