{"host":"xp5rvh2jwe2ejyfm","time":1611237548,"event":{"mods":["BaseMod","Downfall","Hermit","Minty Spire (QoL Compilation)","Robot Space Explorer","StSLib","The Clintock","The Construct","The Cursed","The Disciple","The Forsaken","The Hierophant","The Runesmith"],"gold_per_floor":[99,119,119,194,194,207,207,217,392,408,508,408,436,10,24,124,124,24,41,57,73,6,6,6,6,16,35,62,72,83,111,121,219,219,219,231,246,256,256,140,140,40,40,53,17,17,17,50,70,70,70,70],"floor_reached":50,"language":"ENG","playtime":2719,"items_purged":[],"score":641,"play_id":"11426fb0-f994-48c7-ab71-48c7d2d28ca2","local_time":"20210121085908","is_ascension_mode":false,"campfire_choices":[{"floor":1,"key":"RECALL"},{"data":"Slimebound:GoopSpray","floor":12,"key":"SMITH"},{"data":"Slimebound:Gluttony","floor":18,"key":"SMITH"},{"data":"Slimebound:Schlurp","floor":25,"key":"SMITH"},{"data":"Slimebound:MassRepurpose","floor":35,"key":"SMITH"},{"floor":42,"key":"DIG"},{"floor":47,"key":"DIG"}],"circlet_count":0,"master_deck":["Slimebound:Strike_Slimebound","Slimebound:Strike_Slimebound","Slimebound:Strike_Slimebound","Slimebound:Tackle","Slimebound:Defend_Slimebound","Slimebound:Defend_Slimebound","Slimebound:Defend_Slimebound+1","Slimebound:Split+1","Slimebound:CorrosiveSpit","Slimebound:MegaLick+1","Slimebound:RejuvenatingLick","Slimebound:GoopSpray+1","Doubt","Slimebound:LeechingTouch","Slimebound:RejuvenatingLick","Slimebound:HauntingLick","Slimebound:Gluttony+1","Slimebound:MegaLick+1","Slimebound:ServeAndProtect","Slimebound:DouseInSlime","Slimebound:FlameTackle","Slimebound:Schlurp+1","Slimebound:SplitAcid","Slimebound:MassFeed","Slimebound:LeechingTouch","Doubt","Slimebound:LivingWall","Slimebound:SplitAcid+1","Slimebound:Recollect+1","Slimebound:PressTheAttack","Slimebound:SplitSpecialist+1","Slimebound:Equalize+1","Slimebound:TongueLash","Slimebound:MassRepurpose+1","Slimebound:Prepare","Slimebound:MegaLick+1","Slimebound:Schlurp","Slimebound:PressTheAttack","Slimebound:SpikyOuterGoop+1","Slimebound:SpikyOuterGoop","Slimebound:SplitAcid","Slimebound:Schlurp","downfall:Haunted","Slimebound:SplitLeeching+1","Slimebound:TongueLash","Slimebound:ProtectTheBoss+1","Slimebound:Gluttony"],"relics":["Slimebound:AbsorbEndCombat","Nunchaku","Pen Nib","downfall:HeartBlessingRed","PreservedInsect","White Beast Statue","Cursed Key","downfall:HeartBlessingGreen","StrikeDummy","War Paint","Art of War","SacredBark","Shovel","downfall:HeartBlessingBlue","Regal Pillow","Omamori","Darkstone Periapt"],"acts_visited":["Exordium","TheCity","TheBeyond"],"potions_floor_usage":[16,26,26,27,27,28,30,31,32,33,44,50],"damage_taken":[{"damage":0,"enemies":"Small Slimes","floor":2,"turns":4},{"damage":5,"enemies":"Jaw Worm","floor":6,"turns":5},{"damage":3,"enemies":"Cultist","floor":8,"turns":3},{"damage":0,"enemies":"Blue Slaver","floor":10,"turns":3},{"damage":17,"enemies":"3 Sentries","floor":13,"turns":7},{"damage":0,"enemies":"downfall:FleeingMerchant","floor":14,"turns":4},{"damage":0,"enemies":"2 Fungi Beasts","floor":15,"turns":2},{"damage":29,"enemies":"DF_ARCHETYPE_STREAMLINE","floor":16,"turns":14},{"damage":3,"enemies":"Spheric Guardian","floor":19,"turns":4},{"damage":4,"enemies":"3 Byrds","floor":20,"turns":5},{"damage":17,"enemies":"Snake Plant","floor":21,"turns":4},{"damage":9,"enemies":"downfall:FleeingMerchant","floor":22,"turns":4},{"damage":18,"enemies":"Cultist and Chosen","floor":26,"turns":5},{"damage":10,"enemies":"Chosen and Byrds","floor":27,"turns":5},{"damage":14,"enemies":"Slavers","floor":28,"turns":3},{"damage":1,"enemies":"Centurion and Healer","floor":29,"turns":4},{"damage":19,"enemies":"Snecko","floor":30,"turns":5},{"damage":0,"enemies":"Gremlin Leader","floor":31,"turns":4},{"damage":21,"enemies":"Snake Plant","floor":32,"turns":3},{"damage":19,"enemies":"WA_ARCHETYPE_CALM","floor":33,"turns":10},{"damage":0,"enemies":"Orb Walker","floor":36,"turns":4},{"damage":5,"enemies":"3 Shapes","floor":37,"turns":4},{"damage":38,"enemies":"Transient","floor":38,"turns":5},{"damage":0,"enemies":"downfall:FleeingMerchant","floor":40,"turns":3},{"damage":10,"enemies":"Maw","floor":44,"turns":7},{"damage":8,"enemies":"Giant Head","floor":48,"turns":7},{"damage":23,"enemies":"Spire Growth","floor":49,"turns":6},{"damage":84,"enemies":"SI_POISON_ARCHETYPE","floor":50,"turns":6}],"seed_played":"-9062307291091680182","potions_obtained":[{"floor":8,"key":"SpeedPotion"},{"floor":10,"key":"champ:CounterPotion"},{"floor":15,"key":"SpeedPotion"},{"floor":16,"key":"ColorlessPotion"},{"floor":21,"key":"SkillPotion"},{"floor":22,"key":"SkillPotion"},{"floor":26,"key":"DuplicationPotion"},{"floor":27,"key":"Fruit Juice"},{"floor":28,"key":"construct:ShiftPotion"},{"floor":29,"key":"Energy Potion"},{"floor":30,"key":"sneckomod:MuddlingPotion"},{"floor":31,"key":"LiquidMemories"},{"floor":32,"key":"DuplicationPotion"},{"floor":33,"key":"construct:ShiftPotion"},{"floor":36,"key":"bronze:BurnAndBuffPotion"},{"floor":38,"key":"PowerPotion"},{"floor":40,"key":"Slimebound:ThreeZeroPotion"},{"floor":44,"key":"Strength Potion"},{"floor":48,"key":"EssenceOfSteel"},{"floor":49,"key":"PowerPotion"}],"is_trial":false,"path_per_floor":["R","M","?","?","?","M","T","M","?","M","?","R","E","$","M","B",null,"R","M","M","M","$","?","T","R","M","M","E","M","M","E","M","B",null,"R","M","M","M","?","$","T","R","$","M","$","$","R","E","M","B"],"character_chosen":"SLIMEBOUND","items_purchased":["White Beast Statue","Slimebound:Gluttony","Slimebound:MegaLick","Slimebound:LeechingTouch","Slimebound:SpikyOuterGoop","Shovel","Slimebound:SplitAcid","Slimebound:Schlurp","Slimebound:TongueLash"],"campfire_rested":0,"item_purchase_floors":[14,14,14,22,40,40,40,40,45],"current_hp_per_floor":[65,65,65,65,65,64,64,64,64,65,65,65,54,62,65,40,65,65,63,63,50,49,49,49,49,39,38,32,39,26,30,26,23,73,73,73,70,40,40,54,54,64,64,70,70,70,70,70,55,0,0,0],"gold":70,"neow_bonus":"RANDOM_COMMON_RELIC","is_daily":false,"chose_seed":false,"campfire_upgraded":4,"win_rate":0.0,"timestamp":1611237548,"path_taken":["R","M","?","?","?","M","T","M","?","M","?","R","E","$","M","BOSS","R","M","M","?","$","?","T","R","M","M","E","M","M","E","M","BOSS","R","M","M","M","?","$","T","R","?","M","?","$","R","E","M","BOSS"],"items_purchased_type":["Relic","Card","Card","Card","Card","Relic","Card","Card","Card"],"build_version":"2020-12-22","purchased_purges":0,"victory":false,"max_hp_per_floor":[65,65,65,65,65,65,65,65,65,65,65,65,65,65,65,65,65,65,65,65,65,65,65,65,65,65,70,70,70,70,70,73,73,73,73,73,73,73,73,73,73,83,83,83,83,83,83,83,83,83,83,83],"card_choices":[{"not_picked":["Slimebound:SplitAcid","Slimebound:Grow"],"picked":"Slimebound:MegaLick","floor":2},{"not_picked":["Slimebound:MegaLick","Slimebound:PressTheAttack"],"picked":"Slimebound:RejuvenatingLick","floor":6},{"not_picked":["Slimebound:GrowthPunch","Slimebound:Chomp"],"picked":"Slimebound:GoopSpray","floor":8},{"not_picked":["Slimebound:DisruptingSlam","Slimebound:RollThrough"],"picked":"Slimebound:LeechingTouch","floor":10},{"not_picked":["Slimebound:GrowthPunch","Slimebound:PrepareCrush"],"picked":"Slimebound:RejuvenatingLick","floor":13},{"not_picked":["Slimebound:FinishingTackle","Slimebound:GrowthPunch"],"picked":"Slimebound:HauntingLick","floor":14},{"not_picked":["Slimebound:GoopTackle","Slimebound:Chomp"],"picked":"Slimebound:ServeAndProtect","floor":15},{"not_picked":["Slimebound:RallyTheTroops","Slimebound:Overexert"],"picked":"Slimebound:DouseInSlime","floor":16},{"not_picked":["Slimebound:LeechEnergy","Slimebound:GoopTackle"],"picked":"Slimebound:FlameTackle","floor":19},{"not_picked":["Slimebound:GoopTackle","Slimebound:SlimeBrawl"],"picked":"Slimebound:Schlurp","floor":20},{"not_picked":["Slimebound:ItLooksTasty+1","Slimebound:PressTheAttack+1"],"picked":"Slimebound:SplitAcid","floor":21},{"not_picked":["Slimebound:SplitAcid","Slimebound:LeechingTouch"],"picked":"Slimebound:MassFeed","floor":22},{"not_picked":["Slimebound:SamplingLick+1","Slimebound:DisruptingSlam"],"picked":"Slimebound:LivingWall","floor":26},{"not_picked":["Slimebound:RejuvenatingLick+1","Slimebound:SplitBruiser"],"picked":"Slimebound:SplitAcid","floor":27},{"not_picked":["Slimebound:HauntingLick","Slimebound:HungryTackle+1"],"picked":"Slimebound:Recollect+1","floor":28},{"not_picked":["Slimebound:SplitMire","Slimebound:GrowthPunch"],"picked":"Slimebound:PressTheAttack","floor":29},{"not_picked":["Slimebound:RejuvenatingLick+1","Slimebound:FormOfPuddle+1"],"picked":"Slimebound:SplitSpecialist+1","floor":30},{"not_picked":["Slimebound:ItLooksTasty","Slimebound:Chomp"],"picked":"Slimebound:Equalize+1","floor":31},{"not_picked":["Slimebound:SlimeBrawl","Slimebound:FinishingTackle"],"picked":"Slimebound:TongueLash","floor":32},{"not_picked":["Slimebound:TagTeam","Slimebound:Teamwork"],"picked":"Slimebound:MassRepurpose","floor":33},{"not_picked":["Slimebound:RejuvenatingLick+1","Slimebound:PressTheAttack+1"],"picked":"Slimebound:Prepare","floor":36},{"not_picked":["Slimebound:SplitMire","Slimebound:FlameTackle"],"picked":"Slimebound:MegaLick+1","floor":37},{"not_picked":["Slimebound:FlameTackle+1","Slimebound:RollThrough+1"],"picked":"Slimebound:Schlurp","floor":38},{"not_picked":["Slimebound:Schlurp","Slimebound:GrowthPunch"],"picked":"Slimebound:SpikyOuterGoop+1","floor":40},{"not_picked":["Slimebound:SamplingLick+1","Slimebound:SplitMire"],"picked":"Slimebound:SplitLeeching+1","floor":44},{"not_picked":["Slimebound:ComboTackle+1","Slimebound:GrowthPunch"],"picked":"Slimebound:ProtectTheBoss+1","floor":48},{"not_picked":["Slimebound:LeechingTouch+1","Slimebound:CheckThePlaybook"],"picked":"Slimebound:Gluttony","floor":49}],"player_experience":283859,"relics_obtained":[{"floor":7,"key":"Pen Nib"},{"floor":13,"key":"PreservedInsect"},{"floor":24,"key":"StrikeDummy"},{"floor":28,"key":"War Paint"},{"floor":31,"key":"Art of War"},{"floor":42,"key":"Regal Pillow"},{"floor":47,"key":"Omamori"},{"floor":48,"key":"Darkstone Periapt"}],"event_choices":[{"cards_removed":["downfall:Malfunctioning"],"damage_healed":0,"gold_gain":0,"player_choice":"Card Removal","damage_taken":0,"max_hp_gain":0,"max_hp_loss":0,"event_name":"The Cleric","floor":5,"gold_loss":0}],"is_beta":false,"boss_relics":[{"not_picked":["Philosopher\u0027s Stone","Busted Crown"],"picked":"Cursed Key"},{"not_picked":["Snecko Eye","Fusion Hammer"],"picked":"SacredBark"}],"items_purged_floors":[],"is_endless":false,"potions_floor_spawned":[8,10,15,16,19,20,21,22,26,27,28,29,30,31,32,33,36,37,38,40,44,48,49],"killed_by":"SI_POISON_ARCHETYPE","ascension_level":0}}