{"host":"1a3cjta80tad0aqj","time":1611248057,"event":{"mods":["2.2 Compatiblity","AchievementEnabler","BaseMod","Colored Map","DeckTracker","KOR Keyword Fix","Keyboard Shortcuts","Minty Spire (QoL Compilation)","Permanent Neow","Quick Restart","Random Character Button","StSLib","SuperFastMode","everything is the same but u backflip on backflip"],"gold_per_floor":[114,26,36,10,25,25,55,7,61,61,72,72,83,83,83,204,204,175,200,200,224,248,248,268,268,319,339,150,191,191,191,191,191,191],"floor_reached":33,"language":"KOR","playtime":1452,"items_purged":[],"score":320,"play_id":"6fae30ed-fc57-47f9-b425-ac039921b66c","local_time":"20210122015417","is_ascension_mode":true,"campfire_choices":[{"data":"Predator","floor":6.0,"key":"SMITH"},{"floor":10.0,"key":"REST"},{"data":"Dagger Throw","floor":12.0,"key":"SMITH"},{"data":"All Out Attack","floor":15.0,"key":"SMITH"},{"floor":23.0,"key":"REST"},{"floor":25.0,"key":"REST"},{"floor":32.0,"key":"REST"}],"circlet_count":0,"master_deck":["Strike_G+1","Strike_G+1","Strike_G+1","Strike_G+1","Defend_G+1","Defend_G+1","Defend_G+1","Defend_G+1","Survivor","Neutralize","Backflip","Blur","Deflect","Quick Slash","Predator+1","Dagger Throw+1","Finisher","All Out Attack+1","Injury","A Thousand Cuts","Dagger Throw","Backstab","Outmaneuver","Deflect","Flying Knee","Unload","Acrobatics","Leg Sweep","Footwork","Venomology"],"relics":["Ring of the Snake","Tingsha","Bag of Marbles","Whetstone","Bloody Idol","SlaversCollar","Nunchaku","Ninja Scroll"],"acts_visited":["Exordium","TheCity"],"potions_floor_usage":[33],"damage_taken":[{"damage":2.0,"enemies":"Cultist","floor":1.0,"turns":4.0},{"damage":3.0,"enemies":"2 Louse","floor":3.0,"turns":2.0},{"damage":0.0,"enemies":"Jaw Worm","floor":5.0,"turns":5.0},{"damage":16.0,"enemies":"3 Sentries","floor":7.0,"turns":8.0},{"damage":8.0,"enemies":"Large Slime","floor":11.0,"turns":5.0},{"damage":0.0,"enemies":"3 Louse","floor":13.0,"turns":1.0},{"damage":26.0,"enemies":"Hexaghost","floor":16.0,"turns":11.0},{"damage":23.0,"enemies":"2 Thieves","floor":18.0,"turns":5.0},{"damage":12.0,"enemies":"Chosen","floor":19.0,"turns":3.0},{"damage":0.0,"enemies":"Centurion and Healer","floor":21.0,"turns":4.0},{"damage":24.0,"enemies":"Sentry and Sphere","floor":22.0,"turns":5.0},{"damage":21.0,"enemies":"Shelled Parasite and Fungi","floor":24.0,"turns":5.0},{"damage":18.0,"enemies":"Snecko","floor":27.0,"turns":5.0},{"damage":7.0,"enemies":"Gremlin Leader","floor":29.0,"turns":6.0},{"damage":26,"enemies":"Automaton","floor":33,"turns":6}],"seed_played":"7935674083800935400","potions_obtained":[{"floor":3.0,"key":"Weak Potion"},{"floor":13.0,"key":"EssenceOfSteel"},{"floor":16.0,"key":"SteroidPotion"},{"floor":19.0,"key":"CunningPotion"},{"floor":22.0,"key":"PowerPotion"},{"floor":24.0,"key":"LiquidBronze"},{"floor":27.0,"key":"SteroidPotion"}],"is_trial":false,"path_per_floor":["M","$","M","$","M","R","E","?","T","R","M","R","M","?","R","B",null,"M","M","?","M","M","R","M","R","T","M","$","E","?","?","R","B"],"character_chosen":"THE_SILENT","items_purchased":["SteroidPotion","Blur","Quick Slash","Footwork","SmokeBomb","Explosive Potion"],"campfire_rested":4,"item_purchase_floors":[2,2,4,28,28,28],"current_hp_per_floor":[47,47,44,44,44,44,28,28,28,49,41,41,41,41,41,15,70,47,35,35,35,11,32,11,32,32,14,14,7,7,7,28,2,2],"gold":191,"neow_bonus":"ONE_RARE_RELIC","is_daily":false,"chose_seed":false,"campfire_upgraded":3,"win_rate":0.0,"timestamp":1611248057,"path_taken":["M","?","M","$","?","R","E","?","T","R","M","R","M","?","R","BOSS","M","M","?","M","M","R","M","R","T","M","$","E","?","?","R","BOSS"],"items_purchased_type":["Potion","Card","Card","Card","Potion","Potion"],"build_version":"2020-12-22","purchased_purges":0,"victory":false,"max_hp_per_floor":[70,70,70,70,70,70,70,70,70,70,70,70,70,70,70,70,70,70,70,70,70,70,70,70,70,70,70,70,70,70,70,70,70,70],"card_choices":[{"not_picked":["Slice","Masterful Stab"],"picked":"Backflip","floor":1.0},{"not_picked":["Underhanded Strike","Poisoned Stab"],"picked":"Deflect","floor":3.0},{"not_picked":["Well Laid Plans","Dagger Throw"],"picked":"Predator","floor":5.0},{"not_picked":["Slice","Footwork"],"picked":"Dagger Throw","floor":7.0},{"not_picked":["Infinite Blades","Terror"],"picked":"Finisher","floor":11.0},{"not_picked":["Dodge and Roll","Poisoned Stab"],"picked":"All Out Attack","floor":13.0},{"not_picked":["Doppelganger","Envenom"],"picked":"A Thousand Cuts","floor":16.0},{"not_picked":["Poisoned Stab","Backflip"],"picked":"Dagger Throw","floor":18.0},{"not_picked":["Blade Dance+1","Sucker Punch"],"picked":"Backstab","floor":19.0},{"not_picked":["Catalyst+1","Outmaneuver"],"picked":"Flying Knee","floor":21.0},{"not_picked":["Slice","Flying Knee+1"],"picked":"Unload","floor":22.0},{"not_picked":["Terror","Sucker Punch"],"picked":"Acrobatics","floor":24.0},{"not_picked":["Blur","Slice"],"picked":"Leg Sweep","floor":27.0},{"not_picked":["Dagger Throw","Deadly Poison"],"picked":"Venomology","floor":29.0}],"player_experience":853453,"relics_obtained":[{"floor":7.0,"key":"Bag of Marbles"},{"floor":9.0,"key":"Whetstone"},{"floor":26.0,"key":"Nunchaku"},{"floor":29.0,"key":"Ninja Scroll"}],"event_choices":[{"damage_healed":0.0,"max_hp_gain":0.0,"max_hp_loss":0.0,"gold_gain":0.0,"event_name":"World of Goop","player_choice":"Left Gold","floor":8.0,"gold_loss":48.0,"damage_taken":0.0},{"damage_healed":0.0,"max_hp_gain":0.0,"max_hp_loss":0.0,"gold_gain":0.0,"event_name":"Golden Idol","player_choice":"Take Wound","floor":14.0,"gold_loss":0.0,"damage_taken":0.0,"relics_obtained":["Golden Idol"],"cards_obtained":["Injury"]},{"damage_healed":0.0,"max_hp_gain":0.0,"max_hp_loss":0.0,"gold_gain":0.0,"cards_transformed":["Strike_G","Defend_G"],"event_name":"Drug Dealer","player_choice":"Became Test Subject","floor":20.0,"gold_loss":0.0,"damage_taken":0.0,"cards_obtained":["Outmaneuver","Deflect"]},{"damage_healed":0.0,"max_hp_gain":0.0,"max_hp_loss":0.0,"gold_gain":0.0,"event_name":"Forgotten Altar","player_choice":"Gave Idol","floor":30.0,"relics_lost":["Golden Idol"],"gold_loss":0.0,"damage_taken":0.0,"relics_obtained":["Bloody Idol"]},{"damage_healed":0.0,"max_hp_gain":0.0,"max_hp_loss":0.0,"gold_gain":0.0,"event_name":"Back to Basics","player_choice":"Simplicity","floor":31.0,"gold_loss":0.0,"damage_taken":0.0,"cards_upgraded":["Strike_G","Strike_G","Defend_G","Defend_G","Defend_G","Defend_G"]}],"is_beta":false,"boss_relics":[{"not_picked":["WristBlade","Tiny House"],"picked":"SlaversCollar"}],"items_purged_floors":[],"is_endless":false,"potions_floor_spawned":[3,13,16,19,22,24,27],"killed_by":"Automaton","ascension_level":4}}