{"host":"oqvelqkxh74plq6q","time":1611204543,"event":{"mods":["ATMod(°¢èªMod)","BaseMod","Better Match","Better-Laid Plans","BetterRewards","BshForSts","Conspire","Good Game Mod","Jedi Mod","Minty Spire (QoL Compilation)","MostiFishMod","Poor People Problems","Quick Restart","Relic Stats","Remilia£¨ÀÙÃ×ÀòÑÇ£©","Shop Mod","Spicy Shops","StSLib","TestMod","Youmu£¨»êÆÇÑýÃÎ£©","vexMod","óô»ðÖ¸ÄÏ"],"gold_per_floor":[112,123,123,136,147,174,17,51,51,84,118,42,72,99,99,195,195,135,35,110,110,166,166,166,166,191,191,226,290,290,354,354,518,1184,1184],"floor_reached":34,"language":"ZHS","playtime":4450,"items_purged":[],"score":1285,"play_id":"679bcbbc-2b09-4cef-8d56-7eb18c06f629","local_time":"20210121124903","daily_mods":["Heirloom","Time Dilation","Flight","Elite Swarm"],"is_ascension_mode":true,"campfire_choices":[{"data":"MostiFishMod:UltimateDefense","floor":15,"key":"SMITH"},{"data":"AT_BodySlamDance","floor":23,"key":"SMITH"},{"data":"MostiFishMod:UltimateDefense+1","floor":24,"key":"SMITH"},{"data":"MostiFishMod:UltimateDefense","floor":25,"key":"SMITH"},{"data":"MostiFishMod:UltimateDefense+2","floor":27,"key":"SMITH"},{"data":"MostiFishMod:UltimateDefense+3","floor":30,"key":"SMITH"},{"data":"MostiFishMod:UltimateDefense+4","floor":32,"key":"SMITH"}],"circlet_count":0,"master_deck":["MostiFishMod:UltimateDefense+5","AT_ShrugMaster","MostiFishMod:UltimateDefense","MostiFishMod:UltimateDefense+1","AT_BodySlamDance+1","MostiFishMod:UltimateDefense","Exhume"],"relics":["Burning Blood","REME:ComplimentaryCards","DaveBox","AT_ATBox","testmod-TestBox","testmod-KeyOfTheVoid","BionicSphere","Bird Faced Urn","SynthV:TestCard","NlothsMask","Molten Egg 2","TheAbacus","vexMod:InvisibilityCloak","jedi:leech","Blood Vial","Ancient Tea Set","AT_BladeRuinedKing","conspire:SpecialSausage","Question Card","Regal Pillow","Nunchaku","Pocketwatch","testmod-AssaultLearning","Prayer Wheel","vexMod:RockOfEvil"],"acts_visited":["Exordium","TheCity"],"potions_floor_usage":[16,18,29],"damage_taken":[{"damage":0.0,"enemies":"2 Louse","floor":1.0,"turns":3.0},{"damage":0.0,"enemies":"Cultist","floor":2.0,"turns":3.0},{"damage":0.0,"enemies":"Jaw Worm","floor":4.0,"turns":3.0},{"damage":14,"enemies":"Exordium Wildlife","floor":5,"turns":7},{"damage":0,"enemies":"Lagavulin","floor":6,"turns":10},{"damage":0,"enemies":"3 Sentries","floor":8,"turns":11},{"damage":0,"enemies":"Lagavulin","floor":10,"turns":8},{"damage":0,"enemies":"Gremlin Nob","floor":11,"turns":5},{"damage":0,"enemies":"3 Sentries","floor":13,"turns":8},{"damage":0,"enemies":"Gremlin Nob","floor":14,"turns":5},{"damage":0,"enemies":"Hexaghost","floor":16,"turns":12},{"damage":0,"enemies":"2 Thieves","floor":18,"turns":4},{"damage":0,"enemies":"3 Byrds","floor":22,"turns":5},{"damage":0,"enemies":"Book of Stabbing","floor":28,"turns":1},{"damage":0,"enemies":"Gremlin Leader","floor":29,"turns":18},{"damage":0,"enemies":"Book of Stabbing","floor":31,"turns":1},{"damage":0,"enemies":"Collector","floor":33,"turns":4}],"seed_played":"-5239673751695550315","potions_obtained":[{"floor":4.0,"key":"Swift Potion"},{"floor":6,"key":"Swift Potion"},{"floor":8,"key":"Dexterity Potion"},{"floor":10,"key":"Block Potion"},{"floor":16,"key":"jedi:StrikingPotion"},{"floor":28,"key":"Strength Potion"}],"is_trial":true,"path_per_floor":["M","M","?","M","M","E","R","E","T","E","E","$","E","E","R","B",null,"M","?","T","?","M","R","R","R","T","R","E","E","R","E","R","B",null],"character_chosen":"IRONCLAD","items_purchased":["TheAbacus","AT_ShrugMaster"],"campfire_rested":0,"item_purchase_floors":[7,12],"current_hp_per_floor":[78,80,80,80,72,80,80,80,80,84,88,88,92,96,96,100,100,100,100,100,100,100,100,100,100,100,100,100,100,100,100,100,100,100,100],"gold":1184,"neow_bonus":"","is_daily":false,"chose_seed":false,"campfire_upgraded":7,"win_rate":0.0,"timestamp":1611204543,"path_taken":["M","M","?","?","M","E","R","E","T","E","E","$","E","E","R","BOSS","M","?","?","?","?","R","R","R","T","R","E","E","R","E","R","BOSS"],"items_purchased_type":["Relic","Card"],"build_version":"2020-12-22","purchased_purges":0,"victory":false,"max_hp_per_floor":[80,80,80,80,80,80,80,80,80,84,88,88,92,96,96,100,100,100,100,100,100,100,100,100,100,100,100,100,100,100,100,100,100,100,100],"relic_stats":{"Blood Vial":0,"Regal Pillow":0,"Nunchaku":[3],"TheAbacus":[312],"counters":[17,108],"Bird Faced Urn":[4],"Prayer Wheel":0,"Question Card":5,"obtain_stats":[{"Regal Pillow":21,"AT_ATBox":0,"DaveBox":0,"conspire:SpecialSausage":17,"testmod-KeyOfTheVoid":0,"Ancient Tea Set":13,"vexMod:RockOfEvil":34,"Burning Blood":0,"Blood Vial":11,"vexMod:InvisibilityCloak":8,"jedi:leech":10,"Nunchaku":26,"TheAbacus":7,"Prayer Wheel":31,"testmod-TestBox":0,"AT_BladeRuinedKing":14,"Question Card":20,"REME:ComplimentaryCards":0,"SynthV:TestCard":1,"BionicSphere":0,"Bird Faced Urn":0,"testmod-AssaultLearning":29,"Molten Egg 2":6,"NlothsMask":3,"Pocketwatch":28},{"Regal Pillow":12,"AT_ATBox":0,"DaveBox":0,"conspire:SpecialSausage":11,"testmod-KeyOfTheVoid":0,"Ancient Tea Set":9,"vexMod:RockOfEvil":17,"Burning Blood":0,"Blood Vial":8,"vexMod:InvisibilityCloak":6,"jedi:leech":7,"Nunchaku":13,"TheAbacus":5,"Prayer Wheel":16,"testmod-TestBox":0,"AT_BladeRuinedKing":10,"Question Card":12,"REME:ComplimentaryCards":0,"SynthV:TestCard":1,"BionicSphere":0,"Bird Faced Urn":0,"testmod-AssaultLearning":15,"Molten Egg 2":5,"NlothsMask":2,"Pocketwatch":14},{"Regal Pillow":79,"AT_ATBox":0,"DaveBox":0,"conspire:SpecialSausage":75,"testmod-KeyOfTheVoid":0,"Ancient Tea Set":58,"vexMod:RockOfEvil":108,"Burning Blood":0,"Blood Vial":50,"vexMod:InvisibilityCloak":37,"jedi:leech":45,"Nunchaku":84,"TheAbacus":26,"Prayer Wheel":104,"testmod-TestBox":0,"AT_BladeRuinedKing":63,"Question Card":79,"REME:ComplimentaryCards":0,"SynthV:TestCard":3,"BionicSphere":0,"Bird Faced Urn":0,"testmod-AssaultLearning":103,"Molten Egg 2":26,"NlothsMask":6,"Pocketwatch":85}],"Burning Blood":18,"Pocketwatch":[0]},"card_choices":[{"not_picked":["Wild Strike","Pommel Strike"],"picked":"Inflame","floor":1.0},{"not_picked":["Cleave","Second Wind","jedi:collectorstrike","Thunderclap","Dual Wield"],"picked":"SKIP","floor":2.0},{"not_picked":["Blood for Blood","Headbutt","Clash","Iron Wave"],"picked":"Ghostly Armor","floor":4.0},{"not_picked":["jedi:MakeshiftSword","Combust","Flex","jedi:controlledanger"],"picked":"MostiFishMod:UltimateDefense","floor":5},{"not_picked":["Demon Form","Double Tap","MostiFishMod:TemporaryOutbreak","MostiFishMod:UltimateDefense"],"picked":"Feed+1","floor":6},{"not_picked":["Brutality","Immolate+1","jedi:strikingstrike+1","Limit Break"],"picked":"Juggernaut","floor":8},{"not_picked":["jedi:unlimitedpower","conspire:HitWhereItHurts+1","Barricade","Fiend Fire+1"],"picked":"Impervious","floor":10},{"not_picked":["Immolate+1","Double Tap","MostiFishMod:UltimateDefense","Demon Form"],"picked":"Impervious","floor":11},{"not_picked":["MostiFishMod:404NotFound+1","MostiFishMod:DarkDeal","Corruption","Demon Form"],"picked":"MostiFishMod:UltimateDefense","floor":13},{"not_picked":["Brutality","MostiFishMod:RacingGame","Double Tap","Corruption"],"picked":"MostiFishMod:UltimateDefense","floor":14},{"not_picked":["MostiFishMod:PerfectStrikeMKII+1","Bludgeon+1","Immolate+1","Offering"],"picked":"Impervious","floor":16},{"not_picked":["Inflame","Clothesline+1","Sword Boomerang+1","Twin Strike+1"],"picked":"Carnage+1","floor":18},{"not_picked":["Clash+1","Flex","AT_ShrugMaster","Armaments","MostiFishMod:#F4004"],"picked":"AT_BodySlamDance","floor":22},{"not_picked":["MostiFishMod:FlyOverUtopia","MostiFishMod:HellRitual","MostiFishMod:RainCloud+1","AT_Dispersion","jedi:harder"],"picked":"MostiFishMod:UltimateDefense","floor":28},{"not_picked":["AT_Dispersion","MostiFishMod:FireWorks","Fiend Fire+1","Double Tap","MostiFishMod:UltimateDefense"],"picked":"Exhume","floor":29},{"not_picked":["MostiFishMod:NewArrival","jedi:strikingstrike+1","Offering","MostiFishMod:TemporaryOutbreak","MostiFishMod:ChineseTea"],"picked":"Exhume","floor":31}],"player_experience":98495,"relics_obtained":[{"floor":1.0,"key":"SynthV:TestCard"},{"floor":6,"key":"Molten Egg 2"},{"floor":8,"key":"vexMod:InvisibilityCloak"},{"floor":10,"key":"jedi:leech"},{"floor":11,"key":"Blood Vial"},{"floor":13,"key":"Ancient Tea Set"},{"floor":14,"key":"AT_BladeRuinedKing"},{"floor":20,"key":"Question Card"},{"floor":26,"key":"Nunchaku"},{"floor":28,"key":"Pocketwatch"},{"floor":29,"key":"testmod-AssaultLearning"},{"floor":31,"key":"Prayer Wheel"}],"event_choices":[{"damage_healed":0.0,"max_hp_gain":0.0,"max_hp_loss":0.0,"gold_gain":0.0,"event_name":"FaceTrader","player_choice":"Trade","floor":3.0,"gold_loss":0.0,"damage_taken":0.0,"relics_obtained":["NlothsMask"]},{"damage_healed":0,"gold_gain":0,"player_choice":"Invest 2","damage_taken":0,"max_hp_gain":0,"max_hp_loss":0,"event_name":"conspire:Investor","floor":19,"gold_loss":0},{"damage_healed":0,"gold_gain":0,"player_choice":"Opened","damage_taken":0,"relics_obtained":["Regal Pillow"],"max_hp_gain":0,"max_hp_loss":0,"event_name":"The Mausoleum","floor":21,"gold_loss":0}],"is_beta":false,"boss_relics":[{"not_picked":["GuanYuAspect","SlaversCollar"],"picked":"conspire:SpecialSausage"},{"not_picked":["Transparent","Runic Cube"],"picked":"vexMod:RockOfEvil"}],"items_purged_floors":[],"is_endless":false,"potions_floor_spawned":[4,6,8,10,11,16,28],"ascension_level":9}}