{"host":"atu1skz5iq69e5lr","time":1611214492,"event":{"mods":["AchievementEnabler","Aspiration","BaseMod","Better Third Choice","Colored Map","Evolution","Friendly Minions","Highlight Path","Hubris","Infinite Spire","Keyboard Shortcuts","Lobotomy","Minty Spire (QoL Compilation)","Replay The Spire","Shop Mod","StSLib"],"gold_per_floor":[110,125,50,50,50,81,95,126,175,175,186,211,230,230,230,353,353,373,373,472,472,472],"floor_reached":21,"language":"ENG","playtime":1271,"items_purged":["Strike_B"],"score":197,"play_id":"69f18b6f-74b1-4d92-b0c1-e61165583a79","local_time":"20210121083452","is_ascension_mode":false,"campfire_choices":[{"data":"Chaos","floor":10,"key":"SMITH"},{"floor":15,"key":"REST"}],"circlet_count":0,"master_deck":["Strike_B","Strike_B","Strike_B","Defend_B","Defend_B","Defend_B","Defend_B","Zap+1","Dualcast","aspiration:Polymerization","SpiderBud","Genetic Algorithm","FairyFestival","Chaos+1","Reboot","Amplify"],"relics":["Cracked Core","EVO:Axolotl","CogitoBucket","hubris:ToyBattleship","Blue Doll","aspiration:FaultyCoupler","hubris:TenFootPole","BehaviorAdjustment","Vajra","Golden Idol","Replay:Grab Bag","ReplayTheSpireMod:Onyx Gauntlets","infinitespire:Cupcake","SacredBark","hubris:Towel"],"acts_visited":["Exordium","TheCity"],"potions_floor_usage":[8,11,11,16,21,21],"damage_taken":[{"damage":0,"enemies":"Cultist","floor":1,"turns":4},{"damage":0,"enemies":"Small Slimes","floor":2,"turns":2},{"damage":18,"enemies":"Gremlin Nob","floor":6,"turns":4},{"damage":1,"enemies":"2 Louse","floor":7,"turns":4},{"damage":39,"enemies":"3 Sentries","floor":8,"turns":9},{"damage":11,"enemies":"2 Fungi Beasts","floor":11,"turns":8},{"damage":10,"enemies":"Gremlin Nob","floor":12,"turns":3},{"damage":0,"enemies":"Looter","floor":13,"turns":2},{"damage":48,"enemies":"The Guardian","floor":16,"turns":7},{"damage":17,"enemies":"2 Thieves","floor":18,"turns":4},{"damage":61,"enemies":"Spheric Guardian","floor":21,"turns":3}],"seed_played":"-5565920851641761791","potions_obtained":[{"floor":6,"key":"SkillPotion"},{"floor":7,"key":"Weak Potion"},{"floor":8,"key":"PowerPotion"},{"floor":11,"key":"Venom Potion"},{"floor":13,"key":"PowerPotion"},{"floor":18,"key":"Dexterity Potion"}],"is_trial":false,"path_per_floor":["M","M","$","?","?","E","M","E","T","R","M","E","M","?","R_BF","B",null,"M","?","?","M"],"character_chosen":"DEFECT","items_purchased":[],"campfire_rested":1,"item_purchase_floors":[],"current_hp_per_floor":[75,75,75,75,72,54,57,29,29,29,28,21,23,23,43,3,69,54,54,54,0,0],"gold":472,"neow_bonus":"","is_daily":false,"chose_seed":false,"campfire_upgraded":1,"win_rate":0.0,"timestamp":1611214492,"path_taken":["M","M","$","?","?","E","M","E","T","R","M","E","M","?","R_BF","BOSS","M","?","?","M"],"items_purchased_type":[],"build_version":"2020-12-22","purchased_purges":1,"victory":false,"max_hp_per_floor":[75,75,75,75,75,75,75,75,75,75,75,75,75,69,69,69,69,69,69,69,69,69],"card_choices":[{"not_picked":["Rip and Tear","Darkness"],"picked":"aspiration:Polymerization","floor":1},{"not_picked":["CrumblingArmor","LittleHelper"],"picked":"SpiderBud","floor":1},{"not_picked":["Crystallizer","Skim"],"picked":"Genetic Algorithm","floor":2},{"not_picked":["Alriune","CrumblingArmor"],"picked":"FairyFestival","floor":6},{"not_picked":["ReplaySolidLightProjector","Conserve Battery","Steam"],"picked":"SKIP","floor":6},{"not_picked":["aspiration:Polymerization","BasicCrystalCard"],"picked":"Chaos","floor":7},{"not_picked":["Steam","Leap","Barrage"],"picked":"SKIP","floor":8},{"not_picked":["Leap","Compile Driver","Barrage"],"picked":"SKIP","floor":11},{"not_picked":["Panic Button","Go for the Eyes"],"picked":"Reboot","floor":12},{"not_picked":["Consume","Crystallizer","Steam"],"picked":"SKIP","floor":13},{"not_picked":["hubris:DoWhile","Fission"],"picked":"Amplify","floor":16},{"not_picked":["ReplayTheSpireMod:System Scan+1","Crystallizer+1","Leap"],"picked":"SKIP","floor":18}],"player_experience":17878,"relics_obtained":[{"floor":6,"key":"Blue Doll"},{"floor":8,"key":"aspiration:FaultyCoupler"},{"floor":9,"key":"hubris:TenFootPole"},{"floor":12,"key":"Vajra"}],"event_choices":[{"damage_healed":0,"gold_gain":0,"player_choice":"Relic ","damage_taken":3,"max_hp_gain":0,"max_hp_loss":0,"event_name":"betterThird:BetterScrap","floor":5,"gold_loss":0,"cards_obtained":["Battle Trance"]},{"damage_healed":0,"gold_gain":0,"player_choice":"Lose Max HP","damage_taken":0,"relics_obtained":["Golden Idol"],"max_hp_gain":0,"max_hp_loss":6,"event_name":"Golden Idol","floor":14,"gold_loss":0},{"damage_healed":0,"gold_gain":99,"player_choice":"Steal","damage_taken":0,"max_hp_gain":0,"max_hp_loss":0,"event_name":"betterThird:BetterNest","floor":20,"gold_loss":0}],"is_beta":false,"boss_relics":[{"not_picked":["aspiration:Stellarator","Tiny House"],"picked":"Replay:Grab Bag"},{"not_picked":["Coffee Dripper","hubris:GrandSneckoEye"],"picked":"ReplayTheSpireMod:Onyx Gauntlets"},{"not_picked":["ChewingGum","Philosopher\u0027s Stone"],"picked":"infinitespire:Cupcake"},{"not_picked":["Ring of Chaos","Kintsugi"],"picked":"SacredBark"}],"items_purged_floors":[3],"is_endless":false,"potions_floor_spawned":[6,7,8,11,13,18],"killed_by":"Spheric Guardian","ascension_level":0}}