{"host":"w8xisjf5mgmfjvmt","time":1611219017,"event":{"mods":["BaseMod","BetterRewards","Challenge The Spire","Conspire","Dota2Spire","Energized Spire","Filter the Spire","Minty Spire (QoL Compilation)","Quarter Circle Forward PUNCH!","Quick Restart","Relic Stats","Replay The Spire","Shop Mod","Spicy Shops","StSLib","Starting Relic: Pandora\u0027s Box","¡¾ÒÅÎï¿¨ÅÆ¡¿REMEMod","óô»ðÖ¸ÄÏ"],"gold_per_floor":[449,27,138,278,417,417,55,55,190,323,462,462,124,124,258,395,531,676],"floor_reached":19,"language":"ZHS","playtime":1195,"items_purged":["Flechettes","Sucker Punch","Spreading Infection"],"score":4048,"play_id":"2f987424-7b1d-4d60-8296-b2320f33156f","local_time":"20210121165017","daily_mods":["challengethespire:Silver Difficulty","challengethespire:Modded Boss Rush","Uncertain Future"],"is_ascension_mode":true,"campfire_choices":[{"data":"Concentrate","floor":8.0,"key":"SMITH"}],"circlet_count":0,"master_deck":["AscendersBane","Survivor","Neutralize","Blur","Flechettes","Deadly Poison","Prepared","Blur","Concentrate+1","PiercingWail","Deflect","Phantasmal Killer+1","Escape Plan+1","REME_Flogging+1","Blade Dance+1","Magnetism+1","Leg Sweep+1","Terror+1","Backflip+1","Cloak And Dagger+1","Venomology+1","Accuracy+1","Infinite Blades+1","Footwork+1","ReplayTheSpireMod:Speed Training+1","A Thousand Cuts+1","Backflip+1","Hidden Blade+1","Footwork+1","After Image+1","Spreading Infection","Backflip+1","Wraith Form v2+1"],"relics":["Pandora\u0027s Box","The Courier","Molten Egg 2","Toxic Egg 2","Frozen Egg 2","REME_ComplimentaryCards","Replay:Wax Seal","Dota2Spire:EchoSabre","Dota2Spire:PowerTreads","Art of War","Happy Flower","Replay:Bandana","Dota2Spire:ShadowBlade","ReplayTheSpireMod:Lightbulb","energizedSpire:CursedPentagram","Toy Ornithopter","Smiling Mask","Calipers","Coffee Dripper","Membership Card","OrangePellets","conspire:Dentures","Gambling Chip","ReplayTheSpireMod:Shallot","Replay:Rubber Ducky","Dota2Spire:LotusOrb"],"acts_visited":["Exordium"],"potions_floor_usage":[11,11,15,16,16,18,18,18,18],"damage_taken":[{"damage":0.0,"enemies":"Fading Forest","floor":3.0,"turns":11.0},{"damage":0.0,"enemies":"Slime Boss","floor":4.0,"turns":4.0},{"damage":0.0,"enemies":"The Guardian","floor":5.0,"turns":5.0},{"damage":9.0,"enemies":"Pondfish","floor":9.0,"turns":5.0},{"damage":9.0,"enemies":"Champ","floor":10.0,"turns":5.0},{"damage":36,"enemies":"conspire:MysteriousRune","floor":11,"turns":5},{"damage":11,"enemies":"Replay:Hell Engine","floor":15,"turns":6},{"damage":5,"enemies":"Donu and Deca","floor":16,"turns":5},{"damage":0,"enemies":"conspire:OrnateMirror","floor":17,"turns":8},{"damage":0,"enemies":"The Heart","floor":18,"turns":5}],"seed_played":"3538461997765813910","potions_obtained":[{"floor":3.0,"key":"Dexterity Potion"},{"floor":10,"key":"LiquidMemories"},{"floor":11,"key":"SkillPotion"}],"is_trial":true,"path_per_floor":["$","$","M","M","M","T","$","R","M","M","M","T","$","$","M","M","M","M",null],"character_chosen":"THE_SILENT","items_purchased":["Replay:Wax Seal","Dota2Spire:EchoSabre","Dota2Spire:PowerTreads","Art of War","Happy Flower","Escape Plan+1","REME_Flogging+1","Blade Dance+1","Magnetism+1","Leg Sweep+1","Venomology+1","Accuracy+1","Infinite Blades+1","Footwork+1","Membership Card","OrangePellets","Hidden Blade+1","conspire:Dentures"],"campfire_rested":0,"item_purchase_floors":[1,1,1,1,1,2,2,2,2,2,7,7,7,7,13,13,13,13],"current_hp_per_floor":[63,63,70,70,70,70,70,70,61,57,31,31,31,31,25,30,30,50],"gold":676,"neow_bonus":"","is_daily":false,"chose_seed":false,"campfire_upgraded":1,"win_rate":0.0,"timestamp":1611219017,"path_taken":["$","$","M","M","M","T","$","R","M","M","M","T","$","$","M","M","M","M"],"items_purchased_type":["Relic","Relic","Relic","Relic","Relic","Card","Card","Card","Card","Card","Card","Card","Card","Card","Relic","Relic","Card","Relic"],"build_version":"2020-12-22","purchased_purges":3,"victory":true,"max_hp_per_floor":[70,70,70,70,70,70,70,70,70,70,70,70,70,70,70,70,70,70],"relic_stats":{"OrangePellets":[7],"Happy Flower":[19],"counters":[10,59],"Gambling Chip":[11],"Pandora\u0027s Box":[],"Art of War":[6],"Smiling Mask":0,"obtain_stats":[{"Dota2Spire:EchoSabre":1,"Dota2Spire:PowerTreads":1,"Calipers":11,"Dota2Spire:ShadowBlade":4,"Smiling Mask":10,"Dota2Spire:LotusOrb":18,"Replay:Rubber Ducky":17,"Replay:Bandana":3,"energizedSpire:CursedPentagram":6,"Gambling Chip":15,"Toxic Egg 2":0,"Replay:Wax Seal":1,"conspire:Dentures":13,"Happy Flower":1,"The Courier":0,"Frozen Egg 2":0,"OrangePellets":13,"ReplayTheSpireMod:Shallot":16,"Pandora\u0027s Box":0,"Molten Egg 2":0,"Art of War":1,"Coffee Dripper":12,"Membership Card":13,"ReplayTheSpireMod:Lightbulb":5,"Toy Ornithopter":9,"REME_ComplimentaryCards":0},{"Dota2Spire:EchoSabre":0,"Dota2Spire:PowerTreads":0,"Calipers":6,"Dota2Spire:ShadowBlade":2,"Smiling Mask":5,"Dota2Spire:LotusOrb":10,"Replay:Rubber Ducky":9,"Replay:Bandana":1,"energizedSpire:CursedPentagram":3,"Gambling Chip":7,"Toxic Egg 2":0,"Replay:Wax Seal":0,"conspire:Dentures":6,"Happy Flower":0,"The Courier":0,"Frozen Egg 2":0,"OrangePellets":6,"ReplayTheSpireMod:Shallot":8,"Pandora\u0027s Box":0,"Molten Egg 2":0,"Art of War":0,"Coffee Dripper":6,"Membership Card":6,"ReplayTheSpireMod:Lightbulb":3,"Toy Ornithopter":4,"REME_ComplimentaryCards":0},{"Dota2Spire:EchoSabre":0,"Dota2Spire:PowerTreads":0,"Calipers":35,"Dota2Spire:ShadowBlade":15,"Smiling Mask":30,"Dota2Spire:LotusOrb":59,"Replay:Rubber Ducky":54,"Replay:Bandana":11,"energizedSpire:CursedPentagram":20,"Gambling Chip":41,"Toxic Egg 2":0,"Replay:Wax Seal":0,"conspire:Dentures":35,"Happy Flower":0,"The Courier":0,"Frozen Egg 2":0,"OrangePellets":35,"ReplayTheSpireMod:Shallot":46,"Pandora\u0027s Box":0,"Molten Egg 2":0,"Art of War":0,"Coffee Dripper":35,"Membership Card":35,"ReplayTheSpireMod:Lightbulb":20,"Toy Ornithopter":25,"REME_ComplimentaryCards":0}],"Toy Ornithopter":50},"card_choices":[],"player_experience":1189127,"relics_obtained":[{"floor":3.0,"key":"Replay:Bandana"},{"floor":4.0,"key":"Dota2Spire:ShadowBlade"},{"floor":5.0,"key":"ReplayTheSpireMod:Lightbulb"},{"floor":9.0,"key":"Toy Ornithopter"},{"floor":10,"key":"Smiling Mask"},{"floor":11,"key":"Calipers"},{"floor":15,"key":"Gambling Chip"},{"floor":16,"key":"ReplayTheSpireMod:Shallot"},{"floor":17,"key":"Replay:Rubber Ducky"},{"floor":18,"key":"Dota2Spire:LotusOrb"}],"event_choices":[],"is_beta":false,"boss_relics":[{"not_picked":["energizedSpire:HighHeels","qcfpunch:Dark_Gi"],"picked":"energizedSpire:CursedPentagram"},{"not_picked":["Velvet Choker","conspire:RunicOctahedron"],"picked":"Coffee Dripper"}],"items_purged_floors":[1,7,13],"is_endless":false,"potions_floor_spawned":[3,9,10,11],"ascension_level":10}}