{"host":"51f0ad793vly1w6u","time":1611190688,"event":{"mods":["BaseMod","Colored Map","DeckTracker","Minty Spire (QoL Compilation)","Replay The Spire","StSLib","SuperFastMode"],"gold_per_floor":[118,118,118,130,145,170,170,201,201,226,226,266,281,294,294,294,294],"floor_reached":16,"language":"KOR","playtime":280,"items_purged":[],"score":147,"play_id":"7dff58de-5a89-41db-baf5-c3142dfc5c40","local_time":"20210121095808","is_ascension_mode":false,"campfire_choices":[{"data":"Defragment","floor":11,"key":"SMITH"},{"data":"Creative AI","floor":15,"key":"SMITH"}],"circlet_count":0,"master_deck":["Strike_B+1","Strike_B","Strike_B","Strike_B+1","Defend_B","Defend_B","Defend_B","Defend_B","Zap+1","Dualcast","Sweeping Beam","Streamline","Defragment+1","Panic Button","Creative AI+1","Coolheaded","Conserve Battery"],"relics":["Cracked Core","HornCleat","Golden Idol","Pen Nib","Singing Bowl","Regal Pillow"],"acts_visited":["Exordium"],"potions_floor_usage":[8,10,16],"damage_taken":[{"damage":1,"enemies":"2 Louse","floor":1,"turns":2},{"damage":0,"enemies":"Small Slimes","floor":4,"turns":2},{"damage":1,"enemies":"Jaw Worm","floor":5,"turns":2},{"damage":8,"enemies":"Replay:BlueRogue","floor":6,"turns":7},{"damage":0,"enemies":"Gremlin Nob","floor":8,"turns":3},{"damage":2,"enemies":"3 Louse","floor":10,"turns":3},{"damage":21,"enemies":"Lagavulin","floor":12,"turns":5},{"damage":6,"enemies":"Exordium Wildlife","floor":13,"turns":2},{"damage":1,"enemies":"Looter","floor":14,"turns":2},{"damage":20,"enemies":"Slime Boss","floor":16,"turns":8}],"seed_played":"683439508689776406","potions_obtained":[{"floor":4,"key":"SkillPotion"},{"floor":5,"key":"Venom Potion"},{"floor":8,"key":"BlessingOfTheForge"},{"floor":12,"key":"Elixir"}],"is_trial":false,"path_per_floor":["M","?","?","M","M","E","?","E","T","M","R","E","M","M","R","B"],"character_chosen":"DEFECT","items_purchased":[],"campfire_rested":0,"item_purchase_floors":[],"current_hp_per_floor":[74,59,59,59,58,50,50,50,50,48,48,27,21,20,20,0,0],"gold":294,"neow_bonus":"UPGRADE_CARD","is_daily":false,"chose_seed":false,"campfire_upgraded":2,"win_rate":0.0,"timestamp":1611190688,"path_taken":["M","?","?","M","M","E","?","E","T","M","R","E","M","M","R","BOSS"],"items_purchased_type":[],"build_version":"2020-12-22","purchased_purges":0,"victory":false,"max_hp_per_floor":[75,75,75,75,75,75,69,69,69,69,69,69,69,69,69,69,69],"card_choices":[{"not_picked":["Go for the Eyes","ReplayTheSpireMod:System Scan","ReplayTheSpireMod:Reroute Power"],"picked":"SKIP","floor":1},{"not_picked":["Rebound","Barrage","Go for the Eyes"],"picked":"SKIP","floor":4},{"not_picked":["ReplaySolidLightProjector","BasicCrystalCard"],"picked":"Sweeping Beam","floor":5},{"not_picked":["BasicCrystalCard","Turbo"],"picked":"Streamline","floor":6},{"not_picked":["Leap","Compile Driver"],"picked":"Defragment","floor":8},{"not_picked":["Gash","Rip and Tear"],"picked":"Panic Button","floor":10},{"not_picked":["Streamline","Auto Shields"],"picked":"Creative AI","floor":12},{"not_picked":["Redo","Hologram"],"picked":"Coolheaded","floor":13},{"not_picked":["Turbo","Panic Button"],"picked":"Conserve Battery","floor":14}],"player_experience":1407014,"relics_obtained":[{"floor":6,"key":"HornCleat"},{"floor":8,"key":"Pen Nib"},{"floor":9,"key":"Singing Bowl"},{"floor":12,"key":"Regal Pillow"}],"event_choices":[{"damage_healed":0,"gold_gain":0,"player_choice":"Entered Light","damage_taken":15,"max_hp_gain":0,"max_hp_loss":0,"event_name":"Shining Light","floor":2,"gold_loss":0,"cards_upgraded":["Strike_B","Strike_B"]},{"damage_healed":0,"gold_gain":0,"player_choice":"Ignored","damage_taken":0,"max_hp_gain":0,"max_hp_loss":0,"event_name":"Liars Game","floor":3,"gold_loss":0},{"damage_healed":0,"gold_gain":0,"player_choice":"Lose Max HP","damage_taken":0,"relics_obtained":["Golden Idol"],"max_hp_gain":0,"max_hp_loss":6,"event_name":"Golden Idol","floor":7,"gold_loss":0}],"is_beta":false,"boss_relics":[],"items_purged_floors":[],"is_endless":false,"potions_floor_spawned":[4,5,8,12],"killed_by":"Slime Boss","ascension_level":0}}