{"host":"yncvxcxtq9dkce9q","time":1611271945,"event":{"mods":["ATMod(°¢èªMod)","AchievementEnabler","Act Like it!","Arknights The Spire","Ascension Reborn","Aspiration","Bard","BaseMod","BetterRewards","ChefMod","Colored Powertips","Conspire","Custom Start","Defuse TimeMaze Blight","Dota2Spire","Energized Spire","Friendly Minions","Gensokyo","GifTheSpireLib","Gremlin Mod","Halation","Hermit","Hubris","Infinite Spire","Jedi Mod","Lobotomy","LobotomyExtend","Marisa£¨ìFÓê¡¡Ä§ÀíÉ³£©","Marked Mod","Minty Spire (QoL Compilation)","MostiFishMod","Pale of the Ancients","Potionbrewer","Rare Cards Sparkle","Reimu£¨²©ÀöÁéÃÎ£©","Relic Sorter","Replay The Spire","RumiaBox-Â¶Ã×æ«µÄÉñÃØºÐ×Ó","Shop Mod","Spicy Shops","StSLib","Stuff the Spire","TestMod","The Administrix","The Blue Laboratory","The Construct","The Gatherer","The Hayseed","The Jungle","The Marked","The Runesmith","The Servant 0.9.4","Waifu the Spire","Wandering Minibosses","Warlord Emblem","Yakumo Yukari mod","Youmu£¨»êÆÇÑýÃÎ£©","[GremlinLeader]The Maniac","noobMod","vexMod","¡¾¹¦ÄÜMod¡¿»ìãçÖ®»·ÐÞ¸´²¹¶¡","¡¾ÒÅÎï¿¨ÅÆ¡¿REMEMod"],"gold_per_floor":[154,2,2,34,34,397,397,687,687,687,21,120,155,237,237,430,430,500,595,595,595],"floor_reached":20,"language":"ZHS","playtime":3836,"items_purged":[],"score":330,"play_id":"e72cca22-1b10-4f6e-a9fa-8420a6fa79b5","local_time":"20210122073225","is_ascension_mode":true,"campfire_choices":[{"data":"WitchOfGreed","floor":7.0,"key":"SMITH"},{"data":"testmod-AutoReboundSystem","floor":15,"key":"SMITH"}],"circlet_count":0,"master_deck":["Strike_MRS+1","Strike_MRS+1","Strike_MRS+1","Defend_MRS","Defend_MRS","Defend_MRS","MasterSpark+1","UpSweep","WitchOfGreed+1","WitchOfGreed+1","EnergyFlow","REME_TheoryOfElimination","testmod-AutoReboundSystem+1","Gensokyo:SummonYinYangFox","OrrerysSun","StarBarrage","SatelliteIllusion","CollectingQuirk","MilkyWay"],"relics":["MiniHakkero","Gensokyo:Companionship","AT_ATBox","REME_ComplimentaryCards","DaveBox","ice","testmod-TestBox","Dota2Spire:HandOfMidas","testmod-NegativeEmotionEnhancer","BionicSphere","SynthV:TestCard","LetterFromLob","Replay:Rubber Ducky","Replay:Ringing Soul","MerchantsRug","Frozen Eye","Iron Hammer","Replay:Drink Me"],"acts_visited":["Exordium","Gensokyo:Gensokyo"],"potions_floor_usage":[12,14,16,16,19],"damage_taken":[{"damage":0.0,"enemies":"conspire:MimicChest","floor":0.0,"turns":4.0},{"damage":0.0,"enemies":"Gensokyo:Gryphon","floor":1.0,"turns":3.0},{"damage":0.0,"enemies":"Gensokyo:3_Fairies","floor":4.0,"turns":5.0},{"damage":0.0,"enemies":"Gensokyo:Mamizou","floor":6.0,"turns":10.0},{"damage":0.0,"enemies":"Gensokyo:2_Kodama","floor":8.0,"turns":5.0},{"damage":26,"enemies":"Gensokyo:Cirno","floor":12,"turns":9},{"damage":0,"enemies":"Gensokyo:LivingMonolith","floor":13,"turns":5},{"damage":0,"enemies":"Gensokyo:Mamizou","floor":14,"turns":5},{"damage":0,"enemies":"Gensokyo:Kokoro","floor":16,"turns":6},{"damage":0,"enemies":"Gensokyo:3_Dogs","floor":18,"turns":4},{"damage":0,"enemies":"Gensokyo:Chomper","floor":19,"turns":4}],"seed_played":"7633643419089548400","potions_obtained":[{"floor":1.0,"key":"potionbrewer:AcidPotion"},{"floor":4.0,"key":"PowerPotion"},{"floor":6.0,"key":"potionbrewer:EndurancePotion"},{"floor":6.0,"key":"jedi:hoardpotion"},{"floor":8.0,"key":"FearPotion"},{"floor":8.0,"key":"jedi:hoardpotion"},{"floor":12,"key":"testmod-SpacePotion"},{"floor":12,"key":"blueLaboratory:LouseDecoction"},{"floor":13,"key":"Dexterity Potion"},{"floor":13,"key":"blueLaboratory:PyrophylliteBrew"},{"floor":14,"key":"PowerPotion"},{"floor":14,"key":"Energy Potion"},{"floor":16,"key":"testmod-EscapePotion"},{"floor":16,"key":"blueLaboratory:BottleOfVodka"},{"floor":18,"key":"potionbrewer:BoundlessPotion"},{"floor":18,"key":"potionbrewer:CleansingPotion"},{"floor":19,"key":"potionbrewer:ToxicPotion"}],"is_trial":false,"path_per_floor":["M","COS","?","M","?","E","R","M","T","?","$","E","M","E","R","B",null,"M","M","?"],"character_chosen":"MARISA","items_purchased":["MerchantsRug","Frozen Eye","Iron Hammer","REME_TheoryOfElimination","testmod-AutoReboundSystem"],"campfire_rested":0,"item_purchase_floors":[11,11,11,11,11],"current_hp_per_floor":[77,77,77,78,78,79,79,83,83,59,62,52,57,62,62,67,77,81,82,0,0],"gold":595,"neow_bonus":"RANDOM_EVENT","is_daily":false,"chose_seed":false,"campfire_upgraded":2,"win_rate":0.0,"timestamp":1611271945,"path_taken":["M","COS","?","?","?","E","R","M","T","?","$","E","M","E","R","BOSS","M","M","?"],"items_purchased_type":["Relic","Relic","Relic","Card","Card"],"build_version":"2020-12-22","purchased_purges":0,"victory":false,"max_hp_per_floor":[77,77,77,78,78,79,79,83,83,83,86,90,94,98,98,102,77,81,82,82,82],"card_choices":[{"not_picked":["ChargingUp","DC"],"picked":"Robbery","floor":1.0},{"not_picked":["GasGiant","DoubleSpark","WitchLeyline","6A"],"picked":"WitchOfGreed","floor":4.0},{"not_picked":["WitchLeyline","OpenUniverse","GasGiant","DragonMeteor","FairyDestructionRay"],"picked":"SKIP","floor":6.0},{"not_picked":["WitchLeyline","OpenUniverse","GasGiant","DragonMeteor","FairyDestructionRay"],"picked":"SKIP","floor":6.0},{"not_picked":["GravityBeat","ShootTheMoon","PropBag","Orbital"],"picked":"EnergyFlow","floor":8.0},{"not_picked":["SporeBomb","DragonMeteor","StarDustReverie","UnstableBomb"],"picked":"OrrerysSun","floor":12},{"not_picked":["IllusionStar","DoubleSpark","ManaConvection","MagicAbsorber"],"picked":"StarBarrage","floor":13},{"not_picked":["IllusionStar","ChargingUp","NonDirectionalLaser","GrandCross"],"picked":"SatelliteIllusion","floor":14},{"not_picked":["BlazingStar","CasketOfStar","JA","AbsoluteMagnitude"],"picked":"CollectingQuirk","floor":16},{"not_picked":["OortCloud","LuminesStrike+1","DeepEcoloBomb+1","GalacticHalo+1"],"picked":"MilkyWay","floor":18},{"not_picked":["StarBarrage","EarthLightRay","IllusionStar","LuminesStrike","AsteroidBelt+1"],"picked":"SKIP","floor":19}],"player_experience":424789,"relics_obtained":[{"floor":1.0,"key":"SynthV:TestCard"},{"floor":1.0,"key":"LetterFromLob"},{"floor":6.0,"key":"Replay:Ringing Soul"},{"floor":12,"key":"halation:PrussianBluePaint"},{"floor":14,"key":"Dota2Spire:HandOfMidas"}],"event_choices":[],"is_beta":false,"boss_relics":[{"not_picked":["ChewingGum","energizedSpire:HugeHouse"],"picked":"Replay:Drink Me"}],"items_purged_floors":[],"is_endless":false,"potions_floor_spawned":[1,4,6,14,18],"ascension_level":1}}