{"host":"gg","time":1611201935,"event":{"mods":["BaseMod","Colored Map","Googly Eyes","Minty Spire (QoL Compilation)","Permanent Neow","Relic Stats","The IronCluck"],"gold_per_floor":[117,127,21,21,37,65,75,102,184,217,237,257,257,257,257,346,346,371,394,394,413,413,413,431,431,511,511,549,549,549,549],"floor_reached":30,"language":"ENG","playtime":1441,"items_purged":[],"score":590,"play_id":"5f942025-08f3-423e-af10-2b1747e99694","local_time":"20210120200535","is_ascension_mode":true,"campfire_choices":[{"data":"WheelKick","floor":15.0,"key":"SMITH"},{"data":"CrushJoints","floor":23,"key":"SMITH"},{"data":"Conclude","floor":27,"key":"SMITH"}],"circlet_count":0,"master_deck":["AscendersBane","Strike_P+1","Strike_P+1","Strike_P+1","Strike_P+1","Defend_P+1","Defend_P+1","Defend_P+1","Eruption+1","Vigilance","CutThroughFate","ReachHeaven","BowlingBash","FollowUp","JustLucky","Conclude+1","WheelKick+1","FlyingSleeves","Blasphemy+1","CutThroughFate","CrushJoints+1","CrushJoints"],"relics":["Busted Crown","Matryoshka","Gambling Chip","MealTicket","Eternal Feather","Damaru","Golden Idol","Snecko Eye","War Paint","Toxic Egg 2","Regal Pillow"],"acts_visited":["Exordium","TheCity"],"potions_floor_usage":[28,30],"damage_taken":[{"damage":5.0,"enemies":"2 Louse","floor":1.0,"turns":2.0},{"damage":0.0,"enemies":"Cultist","floor":2.0,"turns":3.0},{"damage":0.0,"enemies":"Jaw Worm","floor":5.0,"turns":2.0},{"damage":2.0,"enemies":"3 Sentries","floor":6.0,"turns":3.0},{"damage":0.0,"enemies":"Blue Slaver","floor":7.0,"turns":1.0},{"damage":27.0,"enemies":"Lagavulin","floor":8.0,"turns":4.0},{"damage":0.0,"enemies":"3 Sentries","floor":10.0,"turns":2.0},{"damage":5.0,"enemies":"Red Slaver","floor":11.0,"turns":3.0},{"damage":0.0,"enemies":"3 Louse","floor":12.0,"turns":1.0},{"damage":45.0,"enemies":"The Guardian","floor":16.0,"turns":8.0},{"damage":12.0,"enemies":"3 Byrds","floor":18.0,"turns":2.0},{"damage":21.0,"enemies":"Shell Parasite","floor":19.0,"turns":4.0},{"damage":10,"enemies":"Centurion and Healer","floor":21,"turns":2},{"damage":0,"enemies":"Shelled Parasite and Fungi","floor":24,"turns":1},{"damage":10,"enemies":"Book of Stabbing","floor":28,"turns":3},{"damage":28,"enemies":"Cultist and Chosen","floor":30,"turns":5}],"seed_played":"3602007358352513595","potions_obtained":[{"floor":5.0,"key":"ColorlessPotion"},{"floor":7.0,"key":"SteroidPotion"},{"floor":10.0,"key":"SpeedPotion"},{"floor":11.0,"key":"Ancient Potion"},{"floor":19,"key":"SkillPotion"},{"floor":28,"key":"ColorlessPotion"}],"is_trial":false,"path_per_floor":["M","M","$","?","M","E","M","E","T","E","M","M","?","?","R","B",null,"M","M","?","M","?","R","M","?","T","R","E","?","M"],"character_chosen":"WATCHER","items_purchased":["BowlingBash","FollowUp"],"campfire_rested":0,"item_purchase_floors":[3,3],"current_hp_per_floor":[56,56,56,56,56,54,54,27,27,27,22,22,44,44,53,8,49,37,16,16,6,6,18,18,18,18,30,20,20,0,0],"gold":549,"neow_bonus":"BOSS_RELIC","is_daily":false,"chose_seed":false,"campfire_upgraded":3,"win_rate":0.0,"timestamp":1611201935,"path_taken":["M","M","$","?","?","E","M","E","T","E","M","M","?","?","R","BOSS","M","M","?","?","?","R","?","?","T","R","E","?","M"],"items_purchased_type":["Card","Card"],"build_version":"2020-12-18","purchased_purges":0,"victory":false,"max_hp_per_floor":[68,68,68,68,68,68,68,68,68,68,68,68,68,62,62,62,62,62,62,62,62,62,62,62,62,62,62,62,62,62,62],"relic_stats":{"Regal Pillow":0,"Busted Crown":34,"counters":[16,46],"Golden Idol":49,"Gambling Chip":[32],"Snecko Eye":[33,30,39,41],"MealTicket":0,"Eternal Feather":33,"War Paint":["Defend_P","Defend_P"],"obtain_stats":[{"Regal Pillow":28,"Busted Crown":0,"Matryoshka":6,"Golden Idol":14,"Gambling Chip":8,"Damaru":10,"Snecko Eye":17,"MealTicket":9,"Eternal Feather":9,"PureWater":0,"War Paint":26,"Toxic Egg 2":26},{"Regal Pillow":15,"Busted Crown":0,"Matryoshka":4,"Golden Idol":9,"Gambling Chip":6,"Damaru":7,"Snecko Eye":10,"MealTicket":6,"Eternal Feather":6,"PureWater":0,"War Paint":14,"Toxic Egg 2":14},{"Regal Pillow":41,"Busted Crown":0,"Matryoshka":10,"Golden Idol":21,"Gambling Chip":15,"Damaru":17,"Snecko Eye":29,"MealTicket":15,"Eternal Feather":15,"PureWater":0,"War Paint":38,"Toxic Egg 2":38}]},"card_choices":[{"not_picked":[],"picked":"CutThroughFate","floor":1.0},{"not_picked":[],"picked":"ReachHeaven","floor":2.0},{"not_picked":["DeceiveReality"],"picked":"SKIP","floor":5.0},{"not_picked":[],"picked":"JustLucky","floor":6.0},{"not_picked":[],"picked":"Conclude","floor":7.0},{"not_picked":["Prostrate"],"picked":"SKIP","floor":8.0},{"not_picked":[],"picked":"WheelKick","floor":10.0},{"not_picked":[],"picked":"FlyingSleeves","floor":11.0},{"not_picked":["DeceiveReality"],"picked":"SKIP","floor":12.0},{"not_picked":[],"picked":"Blasphemy","floor":16.0},{"not_picked":["LikeWater"],"picked":"SKIP","floor":18.0},{"not_picked":["BattleHymn"],"picked":"SKIP","floor":19},{"not_picked":[],"picked":"CrushJoints","floor":21},{"not_picked":[],"picked":"CrushJoints","floor":24},{"not_picked":["Blasphemy+1"],"picked":"SKIP","floor":28}],"player_experience":1241363,"relics_obtained":[{"floor":6.0,"key":"Matryoshka"},{"floor":8.0,"key":"Gambling Chip"},{"floor":9.0,"key":"MealTicket"},{"floor":9.0,"key":"Eternal Feather"},{"floor":10.0,"key":"Damaru"},{"floor":26,"key":"War Paint"},{"floor":26,"key":"Toxic Egg 2"},{"floor":28,"key":"Regal Pillow"}],"event_choices":[{"damage_healed":0.0,"max_hp_gain":0.0,"max_hp_loss":0.0,"gold_gain":0.0,"event_name":"Accursed Blacksmith","player_choice":"Forge","floor":4.0,"gold_loss":0.0,"damage_taken":0.0,"cards_upgraded":["Eruption"]},{"damage_healed":22.0,"max_hp_gain":0.0,"max_hp_loss":0.0,"gold_gain":0.0,"event_name":"Big Fish","player_choice":"Banana","floor":13.0,"gold_loss":0.0,"damage_taken":0.0},{"damage_healed":0.0,"max_hp_gain":0.0,"max_hp_loss":6.0,"gold_gain":0.0,"event_name":"Golden Idol","player_choice":"Lose Max HP","floor":14.0,"gold_loss":0.0,"damage_taken":0.0,"relics_obtained":["Golden Idol"]},{"damage_healed":0,"gold_gain":0,"cards_transformed":["Defend_P"],"player_choice":"Transformed","damage_taken":0,"max_hp_gain":0,"max_hp_loss":0,"event_name":"Transmorgrifier","floor":20,"gold_loss":0,"cards_obtained":["CutThroughFate"]},{"damage_healed":0,"gold_gain":0,"player_choice":"Upgraded","damage_taken":0,"max_hp_gain":0,"max_hp_loss":0,"event_name":"Upgrade Shrine","floor":22,"gold_loss":0,"cards_upgraded":["Blasphemy"]},{"damage_healed":0,"gold_gain":0,"player_choice":"Ignored","damage_taken":0,"max_hp_gain":0,"max_hp_loss":0,"event_name":"The Mausoleum","floor":25,"gold_loss":0},{"damage_healed":0,"gold_gain":0,"player_choice":"Simplicity","damage_taken":0,"max_hp_gain":0,"max_hp_loss":0,"event_name":"Back to Basics","floor":29,"gold_loss":0,"cards_upgraded":["Strike_P","Strike_P","Strike_P","Strike_P","Defend_P"]}],"is_beta":true,"boss_relics":[{"not_picked":["Ectoplasm","Tiny House"],"picked":"Snecko Eye"}],"items_purged_floors":[],"is_endless":false,"potions_floor_spawned":[5,7,10,11,19,21,28],"killed_by":"Cultist and Chosen","ascension_level":20}}