{"host":"kpyoctgc7jne3jiy","time":1611220194,"event":{"mods":["AchievementEnabler","BaseMod","Minty Spire (QoL Compilation)","Relic Stats","Slay-I"],"gold_per_floor":[116,129,129,139,139,149,149,166,166,199,199,209,224,256,256,355,355,368,1,16,28,45,87,97,109,109,143,168,189,104,65,65,172,172,185,205,232,248,268,268,296,296,371,397,441,441,462,483,483,483,483,483,145,189,189,189],"floor_reached":55,"language":"ENG","playtime":3002,"items_purged":["Strike_P","Strike_P"],"score":844,"play_id":"8b0789fd-f4db-47d9-ae1c-8c67b10a45bf","local_time":"20210121100954","is_ascension_mode":false,"campfire_choices":[{"data":"Wallop","floor":11.0,"key":"SMITH"},{"floor":15.0,"key":"REST"},{"floor":32,"key":"REST"},{"floor":40,"key":"RECALL"},{"floor":42,"key":"REST"},{"data":"Strike_P","floor":46,"key":"PURGE"},{"floor":49,"key":"REST"},{"data":"Defend_P","floor":52,"key":"PURGE"}],"circlet_count":0,"master_deck":["Strike_P","Defend_P+1","Defend_P+1","Defend_P","Eruption","Vigilance","Fasting2+1","Conclude","Wallop+1","FlurryOfBlows+1","BattleHymn+1","EmptyBody+1","SandsOfTime+1","SpiritShield","CurseOfTheBell","Vengeance","Halt","ThirdEye+1","DeceiveReality","Consecrate+1","LessonLearned+1","Wallop+1","CutThroughFate+1","WaveOfTheHand","FlurryOfBlows+1","TalkToTheHand+1","Halt+1","Swift Strike+1","Protect+1"],"relics":["Sozu","Pen Nib","Potion Belt","StrikeDummy","CaptainsWheel","Calling Bell","Regal Pillow","Singing Bowl","Peace Pipe","ClockworkSouvenir","MealTicket","CeramicFish","Molten Egg 2","Red Mask","Gremlin Horn","Philosopher\u0027s Stone","Damaru","Bottled Flame","Letter Opener","Lantern","Bag of Marbles"],"acts_visited":["Exordium","TheCity","TheBeyond","TheEnding"],"potions_floor_usage":[],"damage_taken":[{"damage":4.0,"enemies":"Small Slimes","floor":1.0,"turns":4.0},{"damage":0.0,"enemies":"Cultist","floor":2.0,"turns":4.0},{"damage":0.0,"enemies":"2 Louse","floor":4.0,"turns":3.0},{"damage":1.0,"enemies":"Exordium Wildlife","floor":6.0,"turns":4.0},{"damage":3.0,"enemies":"2 Fungi Beasts","floor":8.0,"turns":2.0},{"damage":0.0,"enemies":"Gremlin Nob","floor":10.0,"turns":3.0},{"damage":1.0,"enemies":"3 Louse","floor":12.0,"turns":2.0},{"damage":0.0,"enemies":"Looter","floor":13.0,"turns":2.0},{"damage":0.0,"enemies":"Lagavulin","floor":14.0,"turns":3.0},{"damage":0.0,"enemies":"The Guardian","floor":16.0,"turns":7.0},{"damage":0.0,"enemies":"Chosen","floor":18.0,"turns":3.0},{"damage":5.0,"enemies":"2 Thieves","floor":20.0,"turns":4.0},{"damage":0.0,"enemies":"Centurion and Healer","floor":21.0,"turns":6.0},{"damage":0.0,"enemies":"Chosen and Byrds","floor":22.0,"turns":4.0},{"damage":30,"enemies":"Gremlin Leader","floor":23,"turns":6},{"damage":5,"enemies":"Snake Plant","floor":24,"turns":4},{"damage":0,"enemies":"Snecko","floor":25,"turns":4},{"damage":25,"enemies":"Masked Bandits","floor":27,"turns":5},{"damage":0,"enemies":"3 Cultists","floor":29,"turns":5},{"damage":24,"enemies":"Champ","floor":33,"turns":9},{"damage":0,"enemies":"3 Shapes","floor":35,"turns":3},{"damage":0,"enemies":"Orb Walker","floor":36,"turns":4},{"damage":0,"enemies":"3 Darklings","floor":37,"turns":7},{"damage":0,"enemies":"Spire Growth","floor":38,"turns":5},{"damage":22,"enemies":"Transient","floor":39,"turns":5},{"damage":31,"enemies":"Nemesis","floor":41,"turns":7},{"damage":1,"enemies":"4 Shapes","floor":44,"turns":4},{"damage":19,"enemies":"Giant Head","floor":45,"turns":7},{"damage":0,"enemies":"Jaw Worm Horde","floor":47,"turns":4},{"damage":0,"enemies":"3 Darklings","floor":48,"turns":4},{"damage":36,"enemies":"Donu and Deca","floor":50,"turns":10},{"damage":44,"enemies":"Shield and Spear","floor":54,"turns":8},{"damage":50,"enemies":"The Heart","floor":55,"turns":6}],"seed_played":"-6927813035275288292","potions_obtained":[],"is_trial":false,"path_per_floor":["M","M","?","M","?","M","?","M","T","E","R","M","M","E","R","B",null,"M","$","M","M","M","E","M","M","T","?","T","M","?","$","R","B",null,"M","M","M","M","M","R","E","R","T","M","E","R","M","M","R","B",null,"R","$","E","B"],"character_chosen":"WATCHER","items_purchased":["ClockworkSouvenir","MealTicket","Consecrate+1","Lantern","Swift Strike+1"],"campfire_rested":4,"item_purchase_floors":[19,19,31,53,53],"current_hp_per_floor":[68,68,54,54,42,41,41,38,38,38,38,37,37,37,58,58,72,74,74,71,73,73,43,40,42,42,17,17,17,17,32,71,47,82,84,84,84,86,66,66,37,79,79,78,59,59,59,59,90,54,90,90,90,46,0,0],"gold":189,"neow_bonus":"BOSS_RELIC","is_daily":false,"chose_seed":false,"campfire_upgraded":1,"win_rate":0.0,"timestamp":1611220194,"path_taken":["M","M","?","M","?","M","?","M","T","E","R","M","M","E","R","BOSS","M","$","?","M","M","E","M","M","T","?","?","M","?","$","R","BOSS","M","M","M","M","M","R","E","R","T","M","E","R","M","M","R","BOSS","R","$","E","BOSS"],"items_purchased_type":["Relic","Relic","Card","Relic","Card"],"build_version":"2020-12-22","purchased_purges":2,"victory":false,"max_hp_per_floor":[72,72,72,72,72,72,72,72,72,72,72,72,72,72,72,72,72,74,74,76,78,78,78,80,82,82,82,82,82,82,82,82,82,82,84,84,84,86,88,88,90,90,90,90,90,90,90,90,90,90,90,90,90,90,90,90],"relic_stats":{"Sozu":14,"Peace Pipe":2,"Regal Pillow":34,"Singing Bowl":18,"Gremlin Horn":[15,15],"counters":[33,158],"CeramicFish":117,"MealTicket":15,"Pen Nib":[31],"Letter Opener":[40],"obtain_stats":[{"Potion Belt":9,"Regal Pillow":17,"Lantern":53,"Singing Bowl":17,"Gremlin Horn":30,"CeramicFish":23,"Damaru":41,"Pen Nib":5,"Letter Opener":45,"ClockworkSouvenir":19,"Sozu":0,"Calling Bell":17,"Peace Pipe":17,"CaptainsWheel":14,"Bottled Flame":43,"MealTicket":19,"Molten Egg 2":26,"Philosopher\u0027s Stone":34,"Red Mask":27,"Bag of Marbles":54,"PureWater":0,"StrikeDummy":10},{"Potion Belt":5,"Regal Pillow":10,"Lantern":31,"Singing Bowl":10,"Gremlin Horn":19,"CeramicFish":15,"Damaru":26,"Pen Nib":3,"Letter Opener":28,"ClockworkSouvenir":11,"Sozu":0,"Calling Bell":10,"Peace Pipe":10,"CaptainsWheel":9,"Bottled Flame":26,"MealTicket":11,"Molten Egg 2":17,"Philosopher\u0027s Stone":20,"Red Mask":18,"Bag of Marbles":32,"PureWater":0,"StrikeDummy":6},{"Potion Belt":17,"Regal Pillow":34,"Lantern":144,"Singing Bowl":34,"Gremlin Horn":75,"CeramicFish":57,"Damaru":115,"Pen Nib":11,"Letter Opener":126,"ClockworkSouvenir":37,"Sozu":0,"Calling Bell":34,"Peace Pipe":34,"CaptainsWheel":27,"Bottled Flame":115,"MealTicket":37,"Molten Egg 2":65,"Philosopher\u0027s Stone":84,"Red Mask":70,"Bag of Marbles":152,"PureWater":0,"StrikeDummy":20}]},"card_choices":[{"not_picked":["ReachHeaven","EmptyBody"],"picked":"Fasting2","floor":1.0},{"not_picked":["Evaluate","Prostrate","SashWhip"],"picked":"SKIP","floor":2.0},{"not_picked":["FlyingSleeves","FollowUp"],"picked":"Conclude","floor":4.0},{"not_picked":["Crescendo","EmptyMind"],"picked":"Wallop","floor":6.0},{"not_picked":["Crescendo","FearNoEvil"],"picked":"FlurryOfBlows","floor":8.0},{"not_picked":["Indignation","Alpha"],"picked":"BattleHymn","floor":10.0},{"not_picked":["Weave","ForeignInfluence"],"picked":"EmptyBody","floor":12.0},{"not_picked":["CarveReality","BowlingBash"],"picked":"SandsOfTime","floor":13.0},{"not_picked":["SignatureMove","FlyingSleeves","BowlingBash"],"picked":"SKIP","floor":14.0},{"not_picked":["Devotion","Establishment"],"picked":"SpiritShield","floor":16.0},{"not_picked":["EmptyBody","LikeWater","Prostrate"],"picked":"Singing Bowl","floor":18.0},{"not_picked":["Weave","JustLucky","FlyingSleeves+1"],"picked":"Singing Bowl","floor":20.0},{"not_picked":["Crescendo","FlyingSleeves","ThirdEye"],"picked":"Singing Bowl","floor":21.0},{"not_picked":["EmptyFist","EmptyBody+1"],"picked":"Vengeance","floor":22.0},{"not_picked":["Adaptation","Weave"],"picked":"Halt","floor":23},{"not_picked":["BowlingBash","Vengeance","EmptyFist+1"],"picked":"Singing Bowl","floor":24},{"not_picked":["Worship","PathToVictory","Evaluate"],"picked":"Singing Bowl","floor":25},{"not_picked":["Collect","Prostrate"],"picked":"ThirdEye","floor":27},{"not_picked":["JustLucky+1","Swivel"],"picked":"DeceiveReality","floor":29},{"not_picked":["MasterReality","ConjureBlade"],"picked":"LessonLearned+1","floor":33},{"not_picked":["WreathOfFlame","Nirvana+1","Weave+1"],"picked":"Singing Bowl","floor":35},{"not_picked":["Vengeance+1","EmptyBody"],"picked":"Wallop+1","floor":36},{"not_picked":["ThirdEye","SignatureMove+1"],"picked":"CutThroughFate+1","floor":37},{"not_picked":["Fasting2+1","Protect+1","PathToVictory+1"],"picked":"Singing Bowl","floor":38},{"not_picked":["BowlingBash+1","Protect+1","CutThroughFate+1"],"picked":"Singing Bowl","floor":39},{"not_picked":["CutThroughFate+1","Prostrate","Pray"],"picked":"Singing Bowl","floor":41},{"not_picked":["CrushJoints+1","Brilliance+1"],"picked":"WaveOfTheHand","floor":44},{"not_picked":["CutThroughFate+1","EmptyFist+1"],"picked":"FlurryOfBlows+1","floor":45},{"not_picked":["Conclude+1","CutThroughFate+1"],"picked":"TalkToTheHand+1","floor":47},{"not_picked":["Consecrate+1","Weave+1"],"picked":"Halt+1","floor":48},{"not_picked":["Blasphemy","Tantrum+1"],"picked":"Protect+1","floor":54}],"player_experience":301413,"relics_obtained":[{"floor":9.0,"key":"Potion Belt"},{"floor":10.0,"key":"StrikeDummy"},{"floor":14.0,"key":"CaptainsWheel"},{"floor":17.0,"key":"Regal Pillow"},{"floor":17.0,"key":"Singing Bowl"},{"floor":17.0,"key":"Peace Pipe"},{"floor":23,"key":"CeramicFish"},{"floor":26,"key":"Molten Egg 2"},{"floor":27,"key":"Red Mask"},{"floor":41,"key":"Damaru"},{"floor":43,"key":"Bottled Flame"},{"floor":45,"key":"Letter Opener"},{"floor":54,"key":"Bag of Marbles"}],"event_choices":[{"damage_healed":0.0,"max_hp_gain":0.0,"max_hp_loss":0.0,"gold_gain":0.0,"event_name":"Shining Light","player_choice":"Entered Light","floor":3.0,"gold_loss":0.0,"damage_taken":14.0,"cards_upgraded":["Defend_P","Fasting2"]},{"damage_healed":0.0,"max_hp_gain":0.0,"max_hp_loss":0.0,"gold_gain":0.0,"event_name":"Scrap Ooze","player_choice":"Success","floor":5.0,"gold_loss":0.0,"damage_taken":12.0,"relics_obtained":["Pen Nib"]},{"damage_healed":0.0,"max_hp_gain":0.0,"max_hp_loss":0.0,"gold_gain":0.0,"event_name":"NoteForYourself","player_choice":"Ignored","floor":7.0,"gold_loss":0.0,"damage_taken":0.0},{"damage_healed":0,"gold_gain":0,"player_choice":"Fought Bandits","damage_taken":0,"max_hp_gain":0,"max_hp_loss":0,"event_name":"Masked Bandits","floor":27,"gold_loss":0},{"damage_healed":0,"gold_gain":0,"player_choice":"Obtained Relic","damage_taken":0,"relics_obtained":["Gremlin Horn"],"max_hp_gain":0,"max_hp_loss":0,"event_name":"Addict","floor":30,"gold_loss":85}],"is_beta":false,"boss_relics":[{"not_picked":["Coffee Dripper","SacredBark"],"picked":"Calling Bell"},{"not_picked":["Empty Cage","Pandora\u0027s Box"],"picked":"Philosopher\u0027s Stone"}],"items_purged_floors":[19,53],"is_endless":false,"potions_floor_spawned":[1,2,4,6,14,21,24,25,27,33,36,37,41,45],"killed_by":"The Heart","ascension_level":0}}