{"host":"1ecbliur7lfoj0sl","time":1611211808,"event":{"mods":["BaseMod","Crowbot","Downfall","Minty Spire (QoL Compilation)","StSLib","Waifu the Spire"],"gold_per_floor":[99,119,139,139,152,164,164,35,45,60,60,90,90,107,127,225,225,125,125,125,136,136,166,166,183,200,100,117,132,160,160,173,268,268,168,53,101,120,120,130,179,179,198,233,252,264,315,315,326,326,326,359,66,66,66,66,66,66],"floor_reached":56,"language":"ZHS","playtime":4087,"items_purged":["champ:Strike","champ:Strike","champ:Defend","champ:Defend"],"score":750,"play_id":"c92680ae-39ff-4372-ab93-d57cda9dec22","local_time":"20210121145008","is_ascension_mode":false,"campfire_choices":[{"floor":1.0,"key":"RECALL"},{"data":"champ:Duel","floor":11.0,"key":"SMITH"},{"data":"champ:ShieldThrow","floor":13.0,"key":"SMITH"},{"data":"champ:ShieldWall","floor":18.0,"key":"SMITH"},{"data":"champ:CalledShot","floor":27.0,"key":"SMITH"},{"data":"champ:FancyFootwork","floor":35.0,"key":"SMITH"},{"floor":54,"key":"REST"}],"circlet_count":0,"master_deck":["champ:Strike+1","champ:Defend","champ:Defend+1","champ:Taunt","champ:FocusedDefense","champ:ShieldThrow+1","champ:CalledShot+1","champ:CalledShot+1","champ:ShieldWall+1","champ:Duel+1","champ:SteelEdge+1","champ:TornadoPunch+1","champ:FancyFootwork+1","champ:LastStand","champ:DefensiveShout+1"],"relics":["champ:ChampionCrown","Sundial","Molten Egg 2","Black Star","downfall:HeartBlessingRed","Whetstone","Bag of Preparation","downfall:HeartBlessingBlue","Orichalcum","Eternal Feather","expansioncontent:StudyCardRelic","downfall:HeartBlessingGreen","Unceasing Top","downfall:TeleportStone","Juzu Bracelet","Ornamental Fan","Potion Belt","Medical Kit","champ:FightingForDummies","War Paint","Guardian:BottledAnomaly"],"acts_visited":["Exordium","TheCity","TheBeyond","TheEnding"],"potions_floor_usage":[50,56,56,56],"damage_taken":[{"damage":20.0,"enemies":"Jaw Worm","floor":2.0,"turns":5.0},{"damage":20.0,"enemies":"Cultist","floor":3.0,"turns":4.0},{"damage":14.0,"enemies":"Small Slimes","floor":5.0,"turns":4.0},{"damage":10.0,"enemies":"2 Fungi Beasts","floor":6.0,"turns":3.0},{"damage":40.0,"enemies":"downfall:FleeingMerchant","floor":8.0,"turns":4.0},{"damage":13.0,"enemies":"3 Louse","floor":9.0,"turns":4.0},{"damage":22.0,"enemies":"Exordium Wildlife","floor":10.0,"turns":4.0},{"damage":26.0,"enemies":"Gremlin Nob","floor":12.0,"turns":4.0},{"damage":5.0,"enemies":"2 Fungi Beasts","floor":14.0,"turns":3.0},{"damage":0.0,"enemies":"3 Louse","floor":15.0,"turns":3.0},{"damage":15.0,"enemies":"SI_SHIV_ARCHETYPE","floor":16.0,"turns":8.0},{"damage":36.0,"enemies":"Shell Parasite","floor":21.0,"turns":7.0},{"damage":23.0,"enemies":"Slavers","floor":23.0,"turns":6.0},{"damage":21.0,"enemies":"3 Byrds","floor":25.0,"turns":5.0},{"damage":27.0,"enemies":"Centurion and Healer","floor":26.0,"turns":6.0},{"damage":15.0,"enemies":"Cultist and Chosen","floor":28.0,"turns":6.0},{"damage":19.0,"enemies":"Snecko","floor":29.0,"turns":4.0},{"damage":25.0,"enemies":"Gremlin Leader","floor":30.0,"turns":11.0},{"damage":5.0,"enemies":"Snake Plant","floor":32.0,"turns":3.0},{"damage":46.0,"enemies":"DF_ARCHETYPE_CLAW","floor":33.0,"turns":9.0},{"damage":20.0,"enemies":"downfall:FleeingMerchant","floor":36.0,"turns":4.0},{"damage":46.0,"enemies":"2 Orb Walkers","floor":37.0,"turns":6.0},{"damage":14.0,"enemies":"Orb Walker","floor":38.0,"turns":3.0},{"damage":21.0,"enemies":"3 Shapes","floor":40.0,"turns":2.0},{"damage":0.0,"enemies":"Jaw Worm Horde","floor":43.0,"turns":3.0},{"damage":36.0,"enemies":"Nemesis","floor":44.0,"turns":7.0},{"damage":2.0,"enemies":"3 Darklings","floor":45.0,"turns":3.0},{"damage":5.0,"enemies":"Sphere and 2 Shapes","floor":46.0,"turns":4.0},{"damage":10.0,"enemies":"downfall:FleeingMerchant","floor":47.0,"turns":3.0},{"damage":5.0,"enemies":"Jaw Worm Horde","floor":49.0,"turns":3.0},{"damage":48,"enemies":"WA_ARCHETYPE_DIVINITY","floor":50,"turns":9},{"damage":105,"enemies":"downfall:CharBossMerchant","floor":52,"turns":8},{"damage":185,"enemies":"downfall:NeowBoss","floor":55,"turns":17},{"damage":118,"enemies":"downfall:NeowBossFinal","floor":56,"turns":8}],"seed_played":"-6918555856507613488","potions_obtained":[{"floor":6.0,"key":"PowerPotion"},{"floor":9.0,"key":"Weak Potion"},{"floor":12.0,"key":"SteroidPotion"},{"floor":15.0,"key":"Weak Potion"},{"floor":21.0,"key":"PowerPotion"},{"floor":23.0,"key":"FairyPotion"},{"floor":30.0,"key":"Fire Potion"},{"floor":32.0,"key":"Fruit Juice"},{"floor":37.0,"key":"SkillPotion"},{"floor":44.0,"key":"Swift Potion"},{"floor":46.0,"key":"Fire Potion"},{"floor":49.0,"key":"BlessingOfTheForge"}],"is_trial":false,"path_per_floor":["R","M","M","?","M","M","T","$","M","M","R","E","R","M","M","B",null,"R","?","?","M","?","E","T","M","M","R","M","M","E","?","M","B",null,"R","$","?","M","?","M","T","?","M","E","M","M","$","?","M","B",null,"E","$","R","B","B"],"character_chosen":"THE_CHAMP","items_purchased":["champ:Duel","Medical Kit","Guardian:BottledAnomaly"],"campfire_rested":1,"item_purchase_floors":[8,47,53],"current_hp_per_floor":[99,89,89,89,85,85,85,80,67,60,60,49,49,44,44,39,99,99,99,99,83,83,60,60,44,37,47,37,28,18,18,18,42,114,114,114,73,64,64,43,43,43,43,32,30,30,30,30,30,29,114,39,39,82,100,0,0,0],"gold":66,"neow_bonus":"TEN_PERCENT_HP_BONUS","is_daily":false,"chose_seed":false,"campfire_upgraded":5,"win_rate":0.0,"timestamp":1611211808,"path_taken":["R","M","M","?","?","?","T","?","M","M","R","E","R","M","M","BOSS","R","?","?","M","?","E","T","M","?","R","M","M","E","?","M","BOSS","R","$","?","M","?","M","T","?","M","E","M","M","$","?","M","BOSS","E","$","R","BOSS","BOSS"],"items_purchased_type":["Card","Relic","Relic"],"build_version":"2020-12-22","purchased_purges":4,"victory":false,"max_hp_per_floor":[99,99,99,99,99,99,99,99,99,99,99,99,99,99,99,99,99,99,99,99,99,99,99,99,99,99,109,109,109,109,109,114,114,114,114,114,114,114,114,114,114,114,114,114,114,114,114,114,114,114,114,114,114,114,114,114,114,114],"card_choices":[{"not_picked":["champ:EnGarde","champ:FlashCut"],"picked":"champ:FocusedDefense","floor":2.0},{"not_picked":["champ:BringItOn","champ:Backstep"],"picked":"champ:ShieldThrow","floor":3.0},{"not_picked":["champ:BladeFlurry","champ:FlashCut"],"picked":"champ:CalledShot","floor":5.0},{"not_picked":["champ:CrownThrow","champ:FlashCut"],"picked":"champ:CalledShot","floor":6.0},{"not_picked":["champ:FaceSlap","champ:EnGarde"],"picked":"champ:ShieldWall","floor":8.0},{"not_picked":["champ:PerfectedStrike","champ:FaceSlap","champ:RisingSlash"],"picked":"SKIP","floor":9.0},{"not_picked":["champ:PreciseThrust","champ:Lariat","champ:Haymaker"],"picked":"SKIP","floor":10.0},{"not_picked":["champ:EnragedBash+1","champ:TornadoPunch+1","champ:Duel+1"],"picked":"SKIP","floor":12.0},{"not_picked":["champ:Circumvent","champ:GutPunch+1","champ:DefensiveShout"],"picked":"SKIP","floor":14.0},{"not_picked":["champ:Haymaker+1","champ:BerserkerStyle","champ:EnGarde"],"picked":"SKIP","floor":15.0},{"not_picked":["champ:StrikeOfGenius","champ:Devastate+1"],"picked":"champ:SteelEdge+1","floor":16.0},{"not_picked":["champ:Backstep","champ:PerfectedStrike+1","champ:Circumvent"],"picked":"SKIP","floor":21.0},{"not_picked":["champ:EnragedBash+1","champ:ViciousMockery","champ:FanOfKnives+1"],"picked":"SKIP","floor":23.0},{"not_picked":["champ:EnGarde","champ:RisingSlash+1","champ:PerfectedStrike+1"],"picked":"SKIP","floor":25.0},{"not_picked":["champ:PreciseThrust+1","champ:StanceDance","champ:TornadoPunch+1"],"picked":"SKIP","floor":26.0},{"not_picked":["champ:EnGarde","champ:FalseCounter","champ:DefensiveShout"],"picked":"SKIP","floor":28.0},{"not_picked":["champ:BladeFlurry+1","champ:Shatter+1","champ:BerserkersShout+1"],"picked":"SKIP","floor":29.0},{"not_picked":["champ:VampiricStrike+1","champ:EndlessRage+1","champ:BerserkersShout"],"picked":"SKIP","floor":30.0},{"not_picked":["champ:DefensiveStyle","champ:BringItOn"],"picked":"champ:FancyFootwork","floor":32.0},{"not_picked":["champ:Improvising","champ:SwordThrow+1"],"picked":"champ:LastStand","floor":33.0},{"not_picked":["champ:FanOfKnives+1","champ:PreciseThrust+1","champ:TornadoPunch+1"],"picked":"SKIP","floor":36.0},{"not_picked":["champ:ViciousMockery+1","champ:PreciseThrust+1","champ:BladeFlurry+1"],"picked":"SKIP","floor":38.0},{"not_picked":["champ:GladiatorStyle+1","champ:FlashCut+1","champ:Parry"],"picked":"SKIP","floor":40.0},{"not_picked":["champ:PerfectedStrike+1","champ:EnGarde+1","champ:ArenaPreparation"],"picked":"SKIP","floor":43.0},{"not_picked":["champ:FanOfKnives+1","champ:HeavySlash+1","champ:PreemptiveStrike+1"],"picked":"SKIP","floor":44.0},{"not_picked":["champ:AdrenalArmor+1","champ:FlashCut+1"],"picked":"champ:DefensiveShout+1","floor":45.0},{"not_picked":["champ:Circumvent+1","champ:TornadoPunch+1","champ:PerfectedStrike+1"],"picked":"SKIP","floor":46.0},{"not_picked":["champ:CrownThrow+1","champ:Circumvent","champ:EnGarde+1"],"picked":"SKIP","floor":47.0},{"not_picked":["champ:BladeFlurry+1","champ:Haymaker+1","champ:StanceDance+1"],"picked":"SKIP","floor":49.0},{"not_picked":["champ:HeartStrike+1","champ:GutPunch+1","champ:Encircle+1"],"picked":"SKIP","floor":52}],"player_experience":85440,"relics_obtained":[{"floor":7.0,"key":"Sundial"},{"floor":12.0,"key":"Molten Egg 2"},{"floor":23.0,"key":"Whetstone"},{"floor":23.0,"key":"Bag of Preparation"},{"floor":30.0,"key":"Orichalcum"},{"floor":30.0,"key":"Eternal Feather"},{"floor":37.0,"key":"Unceasing Top"},{"floor":41.0,"key":"Juzu Bracelet"},{"floor":44.0,"key":"Ornamental Fan"},{"floor":44.0,"key":"Potion Belt"},{"floor":52,"key":"champ:FightingForDummies"},{"floor":52,"key":"War Paint"}],"event_choices":[{"damage_healed":0.0,"max_hp_gain":0.0,"max_hp_loss":0.0,"gold_gain":0.0,"event_name":"Ghosts","player_choice":"Ignored","floor":19.0,"gold_loss":0.0,"damage_taken":0.0},{"damage_healed":0.0,"max_hp_gain":0.0,"max_hp_loss":0.0,"gold_gain":0.0,"event_name":"The Library","player_choice":"Read","floor":20.0,"gold_loss":0.0,"damage_taken":0.0,"cards_obtained":["champ:TornadoPunch"]},{"damage_healed":0.0,"max_hp_gain":0.0,"max_hp_loss":0.0,"gold_gain":0.0,"event_name":"Vampires","player_choice":"Ignored","floor":22.0,"gold_loss":0.0,"damage_taken":0.0},{"damage_healed":0.0,"max_hp_gain":0.0,"max_hp_loss":0.0,"gold_gain":0.0,"event_name":"Mysterious Sphere","player_choice":"Fight","floor":37.0,"gold_loss":0.0,"damage_taken":0.0}],"is_beta":false,"boss_relics":[{"not_picked":["Fusion Hammer","Calling Bell"],"picked":"Black Star"},{"not_picked":["SacredBark","Astrolabe"],"picked":"expansioncontent:StudyCardRelic"}],"items_purged_floors":[8,36,47,53],"is_endless":false,"potions_floor_spawned":[6,9,12,15,21,23,30,32,37,44,46,49],"killed_by":"downfall:NeowBossFinal","ascension_level":0}}