{"host":"ji1fk25fd1ga4ji1","time":1611218345,"event":{"mods":["2.2 Compatiblity","BaseMod","Colored Map","DeckTracker","Minty Spire (QoL Compilation)","Permanent Neow","Quick Restart","StSLib","SuperFastMode"],"gold_per_floor":[117,131,141,141,156,156,181,221,221,221,146,167,67,83,83,207,207,231,249,249,85,100,100,124,124,201,201,224,74,87,105,105,105,105],"floor_reached":33,"language":"KOR","playtime":606,"items_purged":["Strike_R","Strike_R","Strike_R","Strike_R"],"score":266,"play_id":"9eee2baf-17d9-4b8e-a319-3b852386c443","local_time":"20210121173905","is_ascension_mode":true,"campfire_choices":[{"data":"Carnage","floor":6.0,"key":"SMITH"},{"data":"Metallicize","floor":10.0,"key":"SMITH"},{"data":"Wild Strike","floor":15.0,"key":"SMITH"},{"data":"Rampage","floor":23,"key":"SMITH"},{"data":"Shockwave","floor":25,"key":"SMITH"},{"floor":27,"key":"REST"},{"data":"Bash","floor":32,"key":"SMITH"}],"circlet_count":0,"master_deck":["Defend_R","Defend_R","Defend_R","Bash+1","Carnage+1","Metallicize+1","Shockwave+1","Wild Strike+1","Reaper","Ghostly Armor+1","Rampage+1","Warcry+1","Seeing Red+1","Dropkick+1"],"relics":["Black Blood","Golden Idol","Bag of Marbles","Omamori","Sundial"],"acts_visited":["Exordium","TheCity"],"potions_floor_usage":[22,33,33,33,33],"damage_taken":[{"damage":7.0,"enemies":"Small Slimes","floor":1.0,"turns":4.0},{"damage":6.0,"enemies":"Jaw Worm","floor":2.0,"turns":2.0},{"damage":1.0,"enemies":"Cultist","floor":3.0,"turns":4.0},{"damage":0.0,"enemies":"2 Fungi Beasts","floor":5.0,"turns":4.0},{"damage":0.0,"enemies":"Gremlin Gang","floor":7.0,"turns":4.0},{"damage":17.0,"enemies":"Gremlin Nob","floor":8.0,"turns":4.0},{"damage":0.0,"enemies":"Blue Slaver","floor":12.0,"turns":1.0},{"damage":1.0,"enemies":"Exordium Thugs","floor":14.0,"turns":3.0},{"damage":45.0,"enemies":"The Guardian","floor":16.0,"turns":12.0},{"damage":17.0,"enemies":"Shell Parasite","floor":18.0,"turns":5.0},{"damage":6.0,"enemies":"Spheric Guardian","floor":19.0,"turns":3.0},{"damage":8,"enemies":"Snake Plant","floor":22,"turns":2},{"damage":45,"enemies":"Sentry and Sphere","floor":24,"turns":6},{"damage":4,"enemies":"Snecko","floor":28,"turns":5},{"damage":11,"enemies":"Shelled Parasite and Fungi","floor":30,"turns":4},{"damage":18,"enemies":"Snake Plant","floor":31,"turns":4},{"damage":94,"enemies":"Collector","floor":33,"turns":10}],"seed_played":"6246582969524208541","potions_obtained":[{"floor":2.0,"key":"DistilledChaos"},{"floor":3.0,"key":"DuplicationPotion"},{"floor":8.0,"key":"BloodPotion"},{"floor":14.0,"key":"EntropicBrew"},{"floor":22,"key":"Strength Potion"},{"floor":24,"key":"GamblersBrew"}],"is_trial":false,"path_per_floor":["M","M","M","?","M","R","M","E","T","R","$","M","$","M","R","B",null,"M","M","?","$","M","R","M","R","T","R","M","$","M","M","R","B"],"character_chosen":"IRONCLAD","items_purchased":["Rampage"],"campfire_rested":1,"item_purchase_floors":[21],"current_hp_per_floor":[55,55,60,60,66,66,72,61,61,61,61,67,67,72,72,33,74,74,74,74,74,74,74,41,41,41,63,74,74,74,74,74,0,0],"gold":105,"neow_bonus":"REMOVE_TWO","is_daily":false,"chose_seed":false,"campfire_upgraded":6,"win_rate":0.0,"timestamp":1611218345,"path_taken":["M","M","M","?","M","R","M","E","T","R","$","M","?","M","R","BOSS","M","M","?","$","M","R","M","R","T","R","M","$","M","?","R","BOSS"],"items_purchased_type":["Card"],"build_version":"2020-12-22","purchased_purges":4,"victory":false,"max_hp_per_floor":[80,80,80,74,74,74,74,74,74,74,74,74,74,74,74,74,74,74,74,74,74,74,74,74,74,74,74,74,74,74,74,74,74,74],"card_choices":[{"not_picked":["Armaments","Thunderclap"],"picked":"Carnage","floor":1.0},{"not_picked":["Body Slam","Heavy Blade","Hemokinesis"],"picked":"SKIP","floor":2.0},{"not_picked":["Infernal Blade","Clash"],"picked":"Metallicize","floor":3.0},{"not_picked":["Warcry","Shockwave","Rupture"],"picked":"SKIP","floor":5.0},{"not_picked":["Warcry","Rupture"],"picked":"Shockwave","floor":5.0},{"not_picked":["Body Slam","Headbutt","Bloodletting"],"picked":"SKIP","floor":7.0},{"not_picked":["Perfected Strike","Uppercut","Dark Embrace"],"picked":"SKIP","floor":8.0},{"not_picked":["Brutality","Anger","Thunderclap"],"picked":"SKIP","floor":12.0},{"not_picked":["Wild Strike","Twin Strike","Shockwave"],"picked":"SKIP","floor":14.0},{"not_picked":["Twin Strike","Shockwave"],"picked":"Wild Strike","floor":14.0},{"not_picked":["Fiend Fire","Brutality"],"picked":"Reaper","floor":16.0},{"not_picked":["Bloodletting","Dark Embrace+1","Clash"],"picked":"SKIP","floor":18.0},{"not_picked":["Headbutt+1","Sever Soul+1"],"picked":"Ghostly Armor+1","floor":19.0},{"not_picked":["Sword Boomerang","Warcry+1","Flex"],"picked":"SKIP","floor":22},{"not_picked":["Sword Boomerang","Flex"],"picked":"Warcry+1","floor":22},{"not_picked":["Body Slam+1","Headbutt"],"picked":"Seeing Red+1","floor":24},{"not_picked":["Wild Strike+1","Sentinel","Rampage"],"picked":"SKIP","floor":28},{"not_picked":["Iron Wave","Bloodletting","Flame Barrier"],"picked":"SKIP","floor":30},{"not_picked":["Shrug It Off","Shockwave"],"picked":"Dropkick+1","floor":31}],"player_experience":485790,"relics_obtained":[{"floor":8.0,"key":"Bag of Marbles"},{"floor":9.0,"key":"Omamori"},{"floor":26,"key":"Sundial"}],"event_choices":[{"damage_healed":0.0,"max_hp_gain":0.0,"max_hp_loss":6.0,"gold_gain":0.0,"event_name":"Golden Idol","player_choice":"Lose Max HP","floor":4.0,"gold_loss":0.0,"damage_taken":0.0,"relics_obtained":["Golden Idol"]},{"damage_healed":0.0,"max_hp_gain":0.0,"max_hp_loss":0.0,"gold_gain":0.0,"event_name":"N\u0027loth","player_choice":"Ignored","floor":20.0,"gold_loss":0.0,"damage_taken":0.0}],"is_beta":false,"boss_relics":[{"not_picked":["Tiny House","Black Star"],"picked":"Black Blood"}],"items_purged_floors":[11,13,21,29],"is_endless":false,"potions_floor_spawned":[2,3,8,14,22,24],"killed_by":"Collector","ascension_level":1}}