{"host":"2gp5wz6yqtgtuza6","time":1611253689,"event":{"mods":["Aspiration","Bard","BaseMod","Challenge The Spire","Colored Map","Colored Powertips","Conspire","Downfall","GifTheSpireLib","Highlight Path","Hubris","Infinite Spire","Minty Spire (QoL Compilation)","Quick Restart","READ ME - Snecko Mod","Random Character Mod","Rare Cards Sparkle","Relic Sorter","StSLib","Stuff the Spire","The Bladedancer","The Bug Knight","The Clintock","The Cursed","The Jungle","The Spell Scribe","slay the spire mod where everything is the same but ironclad has a cowboy hat","vexMod"],"gold_per_floor":[116,191,202,202,177,215,215,239,266,266,291,115,133,283,283,408,408,422,447,447,460,460,460,460],"floor_reached":23,"language":"ENG","playtime":1569,"items_purged":[],"score":226,"play_id":"f08f7316-4a9d-47c5-91c3-81f315de74fa","local_time":"20210121132809","is_ascension_mode":false,"campfire_choices":[{"floor":15,"key":"REST"}],"circlet_count":0,"master_deck":["Strike_R","Strike_R","Strike_R","Strike_R","Strike_R","Defend_R","Defend_R","Defend_R","Bash","Fire Breathing","Reckless Charge","Injury","Armaments","Anger","Thunderclap","Anger","Dropkick","Twin Strike","Combust","Clothesline","StuffTheSpire:Incineration","Pommel Strike+1","Iron Wave+1","hubris:StunningStrike","Headbutt","Iron Wave"],"relics":["Burning Blood","NeowsBlessing","Golden Idol","infinitespire:WardingShard","Nunchaku","StuffTheSpire:TintedRock","aspiration:StickyExplosives_weak","Coffee Dripper"],"acts_visited":["Exordium","TheCity"],"potions_floor_usage":[16,19],"damage_taken":[{"damage":0,"enemies":"Small Slimes","floor":1,"turns":1},{"damage":0,"enemies":"2 Louse","floor":3,"turns":2},{"damage":0,"enemies":"3 Sentries","floor":6,"turns":2},{"damage":9,"enemies":"Cultist","floor":8,"turns":5},{"damage":14,"enemies":"Gremlin Gang","floor":11,"turns":4},{"damage":0,"enemies":"3 Louse","floor":13,"turns":2},{"damage":19,"enemies":"Gremlin Nob","floor":14,"turns":4},{"damage":46,"enemies":"Hexaghost","floor":16,"turns":9},{"damage":27,"enemies":"2 Thieves","floor":18,"turns":4},{"damage":9,"enemies":"3 Byrds","floor":19,"turns":3},{"damage":27,"enemies":"Sentry and Sphere","floor":21,"turns":6},{"damage":35,"enemies":"Slavers","floor":23,"turns":2}],"seed_played":"7503847725703262240","potions_obtained":[{"floor":1,"key":"LiquidMemories"},{"floor":11,"key":"LiquidMemories"},{"floor":13,"key":"Energy Potion"},{"floor":14,"key":"Dexterity Potion"},{"floor":18,"key":"ColorlessPotion"}],"is_trial":false,"path_per_floor":["M","?","M","?","$","E","?","M","T","?","M","$","M","E","R","B",null,"M","M","?","M","?","E"],"character_chosen":"IRONCLAD","items_purchased":["Armaments","Dropkick","Twin Strike","Combust"],"campfire_rested":1,"item_purchase_floors":[5,12,12,12],"current_hp_per_floor":[80,69,75,75,75,80,80,77,77,77,69,69,75,62,80,40,80,59,56,56,35,35,0,0],"gold":460,"neow_bonus":"THREE_ENEMY_KILL","is_daily":false,"chose_seed":false,"campfire_upgraded":0,"win_rate":0.0,"timestamp":1611253689,"path_taken":["M","?","M","?","$","E","?","M","T","?","M","$","M","E","R","BOSS","M","M","?","?","?","E"],"items_purchased_type":["Card","Card","Card","Card"],"build_version":"2020-12-22","purchased_purges":0,"victory":false,"max_hp_per_floor":[80,80,80,80,80,80,80,80,80,80,80,80,80,80,80,80,80,80,80,80,80,80,80,80],"card_choices":[{"not_picked":["Pummel","Twin Strike"],"picked":"Fire Breathing","floor":1},{"not_picked":["Body Slam","conspire:ExplosiveBarrier"],"picked":"Reckless Charge","floor":3},{"not_picked":["Rage","Armaments"],"picked":"Anger","floor":6},{"not_picked":["Corruption","StuffTheSpire:Resist"],"picked":"Thunderclap","floor":8},{"not_picked":["Infernal Blade","Flex"],"picked":"Anger","floor":11},{"not_picked":["Sword Boomerang","Carnage"],"picked":"Clothesline","floor":13},{"not_picked":["Dropkick","Perfected Strike"],"picked":"StuffTheSpire:Incineration","floor":14},{"not_picked":["Berserk","Bludgeon"],"picked":"Demon Form","floor":16},{"not_picked":["Thunderclap","Combust"],"picked":"Pommel Strike+1","floor":18},{"not_picked":["Thunderclap","Feel No Pain"],"picked":"Iron Wave+1","floor":19},{"not_picked":["StuffTheSpire:BloodClot","Sever Soul+1"],"picked":"Headbutt","floor":21}],"player_experience":65633,"relics_obtained":[{"floor":6,"key":"infinitespire:WardingShard"},{"floor":7,"key":"Nunchaku"},{"floor":9,"key":"StuffTheSpire:TintedRock"},{"floor":14,"key":"aspiration:StickyExplosives_weak"}],"event_choices":[{"damage_healed":0,"gold_gain":75,"player_choice":"Gather Gold","damage_taken":11,"max_hp_gain":0,"max_hp_loss":0,"event_name":"World of Goop","floor":2,"gold_loss":0},{"damage_healed":0,"gold_gain":0,"player_choice":"Take Wound","damage_taken":0,"relics_obtained":["Golden Idol"],"max_hp_gain":0,"max_hp_loss":0,"event_name":"Golden Idol","floor":4,"gold_loss":0,"cards_obtained":["Injury"]},{"damage_healed":0,"gold_gain":0,"player_choice":"Leave","damage_taken":0,"max_hp_gain":0,"max_hp_loss":0,"event_name":"conspire:Investor","floor":10,"gold_loss":0},{"damage_healed":0,"gold_gain":0,"cards_transformed":["Defend_R"],"player_choice":"Transformed","damage_taken":0,"max_hp_gain":0,"max_hp_loss":0,"event_name":"Transmorgrifier","floor":20,"gold_loss":0,"cards_obtained":["hubris:StunningStrike"]},{"cards_removed":["Demon Form"],"damage_healed":0,"gold_gain":0,"player_choice":"Took Card","damage_taken":0,"max_hp_gain":0,"max_hp_loss":0,"event_name":"NoteForYourself","floor":22,"gold_loss":0,"cards_obtained":["Iron Wave"]}],"is_beta":false,"boss_relics":[{"not_picked":["vexMod:NewClearReactor","vexMod:MegatonBomb"],"picked":"Coffee Dripper"}],"items_purged_floors":[],"is_endless":false,"potions_floor_spawned":[1,11,13,14,18],"killed_by":"Slavers","ascension_level":0}}