{"host":"huzih8coe6eib4hq","time":1611198779,"event":{"mods":["BaseMod","Bestiary","Highlight Path","Minty Spire (QoL Compilation)","Relic Stats"],"gold_per_floor":[112,112,122,142,195,195,25,53,65,7,26,26,70,84,84,215,215,240,240,240,261,261,261,275,275,275,238,257,275,34,49,49,172,172,185,210,210,1209,1230,1230,1230,1230],"floor_reached":41,"language":"ENG","playtime":8005,"items_purged":["Strike_B","Injury"],"score":614,"play_id":"b8ec45c5-1b28-4d96-a37b-111418aed836","local_time":"20210120221259","is_ascension_mode":true,"campfire_choices":[{"data":"Dualcast","floor":6.0,"key":"SMITH"},{"floor":15.0,"key":"REST"},{"data":"Fusion","floor":23.0,"key":"SMITH"},{"data":"Hologram","floor":25.0,"key":"SMITH"},{"data":"Creative AI","floor":32.0,"key":"SMITH"},{"data":"Ghostly","floor":40,"key":"SMITH"}],"circlet_count":0,"master_deck":["Strike_B","Strike_B+1","Strike_B+1","Defend_B+1","Defend_B","Defend_B","Defend_B","Zap+1","Dualcast+1","Rip and Tear","Coolheaded","Auto Shields","Sweeping Beam","Fission","Darkness","Fusion+1","Hologram+1","Creative AI+1","Ball Lightning+1","Cold Snap+1","Ghostly+1","Ghostly","Ghostly","Ghostly","Ghostly","Glacier","Seek","Electrodynamics","Barrage+1","Coolheaded+1","Normality","Normality"],"relics":["Cracked Core","War Paint","MawBank","Blue Candle","Golden Idol","Molten Egg 2","Inserter","Nilry\u0027s Codex","Membership Card","Runic Pyramid"],"acts_visited":["Exordium","TheCity","TheBeyond"],"potions_floor_usage":[41],"damage_taken":[{"damage":4.0,"enemies":"Jaw Worm","floor":1.0,"turns":3.0},{"damage":0.0,"enemies":"2 Louse","floor":3.0,"turns":2.0},{"damage":3.0,"enemies":"Small Slimes","floor":4.0,"turns":3.0},{"damage":4.0,"enemies":"Lagavulin","floor":8.0,"turns":7.0},{"damage":1.0,"enemies":"Blue Slaver","floor":11.0,"turns":3.0},{"damage":23.0,"enemies":"Gremlin Nob","floor":13.0,"turns":4.0},{"damage":20.0,"enemies":"Gremlin Gang","floor":14.0,"turns":4.0},{"damage":24.0,"enemies":"Hexaghost","floor":16.0,"turns":12.0},{"damage":16.0,"enemies":"Chosen","floor":18.0,"turns":5.0},{"damage":36.0,"enemies":"Shell Parasite","floor":21.0,"turns":12.0},{"damage":3.0,"enemies":"Shelled Parasite and Fungi","floor":24.0,"turns":7.0},{"damage":4.0,"enemies":"Centurion and Healer","floor":28.0,"turns":7.0},{"damage":0.0,"enemies":"3 Cultists","floor":29.0,"turns":7.0},{"damage":1.0,"enemies":"Snecko","floor":31.0,"turns":7.0},{"damage":5.0,"enemies":"Champ","floor":33.0,"turns":12.0},{"damage":24,"enemies":"3 Shapes","floor":35,"turns":5},{"damage":0,"enemies":"Orb Walker","floor":36,"turns":4},{"damage":1,"enemies":"Jaw Worm Horde","floor":39,"turns":5},{"damage":40,"enemies":"Giant Head","floor":41,"turns":8}],"seed_played":"-9014791980912667434","potions_obtained":[{"floor":1.0,"key":"Regen Potion"},{"floor":4.0,"key":"EssenceOfSteel"},{"floor":13.0,"key":"AttackPotion"},{"floor":14.0,"key":"AttackPotion"},{"floor":21.0,"key":"Fire Potion"},{"floor":24.0,"key":"Energy Potion"},{"floor":28.0,"key":"Regen Potion"},{"floor":31.0,"key":"Block Potion"}],"is_trial":false,"path_per_floor":["M","?","M","M","T","R","$","E","T","$","M","?","E","M","R","B",null,"M","?","?","M","?","R","M","R","T","$","M","M","$","M","R","B",null,"M","M","?","?","M","R","E"],"character_chosen":"DEFECT","items_purchased":["Auto Shields","Sweeping Beam","Darkness","Glacier","Membership Card","Regen Potion"],"campfire_rested":1,"item_purchase_floors":[7,7,10,27,30,30],"current_hp_per_floor":[71,55,55,52,52,52,52,48,48,48,47,47,24,13,37,13,65,49,33,60,24,24,24,21,21,21,21,17,32,32,31,31,26,37,13,13,13,13,12,12,0,0],"gold":1230,"neow_bonus":"TEN_PERCENT_HP_BONUS","is_daily":false,"chose_seed":false,"campfire_upgraded":5,"win_rate":0.0,"timestamp":1611198779,"path_taken":["M","?","M","M","?","R","$","E","T","?","M","?","E","M","R","BOSS","M","?","?","M","?","R","M","R","T","?","M","M","$","M","R","BOSS","M","?","?","?","M","R","E"],"items_purchased_type":["Card","Card","Card","Card","Relic","Potion"],"build_version":"2020-12-22","purchased_purges":2,"victory":false,"max_hp_per_floor":[82,82,82,82,82,82,82,82,82,82,82,82,82,82,82,82,82,82,82,82,82,41,41,41,41,41,41,41,41,41,41,41,41,41,41,41,41,41,41,41,41,41],"relic_stats":{"Inserter":[38],"counters":[19,117],"Golden Idol":103,"Blue Candle":[6],"War Paint":["Defend_B","Zap"],"MawBank":24,"obtain_stats":[{"Inserter":17,"Golden Idol":12,"Nilry\u0027s Codex":19,"Blue Candle":9,"Molten Egg 2":13,"Membership Card":30,"War Paint":5,"Cracked Core":0,"MawBank":8,"Runic Pyramid":34},{"Inserter":8,"Golden Idol":5,"Nilry\u0027s Codex":9,"Blue Candle":4,"Molten Egg 2":6,"Membership Card":13,"War Paint":3,"Cracked Core":0,"MawBank":4,"Runic Pyramid":15},{"Inserter":38,"Golden Idol":18,"Nilry\u0027s Codex":43,"Blue Candle":15,"Molten Egg 2":22,"Membership Card":76,"War Paint":8,"Cracked Core":0,"MawBank":15,"Runic Pyramid":95}]},"card_choices":[{"not_picked":["Hello World","Scrape"],"picked":"Compile Driver","floor":1.0},{"not_picked":["Storm","Scrape"],"picked":"Rip and Tear","floor":3.0},{"not_picked":["Redo","Recycle"],"picked":"Coolheaded","floor":4.0},{"not_picked":["Conserve Battery","Auto Shields"],"picked":"Fission","floor":8.0},{"not_picked":["Coolheaded","Lockon","Heatsinks"],"picked":"SKIP","floor":11.0},{"not_picked":["Auto Shields","Heatsinks"],"picked":"Fusion","floor":13.0},{"not_picked":["Beam Cell+1","Barrage+1"],"picked":"Hologram","floor":14.0},{"not_picked":["Seek","Amplify"],"picked":"Creative AI","floor":16.0},{"not_picked":["Heatsinks","Stack"],"picked":"Ball Lightning+1","floor":18.0},{"not_picked":["Coolheaded","Darkness"],"picked":"Cold Snap+1","floor":21.0},{"not_picked":["Go for the Eyes+1","Coolheaded+1","Sweeping Beam+1"],"picked":"SKIP","floor":24.0},{"not_picked":["Compile Driver+1","Ball Lightning+1","Conserve Battery"],"picked":"SKIP","floor":28.0},{"not_picked":["Steam","Gash+1","Streamline+1"],"picked":"SKIP","floor":29.0},{"not_picked":["Auto Shields","Conserve Battery+1"],"picked":"Seek","floor":31.0},{"not_picked":["All For One+1","Buffer"],"picked":"Electrodynamics","floor":33.0},{"not_picked":["Beam Cell+1","Stack"],"picked":"Barrage+1","floor":35},{"not_picked":["Steam+1","Streamline+1"],"picked":"Coolheaded+1","floor":36},{"not_picked":["Redo","Loop","Stack"],"picked":"SKIP","floor":39}],"player_experience":835157,"relics_obtained":[{"floor":5.0,"key":"War Paint"},{"floor":8.0,"key":"MawBank"},{"floor":9.0,"key":"Blue Candle"},{"floor":13.0,"key":"Molten Egg 2"},{"floor":19.0,"key":"Nilry\u0027s Codex"}],"event_choices":[{"damage_healed":0.0,"max_hp_gain":0.0,"max_hp_loss":0.0,"gold_gain":0.0,"event_name":"Shining Light","player_choice":"Entered Light","floor":2.0,"gold_loss":0.0,"damage_taken":16.0,"cards_upgraded":["Strike_B","Strike_B"]},{"damage_healed":0.0,"max_hp_gain":0.0,"max_hp_loss":0.0,"gold_gain":0.0,"event_name":"Golden Idol","player_choice":"Take Wound","floor":12.0,"gold_loss":0.0,"damage_taken":0.0,"relics_obtained":["Golden Idol"],"cards_obtained":["Injury"]},{"damage_healed":0.0,"max_hp_gain":0.0,"max_hp_loss":0.0,"gold_gain":0.0,"event_name":"Cursed Tome","player_choice":"Obtained Book","floor":19.0,"gold_loss":0.0,"damage_taken":16.0},{"damage_healed":27.0,"max_hp_gain":0.0,"max_hp_loss":0.0,"gold_gain":0.0,"event_name":"The Library","player_choice":"Heal","floor":20.0,"gold_loss":0.0,"damage_taken":0.0},{"damage_healed":0.0,"max_hp_gain":0.0,"max_hp_loss":41.0,"gold_gain":0.0,"event_name":"Ghosts","player_choice":"Became a Ghost","floor":22.0,"gold_loss":0.0,"damage_taken":0.0,"cards_obtained":["Ghostly","Ghostly","Ghostly","Ghostly","Ghostly"]},{"cards_removed":["Compile Driver"],"damage_healed":0,"gold_gain":0,"player_choice":"Removed Attack","damage_taken":0,"max_hp_gain":0,"max_hp_loss":0,"event_name":"Falling","floor":37,"gold_loss":0},{"damage_healed":0,"gold_gain":999,"player_choice":"Gold","damage_taken":0,"max_hp_gain":0,"max_hp_loss":0,"event_name":"MindBloom","floor":38,"gold_loss":0,"cards_obtained":["Normality","Normality"]}],"is_beta":false,"boss_relics":[{"not_picked":["Philosopher\u0027s Stone","Velvet Choker"],"picked":"Inserter"},{"not_picked":["Busted Crown","Fusion Hammer"],"picked":"Runic Pyramid"}],"items_purged_floors":[7,30],"is_endless":false,"potions_floor_spawned":[1,4,13,14,21,24,28,31,33,39],"killed_by":"Giant Head","ascension_level":8}}