{"host":"y1oqg7uy0jc6f5mb","time":1611252741,"event":{"mods":["BaseMod","Better Altar","Better Match","Better Note","Better Sensory Stone","Better Skull","Better Third Choice","BetterRewards","Block Reminder","Colored Map","Colored Powertips","Custom Start","DeckTracker","Highlight Path","Minty Spire (QoL Compilation)","Permanent Neow","Quick Restart","Relic Sorter","Relic Stats","Shop Mod","StSLib"],"gold_per_floor":[109,128,128,144,158,158,168,202,202,202,202,216,232,9,9,112,112,127,138,138,138,138],"floor_reached":21,"language":"ENG","playtime":2136,"items_purged":[],"score":183,"play_id":"34e7d2aa-08ba-4819-991a-44095e51869a","local_time":"20210122021221","is_ascension_mode":false,"campfire_choices":[{"data":"Go for the Eyes","floor":6.0,"key":"SMITH"},{"floor":10.0,"key":"REST"},{"data":"Hologram","floor":15.0,"key":"SMITH"}],"circlet_count":0,"master_deck":["Strike_B","Strike_B","Strike_B","Defend_B","Defend_B","Defend_B","Defend_B","Zap","Dualcast+1","Go for the Eyes+1","Glacier","Auto Shields","Beam Cell","Conserve Battery+1","Hologram+1","Redo+1","Capacitor","Capacitor","Creative AI","Skim","Blizzard+1"],"relics":["Cracked Core","Eternal Feather","War Paint","Fusion Hammer","Nloth\u0027s Gift"],"acts_visited":["Exordium","TheCity"],"potions_floor_usage":[],"damage_taken":[{"damage":0.0,"enemies":"2 Louse","floor":1.0,"turns":2.0},{"damage":0.0,"enemies":"Small Slimes","floor":2.0,"turns":3.0},{"damage":0.0,"enemies":"Cultist","floor":4.0,"turns":4.0},{"damage":4.0,"enemies":"Exordium Wildlife","floor":5.0,"turns":2.0},{"damage":0.0,"enemies":"2 Fungi Beasts","floor":7.0,"turns":5.0},{"damage":38.0,"enemies":"Gremlin Nob","floor":8.0,"turns":6.0},{"damage":0.0,"enemies":"Exordium Thugs","floor":12.0,"turns":5.0},{"damage":0.0,"enemies":"Large Slime","floor":13.0,"turns":8.0},{"damage":14.0,"enemies":"Hexaghost","floor":16.0,"turns":18.0},{"damage":30,"enemies":"Chosen","floor":18,"turns":9},{"damage":18,"enemies":"3 Byrds","floor":19,"turns":7},{"damage":38,"enemies":"Cultist and Chosen","floor":21,"turns":5}],"seed_played":"-1059690886653781020","potions_obtained":[{"floor":4.0,"key":"SteroidPotion"},{"floor":8.0,"key":"Weak Potion"},{"floor":12.0,"key":"FearPotion"},{"floor":19,"key":"Dexterity Potion"}],"is_trial":false,"path_per_floor":["M","M","?","M","M","R","M","E","T","R","?","M","M","$","R","B",null,"M","M","?","M"],"character_chosen":"DEFECT","items_purchased":["War Paint","Capacitor"],"campfire_rested":1,"item_purchase_floors":[14,14],"current_hp_per_floor":[75,75,75,75,71,71,71,33,33,64,57,57,57,57,66,52,75,45,27,27,0,0],"gold":138,"neow_bonus":"THREE_CARDS","is_daily":false,"chose_seed":false,"campfire_upgraded":2,"win_rate":0.0,"timestamp":1611252741,"path_taken":["M","M","?","M","M","R","M","E","T","R","?","M","M","$","R","BOSS","M","M","?","M"],"items_purchased_type":["Relic","Card"],"build_version":"2020-12-22","purchased_purges":0,"victory":false,"max_hp_per_floor":[75,75,75,75,75,75,75,75,75,75,75,75,75,75,75,75,75,75,75,75,75,75],"relic_stats":{"counters":[12,74],"Eternal Feather":18,"Nloth\u0027s Gift":0,"War Paint":["Redo","Conserve Battery"],"obtain_stats":[{"Bottled Flame":8,"Eternal Feather":9,"Fusion Hammer":17,"Nloth\u0027s Gift":20,"War Paint":14,"Cracked Core":0},{"Bottled Flame":6,"Eternal Feather":6,"Fusion Hammer":9,"Nloth\u0027s Gift":11,"War Paint":8,"Cracked Core":0},{"Bottled Flame":22,"Eternal Feather":22,"Fusion Hammer":53,"Nloth\u0027s Gift":69,"War Paint":35,"Cracked Core":0}]},"card_choices":[{"not_picked":["Streamline","Steam"],"picked":"Go for the Eyes","floor":0.0},{"not_picked":["Compile Driver","Chaos"],"picked":"Glacier","floor":1.0},{"not_picked":["Hologram","Conserve Battery"],"picked":"Auto Shields","floor":2.0},{"not_picked":["Stack","Cold Snap","Rip and Tear"],"picked":"SKIP","floor":4.0},{"not_picked":["Stack","Cold Snap","Rip and Tear"],"picked":"SKIP","floor":4.0},{"not_picked":["Chaos","Consume"],"picked":"Beam Cell","floor":5.0},{"not_picked":["Steam","Redo"],"picked":"Conserve Battery","floor":7.0},{"not_picked":["Coolheaded","Barrage"],"picked":"Hologram","floor":8.0},{"not_picked":["Conserve Battery","Cold Snap"],"picked":"Redo","floor":12.0},{"not_picked":["Hologram","Machine Learning"],"picked":"Capacitor","floor":13.0},{"not_picked":["All For One","Seek"],"picked":"Creative AI","floor":16.0},{"not_picked":["Auto Shields","FTL"],"picked":"Skim","floor":18},{"not_picked":["Gash","Beam Cell+1"],"picked":"Blizzard+1","floor":19}],"player_experience":119266,"relics_obtained":[{"floor":8.0,"key":"Bottled Flame"},{"floor":9.0,"key":"Eternal Feather"}],"event_choices":[{"damage_healed":0.0,"max_hp_gain":0.0,"max_hp_loss":0.0,"gold_gain":0.0,"event_name":"Living Wall","player_choice":"Grow","floor":3.0,"gold_loss":0.0,"damage_taken":0.0,"cards_upgraded":["Dualcast"]},{"cards_removed":["Strike_B"],"damage_healed":0.0,"max_hp_gain":0.0,"max_hp_loss":0.0,"gold_gain":0.0,"event_name":"Golden Wing","player_choice":"Card Removal","floor":11.0,"gold_loss":0.0,"damage_taken":7.0},{"damage_healed":0,"gold_gain":0,"player_choice":"Traded Relic","damage_taken":0,"relics_obtained":["Nloth\u0027s Gift"],"max_hp_gain":0,"max_hp_loss":0,"event_name":"N\u0027loth","floor":20,"relics_lost":["Bottled Flame"],"gold_loss":0}],"is_beta":false,"boss_relics":[{"not_picked":["Runic Dome","Cursed Key"],"picked":"Fusion Hammer"}],"items_purged_floors":[],"is_endless":false,"potions_floor_spawned":[4,8,12,19],"killed_by":"Cultist and Chosen","ascension_level":0}}