{"host":"oigynbtg272c19pw","time":1611245867,"event":{"mods":["BaseMod","Colored Map","Minty Spire (QoL Compilation)","Relic Stats","Slay the Relics Exporter","StSLib"],"gold_per_floor":[119,3,0,20,39,69,69,102,102,102,102],"floor_reached":10,"playtime":335,"items_purged":["Strike_R"],"score":152,"play_id":"cde4e4dc-32f6-47b1-9e6c-f6ea26f0d5cc","local_time":"20210121171747","is_ascension_mode":true,"campfire_choices":[{"data":"Searing Blow","floor":7.0,"key":"SMITH"}],"circlet_count":0,"master_deck":["AscendersBane","Strike_R","Strike_R","Strike_R","Strike_R","Defend_R","Defend_R","Defend_R","Defend_R","Bash","Brutality","Clash","Whirlwind","Shockwave","Searing Blow+1","Headbutt"],"relics":["Burning Blood","Regal Pillow","Darkstone Periapt","Oddly Smooth Stone"],"acts_visited":["Exordium"],"potions_floor_usage":[10],"damage_taken":[{"damage":0.0,"enemies":"2 Louse","floor":1.0,"turns":2.0},{"damage":16.0,"enemies":"Jaw Worm","floor":4.0,"turns":4.0},{"damage":0.0,"enemies":"Small Slimes","floor":5.0,"turns":3.0},{"damage":25.0,"enemies":"3 Sentries","floor":6.0,"turns":6.0},{"damage":16.0,"enemies":"Lagavulin","floor":8.0,"turns":6.0},{"damage":32,"enemies":"Gremlin Nob","floor":10,"turns":3}],"seed_played":"2943935619799134592","potions_obtained":[{"floor":1.0,"key":"SteroidPotion"},{"floor":6.0,"key":"BlessingOfTheForge"},{"floor":8.0,"key":"DuplicationPotion"}],"is_trial":false,"path_per_floor":["M","$","?","M","M","E","R","E","T","E"],"character_chosen":"IRONCLAD","items_purchased":["Whirlwind"],"campfire_rested":0,"item_purchase_floors":[2],"current_hp_per_floor":[56,56,56,46,52,33,33,23,23,0,0],"gold":102,"neow_bonus":"THREE_RARE_CARDS","is_daily":false,"chose_seed":false,"campfire_upgraded":1,"win_rate":0.0,"timestamp":1611245867,"path_taken":["M","$","?","M","M","E","R","E","T","E"],"items_purchased_type":["Card"],"build_version":"2020-12-13","purchased_purges":1,"victory":false,"max_hp_per_floor":[75,75,75,75,75,75,75,75,75,75,75],"relic_stats":{"Darkstone Periapt":0,"Regal Pillow":0,"counters":[6,24],"obtain_stats":[{"Darkstone Periapt":8,"Regal Pillow":6,"Oddly Smooth Stone":9,"Burning Blood":0},{"Darkstone Periapt":5,"Regal Pillow":4,"Oddly Smooth Stone":5,"Burning Blood":0},{"Darkstone Periapt":21,"Regal Pillow":15,"Oddly Smooth Stone":21,"Burning Blood":0}],"Burning Blood":30},"card_choices":[{"not_picked":["Limit Break","Juggernaut"],"picked":"Brutality","floor":0.0},{"not_picked":["Seeing Red","Body Slam"],"picked":"Clash","floor":1.0},{"not_picked":["True Grit","Warcry"],"picked":"Shockwave","floor":4.0},{"not_picked":["Headbutt","Twin Strike"],"picked":"Searing Blow","floor":5.0},{"not_picked":["Metallicize","Dual Wield","Fire Breathing"],"picked":"SKIP","floor":6.0},{"not_picked":["Clothesline","Anger"],"picked":"Headbutt","floor":8.0}],"player_experience":1460522,"relics_obtained":[{"floor":6.0,"key":"Regal Pillow"},{"floor":8.0,"key":"Darkstone Periapt"},{"floor":9.0,"key":"Oddly Smooth Stone"}],"event_choices":[{"damage_healed":0.0,"max_hp_gain":0.0,"max_hp_loss":0.0,"gold_gain":0.0,"event_name":"World of Goop","player_choice":"Left Gold","floor":3.0,"gold_loss":3.0,"damage_taken":0.0}],"is_beta":false,"boss_relics":[],"items_purged_floors":[2],"is_endless":false,"potions_floor_spawned":[1,6,8],"killed_by":"Gremlin Nob","ascension_level":20}}