{"host":"gg","time":1611214521,"event":{"mods":["BaseMod","Colored Map","Googly Eyes","Minty Spire (QoL Compilation)","Permanent Neow","Relic Stats","The IronCluck"],"gold_per_floor":[116,128,147,159,159,159,184,184,231,261,261,261,272,304,304,406,406,454,198,245,245,259,259,287,287,310,367,416,479,191,191,191,268,268,284,284,54,54,127,44,104,104,104,75,75,139,139,183,183,213,273,273,273,1,33,33],"floor_reached":57,"language":"ENG","playtime":5844,"items_purged":["Strike_P"],"score":2993,"play_id":"100be9ee-e5cd-4282-879f-ed23679b608a","local_time":"20210120233521","is_ascension_mode":true,"campfire_choices":[{"data":"Eruption","floor":6.0,"key":"SMITH"},{"data":"Consecrate","floor":8.0,"key":"SMITH"},{"data":"SashWhip","floor":12.0,"key":"SMITH"},{"data":"Wish","floor":15.0,"key":"SMITH"},{"floor":23.0,"key":"REST"},{"floor":25.0,"key":"RECALL"},{"floor":32.0,"key":"REST"},{"floor":45.0,"key":"REST"},{"floor":49.0,"key":"REST"},{"floor":53.0,"key":"REST"}],"circlet_count":0,"master_deck":["AscendersBane","Strike_P+1","Defend_P+1","Defend_P","Eruption+1","Vigilance","DeusExMachina+1","Vault+1","DeceiveReality+1","SashWhip+1","CutThroughFate","SashWhip+1","Consecrate+1","CutThroughFate","BattleHymn","Wish+1","MasterReality","Wallop","FearNoEvil+1","Vengeance+1","LessonLearned","FlurryOfBlows","Scrawl+1","Meditate+1","EmptyFist","Omniscience","WaveOfTheHand","TalkToTheHand","MentalFortress","FlurryOfBlows","Scrawl","Sanctity"],"relics":["Astrolabe","Mercury Hourglass","Omamori","Anchor","Shuriken","Tiny Chest","Fusion Hammer","Membership Card","Incense Burner","Whetstone","Question Card","Gremlin Horn","Lizard Tail","Strawberry","SlaversCollar","FossilizedHelix","Ornamental Fan","OrangePellets","Juzu Bracelet","TungstenRod","MealTicket","Vajra","InkBottle","Eternal Feather"],"acts_visited":["Exordium","TheCity","TheBeyond","TheEnding"],"potions_floor_usage":[56],"damage_taken":[{"damage":0.0,"enemies":"Jaw Worm","floor":1.0,"turns":2.0},{"damage":2.0,"enemies":"Small Slimes","floor":2.0,"turns":3.0},{"damage":0.0,"enemies":"Cultist","floor":3.0,"turns":3.0},{"damage":24.0,"enemies":"Exordium Wildlife","floor":4.0,"turns":4.0},{"damage":0.0,"enemies":"Lagavulin","floor":7.0,"turns":5.0},{"damage":2.0,"enemies":"3 Sentries","floor":10.0,"turns":3.0},{"damage":0.0,"enemies":"Red Slaver","floor":13.0,"turns":2.0},{"damage":0.0,"enemies":"Lagavulin","floor":14.0,"turns":4.0},{"damage":0.0,"enemies":"Slime Boss","floor":16.0,"turns":4.0},{"damage":0.0,"enemies":"3 Byrds","floor":18.0,"turns":4.0},{"damage":0.0,"enemies":"Chosen","floor":20.0,"turns":4.0},{"damage":0.0,"enemies":"Snake Plant","floor":22.0,"turns":4.0},{"damage":0.0,"enemies":"Gremlin Leader","floor":24.0,"turns":3.0},{"damage":14.0,"enemies":"Slavers","floor":27.0,"turns":3.0},{"damage":0.0,"enemies":"3 Cultists","floor":28.0,"turns":5.0},{"damage":10.0,"enemies":"Book of Stabbing","floor":29.0,"turns":5.0},{"damage":16.0,"enemies":"Automaton","floor":33.0,"turns":6.0},{"damage":19.0,"enemies":"3 Shapes","floor":35.0,"turns":3.0},{"damage":18.0,"enemies":"3 Darklings","floor":39.0,"turns":4.0},{"damage":20.0,"enemies":"Giant Head","floor":41.0,"turns":7.0},{"damage":0.0,"enemies":"Reptomancer","floor":46.0,"turns":3.0},{"damage":0.0,"enemies":"Sphere and 2 Shapes","floor":48.0,"turns":4.0},{"damage":31.0,"enemies":"Awakened One","floor":50.0,"turns":10.0},{"damage":7.0,"enemies":"Time Eater","floor":51.0,"turns":9.0},{"damage":8.0,"enemies":"Shield and Spear","floor":55.0,"turns":4.0},{"damage":22,"enemies":"The Heart","floor":56,"turns":8}],"seed_played":"5358836091192631295","potions_obtained":[{"floor":4.0,"key":"Swift Potion"},{"floor":7.0,"key":"Energy Potion"},{"floor":33.0,"key":"ColorlessPotion"},{"floor":39.0,"key":"PowerPotion"},{"floor":46.0,"key":"FearPotion"}],"is_trial":false,"path_per_floor":["M","M","M","M","?","R","E","R","T","E","?","R","M","E","R","B",null,"M","$","M","?","M","R","E","R","T","E","M","E","$","?","R","B",null,"M","?","$","T","M","$","E","?","T","$","R","E","T","M","R","B","B",null,"R","$","E","B",null],"character_chosen":"WATCHER","items_purchased":["Membership Card","StancePotion","FearNoEvil","Lizard Tail","Strawberry","FossilizedHelix","TalkToTheHand","MentalFortress","OrangePellets","AttackPotion","Vajra","Ambrosia","InkBottle"],"campfire_rested":5,"item_purchase_floors":[19,19,19,30,30,37,37,37,40,44,54,54,54],"current_hp_per_floor":[61,59,59,35,35,35,35,35,35,33,28,28,28,28,28,28,58,58,58,58,58,58,68,68,68,68,54,54,44,51,51,73,57,71,52,52,52,52,34,34,14,75,75,75,75,75,75,75,75,44,37,66,75,75,67,45],"gold":33,"neow_bonus":"BOSS_RELIC","is_daily":false,"chose_seed":false,"campfire_upgraded":4,"win_rate":0.0,"timestamp":1611214521,"path_taken":["M","M","M","M","?","R","E","R","T","E","?","R","M","E","R","BOSS","M","$","M","?","M","R","E","R","T","E","M","E","$","?","R","BOSS","M","?","$","?","M","?","E","?","T","?","R","E","?","M","R","BOSS","BOSS","R","$","E","BOSS"],"items_purchased_type":["Relic","Potion","Card","Relic","Relic","Relic","Card","Card","Relic","Potion","Relic","Potion","Relic"],"build_version":"2020-12-18","purchased_purges":1,"victory":true,"max_hp_per_floor":[68,68,68,68,68,68,68,68,68,68,68,68,68,68,68,68,68,68,68,68,68,68,68,68,68,68,68,68,68,75,75,75,75,75,75,75,75,75,75,75,75,75,75,75,75,75,75,75,75,75,75,75,75,75,75,75],"relic_stats":{"Gremlin Horn":[14,15],"counters":[26,116],"Astrolabe":["DeusExMachina","Vault","DeceiveReality"],"Eternal Feather":0,"Juzu Bracelet":1,"Whetstone":["Strike_P","SashWhip"],"Question Card":9,"Mercury Hourglass":[426],"OrangePellets":[7],"Lizard Tail":0,"Shuriken":[68],"Ornamental Fan":[176],"Tiny Chest":2,"MealTicket":0,"obtain_stats":[{"Gremlin Horn":29,"Vajra":54,"Incense Burner":24,"Juzu Bracelet":41,"Whetstone":26,"Lizard Tail":30,"Strawberry":30,"Tiny Chest":14,"MealTicket":47,"Fusion Hammer":17,"InkBottle":54,"Astrolabe":0,"Eternal Feather":55,"Omamori":9,"Question Card":27,"Mercury Hourglass":7,"SlaversCollar":34,"OrangePellets":40,"Anchor":10,"Shuriken":11,"Ornamental Fan":38,"Membership Card":19,"PureWater":0,"FossilizedHelix":37,"TungstenRod":46},{"Gremlin Horn":16,"Vajra":24,"Incense Burner":13,"Juzu Bracelet":20,"Whetstone":13,"Lizard Tail":16,"Strawberry":16,"Tiny Chest":8,"MealTicket":21,"Fusion Hammer":9,"InkBottle":24,"Astrolabe":0,"Eternal Feather":25,"Omamori":5,"Question Card":14,"Mercury Hourglass":5,"SlaversCollar":17,"OrangePellets":19,"Anchor":6,"Shuriken":6,"Ornamental Fan":18,"Membership Card":10,"PureWater":0,"FossilizedHelix":18,"TungstenRod":21},{"Gremlin Horn":58,"Vajra":104,"Incense Burner":45,"Juzu Bracelet":78,"Whetstone":45,"Lizard Tail":58,"Strawberry":58,"Tiny Chest":26,"MealTicket":81,"Fusion Hammer":30,"InkBottle":104,"Astrolabe":0,"Eternal Feather":108,"Omamori":17,"Question Card":48,"Mercury Hourglass":17,"SlaversCollar":64,"OrangePellets":71,"Anchor":20,"Shuriken":20,"Ornamental Fan":67,"Membership Card":34,"PureWater":0,"FossilizedHelix":67,"TungstenRod":81}],"TungstenRod":36,"InkBottle":[8]},"card_choices":[{"not_picked":["BowlingBash","Weave"],"picked":"SashWhip","floor":1.0},{"not_picked":["CrushJoints","FlyingSleeves"],"picked":"CutThroughFate","floor":2.0},{"not_picked":["PathToVictory","EmptyBody"],"picked":"SashWhip","floor":3.0},{"not_picked":["Protect","Halt"],"picked":"CarveReality","floor":4.0},{"not_picked":["LikeWater","Sanctity"],"picked":"Consecrate","floor":7.0},{"not_picked":["Halt","Conclude"],"picked":"CutThroughFate","floor":10.0},{"not_picked":["Protect","Perseverance"],"picked":"BattleHymn","floor":13.0},{"not_picked":["EmptyMind","Weave"],"picked":"Wish","floor":14.0},{"not_picked":["Vault","ConjureBlade"],"picked":"MasterReality","floor":16.0},{"not_picked":["Evaluate","Consecrate"],"picked":"Wallop","floor":18.0},{"not_picked":["BowlingBash","Evaluate"],"picked":"Vengeance","floor":20.0},{"not_picked":["EmptyBody+1","Prostrate","CrushJoints"],"picked":"SKIP","floor":22.0},{"not_picked":["Prostrate","PathToVictory"],"picked":"LessonLearned","floor":24.0},{"not_picked":["ReachHeaven","EmptyBody"],"picked":"FlurryOfBlows","floor":27.0},{"not_picked":["BowlingBash","DeceiveReality","Halt"],"picked":"Scrawl","floor":28.0},{"not_picked":["JustLucky","PathToVictory","CrushJoints"],"picked":"Meditate","floor":29.0},{"not_picked":["LessonLearned","Establishment","SpiritShield"],"picked":"Omniscience","floor":33.0},{"not_picked":["Weave","Swivel+1","DeceiveReality"],"picked":"WaveOfTheHand","floor":35.0},{"not_picked":["MentalFortress","Prostrate","Collect","Protect+1"],"picked":"SKIP","floor":39.0},{"not_picked":["SashWhip","Halt","Worship"],"picked":"FlurryOfBlows","floor":41.0},{"not_picked":["Consecrate","Blasphemy","Protect+1"],"picked":"Scrawl","floor":46.0},{"not_picked":["CutThroughFate","Halt","Evaluate+1"],"picked":"Sanctity","floor":48.0},{"not_picked":["JustLucky","Consecrate+1","ReachHeaven","SignatureMove"],"picked":"SKIP","floor":55.0}],"player_experience":1244323,"relics_obtained":[{"floor":7.0,"key":"Mercury Hourglass"},{"floor":9.0,"key":"Omamori"},{"floor":10.0,"key":"Anchor"},{"floor":14.0,"key":"Tiny Chest"},{"floor":24.0,"key":"Incense Burner"},{"floor":26.0,"key":"Whetstone"},{"floor":27.0,"key":"Question Card"},{"floor":29.0,"key":"Gremlin Horn"},{"floor":38.0,"key":"Ornamental Fan"},{"floor":41.0,"key":"Juzu Bracelet"},{"floor":46.0,"key":"TungstenRod"},{"floor":47.0,"key":"MealTicket"},{"floor":55.0,"key":"Eternal Feather"}],"event_choices":[{"damage_healed":0.0,"max_hp_gain":0.0,"max_hp_loss":0.0,"gold_gain":0.0,"event_name":"Liars Game","player_choice":"Ignored","floor":5.0,"gold_loss":0.0,"damage_taken":0.0},{"damage_healed":0.0,"max_hp_gain":0.0,"max_hp_loss":0.0,"gold_gain":0.0,"event_name":"Scrap Ooze","player_choice":"Success","floor":11.0,"gold_loss":0.0,"damage_taken":5.0,"relics_obtained":["Shuriken"]},{"damage_healed":0.0,"max_hp_gain":0.0,"max_hp_loss":0.0,"gold_gain":0.0,"event_name":"Ghosts","player_choice":"Ignored","floor":21.0,"gold_loss":0.0,"damage_taken":0.0},{"damage_healed":0.0,"max_hp_gain":0.0,"max_hp_loss":0.0,"gold_gain":0.0,"event_name":"The Library","player_choice":"Read","floor":31.0,"gold_loss":0.0,"damage_taken":0.0,"cards_obtained":["EmptyFist"]},{"cards_removed":["Strike_P"],"damage_healed":0.0,"max_hp_gain":0.0,"max_hp_loss":0.0,"gold_gain":0.0,"event_name":"Purifier","player_choice":"Purged","floor":36.0,"gold_loss":0.0,"damage_taken":0.0},{"cards_removed":["CarveReality"],"damage_healed":61.0,"max_hp_gain":0.0,"max_hp_loss":0.0,"gold_gain":0.0,"event_name":"Bonfire Elementals","player_choice":"Offered Uncommon","floor":42.0,"gold_loss":0.0,"damage_taken":0.0}],"is_beta":true,"boss_relics":[{"not_picked":["SacredBark","Runic Pyramid"],"picked":"Fusion Hammer"},{"not_picked":["Sozu","Philosopher\u0027s Stone"],"picked":"SlaversCollar"}],"items_purged_floors":[30],"is_endless":false,"potions_floor_spawned":[4,7,16,20,24,33,39,46,48],"ascension_level":20}}