{"host":"owox7x4ngjt9htcc","time":1611213158,"event":{"mods":["BaseMod","Colored Map","DeckTracker","Keyboard Shortcuts","Minty Spire (QoL Compilation)","SuperFastMode"],"gold_per_floor":[114,64,64,37,37,37,56,75,100,138,138,33,33,71,71,196,196,215,234,59,78,78,78,78],"floor_reached":23,"language":"KOR","playtime":542,"items_purged":[],"score":247,"play_id":"d1c752c2-d9f8-41a9-9374-f5df26731865","local_time":"20210121161238","daily_mods":["Chimera","Hoarder","Binary"],"is_ascension_mode":false,"campfire_choices":[{"data":"Armaments","floor":6.0,"key":"SMITH"},{"data":"Armaments","floor":11.0,"key":"SMITH"},{"data":"Armaments","floor":15,"key":"SMITH"}],"circlet_count":0,"master_deck":["Bash","Survivor","Zap","Strike_R+1","Strike_G","Strike_B","Defend_R","Defend_G","Defend_P","Burning Pact","Burning Pact","Burning Pact","Armaments+1","Armaments+1","Armaments+1","Perfected Strike","Perfected Strike","Perfected Strike","Dropkick+1","Dropkick","Dropkick","Twin Strike","Twin Strike","Twin Strike","Inflame","Inflame","Inflame","Pommel Strike","Pommel Strike","Pommel Strike","Perfected Strike","Perfected Strike","Perfected Strike","Apotheosis","Apotheosis","Apotheosis","Wild Strike","Wild Strike","Wild Strike"],"relics":["Burning Blood","Golden Idol","Bag of Preparation","Boot","SacredBark","Nloth\u0027s Gift"],"acts_visited":["Exordium","TheCity"],"potions_floor_usage":[19,21,23],"damage_taken":[{"damage":1.0,"enemies":"Jaw Worm","floor":1.0,"turns":3.0},{"damage":3.0,"enemies":"Small Slimes","floor":7.0,"turns":4.0},{"damage":0.0,"enemies":"2 Louse","floor":8.0,"turns":3.0},{"damage":6.0,"enemies":"Gremlin Nob","floor":10.0,"turns":3.0},{"damage":9,"enemies":"3 Sentries","floor":14,"turns":4},{"damage":21,"enemies":"Slime Boss","floor":16,"turns":8},{"damage":15,"enemies":"3 Byrds","floor":18,"turns":7},{"damage":31,"enemies":"Shell Parasite","floor":19,"turns":7},{"damage":15,"enemies":"Snake Plant","floor":21,"turns":3},{"damage":27,"enemies":"Slavers","floor":23,"turns":3}],"seed_played":"811174962971598332","potions_obtained":[{"floor":1.0,"key":"Weak Potion"},{"floor":14,"key":"PowerPotion"},{"floor":16,"key":"EntropicBrew"},{"floor":19,"key":"LiquidBronze"},{"floor":21,"key":"ColorlessPotion"}],"is_trial":false,"path_per_floor":["M","?","?","$","?","R","M","M","T","E","R","$","?","E","R","B",null,"M","M","$","M","?","E"],"character_chosen":"IRONCLAD","items_purchased":["Armaments","Inflame","Pommel Strike","Apotheosis"],"campfire_rested":0,"item_purchase_floors":[4,12,12,20],"current_hp_per_floor":[80,80,85,85,79,79,79,79,79,79,79,79,79,76,76,61,79,70,45,45,36,36,9,9],"gold":78,"neow_bonus":"","is_daily":true,"chose_seed":false,"campfire_upgraded":3,"win_rate":0.0,"timestamp":1611213158,"path_taken":["M","?","?","$","?","R","M","M","T","E","R","$","?","E","R","BOSS","M","M","$","M","?","E"],"items_purchased_type":["Card","Card","Card","Card"],"build_version":"2020-12-22","purchased_purges":0,"victory":false,"max_hp_per_floor":[80,80,85,85,79,79,79,79,79,79,79,79,79,79,79,79,79,79,79,79,79,79,79,79],"card_choices":[{"not_picked":["Whirlwind"],"picked":"Burning Pact","floor":1.0},{"not_picked":["Iron Wave"],"picked":"Perfected Strike","floor":7.0},{"not_picked":["Body Slam"],"picked":"Dropkick","floor":8.0},{"not_picked":["Brutality","Twin Strike"],"picked":"SKIP","floor":10.0},{"not_picked":["Brutality"],"picked":"Twin Strike","floor":10.0},{"not_picked":["Hemokinesis","Warcry"],"picked":"SKIP","floor":14},{"not_picked":["Clothesline","Hemokinesis"],"picked":"SKIP","floor":18},{"not_picked":["Iron Wave"],"picked":"Perfected Strike","floor":19},{"not_picked":["Shrug It Off"],"picked":"Wild Strike","floor":21}],"player_experience":896131,"relics_obtained":[{"floor":9.0,"key":"Whetstone"},{"floor":10.0,"key":"Bag of Preparation"},{"floor":14,"key":"Boot"}],"event_choices":[{"cards_removed":["Eruption"],"damage_healed":0.0,"max_hp_gain":0.0,"max_hp_loss":0.0,"gold_gain":0.0,"event_name":"The Cleric","player_choice":"Card Removal","floor":2.0,"gold_loss":50.0,"damage_taken":0.0},{"damage_healed":0.0,"max_hp_gain":5.0,"max_hp_loss":0.0,"gold_gain":0.0,"event_name":"Big Fish","player_choice":"Donut","floor":3.0,"gold_loss":0.0,"damage_taken":0.0},{"damage_healed":0.0,"max_hp_gain":0.0,"max_hp_loss":6.0,"gold_gain":0.0,"event_name":"Golden Idol","player_choice":"Lose Max HP","floor":5.0,"gold_loss":0.0,"damage_taken":0.0,"relics_obtained":["Golden Idol"]},{"damage_healed":0.0,"max_hp_gain":0.0,"max_hp_loss":0.0,"gold_gain":0.0,"event_name":"Liars Game","player_choice":"Ignored","floor":13.0,"gold_loss":0.0,"damage_taken":0.0},{"damage_healed":0,"gold_gain":0,"player_choice":"Traded Relic","damage_taken":0,"relics_obtained":["Nloth\u0027s Gift"],"max_hp_gain":0,"max_hp_loss":0,"event_name":"N\u0027loth","floor":22,"relics_lost":["Whetstone"],"gold_loss":0}],"is_beta":false,"boss_relics":[{"not_picked":["Sozu","Snecko Eye"],"picked":"SacredBark"}],"items_purged_floors":[],"is_endless":false,"potions_floor_spawned":[1,14,16,19,21],"killed_by":"Slavers","ascension_level":0}}