{"host":"dhlnk6yox2l1s6up","time":1611200428,"event":{"mods":["BaseMod","Colored Map","Highlight Path","Minty Spire (QoL Compilation)","Relic Stats","StSLib"],"gold_per_floor":[217,228,39,57,57,57,82,96,96,96,128,128,140,174,174,271,271,283,296,296,308,353,353,366,395,420,446,446,272,304,323,323,424,424,434,26,77,77,95,127,127,146,224,254,33,0,0,31,31,31,31,31,31,60,60],"floor_reached":56,"language":"ENG","playtime":8699,"items_purged":["Defend_G","Decay","Riddle With Holes+1","Defend_G"],"score":1845,"play_id":"dedc18f4-84f2-4515-be33-40c2fa68444b","local_time":"20210120214028","is_ascension_mode":true,"campfire_choices":[{"data":"Dagger Spray","floor":6.0,"key":"SMITH"},{"data":"Terror","floor":10.0,"key":"SMITH"},{"data":"All Out Attack","floor":12.0,"key":"SMITH"},{"data":"Underhanded Strike","floor":15.0,"key":"SMITH"},{"floor":23,"key":"RECALL"},{"floor":28,"key":"REST"},{"floor":32,"key":"REST"},{"floor":41,"key":"REST"},{"floor":49,"key":"REST"},{"floor":52,"key":"REST"}],"circlet_count":0,"master_deck":["Survivor","Neutralize","Backflip","Dagger Spray+1","All Out Attack+1","Caltrops","Terror+1","Blade Dance","Blade Dance","Acrobatics","Underhanded Strike+1","Wraith Form v2","Backflip","Bite","Bite","Bite","Bite","Acrobatics+1","Leg Sweep+1","Backstab","Dodge and Roll+1","Well Laid Plans","Tactician","Leg Sweep+1","Burst","A Thousand Cuts+1","Outmaneuver+1","Acrobatics+1","Concentrate","Adrenaline","Escape Plan+1","Prepared+1","Blur","Footwork","Backflip","Panacea","Footwork+1","Prepared+1","Tactician+1"],"relics":["Ring of the Snake","Bottled Lightning","Pocketwatch","Dream Catcher","Fusion Hammer","Smiling Mask","Oddly Smooth Stone","Strawberry","Bag of Preparation","Astrolabe","Ornamental Fan","Dead Branch","Toy Ornithopter","Gremlin Horn","Red Mask","Meat on the Bone","Nunchaku"],"acts_visited":["Exordium","TheCity","TheBeyond","TheEnding"],"potions_floor_usage":[25,25,30,31,33,33,35,35,37,37,50,55,55],"damage_taken":[{"damage":0.0,"enemies":"Small Slimes","floor":1.0,"turns":5.0},{"damage":2.0,"enemies":"Cultist","floor":2.0,"turns":5.0},{"damage":0.0,"enemies":"2 Louse","floor":4.0,"turns":2.0},{"damage":0.0,"enemies":"3 Sentries","floor":7.0,"turns":2.0},{"damage":16.0,"enemies":"Exordium Wildlife","floor":8.0,"turns":3.0},{"damage":7.0,"enemies":"Lagavulin","floor":11.0,"turns":4.0},{"damage":0.0,"enemies":"Looter","floor":13.0,"turns":2.0},{"damage":17.0,"enemies":"3 Sentries","floor":14.0,"turns":4.0},{"damage":15.0,"enemies":"Hexaghost","floor":16.0,"turns":7.0},{"damage":3,"enemies":"Spheric Guardian","floor":18,"turns":4},{"damage":0,"enemies":"3 Byrds","floor":19,"turns":3},{"damage":2,"enemies":"Sentry and Sphere","floor":21,"turns":4},{"damage":21,"enemies":"Snecko","floor":24,"turns":4},{"damage":18,"enemies":"Slavers","floor":25,"turns":6},{"damage":4,"enemies":"Gremlin Leader","floor":27,"turns":6},{"damage":11,"enemies":"Slavers","floor":30,"turns":6},{"damage":4,"enemies":"Shelled Parasite and Fungi","floor":31,"turns":3},{"damage":31,"enemies":"Automaton","floor":33,"turns":14},{"damage":16,"enemies":"3 Darklings","floor":35,"turns":4},{"damage":30,"enemies":"2 Orb Walkers","floor":37,"turns":6},{"damage":0,"enemies":"Orb Walker","floor":39,"turns":3},{"damage":5,"enemies":"Giant Head","floor":40,"turns":6},{"damage":5,"enemies":"Maw","floor":42,"turns":7},{"damage":0,"enemies":"Nemesis","floor":44,"turns":9},{"damage":0,"enemies":"Giant Head","floor":48,"turns":6},{"damage":4,"enemies":"Time Eater","floor":50,"turns":17},{"damage":47,"enemies":"Shield and Spear","floor":54,"turns":16},{"damage":52,"enemies":"The Heart","floor":55,"turns":13}],"seed_played":"-2032742687044919143","potions_obtained":[{"floor":4.0,"key":"SteroidPotion"},{"floor":7.0,"key":"Dexterity Potion"},{"floor":8.0,"key":"Block Potion"},{"floor":11.0,"key":"DuplicationPotion"},{"floor":19,"key":"PowerPotion"},{"floor":21,"key":"Energy Potion"},{"floor":25,"key":"FearPotion"},{"floor":30,"key":"SkillPotion"},{"floor":31,"key":"EntropicBrew"},{"floor":37,"key":"SpeedPotion"},{"floor":40,"key":"SkillPotion"},{"floor":44,"key":"Explosive Potion"},{"floor":54,"key":"Energy Potion"}],"is_trial":false,"path_per_floor":["M","M","$","M","?","R","E","M","T","R","E","R","M","E","R","B",null,"M","M","?","M","T","R","M","E","T","E","R","$","E","M","R","B",null,"M","$","?","?","M","E","R","M","T","E","$","?","?","E","R","B",null,"R","$","E","B",null],"character_chosen":"THE_SILENT","items_purchased":["All Out Attack","Caltrops","BlessingOfTheForge","Well Laid Plans","Ornamental Fan","Swift Potion","Concentrate","Footwork","Backflip","Panacea"],"campfire_rested":5,"item_purchase_floors":[3,3,29,29,36,36,36,45,45,45],"current_hp_per_floor":[63,61,61,61,61,61,61,47,47,47,42,42,44,29,29,16,57,56,58,58,64,64,64,51,47,47,64,77,77,77,75,77,74,76,62,62,44,44,52,53,76,77,77,77,77,77,73,73,73,73,73,73,73,38,30],"gold":60,"neow_bonus":"HUNDRED_GOLD","is_daily":false,"chose_seed":false,"campfire_upgraded":4,"win_rate":0.0,"timestamp":1611200428,"path_taken":["M","M","$","M","?","R","E","M","T","R","E","R","M","E","R","BOSS","M","?","?","M","?","R","M","E","T","E","R","$","E","M","R","BOSS","M","$","?","?","M","E","R","M","T","E","?","?","?","E","R","BOSS","R","$","E","BOSS"],"items_purchased_type":["Card","Card","Potion","Card","Relic","Potion","Card","Card","Card","Card"],"build_version":"2020-12-22","purchased_purges":4,"victory":true,"max_hp_per_floor":[70,70,70,70,70,70,70,70,70,70,70,70,70,70,70,70,70,70,70,70,70,70,70,70,70,70,77,77,77,77,77,77,77,77,77,77,77,77,77,77,77,77,77,77,77,77,73,73,73,73,73,73,73,73,73],"relic_stats":{"Gremlin Horn":[1,1],"counters":[28,171],"Astrolabe":["A Thousand Cuts","Riddle With Holes","Outmaneuver"],"Dead Branch":[109],"Bag of Preparation":[24],"Smiling Mask":225,"Dream Catcher":5,"Nunchaku":[3],"Ornamental Fan":[204],"obtain_stats":[{"Gremlin Horn":44,"Astrolabe":34,"Dead Branch":37,"Oddly Smooth Stone":26,"Bag of Preparation":30,"Smiling Mask":22,"Blood Vial":7,"Dream Catcher":14,"Nunchaku":54,"Ornamental Fan":36,"Strawberry":27,"Fusion Hammer":17,"Red Mask":46,"Bottled Lightning":9,"Toy Ornithopter":40,"Ring of the Snake":0,"Pocketwatch":11,"Meat on the Bone":48},{"Gremlin Horn":24,"Astrolabe":18,"Dead Branch":20,"Oddly Smooth Stone":14,"Bag of Preparation":16,"Smiling Mask":12,"Blood Vial":4,"Dream Catcher":8,"Nunchaku":27,"Ornamental Fan":19,"Strawberry":15,"Fusion Hammer":9,"Red Mask":24,"Bottled Lightning":5,"Toy Ornithopter":22,"Ring of the Snake":0,"Pocketwatch":6,"Meat on the Bone":25},{"Gremlin Horn":119,"Astrolabe":84,"Dead Branch":94,"Oddly Smooth Stone":55,"Bag of Preparation":67,"Smiling Mask":45,"Blood Vial":14,"Dream Catcher":27,"Nunchaku":158,"Ornamental Fan":88,"Strawberry":61,"Fusion Hammer":34,"Red Mask":119,"Bottled Lightning":17,"Toy Ornithopter":103,"Ring of the Snake":0,"Pocketwatch":21,"Meat on the Bone":125}],"Toy Ornithopter":13,"Ring of the Snake":[56],"Pocketwatch":[69],"Meat on the Bone":12},"card_choices":[{"not_picked":["Dodge and Roll","Acrobatics"],"picked":"Backflip","floor":1.0},{"not_picked":["PiercingWail","Bouncing Flask"],"picked":"Dagger Spray","floor":2.0},{"not_picked":["Cloak And Dagger","Dagger Spray"],"picked":"Terror","floor":4.0},{"not_picked":["Backflip","Setup"],"picked":"Blade Dance","floor":7.0},{"not_picked":["Envenom","Infinite Blades"],"picked":"Blade Dance","floor":8.0},{"not_picked":["Night Terror","Sucker Punch","Terror"],"picked":"SKIP","floor":11.0},{"not_picked":["Flechettes","Backflip"],"picked":"Acrobatics","floor":13.0},{"not_picked":["Choke","Grand Finale"],"picked":"Underhanded Strike","floor":14.0},{"not_picked":["Malaise","Tools of the Trade"],"picked":"Wraith Form v2","floor":16.0},{"not_picked":["Dagger Throw","Riddle With Holes"],"picked":"Backflip","floor":18},{"not_picked":["Prepared","Underhanded Strike+1","Poisoned Stab"],"picked":"SKIP","floor":19},{"not_picked":["Prepared+1","Deadly Poison"],"picked":"Acrobatics+1","floor":21},{"not_picked":["Blade Dance","Backflip","Dagger Spray+1"],"picked":"SKIP","floor":24},{"not_picked":["Cloak And Dagger+1","PiercingWail"],"picked":"Leg Sweep+1","floor":25},{"not_picked":["A Thousand Cuts","Deadly Poison"],"picked":"Backstab","floor":27},{"not_picked":["Distraction","Slice"],"picked":"Dodge and Roll+1","floor":28},{"not_picked":["Infinite Blades+1","Bouncing Flask"],"picked":"Tactician","floor":30},{"not_picked":["Noxious Fumes","Endless Agony"],"picked":"Leg Sweep+1","floor":31},{"not_picked":["Storm of Steel","Envenom"],"picked":"Burst","floor":33},{"not_picked":["Underhanded Strike+1","Deadly Poison+1"],"picked":"Acrobatics+1","floor":35},{"not_picked":["Catalyst+1","Underhanded Strike","Quick Slash"],"picked":"SKIP","floor":39},{"not_picked":["Finisher+1","Sucker Punch"],"picked":"Adrenaline","floor":40},{"not_picked":["Sucker Punch+1","Flying Knee"],"picked":"Escape Plan+1","floor":41},{"not_picked":["Cloak And Dagger","Escape Plan"],"picked":"Prepared+1","floor":42},{"not_picked":["Catalyst+1","Prepared+1"],"picked":"Blur","floor":44},{"not_picked":["Sucker Punch","Poisoned Stab"],"picked":"Footwork+1","floor":48},{"not_picked":["Sucker Punch","Burst"],"picked":"Prepared+1","floor":49},{"not_picked":["Sucker Punch+1","Blur"],"picked":"Tactician+1","floor":54}],"player_experience":5881709,"relics_obtained":[{"floor":7.0,"key":"Blood Vial"},{"floor":9.0,"key":"Bottled Lightning"},{"floor":11.0,"key":"Pocketwatch"},{"floor":14.0,"key":"Dream Catcher"},{"floor":22,"key":"Smiling Mask"},{"floor":26,"key":"Oddly Smooth Stone"},{"floor":27,"key":"Strawberry"},{"floor":30,"key":"Bag of Preparation"},{"floor":37,"key":"Dead Branch"},{"floor":40,"key":"Toy Ornithopter"},{"floor":44,"key":"Gremlin Horn"},{"floor":48,"key":"Meat on the Bone"},{"floor":54,"key":"Nunchaku"}],"event_choices":[{"damage_healed":0.0,"max_hp_gain":0.0,"max_hp_loss":0.0,"gold_gain":0.0,"event_name":"Wheel of Change","player_choice":"Cursed","floor":5.0,"gold_loss":0.0,"damage_taken":0.0,"cards_obtained":["Decay"]},{"damage_healed":0,"gold_gain":0,"player_choice":"Became a vampire (Vial)","damage_taken":0,"max_hp_gain":0,"max_hp_loss":0,"event_name":"Vampires","floor":20,"relics_lost":["Blood Vial"],"gold_loss":0,"cards_obtained":["Bite","Bite","Bite","Bite","Bite"]},{"damage_healed":0,"gold_gain":0,"player_choice":"Fight","damage_taken":0,"max_hp_gain":0,"max_hp_loss":0,"event_name":"Mysterious Sphere","floor":37,"gold_loss":0},{"cards_removed":["Bite"],"damage_healed":0,"gold_gain":0,"player_choice":"Removed Attack","damage_taken":0,"max_hp_gain":0,"max_hp_loss":0,"event_name":"Falling","floor":38,"gold_loss":0},{"damage_healed":0,"gold_gain":0,"player_choice":"Paid","damage_taken":0,"relics_obtained":["Red Mask"],"max_hp_gain":0,"max_hp_loss":0,"event_name":"Tomb of Lord Red Mask","floor":46,"gold_loss":33},{"damage_healed":0,"gold_gain":0,"player_choice":"Max HP","damage_taken":0,"max_hp_gain":0,"max_hp_loss":4,"event_name":"Winding Halls","floor":47,"gold_loss":0}],"is_beta":false,"boss_relics":[{"not_picked":["Velvet Choker","Pandora\u0027s Box"],"picked":"Fusion Hammer"},{"not_picked":["Empty Cage","Philosopher\u0027s Stone"],"picked":"Astrolabe"}],"items_purged_floors":[3,29,36,45],"is_endless":false,"potions_floor_spawned":[4,7,8,11,19,21,25,30,31,37,40,44,54],"ascension_level":8}}