{"host":"m3rs92yjkwi06hli","time":1611197359,"event":{"mods":["Act Like it!","Aspiration","BaseMod","Colored Map","Conspire","Defuse TimeMaze Blight","Downfall","Energized Spire","Hubris","Infinite Spire","Minty Spire (QoL Compilation)","Relic Stats","Spicy Shops","StSLib"],"gold_per_floor":[99,118,135,135,153,153,153,170,170,204,221,221,239,269,281,382,382,382,396,396,410,410,424,451,451,85,85,85,110,110,135,146,146,146,146],"floor_reached":33,"language":"ENG","playtime":1449,"items_purged":[],"score":337,"play_id":"dfd3e95d-1813-47b5-a7a8-6d34ddb22711","local_time":"20210120204919","is_ascension_mode":true,"campfire_choices":[{"data":"bronze:Replicate","floor":1,"key":"SMITH"},{"data":"bronze:DigitalCarnage","floor":9,"key":"SMITH"},{"data":"bronze:Mutator","floor":12,"key":"SMITH"},{"floor":18,"key":"RECALL"},{"floor":27,"key":"REST"},{"floor":30,"key":"REST"}],"circlet_count":0,"master_deck":["bronze:Strike+1","bronze:Strike","bronze:Strike","bronze:Strike","bronze:Defend","bronze:Defend","bronze:Defend","bronze:Defend","bronze:Replicate+1","bronze:Goto","bronze:Frontload","bronze:DigitalCarnage+1","bronze:DelayedSlice","bronze:ClassDefault","bronze:Mutator+1","bronze:WhirlingStrike","bronze:BronzeOrb","bronze:RecursiveStrike+1","bronze:Separator","bronze:SpaghettiCode","bronze:Turbo+1","bronze:BuggyMess","Writhe","bronze:Separator","bronze:BronzeOrb+1","bronze:Flail","bronze:WhirlingStrike","bronze:ItsAFeature","bronze:Repair","bronze:WhirlingStrike","bronze:WhirlingStrike+1"],"relics":["bronze:BronzeCore","Strawberry","aspiration:FrozenJewel","hexamod:CandleOfCauterizing","hubris:AstralHammer","Runic Dome","Bronze Scales","hubris:SlimyHat","downfall:RedIOU","Whetstone","Frozen Egg 2","Gambling Chip"],"acts_visited":["Exordium","TheCity"],"potions_floor_usage":[8,14,23,31],"damage_taken":[{"damage":0,"enemies":"conspire:RoseBush","floor":2,"turns":4},{"damage":1,"enemies":"Jaw Worm","floor":3,"turns":4},{"damage":0,"enemies":"2 Louse","floor":5,"turns":2},{"damage":6,"enemies":"Exordium Thugs","floor":8,"turns":3},{"damage":7,"enemies":"3 Sentries","floor":10,"turns":4},{"damage":0,"enemies":"3 Louse","floor":11,"turns":3},{"damage":3,"enemies":"conspire:2 RoseBushes","floor":13,"turns":2},{"damage":1,"enemies":"Lagavulin","floor":14,"turns":3},{"damage":0,"enemies":"Blue Slaver","floor":15,"turns":2},{"damage":54,"enemies":"DF_ARCHETYPE_STREAMLINE","floor":16,"turns":8},{"damage":0,"enemies":"3 Byrds","floor":19,"turns":4},{"damage":2,"enemies":"Chosen","floor":21,"turns":3},{"damage":43,"enemies":"3 Cultists","floor":23,"turns":6},{"damage":8,"enemies":"downfall:FleeingMerchant","floor":26,"turns":4},{"damage":42,"enemies":"Gremlin Leader","floor":29,"turns":7},{"damage":6,"enemies":"Book of Stabbing","floor":31,"turns":4},{"damage":14,"enemies":"Snake Plant","floor":32,"turns":3},{"damage":35,"enemies":"IC_MUSHROOM_ARCHETYPE","floor":33,"turns":4}],"seed_played":"-4445349783123155028","potions_obtained":[{"floor":3,"key":"AttackPotion"},{"floor":11,"key":"FearPotion"},{"floor":14,"key":"SneckoOil"},{"floor":16,"key":"FearPotion"},{"floor":21,"key":"Guardian:BlockOnCardUsePotion"},{"floor":23,"key":"CultistPotion"},{"floor":32,"key":"SpeedPotion"}],"is_trial":false,"path_per_floor":["R","M","M","?","M","T","T","M","R","E","M","R","M","E","M","B",null,"R","M","?","M","?","M","T","?","$","R","?","E","R","E","M","B"],"character_chosen":"THE_AUTOMATON","items_purchased":["bronze:Flail","Whetstone","bronze:WhirlingStrike","bronze:ItsAFeature"],"campfire_rested":2,"item_purchase_floors":[26,26,26,26],"current_hp_per_floor":[70,70,69,69,69,76,76,70,70,63,63,63,60,59,59,5,77,77,77,77,75,75,32,32,32,24,47,47,5,28,29,15,0,0,0],"gold":146,"neow_bonus":"RANDOM_COMMON_RELIC","is_daily":false,"chose_seed":false,"campfire_upgraded":3,"win_rate":0.0,"timestamp":1611197359,"path_taken":["R","M","M","?","M","?","T","M","R","E","M","R","M","E","M","BOSS","R","M","?","?","?","M","T","?","?","R","?","E","R","E","M","BOSS"],"items_purchased_type":["Card","Relic","Card","Card"],"build_version":"2020-12-22","purchased_purges":0,"victory":false,"max_hp_per_floor":[70,70,70,70,70,77,77,77,77,77,77,77,77,77,77,77,77,77,77,77,77,77,77,77,77,77,77,77,77,77,77,77,77,77,77],"relic_stats":{"counters":[18,70],"Bronze Scales":[117],"Gambling Chip":[5],"Whetstone":["bronze:Strike","bronze:RecursiveStrike"],"obtain_stats":[{"Regal Pillow":0,"hexamod:CandleOfCauterizing":10,"bronze:BronzeCore":0,"hubris:SlimyHat":24,"Whetstone":26,"Frozen Egg 2":29,"aspiration:FrozenJewel":7,"Runic Dome":17,"hubris:AstralHammer":14,"Strawberry":6,"Bronze Scales":22,"Gambling Chip":31,"downfall:RedIOU":25},{"Regal Pillow":0,"hexamod:CandleOfCauterizing":5,"bronze:BronzeCore":0,"hubris:SlimyHat":13,"Whetstone":14,"Frozen Egg 2":15,"aspiration:FrozenJewel":3,"Runic Dome":10,"hubris:AstralHammer":8,"Strawberry":3,"Bronze Scales":12,"Gambling Chip":16,"downfall:RedIOU":13},{"Regal Pillow":0,"hexamod:CandleOfCauterizing":17,"bronze:BronzeCore":0,"hubris:SlimyHat":48,"Whetstone":52,"Frozen Egg 2":59,"aspiration:FrozenJewel":10,"Runic Dome":35,"hubris:AstralHammer":25,"Strawberry":10,"Bronze Scales":42,"Gambling Chip":63,"downfall:RedIOU":48}]},"card_choices":[{"not_picked":["bronze:FineTuning","bronze:ForLoop"],"picked":"bronze:Frontload","floor":2},{"not_picked":["bronze:Shield","bronze:MaxOutput"],"picked":"bronze:DigitalCarnage","floor":3},{"not_picked":["bronze:Overheat","bronze:Deprecate"],"picked":"bronze:DelayedSlice","floor":5},{"not_picked":["bronze:Shield","bronze:BitShift"],"picked":"bronze:ClassDefault","floor":8},{"not_picked":["bronze:Overload","bronze:Turbo"],"picked":"bronze:Mutator","floor":10},{"not_picked":["bronze:Refactor","bronze:Optimize"],"picked":"bronze:WhirlingStrike","floor":11},{"not_picked":["bronze:InfiniteBeams","bronze:Separator"],"picked":"bronze:BronzeOrb","floor":13},{"not_picked":["bronze:Invalidate","bronze:DelayedGuard"],"picked":"bronze:RecursiveStrike","floor":14},{"not_picked":["bronze:ClassDefault","bronze:DigitalCarnage"],"picked":"bronze:Separator","floor":15},{"not_picked":["bronze:HyperBeam","bronze:ThunderWave"],"picked":"bronze:SpaghettiCode","floor":16},{"not_picked":["bronze:Invalidate","bronze:Frontload"],"picked":"bronze:Turbo+1","floor":19},{"not_picked":["bronze:BitShift","bronze:Repulsor"],"picked":"bronze:BuggyMess","floor":21},{"not_picked":["bronze:ForceShield+1","bronze:MaxOutput"],"picked":"bronze:Separator","floor":23},{"not_picked":["bronze:SpaghettiCode","bronze:Constructor"],"picked":"bronze:BronzeOrb+1","floor":26},{"not_picked":["bronze:Boost","bronze:DelayedSlice+1"],"picked":"bronze:Repair","floor":29},{"not_picked":["bronze:MaxOutput+1","bronze:BugBarrage"],"picked":"bronze:WhirlingStrike","floor":31},{"not_picked":["bronze:Fortify+1","bronze:Overload+1"],"picked":"bronze:WhirlingStrike+1","floor":32}],"player_experience":901170,"relics_obtained":[{"floor":6,"key":"Strawberry"},{"floor":7,"key":"aspiration:FrozenJewel"},{"floor":10,"key":"hexamod:CandleOfCauterizing"},{"floor":14,"key":"hubris:AstralHammer"},{"floor":24,"key":"hubris:SlimyHat"},{"floor":29,"key":"Frozen Egg 2"},{"floor":31,"key":"Gambling Chip"}],"event_choices":[{"damage_healed":0,"gold_gain":0,"player_choice":"Leave","damage_taken":0,"max_hp_gain":0,"max_hp_loss":0,"event_name":"FaceTrader","floor":20,"gold_loss":0}],"is_beta":false,"boss_relics":[{"not_picked":["energizedSpire:NeverEndingSparkler","Runic Pyramid"],"picked":"Runic Dome"}],"items_purged_floors":[],"is_endless":false,"potions_floor_spawned":[3,11,14,16,21,23,29,32],"killed_by":"IC_MUSHROOM_ARCHETYPE","ascension_level":1}}