{"host":"yb2vosf5gpvgythe","time":1611212354,"event":{"mods":["BaseMod","Downfall","Minty Spire (QoL Compilation)","StSLib","egg"],"gold_per_floor":[99,113,113,133,150,167,193,193,643,175,202,10,10,0,18,122,122,122,132,132,143,143,158,158,158,191,191,204,16,116,19,30,131,131,131,142,246,296,496,562,562,581,731,749,764,776,776,81,94,94],"floor_reached":51,"language":"ENG","playtime":3272,"items_purged":["downfall:Icky","downfall:Icky","downfall:Bewildered","downfall:Icky","downfall:Aged"],"score":794,"play_id":"9970105c-811e-42cf-b374-047e7d83d0cc","local_time":"20210121015914","is_ascension_mode":false,"campfire_choices":[{"data":"bronze:Replicate","floor":1.0,"key":"SMITH"},{"data":"bronze:Goto","floor":8.0,"key":"SMITH"},{"data":"bronze:Fortify","floor":13.0,"key":"SMITH"},{"data":"bronze:Fortify","floor":18,"key":"SMITH"},{"data":"bronze:Boost","floor":25,"key":"SMITH"},{"data":"bronze:AlphaBuild","floor":35,"key":"SMITH"},{"floor":47,"key":"REST"}],"circlet_count":0,"master_deck":["bronze:Strike","bronze:Strike","bronze:Strike+1","bronze:Strike","bronze:Defend","bronze:Defend","bronze:Defend","bronze:Defend","bronze:Replicate+1","bronze:Goto+1","bronze:Overload","bronze:Branch","bronze:WhirlingStrike","bronze:DelayedSlice+1","bronze:Fortify+1","bronze:ChosenStrike","bronze:Fortify+1","bronze:Shell","bronze:HyperBeam","bronze:Verify","bronze:Repair+1","bronze:Fortify+1","bronze:Boost+1","Clumsy","RitualDagger+1","bronze:CloningBeam","bronze:Mutator","bronze:AlphaBuild+1","bronze:Iterate+1","bronze:Repair","Parasite","bronze:Deprecate+1","Parasite","Parasite","bronze:Shield+1","expansioncontent:Chronoboost","expansioncontent:QuickStudy","bronze:Branch"],"relics":["bronze:PlatinumCore","Vajra","Anchor","bronze:SilverBullet","Letter Opener","Cursed Key","sneckomod:BabySnecko","Incense Burner","Darkstone Periapt","downfall:CloakOfManyFaces","CultistMask","FaceOfCleric","NlothsMask","GremlinMask","SsserpentHead","PreservedInsect","StoneCalendar","Question Card","StrikeDummy"],"acts_visited":["Exordium","TheCity","TheBeyond"],"potions_floor_usage":[16,16,21,28,33,42,42,50,50,50],"damage_taken":[{"damage":2.0,"enemies":"2 Louse","floor":2.0,"turns":3.0},{"damage":1.0,"enemies":"Jaw Worm","floor":4.0,"turns":3.0},{"damage":0.0,"enemies":"Cultist","floor":5.0,"turns":3.0},{"damage":7.0,"enemies":"Large Slime","floor":6.0,"turns":5.0},{"damage":0.0,"enemies":"downfall:FleeingMerchant","floor":10.0,"turns":4.0},{"damage":6.0,"enemies":"Gremlin Nob","floor":11.0,"turns":3.0},{"damage":0.0,"enemies":"downfall:FleeingMerchant","floor":12.0,"turns":4.0},{"damage":0.0,"enemies":"downfall:FleeingMerchant","floor":14.0,"turns":4.0},{"damage":0.0,"enemies":"Blue Slaver","floor":15.0,"turns":1.0},{"damage":49,"enemies":"WA_ARCHETYPE_RETAIN","floor":16,"turns":8},{"damage":0,"enemies":"Shell Parasite","floor":19,"turns":2},{"damage":0,"enemies":"Centurion and Healer","floor":21,"turns":6},{"damage":6,"enemies":"Snecko","floor":23,"turns":4},{"damage":0,"enemies":"Slavers","floor":26,"turns":3},{"damage":3,"enemies":"Snake Plant","floor":28,"turns":3},{"damage":0,"enemies":"downfall:FleeingMerchant","floor":29,"turns":4},{"damage":25,"enemies":"downfall:FaceTrader","floor":30,"turns":8},{"damage":0,"enemies":"downfall:FleeingMerchant","floor":31,"turns":4},{"damage":2,"enemies":"Centurion and Healer","floor":32,"turns":7},{"damage":15,"enemies":"DF_ARCHETYPE_CLAW","floor":33,"turns":6},{"damage":0,"enemies":"Orb Walker","floor":36,"turns":2},{"damage":35,"enemies":"2 Orb Walkers","floor":37,"turns":5},{"damage":16,"enemies":"3 Darklings","floor":40,"turns":3},{"damage":11,"enemies":"Writhing Mass","floor":42,"turns":5},{"damage":5,"enemies":"Spire Growth","floor":44,"turns":5},{"damage":26,"enemies":"Sphere and 2 Shapes","floor":45,"turns":4},{"damage":15,"enemies":"Writhing Mass","floor":46,"turns":4},{"damage":24,"enemies":"Transient","floor":49,"turns":5},{"damage":16,"enemies":"SI_POISON_ARCHETYPE","floor":50,"turns":10}],"seed_played":"-1364534622025769753","potions_obtained":[{"floor":4.0,"key":"SteroidPotion"},{"floor":6.0,"key":"Block Potion"},{"floor":11.0,"key":"BlessingOfTheForge"},{"floor":15.0,"key":"sneckomod:MuddlingPotion"},{"floor":16,"key":"EssenceOfSteel"},{"floor":19,"key":"GamblersBrew"},{"floor":21,"key":"Dexterity Potion"},{"floor":23,"key":"Fire Potion"},{"floor":27,"key":"CultistPotion"},{"floor":37,"key":"Fire Potion"},{"floor":44,"key":"CultistPotion"},{"floor":46,"key":"EssenceOfSteel"}],"is_trial":false,"path_per_floor":["R","M","?","M","M","M","T","R","?","$","E","$","R","$","M","B",null,"R","M","?","M","?","M","T","R","E","?","M","$","?","$","M","B",null,"R","M","?","?","?","M","T","M","?","M","M","M","R","$","M","B",null],"character_chosen":"THE_AUTOMATON","items_purchased":["bronze:SilverBullet","bronze:ChosenStrike","Whetstone","bronze:Shell","Dexterity Potion","PreservedInsect","bronze:Mutator","StrikeDummy","expansioncontent:Chronoboost","expansioncontent:QuickStudy"],"campfire_rested":1,"item_purchase_floors":[10,10,10,12,29,31,31,48,48,48],"current_hp_per_floor":[77,75,68,67,67,60,60,60,60,60,54,54,54,54,54,5,77,77,77,77,77,54,58,58,58,58,58,65,65,50,51,60,56,80,80,81,47,53,53,48,54,67,67,73,55,47,80,80,74,59],"gold":94,"neow_bonus":"TEN_PERCENT_HP_BONUS","is_daily":false,"chose_seed":false,"campfire_upgraded":6,"win_rate":0.0,"timestamp":1611212354,"path_taken":["R","M","?","M","M","M","T","R","?","?","E","$","R","$","M","BOSS","R","M","?","M","?","?","T","R","E","?","M","$","?","$","M","BOSS","R","M","?","?","?","?","T","M","?","M","M","M","R","$","M","BOSS"],"items_purchased_type":["Relic","Card","Relic","Card","Potion","Relic","Card","Relic","Card","Card"],"build_version":"2020-12-22","purchased_purges":5,"victory":true,"max_hp_per_floor":[77,77,77,77,77,77,77,77,77,77,77,77,77,77,77,77,77,77,77,77,77,77,77,77,77,77,77,77,77,77,78,79,80,80,80,81,82,88,88,89,95,102,102,103,104,111,111,111,112,113],"card_choices":[{"not_picked":["bronze:BitShift","bronze:Overheat"],"picked":"bronze:Overload","floor":2.0},{"not_picked":["bronze:Fortify","bronze:Overheat"],"picked":"bronze:Branch","floor":4.0},{"not_picked":["bronze:DarkDash","bronze:ForLoop"],"picked":"bronze:WhirlingStrike","floor":5.0},{"not_picked":["bronze:Overheat","bronze:DarkDash"],"picked":"bronze:DelayedSlice","floor":6.0},{"not_picked":["bronze:OilSpill","bronze:Branch"],"picked":"bronze:Fortify","floor":10.0},{"not_picked":["bronze:Overload","bronze:FineTuning"],"picked":"bronze:Fortify","floor":11.0},{"not_picked":["bronze:BugBarrage","bronze:Overheat","bronze:Iterate"],"picked":"SKIP","floor":12.0},{"not_picked":["bronze:Repulsor","bronze:Frontload"],"picked":"bronze:HyperBeam","floor":14.0},{"not_picked":["bronze:DarkDash","bronze:OilSpill","bronze:Turbo"],"picked":"SKIP","floor":15.0},{"not_picked":["bronze:ThunderWave","bronze:Break"],"picked":"bronze:Verify","floor":16},{"not_picked":["bronze:BronzeOrb+1","bronze:CutThrough"],"picked":"bronze:Repair+1","floor":19},{"not_picked":["bronze:GetLatest","bronze:CutThrough"],"picked":"bronze:Fortify+1","floor":21},{"not_picked":["bronze:BuggyMess+1","bronze:WildBeam"],"picked":"bronze:Boost","floor":23},{"not_picked":["bronze:BugBarrage","bronze:FineTuning","bronze:BuggyMess"],"picked":"SKIP","floor":26},{"not_picked":["bronze:WhirlingStrike","bronze:CutThrough","bronze:ForceShield+1"],"picked":"SKIP","floor":28},{"not_picked":["bronze:NullPointer","bronze:Overheat","bronze:Backtrace"],"picked":"SKIP","floor":29},{"not_picked":["bronze:DelayedSlice","bronze:WhirlingStrike+1"],"picked":"bronze:CloningBeam","floor":31},{"not_picked":["bronze:ForceShield","bronze:Deprecate","bronze:Allocate"],"picked":"SKIP","floor":32},{"not_picked":["bronze:ThunderWave","bronze:Verify"],"picked":"bronze:AlphaBuild","floor":33},{"not_picked":["bronze:Shield","bronze:WildBeam"],"picked":"bronze:Iterate+1","floor":36},{"not_picked":["bronze:Overheat+1","bronze:WildBeam"],"picked":"bronze:Repair","floor":37},{"not_picked":["bronze:CloningBeam","bronze:BugBarrage"],"picked":"bronze:Deprecate+1","floor":40},{"not_picked":["bronze:BuggyMess+1","bronze:Backtrace","bronze:ChildClass+1","bronze:BitShift+1"],"picked":"SKIP","floor":42},{"not_picked":["bronze:WildBeam","bronze:Invalidate+1","bronze:FineTuning+1","bronze:BugBarrage"],"picked":"SKIP","floor":44},{"not_picked":["bronze:NullPointer+1","bronze:ChosenStrike+1","bronze:BugBarrage+1","bronze:WhirlingStrike"],"picked":"SKIP","floor":45},{"not_picked":["bronze:WhirlingStrike","bronze:Verify","bronze:NullPointer"],"picked":"bronze:Shield+1","floor":46},{"not_picked":["bronze:ChildClass","bronze:Deprecate","bronze:CutThrough+1"],"picked":"bronze:Branch","floor":49}],"player_experience":436867,"relics_obtained":[{"floor":7.0,"key":"Anchor"},{"floor":11.0,"key":"Letter Opener"},{"floor":24,"key":"Incense Burner"},{"floor":26,"key":"Darkstone Periapt"},{"floor":30,"key":"downfall:CloakOfManyFaces"},{"floor":37,"key":"StoneCalendar"},{"floor":41,"key":"Question Card"}],"event_choices":[{"damage_healed":0.0,"max_hp_gain":0.0,"max_hp_loss":0.0,"gold_gain":0.0,"event_name":"Scrap Ooze","player_choice":"Success","floor":3.0,"gold_loss":0.0,"damage_taken":7.0,"relics_obtained":["Vajra"]},{"damage_healed":0,"gold_gain":0,"player_choice":"Fight","damage_taken":0,"max_hp_gain":0,"max_hp_loss":0,"event_name":"Mysterious Sphere","floor":37,"gold_loss":0}],"is_beta":false,"boss_relics":[{"not_picked":["Black Star","bronze:MakeshiftBattery"],"picked":"Cursed Key"},{"not_picked":["Calling Bell","Busted Crown"],"picked":"bronze:PlatinumCore"}],"items_purged_floors":[10,12,29,31,48],"is_endless":false,"potions_floor_spawned":[4,6,11,15,16,19,21,23,32,37,44,46],"ascension_level":0}}