{"host":"fei72zsf460x1ouk","time":1611193798,"event":{"mods":["BaseMod","Colored Map","Colored Powertips","Downfall","Hermit","Highlight Path","Hubris","Minty Spire (QoL Compilation)","Quick Restart","StSLib","The Bug Knight","The Cursed","The Hierophant","The Servant 0.9.4"],"gold_per_floor":[110,110,124,124,144,164,164,164,164,179,214,227,227,152,152,152,152],"floor_reached":16,"language":"ENG","playtime":1045,"items_purged":["Strike_S"],"score":102,"play_id":"12dd7f6e-302e-4427-8562-cb3465f6d540","local_time":"20210121124958","is_ascension_mode":false,"campfire_choices":[{"floor":7,"key":"RECALL"},{"data":"Spin","floor":13,"key":"SMITH"},{"data":"Sunlight","floor":15,"key":"SMITH"}],"circlet_count":0,"master_deck":["Strike_S","Strike_S","Strike_S","Defend_S","Defend_S","Defend_S","Defend_S","KidneyShot","Exchange+1","ShatteredReality","Snipe","Spin+1","Comet+1","Sunlight+1","FanOfKnives","DoubleEdge"],"relics":["Uniform","NeowsBlessing","CultistMask","hubris:DeckOfHolding"],"acts_visited":["Exordium"],"potions_floor_usage":[16],"damage_taken":[{"damage":0,"enemies":"Small Slimes","floor":1,"turns":1},{"damage":0,"enemies":"Cultist","floor":3,"turns":1},{"damage":0,"enemies":"2 Louse","floor":5,"turns":1},{"damage":10,"enemies":"Gremlin Gang","floor":6,"turns":3},{"damage":7,"enemies":"Blue Slaver","floor":10,"turns":3},{"damage":4,"enemies":"3 Sentries","floor":11,"turns":2},{"damage":0,"enemies":"Lots of Slimes","floor":12,"turns":1},{"damage":40,"enemies":"Slime Boss","floor":16,"turns":7}],"seed_played":"6087598969209365803","potions_obtained":[{"floor":1,"key":"Slimebound:ThreeZeroPotion"},{"floor":10,"key":"SpeedPotion"},{"floor":11,"key":"hexamod:SoulburnPotion"}],"is_trial":false,"path_per_floor":["M","?","M","?","M","M","R","?","T","M","E","M","R","$","R","B"],"character_chosen":"THE_SERVANT","items_purchased":[],"campfire_rested":0,"item_purchase_floors":[],"current_hp_per_floor":[65,65,65,65,65,55,55,55,55,48,44,44,44,44,44,4,4],"gold":152,"neow_bonus":"THREE_ENEMY_KILL","is_daily":false,"chose_seed":false,"campfire_upgraded":2,"win_rate":0.0,"timestamp":1611193798,"path_taken":["M","?","?","?","?","M","R","?","T","M","E","?","R","$","R","BOSS"],"items_purchased_type":[],"build_version":"2020-12-22","purchased_purges":1,"victory":false,"max_hp_per_floor":[65,65,65,65,65,65,65,65,65,65,65,65,65,65,65,65,65],"card_choices":[{"not_picked":["Misdirection","Ricochet"],"picked":"ShatteredReality","floor":1},{"not_picked":["Alleviate","Spin"],"picked":"Snipe","floor":3},{"not_picked":["BottledTime","Collapse"],"picked":"Spin","floor":5},{"not_picked":["Read","Alleviate"],"picked":"Comet","floor":6},{"not_picked":["SilverBlades","Rewind"],"picked":"Sunlight","floor":10},{"not_picked":["Misdirection","Revamp"],"picked":"FanOfKnives","floor":11},{"not_picked":["Hightail","TimeWarp"],"picked":"DoubleEdge","floor":12}],"player_experience":165697,"relics_obtained":[{"floor":11,"key":"hubris:DeckOfHolding"}],"event_choices":[{"damage_healed":0,"gold_gain":0,"player_choice":"Trade","damage_taken":0,"relics_obtained":["CultistMask"],"max_hp_gain":0,"max_hp_loss":0,"event_name":"FaceTrader","floor":2,"gold_loss":0},{"damage_healed":0,"gold_gain":0,"player_choice":"Upgraded","damage_taken":0,"max_hp_gain":0,"max_hp_loss":0,"event_name":"Upgrade Shrine","floor":4,"gold_loss":0,"cards_upgraded":["Exchange"]},{"damage_healed":0,"gold_gain":0,"player_choice":"Forge","damage_taken":0,"max_hp_gain":0,"max_hp_loss":0,"event_name":"Accursed Blacksmith","floor":8,"gold_loss":0,"cards_upgraded":["Comet"]}],"is_beta":false,"boss_relics":[],"items_purged_floors":[14],"is_endless":false,"potions_floor_spawned":[1,10,11],"killed_by":"Slime Boss","ascension_level":0}}