{"host":"ibckqdmmf9y74ymf","time":1611229324,"event":{"mods":["2.2 Compatiblity","Ascension Unlocker","BaseMod","Colored Map","Curses Come First","Highlight Path","Minty Spire (QoL Compilation)","Quick Restart","Rare Cards Sparkle","Relic Stats","StSLib"],"gold_per_floor":[111,33,51,63,63,63,96,115,115,145,70,85,85,85,85,85,85],"floor_reached":16,"language":"ENG","playtime":644,"items_purged":["Strike_P"],"score":270,"play_id":"1f7941ab-6578-40c0-a88c-cfcb77aa75cf","local_time":"20210121124204","is_ascension_mode":true,"campfire_choices":[{"data":"CrushJoints","floor":6,"key":"SMITH"},{"floor":15,"key":"REST"}],"circlet_count":0,"master_deck":["AscendersBane","Strike_P","Strike_P","Strike_P","Defend_P","Defend_P","Defend_P","Defend_P","Eruption","Vigilance","CrushJoints+1","WheelKick","EmptyBody","FlyingSleeves","Tantrum","CutThroughFate","Wallop","ClearTheMind+1"],"relics":["PureWater","NeowsBlessing","White Beast Statue","Toxic Egg 2","Ginger","Golden Idol","Juzu Bracelet"],"acts_visited":["Exordium"],"potions_floor_usage":[8,12,16],"damage_taken":[{"damage":0,"enemies":"Cultist","floor":1,"turns":1},{"damage":0,"enemies":"2 Louse","floor":3,"turns":1},{"damage":0,"enemies":"Jaw Worm","floor":4,"turns":1},{"damage":33,"enemies":"3 Sentries","floor":7,"turns":15},{"damage":7,"enemies":"Exordium Thugs","floor":8,"turns":4},{"damage":0,"enemies":"Lagavulin","floor":10,"turns":4},{"damage":3,"enemies":"Gremlin Gang","floor":12,"turns":4},{"damage":32,"enemies":"The Guardian","floor":16,"turns":9}],"seed_played":"-4030648493397503383","potions_obtained":[{"floor":7,"key":"ColorlessPotion"},{"floor":8,"key":"SkillPotion"},{"floor":10,"key":"BottledMiracle"},{"floor":12,"key":"SneckoOil"}],"is_trial":false,"path_per_floor":["M","$","M","M","?","R","E","M","T","E","$","M","?","?","R","B"],"character_chosen":"WATCHER","items_purchased":["WheelKick"],"campfire_rested":1,"item_purchase_floors":[2],"current_hp_per_floor":[61,61,61,61,50,50,17,10,10,10,10,7,7,7,25,0,0],"gold":85,"neow_bonus":"THREE_ENEMY_KILL","is_daily":false,"chose_seed":false,"campfire_upgraded":1,"win_rate":0.0,"timestamp":1611229324,"path_taken":["M","$","?","M","?","R","E","M","T","E","$","M","?","?","R","BOSS"],"items_purchased_type":["Card"],"build_version":"2020-12-22","purchased_purges":1,"victory":false,"max_hp_per_floor":[68,68,68,68,68,68,68,68,68,68,68,68,62,62,62,62,62],"relic_stats":{"counters":[8,39],"Golden Idol":0,"Juzu Bracelet":0,"Ginger":[2],"obtain_stats":[{"NeowsBlessing":0,"Golden Idol":13,"Juzu Bracelet":14,"Ginger":10,"PureWater":0,"Toxic Egg 2":9,"White Beast Statue":5},{"NeowsBlessing":0,"Golden Idol":7,"Juzu Bracelet":7,"Ginger":6,"PureWater":0,"Toxic Egg 2":5,"White Beast Statue":3},{"NeowsBlessing":0,"Golden Idol":30,"Juzu Bracelet":30,"Ginger":26,"PureWater":0,"Toxic Egg 2":22,"White Beast Statue":3}]},"card_choices":[{"not_picked":["Prostrate","Evaluate"],"picked":"CrushJoints","floor":1},{"not_picked":["CrushJoints","PathToVictory"],"picked":"EmptyBody","floor":3},{"not_picked":["FollowUp","Protect"],"picked":"FlyingSleeves","floor":4},{"not_picked":["ClearTheMind","SignatureMove"],"picked":"Tantrum","floor":7},{"not_picked":["Sanctity","Crescendo"],"picked":"CutThroughFate","floor":8},{"not_picked":["EmptyFist","Nirvana"],"picked":"Wallop","floor":10},{"not_picked":["FlyingSleeves","MentalFortress"],"picked":"ClearTheMind+1","floor":12}],"player_experience":644942,"relics_obtained":[{"floor":9,"key":"Toxic Egg 2"},{"floor":10,"key":"Ginger"}],"event_choices":[{"damage_healed":0,"gold_gain":0,"player_choice":"Success","damage_taken":11,"relics_obtained":["White Beast Statue"],"max_hp_gain":0,"max_hp_loss":0,"event_name":"Scrap Ooze","floor":5,"gold_loss":0},{"damage_healed":0,"gold_gain":0,"player_choice":"Lose Max HP","damage_taken":0,"relics_obtained":["Golden Idol"],"max_hp_gain":0,"max_hp_loss":6,"event_name":"Golden Idol","floor":13,"gold_loss":0},{"damage_healed":0,"gold_gain":0,"player_choice":"Gave Potion","damage_taken":0,"relics_obtained":["Juzu Bracelet"],"max_hp_gain":0,"max_hp_loss":0,"event_name":"WeMeetAgain","floor":14,"gold_loss":0}],"is_beta":false,"boss_relics":[],"items_purged_floors":[11],"is_endless":false,"potions_floor_spawned":[7,8,10,12],"killed_by":"The Guardian","ascension_level":20}}