{"host":"ydg0vn0pu4pubmdt","time":1611189741,"event":{"mods":["AchievementEnabler","BaseMod","Colored Map","Gold Saver","Minty Spire (QoL Compilation)","Quick Restart","SuperFastMode"],"gold_per_floor":[110,35,35,48,48,82,82,97,97,97,109,109,109,34,34,34,34],"floor_reached":16,"language":"KOR","playtime":310,"items_purged":["Defend_G"],"score":240,"play_id":"0865457c-6ffd-4fc1-9e53-eef0f9c0fa02","local_time":"20210121094221","is_ascension_mode":true,"campfire_choices":[{"data":"Tactician","floor":7,"key":"SMITH"},{"data":"Blade Dance","floor":10,"key":"SMITH"},{"data":"Dagger Spray","floor":12,"key":"SMITH"},{"data":"Neutralize","floor":15,"key":"SMITH"}],"circlet_count":0,"master_deck":["AscendersBane","Strike_G","Strike_G","Strike_G","Strike_G","Defend_G","Defend_G","Defend_G","Defend_G","Survivor","Neutralize+1","Tactician+1","Acrobatics","Backflip","Blade Dance+1","Dagger Spray+1"],"relics":["Ring of the Snake","NeowsBlessing","Gambling Chip","StrikeDummy"],"acts_visited":["Exordium"],"potions_floor_usage":[11,16],"damage_taken":[{"damage":0,"enemies":"2 Louse","floor":1,"turns":1},{"damage":0,"enemies":"Cultist","floor":4,"turns":1},{"damage":0,"enemies":"3 Sentries","floor":6,"turns":2},{"damage":1,"enemies":"Small Slimes","floor":8,"turns":4},{"damage":7,"enemies":"Exordium Wildlife","floor":11,"turns":5},{"damage":54,"enemies":"Slime Boss","floor":16,"turns":11}],"seed_played":"-3355097969082026720","potions_obtained":[{"floor":1,"key":"CunningPotion"},{"floor":6,"key":"Energy Potion"}],"is_trial":false,"path_per_floor":["M","?","?","M","$","E","R","M","T","R","M","R","?","$","R","B"],"character_chosen":"THE_SILENT","items_purchased":[],"campfire_rested":0,"item_purchase_floors":[],"current_hp_per_floor":[59,59,59,59,59,59,59,58,58,58,51,51,51,51,51,0,0],"gold":34,"neow_bonus":"THREE_ENEMY_KILL","is_daily":false,"chose_seed":false,"campfire_upgraded":4,"win_rate":0.0,"timestamp":1611189741,"path_taken":["M","?","?","M","$","E","R","M","T","R","?","R","?","$","R","BOSS"],"items_purchased_type":[],"build_version":"2020-12-22","purchased_purges":1,"victory":false,"max_hp_per_floor":[66,66,66,66,66,66,66,66,66,66,66,66,66,66,66,66,66],"card_choices":[{"not_picked":["Masterful Stab","Backstab"],"picked":"Tactician","floor":1},{"not_picked":["PiercingWail","Slice"],"picked":"Acrobatics","floor":4},{"not_picked":["Dodge and Roll","Noxious Fumes"],"picked":"Backflip","floor":6},{"not_picked":["PiercingWail","Underhanded Strike"],"picked":"Blade Dance","floor":8},{"not_picked":["Dodge and Roll","Sucker Punch"],"picked":"Dagger Spray","floor":11}],"player_experience":513069,"relics_obtained":[{"floor":6,"key":"Gambling Chip"},{"floor":9,"key":"StrikeDummy"}],"event_choices":[{"cards_removed":["Strike_G"],"damage_healed":0,"gold_gain":0,"player_choice":"Card Removal","damage_taken":0,"max_hp_gain":0,"max_hp_loss":0,"event_name":"The Cleric","floor":2,"gold_loss":75},{"damage_healed":0,"gold_gain":0,"player_choice":"Cursed","damage_taken":0,"max_hp_gain":0,"max_hp_loss":0,"event_name":"Wheel of Change","floor":3,"gold_loss":0,"cards_obtained":["Decay"]},{"cards_removed":["Decay"],"damage_healed":0,"gold_gain":0,"player_choice":"Forget","damage_taken":0,"max_hp_gain":0,"max_hp_loss":0,"event_name":"Living Wall","floor":13,"gold_loss":0}],"is_beta":false,"boss_relics":[],"items_purged_floors":[14],"is_endless":false,"potions_floor_spawned":[1,6],"killed_by":"Slime Boss","ascension_level":19}}