{"host":"lmmgqfiugkm2e64w","time":1611205644,"event":{"mods":["ATMod(°¢èªMod)","Aspiration","BaseMod","BetterRewards","Challenge The Spire","Conspire","Friendly Minions","Marisa£¨ìFÓê¡¡Ä§ÀíÉ³£©","Minty Spire (QoL Compilation)","MostiFishMod","Quick Restart","Remilia£¨ÀÙÃ×ÀòÑÇ£©","Replay The Spire","RumiaBox-Â¶Ã×æ«µÄÉñÃØºÐ×Ó","Shop Mod","StSLib","Td1madao Mod","TestMod","The Servant 0.9.4","Youmu£¨»êÆÇÑýÃÎ£©","Yuyuko","[IsaacMod]ÒÔÈö¼âËþ","vexMod","¡¾ÒÅÎï¿¨ÅÆ¡¿REMEMod","óô»ðÖ¸ÄÏ"],"gold_per_floor":[117,117,136,164,339,1,17,17],"floor_reached":7,"language":"ZHS","playtime":345,"items_purged":[],"score":68,"play_id":"182de517-2242-43ff-a721-2c9c64dc4eb7","local_time":"20210121130724","is_ascension_mode":true,"campfire_choices":[],"circlet_count":0,"master_deck":["AscendersBane","Strike_R","Strike_R","Strike_R","Strike_R","Strike_R","Defend_R","Defend_R","Defend_R","Defend_R","Bash","AT_DiedThrough","Perfected Strike","Fiend Fire","Twin Strike","Doubt"],"relics":["Burning Blood","AT_ATBox","DaveBox","testmod-TestBox","HushsDoor","REME_ComplimentaryCards","GuppysPaw","testmod-Brilliant","White Beast Statue","MerchantsRug","AT_BellDemon","AT_SpeedBoots","Coronal","D6","Replay:Bandana","SynthV:TestCard","conspire:BottledYoYo","conspire:TopHat","Toy Ornithopter","MealTicket","AT_ForceNature"],"acts_visited":["Exordium"],"potions_floor_usage":[],"damage_taken":[{"damage":1,"enemies":"Jaw Worm","floor":1,"turns":2},{"damage":11,"enemies":"conspire:RoseBush","floor":3,"turns":2},{"damage":0,"enemies":"Cultist","floor":4,"turns":2},{"damage":85,"enemies":"3 Sentries","floor":7,"turns":6}],"seed_played":"8820680866090008572","potions_obtained":[{"floor":1,"key":"Explosive Potion"},{"floor":3,"key":"PowerPotion"},{"floor":4,"key":"FairyPotion"}],"is_trial":false,"path_per_floor":["M","$","M","M","?","R","E"],"character_chosen":"IRONCLAD","items_purchased":["MerchantsRug","AT_BellDemon","AT_SpeedBoots","aspiration:Nostalgia","MealTicket","AT_ForceNature"],"campfire_rested":0,"item_purchase_floors":[0,0,0,0,6,6],"current_hp_per_floor":[41,41,36,42,42,42,0,0],"gold":17,"neow_bonus":"","is_daily":false,"chose_seed":false,"campfire_upgraded":0,"win_rate":0.0,"timestamp":1611205644,"path_taken":["M","$","M","M","?","R","E"],"items_purchased_type":["Relic","Relic","Relic","Relic","Relic","Relic"],"build_version":"2020-12-22","purchased_purges":0,"victory":false,"max_hp_per_floor":[80,80,80,80,80,80,80,80],"card_choices":[{"not_picked":[],"picked":"ChaosCard","floor":0},{"not_picked":["Warcry","Anger"],"picked":"Perfected Strike","floor":1},{"not_picked":["AT_IchimonjiDouble","Headbutt","AT_DiedThrough","Cleave"],"picked":"Fiend Fire","floor":3},{"not_picked":["Havoc","Wild Strike","Flex","Clothesline"],"picked":"Twin Strike","floor":4}],"player_experience":565053,"relics_obtained":[{"floor":1,"key":"SynthV:TestCard"},{"floor":1,"key":"conspire:BottledYoYo"},{"floor":3,"key":"conspire:TopHat"},{"floor":4,"key":"Toy Ornithopter"}],"event_choices":[{"damage_healed":0,"gold_gain":175,"player_choice":"AGREE","damage_taken":0,"max_hp_gain":0,"max_hp_loss":0,"event_name":"Liars Game","floor":5,"gold_loss":0,"cards_obtained":["Doubt"]}],"is_beta":false,"boss_relics":[],"items_purged_floors":[],"is_endless":false,"potions_floor_spawned":[1,3,4],"killed_by":"3 Sentries","ascension_level":13}}