{"host":"7fomwthvpaeu368e","time":1611245109,"event":{"mods":["ATMod(∞¢Ë™Mod)","AchievementEnabler","Act Like it!","Arknights The Spire","Aspiration","Astrologer","BaseMod","Downfall","Gensokyo","Highlight Path","KinomotoSakuraMod(ƒæ÷Æ±æ”£)","KomeijiMod","Marisa£®ÏF”Í°°ƒß¿Ì…≥£©","Marked Mod","Minty Spire (QoL Compilation)","Remilia£®¿Ÿ√◊¿Ú—«£©","Shop Mod","Spicy Shops","StSLib","The Administrix","The Alterego","The Bug Knight","The Cursed","The Gatherer","The Hierophant","The Mystic","The Runesmith","The Servant 0.9.4","WarShipGirlsR/’ΩΩ¢…Ÿ≈ÆR mod","Youmu£®ªÍ∆«—˝√Œ£©","Yuri Mod","[IsaacMod]“‘»ˆº‚À˛"],"gold_per_floor":[118,142,157,174,184,219,64,64,132,132,166,183,183,183,183,288,288,302,217,217,231,244,244,272,352,352,387,64,85,85,99,99,216,216,236,271,10,0,0,0,48,48,48,80,96,96,114,140,140,161],"floor_reached":51,"language":"ZHS","playtime":3654,"items_purged":["Defend_P"],"score":730,"play_id":"b8705b71-56a4-4a2c-90ac-01b93b6ca853","local_time":"20210122000509","is_ascension_mode":false,"campfire_choices":[{"data":"AT_LightSaberMaster","floor":8.0,"key":"SMITH"},{"data":"Eruption","floor":10.0,"key":"SMITH"},{"floor":13.0,"key":"REST"},{"floor":15.0,"key":"REST"},{"data":"AT_BodySlamDance","floor":23.0,"key":"SMITH"},{"floor":30.0,"key":"REST"},{"floor":32.0,"key":"REST"},{"data":"AT_EmpoweredMortalDraw","floor":40.0,"key":"SMITH"},{"floor":46,"key":"REST"},{"data":"Crescendo","floor":49,"key":"SMITH"}],"circlet_count":0,"master_deck":["Defend_P+1","Defend_P+1","Eruption+1","Vigilance","AT_BodySlamDance+1","AT_LightSaberMaster+1","JustLucky","BowlingBash","AT_ChampionStep","Evaluate","Backstab","Dagger Throw","All Out Attack","CutThroughFate","AT_DivineConfetti+1","Tantrum","Crescendo+1","Halt","AT_OneInchPunch","AT_EmpoweredMortalDraw+1","FlyingSleeves+1","Scrawl","ClearTheMind","AT_OneInchPunch","Master of Strategy","FollowUp+1","Consecrate+1","Wallop+1"],"relics":["PureWater","AT_ATBox","HushsDoor","GuppysHead","War Paint","DeathBook","AT_RedNoBalance","WingedGreaves","SacredBark","Kunai","alterego_mod:SomeoneToFightFor","Potion Belt","Bottled Flame","HollowMod:PaleOreRelic","GnawedLeaf","SalivaCoin","Empty Cage","Red Mask","Question Card","Leech","Oddly Smooth Stone"],"acts_visited":["Exordium","TheCity","TheBeyond"],"potions_floor_usage":[44,44,48,50],"damage_taken":[{"damage":2.0,"enemies":"Cultist","floor":1.0,"turns":4.0},{"damage":1.0,"enemies":"2 Louse","floor":3.0,"turns":3.0},{"damage":0.0,"enemies":"Small Slimes","floor":4.0,"turns":3.0},{"damage":0.0,"enemies":"2 Fungi Beasts","floor":5.0,"turns":3.0},{"damage":11.0,"enemies":"HollowMod:MossKnight","floor":6.0,"turns":6.0},{"damage":9.0,"enemies":"Gremlin Nob","floor":11.0,"turns":3.0},{"damage":12.0,"enemies":"Exordium Thugs","floor":12.0,"turns":4.0},{"damage":10.0,"enemies":"Hexaghost","floor":16.0,"turns":4.0},{"damage":0.0,"enemies":"Shell Parasite","floor":18.0,"turns":2.0},{"damage":0.0,"enemies":"Centurion and Healer","floor":21.0,"turns":1.0},{"damage":22.0,"enemies":"3 Cultists","floor":22.0,"turns":5.0},{"damage":7.0,"enemies":"Book of Stabbing","floor":24.0,"turns":3.0},{"damage":10.0,"enemies":"Hiden Room Battle","floor":25.0,"turns":3.0},{"damage":0.0,"enemies":"HollowMod:Nosk","floor":27.0,"turns":1.0},{"damage":24.0,"enemies":"Shelled Parasite and Fungi","floor":29.0,"turns":2.0},{"damage":0.0,"enemies":"Centurion and Healer","floor":31.0,"turns":2.0},{"damage":39.0,"enemies":"Champ","floor":33.0,"turns":5.0},{"damage":0.0,"enemies":"3 Darklings","floor":35.0,"turns":1.0},{"damage":21.0,"enemies":"3 Shapes","floor":36.0,"turns":4.0},{"damage":6.0,"enemies":"Giant Head","floor":41.0,"turns":5.0},{"damage":42,"enemies":"Nemesis","floor":44,"turns":3},{"damage":0,"enemies":"Jaw Worm Horde","floor":45,"turns":2},{"damage":0,"enemies":"4 Shapes","floor":47,"turns":1},{"damage":5,"enemies":"Jaw Worm Horde","floor":48,"turns":2},{"damage":33,"enemies":"Time Eater","floor":50,"turns":4}],"seed_played":"6272831189198449926","potions_obtained":[{"floor":3.0,"key":"Fire Potion"},{"floor":4.0,"key":"champ:CounterPotion"},{"floor":11.0,"key":"AttackPotion"},{"floor":18.0,"key":"SpeedPotion"},{"floor":24.0,"key":"StancePotion"},{"floor":25.0,"key":"AttackPotion"},{"floor":27.0,"key":"Strength Potion"},{"floor":29.0,"key":"Ancient Potion"},{"floor":31.0,"key":"SkillPotion"},{"floor":36.0,"key":"champ:CounterPotion"},{"floor":41.0,"key":"SkillPotion"},{"floor":44,"key":"DistilledChaos"},{"floor":48,"key":"Ancient Potion"}],"is_trial":false,"path_per_floor":["M","T","M","M","M","E","$","R","T","R","E","M","R","?","R","B",null,"M","?","?","M","M","R","E","?","T","E","$","M","R","M","R","B",null,"M","M","$","?","?","R","E","?","T","E","M","R","M","M","R","B",null],"character_chosen":"WATCHER","items_purchased":["AT_ChampionStep","AT_OneInchPunch","AT_EmpoweredMortalDraw","Master of Strategy","LiquidMemories"],"campfire_rested":5,"item_purchase_floors":[7,28,28,37,37],"current_hp_per_floor":[70,70,69,69,69,58,58,58,58,58,27,24,45,45,66,26,72,72,72,72,72,50,50,43,33,33,33,33,9,30,30,51,12,72,72,51,51,51,51,51,45,60,60,20,21,42,70,66,66,37],"gold":161,"neow_bonus":"RANDOM_COLORLESS","is_daily":false,"chose_seed":false,"campfire_upgraded":5,"win_rate":0.0,"timestamp":1611245109,"path_taken":["M","?","M","?","M","E","$","R","T","R","E","M","R","?","R","BOSS","M","?","?","?","M","R","E","?","T","E","$","M","R","?","R","BOSS","M","M","$","?","?","R","E","?","T","E","M","R","M","M","R","BOSS"],"items_purchased_type":["Card","Card","Card","Card","Potion"],"build_version":"2020-12-22","purchased_purges":1,"victory":true,"max_hp_per_floor":[72,72,72,72,72,72,72,72,72,72,72,72,72,72,72,72,72,72,72,72,72,72,72,72,72,72,72,72,72,72,72,72,72,72,72,72,72,72,72,72,72,72,72,72,72,72,72,72,72,72],"card_choices":[{"not_picked":["Jack Of All Trades","AT_CelerityRune"],"picked":"AT_LightSaberMaster","floor":0.0},{"not_picked":["Indignation","Protect"],"picked":"Bomb","floor":1.0},{"not_picked":["MarkedMod:GentlePulse","SashWhip","FlurryOfBlows"],"picked":"SKIP","floor":3.0},{"not_picked":["Protect","ThirdEye"],"picked":"JustLucky","floor":4.0},{"not_picked":["Perseverance","FlyingSleeves"],"picked":"BowlingBash","floor":5.0},{"not_picked":["MarkedMod:GracefulMovements","Adaptation","AT_RealColorLess"],"picked":"SKIP","floor":6.0},{"not_picked":["Worship","SignatureMove"],"picked":"Evaluate","floor":11.0},{"not_picked":["CrushJoints","AT_RealFormLess","JustLucky"],"picked":"SKIP","floor":12.0},{"not_picked":["Study","PathToVictory"],"picked":"CutThroughFate","floor":18.0},{"not_picked":["PathToVictory","MarkedMod:PinPointDefense+1","MarkedMod:FirstStrike+1"],"picked":"SKIP","floor":21.0},{"not_picked":["MarkedMod:OneThousandNeedles+1","MarkedMod:Acupuncture+1"],"picked":"AT_DivineConfetti+1","floor":22.0},{"not_picked":["ThirdEye","MarkedMod:SlowDance"],"picked":"Tantrum","floor":24.0},{"not_picked":["MarkedMod:GracefulMovements","MarkedMod:Acupuncture"],"picked":"Crescendo","floor":25.0},{"not_picked":["MarkedMod:GentlePulse","AT_RealFormLess+1"],"picked":"Halt","floor":27.0},{"not_picked":["PathToVictory+1","CutThroughFate","Swivel+1"],"picked":"SKIP","floor":29.0},{"not_picked":["PathToVictory+1","SashWhip"],"picked":"FlyingSleeves+1","floor":31.0},{"not_picked":["AT_MachinaRedman","Devotion"],"picked":"Scrawl","floor":33.0},{"not_picked":["EmptyBody+1","MarkedMod:Acupuncture"],"picked":"ClearTheMind","floor":35.0},{"not_picked":["Swivel","SashWhip"],"picked":"AT_OneInchPunch","floor":36.0},{"not_picked":["SashWhip+1","MarkedMod:FirstStrike"],"picked":"FollowUp+1","floor":41.0},{"not_picked":["Vault","SignatureMove","EmptyBody","Evaluate"],"picked":"SKIP","floor":44},{"not_picked":["FlurryOfBlows","PathToVictory+1","Vengeance+1"],"picked":"Consecrate+1","floor":45},{"not_picked":["JustLucky","Sanctity","AT_DivineConfetti"],"picked":"Wallop+1","floor":47},{"not_picked":["CrushJoints","CutThroughFate+1","MarkedMod:FirstStrike+1","EmptyFist"],"picked":"SKIP","floor":48}],"player_experience":39126,"relics_obtained":[{"floor":2.0,"key":"War Paint"},{"floor":6.0,"key":"DeathBook"},{"floor":9.0,"key":"AT_SilverBalance"},{"floor":11.0,"key":"WingedGreaves"},{"floor":24.0,"key":"Potion Belt"},{"floor":25.0,"key":"Bottled Flame"},{"floor":25.0,"key":"HollowMod:PaleOreRelic"},{"floor":26.0,"key":"GnawedLeaf"},{"floor":27.0,"key":"SalivaCoin"},{"floor":41.0,"key":"Question Card"},{"floor":43.0,"key":"Leech"},{"floor":44,"key":"Oddly Smooth Stone"}],"event_choices":[{"damage_healed":0.0,"max_hp_gain":0.0,"max_hp_loss":0.0,"gold_gain":0.0,"event_name":"Addict","player_choice":"Obtained Relic","floor":19.0,"gold_loss":85.0,"damage_taken":0.0,"relics_obtained":["Kunai"]},{"damage_healed":0.0,"max_hp_gain":0.0,"max_hp_loss":0.0,"gold_gain":0.0,"event_name":"∞Æµƒ…Ò •ª®‘∞","player_choice":"Choice 2","floor":20.0,"gold_loss":0.0,"damage_taken":0.0,"relics_obtained":["alterego_mod:SomeoneToFightFor"]},{"damage_healed":0.0,"max_hp_gain":0.0,"max_hp_loss":0.0,"gold_gain":0.0,"event_name":"HidenRoomEvent","player_choice":"Fight","floor":25.0,"gold_loss":0.0,"damage_taken":0.0},{"damage_healed":0.0,"max_hp_gain":0.0,"max_hp_loss":0.0,"gold_gain":0.0,"event_name":"Tomb of Lord Red Mask","player_choice":"Paid","floor":38.0,"gold_loss":10.0,"damage_taken":0.0,"relics_obtained":["Red Mask"]}],"is_beta":false,"boss_relics":[{"not_picked":["Snecko Eye","Fusion Hammer"],"picked":"SacredBark"},{"not_picked":[]},{"not_picked":["VioletLotus","aspiration:RunicSpoon"],"picked":"Empty Cage"},{"not_picked":[]}],"items_purged_floors":[7],"is_endless":false,"potions_floor_spawned":[3,4,11,18,24,25,27,29,31,36,41,44,48],"ascension_level":0}}