{"host":"6drv1qzpbnls60z2","time":1611235650,"event":{"mods":["ATMod(°¢èªMod)","Act Like it!","Arknights The Spire","BaseMod","Hallownest","Minty Spire (QoL Compilation)","Reimu£¨²©ÀöÁéÃÎ£©","Replay The Spire","Shop Mod","Spicy Shops","StSLib","Uncapped","Warlord Emblem","¡¾ÒÅÎï¿¨ÅÆ¡¿REMEMod","²ÐÁôÖ®Îï","óô»ðÖ¸ÄÏ"],"gold_per_floor":[110,110,128,40,51,62,79,79,105,105,132,150,175,115,115,189,189,207,207],"floor_reached":18,"language":"ZHS","playtime":1388,"items_purged":[],"score":328,"play_id":"7529a008-cf3d-4c43-9a01-051552585596","local_time":"20210121212730","is_ascension_mode":true,"campfire_choices":[{"data":"Chaos","floor":8,"key":"SMITH"},{"data":"InherentArray:ReiMu","floor":10,"key":"SMITH"},{"data":"Capacitor","floor":15,"key":"SMITH"}],"circlet_count":0,"master_deck":["AscendersBane","Strike_B","Strike_B","Strike_B","Strike_B","Defend_B","Defend_B","Defend_B","Defend_B","Zap","Cold Snap","Darkness","Chaos+1","AT_Dispersion+1","REME_TheLastStrike","InherentArray:ReiMu+1","SubAcupoint:ReiMu","AT_StudyProgram","Cold Snap","Heatsinks","Pot Of Greed","Pot Of Greed","Stack","Capacitor+1","Determination:ReiMu","Gathering:ReiMu","Pot Of Greed"],"relics":["WarlordEmblem:SoulOfKael","AT_ATBox","REME_ComplimentaryCards","Grinning Jar","Vajra","Strawberry","PaintedHorse:ReiMu"],"acts_visited":["Exordium","TheCity"],"potions_floor_usage":[],"damage_taken":[{"damage":11,"enemies":"2 Louse","floor":1,"turns":3},{"damage":3,"enemies":"Cultist","floor":3,"turns":4},{"damage":9,"enemies":"Small Slimes","floor":5,"turns":3},{"damage":10,"enemies":"2 Fungi Beasts","floor":6,"turns":4},{"damage":2,"enemies":"Large Slime","floor":7,"turns":6},{"damage":19,"enemies":"3 Louse","floor":12,"turns":3},{"damage":13,"enemies":"Replay:BlueRogue","floor":13,"turns":6},{"damage":27,"enemies":"Slime Boss","floor":16,"turns":11},{"damage":0,"enemies":"Chosen","floor":18,"turns":5}],"seed_played":"6490395643327218243","potions_obtained":[{"floor":1,"key":"FairyPotion"},{"floor":6,"key":"BlessingOfTheForge"},{"floor":18,"key":"DuplicationPotion"}],"is_trial":true,"path_per_floor":["M","?","M","$","M","M","M","R","T","R","T","M","E","?","R","B",null,"M"],"character_chosen":"Kael","items_purchased":["AT_StudyProgram"],"campfire_rested":0,"item_purchase_floors":[4],"current_hp_per_floor":[53,53,50,50,41,31,29,29,29,29,29,10,28,28,28,1,59,59,59],"gold":207,"neow_bonus":"","is_daily":false,"chose_seed":false,"campfire_upgraded":3,"win_rate":0.0,"timestamp":1611235650,"path_taken":["M","?","M","$","M","?","M","R","T","R","?","M","E","?","R","BOSS","M"],"items_purchased_type":["Card"],"build_version":"2020-12-22","purchased_purges":0,"victory":false,"max_hp_per_floor":[71,71,71,71,71,71,71,71,71,71,71,71,78,78,78,78,78,78,78],"card_choices":[{"not_picked":["Sweeping Beam","TightArray:ReiMu"],"picked":"InherentArray:ReiMu","floor":1},{"not_picked":["PassingAway:ReiMu","Double Energy"],"picked":"SubAcupoint:ReiMu","floor":3},{"not_picked":["Scrape","SpreadBorder2:ReiMu","SpiritualOutbreak2:ReiMu"],"picked":"SKIP","floor":5},{"not_picked":["Consume","Ball Lightning"],"picked":"Cold Snap","floor":6},{"not_picked":["Reinforced Body","CeremonyResonance:ReiMu"],"picked":"Heatsinks","floor":7},{"not_picked":["Revelation:ReiMu","OrbThrow:ReiMu"],"picked":"Stack","floor":12},{"not_picked":["SubcavityInstant:ReiMu","AT_StudyProgram"],"picked":"Capacitor","floor":13},{"not_picked":["Thunder Strike","CeremonyResonance:ReiMu"],"picked":"Determination:ReiMu","floor":16},{"not_picked":["Auto Shields","ReplayGash"],"picked":"Gathering:ReiMu","floor":18}],"player_experience":98110,"relics_obtained":[{"floor":9,"key":"Grinning Jar"},{"floor":11,"key":"Vajra"},{"floor":13,"key":"Strawberry"}],"event_choices":[{"damage_healed":0,"gold_gain":0,"player_choice":"Forge","damage_taken":0,"max_hp_gain":0,"max_hp_loss":0,"event_name":"Accursed Blacksmith","floor":2,"gold_loss":0,"cards_upgraded":["AT_Dispersion"]},{"damage_healed":0,"gold_gain":0,"player_choice":"ÈûÇ®","damage_taken":0,"relics_obtained":["PaintedHorse:ReiMu"],"max_hp_gain":0,"max_hp_loss":0,"event_name":"yidonshenshe","floor":14,"gold_loss":60}],"is_beta":false,"boss_relics":[{"not_picked":["Abe\u0027s Treasure","Empty Cage","Replay:Drink Me"]}],"items_purged_floors":[],"is_endless":true,"potions_floor_spawned":[1,6,7,12,18],"killed_by":"Chosen","ascension_level":20}}