{"host":"w8xisjf5mgmfjvmt","time":1611216389,"event":{"mods":["BaseMod","BetterRewards","Challenge The Spire","Conspire","Dota2Spire","Energized Spire","Filter the Spire","Luminous","Minty Spire (QoL Compilation)","Quarter Circle Forward PUNCH!","Quick Restart","Relic Stats","Replay The Spire","Shop Mod","Spicy Shops","StSLib","Starting Relic: Pandora\u0027s Box","Yakumo Yukari mod","Youmu£¨»êÆÇÑýÃÎ£©","¡¾ÒÅÎï¿¨ÅÆ¡¿REMEMod","óô»ðÖ¸ÄÏ"],"gold_per_floor":[114,114,15,15,28,61,84,103,127,77,118,141,141,160,160,279,279,297,322,682,696,696,735,812,284,308,420,420,420,462,462,505,578,247,412,424,470,1481,1532,1544,1103,954,979,611,611,631,236,285,210,239,239,263,263,263,34,86,107],"floor_reached":58,"language":"ZHS","playtime":2858,"items_purged":["Regret","Luminous:Blinding_Pillar_Luminous","Luminous:Accumulation_Luminous","Luminous:Switch_Luminous","Normality","Normality","Writhe","Luminous:Dark_Raid","Luminous:Reverse_Spell_Luminous"],"score":1332,"play_id":"0080e255-f5eb-4db7-a7b2-d6a379ed50cb","local_time":"20210121160629","is_ascension_mode":false,"campfire_choices":[{"data":"Luminous:Light_Track","floor":13.0,"key":"SMITH"},{"floor":15.0,"key":"DIG"},{"floor":31,"key":"REST"},{"floor":51,"key":"RECALL"},{"data":"Apotheosis","floor":54,"key":"SMITH"}],"circlet_count":0,"master_deck":["Luminous:Accumulation_Luminous","Luminous:Light_Disperse","Luminous:Light_Track+1","Luminous:Light_Track","Luminous:Tune_Luminous","Luminous:Light_Gather","Luminous:Light_Track","Luminous:Dark_Pressure_Void","Luminous:Light_Gather","Luminous:Photic_Meditation_Luminous","Luminous:Dark_Extract","Luminous:Hero_Will_Luminous","Luminous:Dark_Raid","Luminous:Light_Ray_of_Redemption","Luminous:Balance_Death_Scythe+1","Luminous:Equalize_Luminous","Luminous:Balance_Aether_Conduit+1","Luminous:Concentrate_Luminous","Luminous:Chase_Spell_Luminous","Luminous:Mana_Well_Luminous+1","Luminous:Light_Track","Luminous:Darkness_Mastery_Luminous+1","Luminous:Ethereal_Form_Luminous","Luminous:Light_Track","Jack Of All Trades","Apotheosis+1","Luminous:Erosion_Luminous+1","Luminous:Light_Glare","Luminous:Lunar_Tide_Luminous","REME_Flogging","Luminous:Lania_Blessing_Luminous+1","Luminous:Arcane_Rage_Luminous","Luminous:Shadow_Shell_Luminous","Luminous:Phantom_Treasure_Luminous"],"relics":["Luminous:MirrorRelic","REME_ComplimentaryCards","Pocketwatch","Gremlin Food","Golden Idol","qcfpunch:Army_Boots","Dota2Spire:ArmletOfMordiggian","Art of War","Torii","REME_LowDesire","Replay:Mystery Machine","Strawberry","REME_ArchaeologicalTools","Mirror","Membership Card","Dota2Spire:PhaseBoots","Dota2Spire:AghanimScepter","Dota2Spire:BattleFury","Anchor","Bronze Scales","TungstenRod","MawBank","Sozu","Guide Book","conspire:Boomerang","Toy Ornithopter","Dota2Spire:ShadowBlade","Shuriken","qcfpunch:Broken_Tusk","Iron Hammer","Dota2Spire:LinkenSphere","ReplayFunnel","Du-Vu Doll","Medical Kit","qcfpunch:Wrestler\u0027s_Cloak","ClockworkSouvenir","Happy Flower","conspire:GlowingRock"],"acts_visited":["Exordium","TheCity","TheBeyond","TheEnding"],"potions_floor_usage":[35],"damage_taken":[{"damage":0.0,"enemies":"Cultist","floor":1.0,"turns":2.0},{"damage":0.0,"enemies":"Jaw Worm","floor":5.0,"turns":2.0},{"damage":3.0,"enemies":"Lagavulin","floor":6.0,"turns":6.0},{"damage":4.0,"enemies":"2 Louse","floor":7.0,"turns":2.0},{"damage":12.0,"enemies":"Large Slime","floor":8.0,"turns":6.0},{"damage":16.0,"enemies":"3 Sentries","floor":11.0,"turns":7.0},{"damage":11.0,"enemies":"Lots of Slimes","floor":12.0,"turns":4.0},{"damage":6.0,"enemies":"Looter","floor":14.0,"turns":2.0},{"damage":9.0,"enemies":"The Guardian","floor":16.0,"turns":10.0},{"damage":8.0,"enemies":"Shell Parasite","floor":18.0,"turns":4.0},{"damage":2.0,"enemies":"Chosen","floor":19.0,"turns":4.0},{"damage":17.0,"enemies":"Shelled Parasite and Fungi","floor":21.0,"turns":6.0},{"damage":0.0,"enemies":"Replay:Snechameleon","floor":23.0,"turns":5.0},{"damage":14.0,"enemies":"REME_1_Revenger","floor":27.0,"turns":4.0},{"damage":1,"enemies":"Sentry and Sphere","floor":30,"turns":3},{"damage":0,"enemies":"Snecko","floor":32,"turns":3},{"damage":0,"enemies":"Gremlin Leader","floor":33,"turns":6},{"damage":0,"enemies":"Collector","floor":35,"turns":6},{"damage":6,"enemies":"3 Shapes","floor":37,"turns":3},{"damage":0,"enemies":"Orb Walker","floor":39,"turns":3},{"damage":0,"enemies":"3 Darklings","floor":43,"turns":2},{"damage":11,"enemies":"Spire Growth","floor":46,"turns":3},{"damage":0,"enemies":"Reptomancer","floor":48,"turns":5},{"damage":0,"enemies":"Jaw Worm Horde","floor":50,"turns":3},{"damage":0,"enemies":"Replay:Hell Engine","floor":52,"turns":8},{"damage":0,"enemies":"Shield and Spear","floor":56,"turns":5},{"damage":0,"enemies":"The Heart","floor":57,"turns":7}],"seed_played":"-172786944861403671","potions_obtained":[{"floor":6.0,"key":"SteroidPotion"},{"floor":12.0,"key":"Venom Potion"},{"floor":16.0,"key":"Energy Potion"},{"floor":21.0,"key":"Explosive Potion"}],"is_trial":false,"path_per_floor":["M","?","$","?","M","E","M","M","T","?","E","M","R","M","R","B",null,"M","M","?","M","?","E","T","R","T","E","PTL","PTL","M","R","M","E","R","B",null,"M","?","M","?","$","R","M","$","T","M","$","E","R","M","R","B",null,"R","$","E","B",null],"character_chosen":"LuminousClass","items_purchased":["Luminous:Dark_Pressure_Void","Membership Card","Dota2Spire:PhaseBoots","Dota2Spire:AghanimScepter","Dota2Spire:BattleFury","TungstenRod","MawBank","Guide Book","conspire:Boomerang","Toy Ornithopter","Dota2Spire:ShadowBlade","Shuriken","qcfpunch:Broken_Tusk","Iron Hammer","REME_Flogging","ReplayFunnel","Luminous:Lania_Blessing_Luminous+1","Medical Kit","qcfpunch:Wrestler\u0027s_Cloak","Luminous:Phantom_Treasure_Luminous","ClockworkSouvenir","Happy Flower"],"campfire_rested":1,"item_purchase_floors":[3,25,25,25,25,34,34,41,41,41,41,42,44,44,44,47,47,49,55,55,55,55],"current_hp_per_floor":[68,68,68,63,63,60,56,50,50,50,40,33,33,30,30,31,70,63,66,30,24,24,32,32,32,32,26,26,26,36,57,57,70,70,70,70,64,64,64,64,64,64,64,64,64,62,62,66,66,66,66,66,66,66,66,66,66],"gold":107,"neow_bonus":"ONE_RARE_RELIC","is_daily":false,"chose_seed":false,"campfire_upgraded":2,"win_rate":0.0,"timestamp":1611216389,"path_taken":["M","?","$","?","M","E","M","M","T","?","E","M","R","M","R","BOSS","M","M","?","?","?","E","?","R","T","E","PTL","PTL","M","R","M","E","R","BOSS","M","?","M","?","$","R","M","?","T","M","$","E","R","M","R","BOSS","R","$","E","BOSS"],"items_purchased_type":["Card","Relic","Relic","Relic","Relic","Relic","Relic","Relic","Relic","Relic","Relic","Relic","Relic","Relic","Card","Relic","Card","Relic","Relic","Card","Relic","Relic"],"build_version":"2020-12-22","purchased_purges":9,"victory":true,"max_hp_per_floor":[68,68,68,63,63,63,63,63,63,63,63,63,63,63,63,63,70,70,70,70,70,70,70,70,70,70,70,70,70,70,70,70,70,70,70,70,70,70,70,66,66,66,66,66,66,66,66,66,66,66,66,66,66,66,66,66,66],"relic_stats":{"Torii":17,"Happy Flower":[4],"counters":[27,121],"Golden Idol":218,"MawBank":84,"Medical Kit":[4],"Sozu":4,"Shuriken":[18],"Bronze Scales":[168],"Art of War":[6],"obtain_stats":[{"ReplayFunnel":47,"Torii":15,"Dota2Spire:ArmletOfMordiggian":9,"Dota2Spire:ShadowBlade":41,"Luminous:MirrorRelic":0,"Replay:Mystery Machine":17,"ClockworkSouvenir":55,"Sozu":36,"conspire:GlowingRock":56,"Strawberry":17,"Iron Hammer":44,"qcfpunch:Wrestler\u0027s_Cloak":55,"REME_ArchaeologicalTools":23,"REME_LowDesire":17,"Gremlin Food":2,"qcfpunch:Army_Boots":6,"Happy Flower":55,"Golden Idol":4,"Guide Book":41,"Dota2Spire:BattleFury":25,"conspire:Boomerang":41,"MawBank":34,"Medical Kit":49,"Du-Vu Doll":48,"Dota2Spire:AghanimScepter":25,"Anchor":27,"qcfpunch:Broken_Tusk":44,"Shuriken":42,"Bronze Scales":33,"Dota2Spire:LinkenSphere":45,"Art of War":11,"Membership Card":25,"Mirror":24,"TungstenRod":34,"Toy Ornithopter":41,"REME_ComplimentaryCards":0,"Pocketwatch":0,"Dota2Spire:PhaseBoots":25},{"ReplayFunnel":22,"Torii":8,"Dota2Spire:ArmletOfMordiggian":5,"Dota2Spire:ShadowBlade":20,"Luminous:MirrorRelic":0,"Replay:Mystery Machine":9,"ClockworkSouvenir":25,"Sozu":18,"conspire:GlowingRock":26,"Strawberry":9,"Iron Hammer":21,"qcfpunch:Wrestler\u0027s_Cloak":25,"REME_ArchaeologicalTools":13,"REME_LowDesire":9,"Gremlin Food":1,"qcfpunch:Army_Boots":3,"Happy Flower":25,"Golden Idol":1,"Guide Book":20,"Dota2Spire:BattleFury":13,"conspire:Boomerang":20,"MawBank":17,"Medical Kit":23,"Du-Vu Doll":23,"Dota2Spire:AghanimScepter":13,"Anchor":14,"qcfpunch:Broken_Tusk":21,"Shuriken":20,"Bronze Scales":17,"Dota2Spire:LinkenSphere":21,"Art of War":6,"Membership Card":13,"Mirror":13,"TungstenRod":17,"Toy Ornithopter":20,"REME_ComplimentaryCards":0,"Pocketwatch":0,"Dota2Spire:PhaseBoots":13},{"ReplayFunnel":93,"Torii":31,"Dota2Spire:ArmletOfMordiggian":18,"Dota2Spire:ShadowBlade":88,"Luminous:MirrorRelic":0,"Replay:Mystery Machine":41,"ClockworkSouvenir":109,"Sozu":82,"conspire:GlowingRock":114,"Strawberry":41,"Iron Hammer":90,"qcfpunch:Wrestler\u0027s_Cloak":109,"REME_ArchaeologicalTools":60,"REME_LowDesire":41,"Gremlin Food":2,"qcfpunch:Army_Boots":10,"Happy Flower":109,"Golden Idol":2,"Guide Book":88,"Dota2Spire:BattleFury":60,"conspire:Boomerang":88,"MawBank":76,"Medical Kit":98,"Du-Vu Doll":98,"Dota2Spire:AghanimScepter":60,"Anchor":64,"qcfpunch:Broken_Tusk":90,"Shuriken":88,"Bronze Scales":76,"Dota2Spire:LinkenSphere":90,"Art of War":25,"Membership Card":60,"Mirror":60,"TungstenRod":76,"Toy Ornithopter":88,"REME_ComplimentaryCards":0,"Pocketwatch":0,"Dota2Spire:PhaseBoots":60}],"TungstenRod":4,"Toy Ornithopter":0,"Pocketwatch":[201]},"card_choices":[{"not_picked":["Luminous:Light_Glare","Luminous:Light_Wash_Luminous"],"picked":"Luminous:Light_Track","floor":1.0},{"not_picked":["Luminous:Concentrate_Luminous","Luminous:Dark_Raid"],"picked":"Luminous:Light_Gather","floor":5.0},{"not_picked":["Luminous:Dark_Pressure_Void","Luminous:Mana_Overload_Luminous"],"picked":"Luminous:Photic_Meditation_Luminous","floor":6.0},{"not_picked":["Luminous:Light_Disperse","Luminous:Light_Wash_Luminous"],"picked":"Luminous:Dark_Extract","floor":7.0},{"not_picked":["Luminous:Photic_Meditation_Luminous","Luminous:Dark_Dim_Erosion"],"picked":"Luminous:Hero_Will_Luminous","floor":8.0},{"not_picked":["Luminous:Light_Sylvan_Lance","Luminous:Light_Gather"],"picked":"Luminous:Light_Ray_of_Redemption","floor":11.0},{"not_picked":["Luminous:Mana_Well_Luminous","Luminous:Dark_Dim_Erosion"],"picked":"Luminous:Balance_Death_Scythe","floor":12.0},{"not_picked":["Luminous:Fast_Spell_Luminous","Luminous:Light_Wash_Luminous"],"picked":"Luminous:Equalize_Luminous","floor":14.0},{"not_picked":["Luminous:Dark_Crescendo_Luminous","Luminous:Balance_Baptism"],"picked":"Luminous:Balance_Aether_Conduit","floor":16.0},{"not_picked":["Luminous:Light_Disperse","Luminous:Sympathy_Luminous","Discovery+1"],"picked":"Luminous:Concentrate_Luminous","floor":18.0},{"not_picked":["Luminous:Dark_Pressure_Void+1","Luminous:Accumulation_Luminous","HandOfGreed"],"picked":"Luminous:Chase_Spell_Luminous","floor":19.0},{"not_picked":["Luminous:Dark_Dim_Erosion","Luminous:Dark_Apocalypse","Discovery"],"picked":"Luminous:Mana_Well_Luminous+1","floor":21.0},{"not_picked":["Luminous:Light_Disperse+1","Luminous:Dusk_Guard_Luminous","ReplayTheSpireMod:Trickstab"],"picked":"Luminous:Darkness_Mastery_Luminous+1","floor":23.0},{"not_picked":["Luminous:Erosion_Luminous","Luminous:Sympathy_Luminous","Sadistic Nature"],"picked":"Luminous:Ethereal_Form_Luminous","floor":27.0},{"not_picked":["Luminous:Magic_Boost_Luminous","Luminous:Light_Sylvan_Lance","REME_MagicPocketWatch"],"picked":"Luminous:Light_Track","floor":30},{"not_picked":["Luminous:Concentrate_Luminous","Luminous:Light_Sylvan_Lance","Luminous:Tune_Luminous+1"],"picked":"Jack Of All Trades","floor":32},{"not_picked":["Luminous:Concentrate_Luminous","Luminous:Dark_Extract","Luminous:Darks_Surge_Luminous"],"picked":"Apotheosis","floor":33},{"not_picked":["Luminous:Balance_Baptism","Luminous:Mirror_Force_Luminous","Master of Strategy"],"picked":"Luminous:Erosion_Luminous","floor":35},{"not_picked":["Luminous:Light_Wash_Luminous+1","Luminous:Light_Sylvan_Lance","Forethought"],"picked":"Luminous:Light_Glare","floor":37},{"not_picked":["Luminous:Accumulation_Luminous+1","Luminous:Light_Wash_Luminous","Luminous:Light_Glare+1","Dramatic Entrance+1"],"picked":"SKIP","floor":39},{"not_picked":["Luminous:Darkness_Mastery_Luminous","Luminous:Dark_Dim_Erosion+1","ReplayTheSpireMod:Trickstab"],"picked":"Luminous:Lunar_Tide_Luminous","floor":43},{"not_picked":["Luminous:Dark_Pressure_Void+1","Luminous:Mana_Overload_Luminous","Luminous:Concentrate_Luminous","HandOfGreed"],"picked":"SKIP","floor":46},{"not_picked":["Luminous:Equalize_Luminous","Luminous:Dusk_Guard_Luminous","PanicButton"],"picked":"Luminous:Arcane_Rage_Luminous","floor":48},{"not_picked":["Luminous:Dark_Pressure_Void","Luminous:Dark_Moonlight_Spear","REME_FirmDetermination"],"picked":"Luminous:Shadow_Shell_Luminous","floor":50},{"not_picked":["Luminous:Dark_Moonlight_Spear","Luminous:Dark_Dim_Erosion+1","Luminous:Light_Spectral_Light+1","Blind+1"],"picked":"SKIP","floor":56}],"player_experience":1190114,"relics_obtained":[{"floor":6.0,"key":"qcfpunch:Army_Boots"},{"floor":9.0,"key":"Dota2Spire:ArmletOfMordiggian"},{"floor":11.0,"key":"Art of War"},{"floor":15.0,"key":"Torii"},{"floor":17.0,"key":"Replay:Mystery Machine"},{"floor":17.0,"key":"Strawberry"},{"floor":23.0,"key":"REME_ArchaeologicalTools"},{"floor":24.0,"key":"Mirror"},{"floor":27.0,"key":"Anchor"},{"floor":33,"key":"Bronze Scales"},{"floor":45,"key":"Dota2Spire:LinkenSphere"},{"floor":48,"key":"Du-Vu Doll"},{"floor":56,"key":"conspire:GlowingRock"}],"event_choices":[{"damage_healed":0.0,"max_hp_gain":0.0,"max_hp_loss":0.0,"gold_gain":0.0,"event_name":"Big Fish","player_choice":"Box","floor":2.0,"gold_loss":0.0,"damage_taken":0.0,"relics_obtained":["Gremlin Food"],"cards_obtained":["Regret"]},{"damage_healed":0.0,"max_hp_gain":0.0,"max_hp_loss":5.0,"gold_gain":0.0,"event_name":"Golden Idol","player_choice":"Lose Max HP","floor":4.0,"gold_loss":0.0,"damage_taken":0.0,"relics_obtained":["Golden Idol"]},{"damage_healed":0.0,"max_hp_gain":0.0,"max_hp_loss":0.0,"gold_gain":360.0,"event_name":"Knowing Skull","player_choice":"GOLD GOLD GOLD GOLD ","floor":20.0,"potions_obtained":[],"gold_loss":0.0,"damage_taken":36.0,"cards_obtained":[]},{"damage_healed":0.0,"max_hp_gain":0.0,"max_hp_loss":0.0,"gold_gain":0.0,"event_name":"The Library","player_choice":"Read","floor":22.0,"gold_loss":0.0,"damage_taken":0.0,"cards_obtained":["Luminous:Light_Track"]},{"damage_healed":0,"gold_gain":999,"player_choice":"Gold","damage_taken":0,"max_hp_gain":0,"max_hp_loss":0,"event_name":"MindBloom","floor":38,"gold_loss":0,"cards_obtained":["Normality","Normality"]},{"damage_healed":0,"gold_gain":0,"player_choice":"Max HP","damage_taken":0,"max_hp_gain":0,"max_hp_loss":4,"event_name":"Winding Halls","floor":40,"gold_loss":0}],"is_beta":false,"boss_relics":[{"not_picked":["REME_DemonsWealth","qcfpunch:Dark_Gi"],"picked":"REME_LowDesire"},{"not_picked":["Dota2Spire:Bloodstone","Kintsugi"],"picked":"Sozu"}],"items_purged_floors":[3,25,34,34,41,42,44,47,47],"is_endless":false,"potions_floor_spawned":[6,12,16,21,23,27,39,43,48,56],"ascension_level":0}}