{"host":"skr63qsdfgeey3it","time":1611187961,"event":{"mods":["BaseMod","Colored Map","Hubris","Minty Spire (QoL Compilation)","Replay The Spire","Spicy Shops","StSLib"],"gold_per_floor":[115,115,133,133,20,20,14,14,14,42,42,42,67,78,78,176,176,195,195,210,210,227,227,227,227],"floor_reached":24,"language":"ENG","playtime":941,"items_purged":["hubris:Envy"],"score":403,"play_id":"86ae477c-8c88-45d9-8ec7-4eae84e79d67","local_time":"20210120181241","is_ascension_mode":true,"campfire_choices":[{"data":"Toxin Wave","floor":6,"key":"SMITH"},{"floor":11,"key":"REST"},{"floor":23,"key":"REST"}],"circlet_count":0,"master_deck":["AscendersBane","Strike_G+1","Strike_G","Strike_G","Strike_G","Defend_G","Defend_G+1","Defend_G","Defend_G","Survivor","Neutralize","Infinite Blades","Toxin Wave+1","Poisoned Stab+1","Bouncing Flask+1","Doppelganger","Leg Sweep","Outmaneuver","Footwork","Heel Hook"],"relics":["Ring of the Snake","MealTicket","Strange Spoon","ReplayTheSpireMod:CursedCoin","hubris:DisguiseKit","Bag of Marbles","hubris:PeanutButter","Black Star","hubris:Icosahedron","Prayer Wheel"],"acts_visited":["Exordium","TheCity"],"potions_floor_usage":[10,13,16,18,22],"damage_taken":[{"damage":0,"enemies":"Small Slimes","floor":1,"turns":3},{"damage":6,"enemies":"Jaw Worm","floor":3,"turns":5},{"damage":18,"enemies":"Gremlin Nob","floor":10,"turns":3},{"damage":19,"enemies":"3 Sentries","floor":13,"turns":6},{"damage":0,"enemies":"2 Louse","floor":14,"turns":3},{"damage":0,"enemies":"The Guardian","floor":16,"turns":7},{"damage":0,"enemies":"Chosen","floor":18,"turns":4},{"damage":52,"enemies":"2 Thieves","floor":20,"turns":4},{"damage":53,"enemies":"Sentry and Sphere","floor":22,"turns":8},{"damage":34,"enemies":"Slavers","floor":24,"turns":3}],"seed_played":"6978708549752892958","potions_obtained":[{"floor":1,"key":"Toxic Potion"},{"floor":3,"key":"Strength Potion"},{"floor":12,"key":"AttackPotion"},{"floor":16,"key":"SneckoOil"},{"floor":20,"key":"Swift Potion"}],"is_trial":false,"path_per_floor":["M","?","M","?","$","R","$","?","T","E","R","?","E","M","R_BF","B",null,"M","?","M","?","M","R","E"],"character_chosen":"THE_SILENT","items_purchased":["Strange Spoon","Poisoned Stab+1","ReplayTheSpireMod:CursedCoin","Bouncing Flask"],"campfire_rested":2,"item_purchase_floors":[5,5,7,7],"current_hp_per_floor":[63,56,50,50,65,65,70,56,56,38,59,59,40,40,61,61,68,68,68,16,70,17,38,4,4],"gold":227,"neow_bonus":"RANDOM_COMMON_RELIC","is_daily":false,"chose_seed":false,"campfire_upgraded":1,"win_rate":0.0,"timestamp":1611187961,"path_taken":["M","?","M","?","$","R","?","?","T","E","R","?","E","M","R_BF","BOSS","M","?","M","?","M","R","E"],"items_purchased_type":["Relic","Card","Relic","Card"],"build_version":"2020-12-22","purchased_purges":1,"victory":false,"max_hp_per_floor":[70,70,70,70,70,70,70,70,70,70,70,70,70,70,70,70,70,70,70,70,70,70,70,70,70],"card_choices":[{"not_picked":["Calculated Gamble","ReplayTheSpireMod:Exploit Weakness"],"picked":"Infinite Blades","floor":1},{"not_picked":["Prepared","Deflect"],"picked":"Toxin Wave","floor":3},{"not_picked":["ReplayTheSpireMod:Shiv Toss","Replay:Poison Smokescreen","Lockon"],"picked":"Doppelganger","floor":10},{"not_picked":["Choke","Bane","Biased Cognition"],"picked":"Leg Sweep","floor":13},{"not_picked":["hubris:SlightOfHand","Cloak And Dagger","Sweeping Beam"],"picked":"Outmaneuver","floor":14},{"not_picked":["A Thousand Cuts","Venomology","Tools of the Trade"],"picked":"ReplayTheSpireMod:Fabricate Wheel","floor":16},{"not_picked":["Accuracy","Dagger Spray+1","hubris:Counter","Steam"],"picked":"SKIP","floor":18},{"not_picked":["Caltrops","Dodge and Roll","Skewer","Rebound"],"picked":"SKIP","floor":20},{"not_picked":["Bane","Backflip","Melter"],"picked":"Footwork","floor":22},{"not_picked":["hubris:Counter","Dash","Undo"],"picked":"Heel Hook","floor":22}],"player_experience":782430,"relics_obtained":[{"floor":9,"key":"hubris:DisguiseKit"},{"floor":10,"key":"Bag of Marbles"},{"floor":13,"key":"hubris:PeanutButter"}],"event_choices":[{"cards_removed":["Strike_G"],"damage_healed":0,"gold_gain":0,"player_choice":"Card Removal","damage_taken":7,"max_hp_gain":0,"max_hp_loss":0,"event_name":"Golden Wing","floor":2,"gold_loss":0},{"damage_healed":0,"gold_gain":0,"player_choice":"Entered Light","damage_taken":14,"max_hp_gain":0,"max_hp_loss":0,"event_name":"Shining Light","floor":8,"gold_loss":0,"cards_upgraded":["Strike_G","Defend_G"]},{"damage_healed":0,"gold_gain":0,"player_choice":"Got Potions","damage_taken":0,"max_hp_gain":0,"max_hp_loss":0,"event_name":"Lab","floor":12,"gold_loss":0},{"damage_healed":54,"gold_gain":0,"player_choice":"Full Heal","damage_taken":0,"max_hp_gain":0,"max_hp_loss":0,"event_name":"Wheel of Change","floor":21,"gold_loss":0}],"is_beta":false,"boss_relics":[{"not_picked":["hubris:Stopwatch","ChewingGum"],"picked":"Black Star"}],"items_purged_floors":[7],"is_endless":false,"potions_floor_spawned":[1,3,16,20],"killed_by":"Slavers","ascension_level":12}}