{"host":"vhkdq3pn44gqx0jn","time":1611188040,"event":{"mods":["AchievementEnabler","BaseMod","Downfall","Hermit","Minty Spire (QoL Compilation)","StSLib","The Cursed","The Servant 0.9.4"],"gold_per_floor":[99,117,127,145,145,162,162,173,73,109,128,78,78,78,95,198,198,198,198,198,198,111,111,111,111,111,111,111,111,111,111,111,111,111,11,11,11,11,11,11,11,11,11,0,0,0,0,0,0,0],"floor_reached":51,"language":"ENG","playtime":2973,"items_purged":[],"score":845,"play_id":"1bdc018a-7203-4718-8a7b-70dc3efd10fa","local_time":"20210121001400","is_ascension_mode":false,"campfire_choices":[{"data":"hermit:Covet","floor":1,"key":"SMITH"},{"data":"hermit:Virtue","floor":9,"key":"SMITH"},{"data":"hermit:Ricochet","floor":13,"key":"SMITH"},{"data":"hermit:Snipe","floor":18,"key":"SMITH"},{"data":"hermit:Determination","floor":25,"key":"SMITH"},{"floor":30,"key":"REST"},{"data":"hermit:FatalDesire","floor":35,"key":"SMITH"},{"floor":45,"key":"REST"},{"floor":47,"key":"REST"}],"circlet_count":0,"master_deck":["hermit:Strike_Hermit","hermit:Strike_Hermit","hermit:Strike_Hermit","hermit:Strike_Hermit","hermit:Defend_Hermit","hermit:Defend_Hermit","hermit:Defend_Hermit","hermit:Snapshot","hermit:Covet+1","hermit:TrackingShot","hermit:Ricochet+1","hermit:Virtue+1","hermit:CursedWeapon","hermit:Scavenge","hermit:Snipe+1","hermit:Horror","Pain","hermit:Gambit","hermit:HighCaliber+1","hermit:Coalescence+1","hermit:Vantage","hermit:Snipe","hermit:Determination+1","hermit:WideOpen","Writhe","hermit:Snipe","hermit:Desperado+1","hermit:FatalDesire+1","hermit:FlashPowder","hermit:Malice+1","Pain","hermit:TakeAim","hermit:Coalescence+1","hermit:Vantage","hermit:Grudge+1"],"relics":["hermit:ClaspedLocket","Pocketwatch","downfall:HeartBlessingBlue","Ice Cream","WarpedTongs","Ectoplasm","Mummified Hand","Molten Egg 2","downfall:RedIOU","hermit:RyeStalk","downfall:HeartBlessingGreen","StoneCalendar","Bronze Scales","Boot","Orichalcum","Bag of Marbles"],"acts_visited":["Exordium","TheCity","TheBeyond"],"potions_floor_usage":[31,31,32,33,33,33,33,33,44,44,50],"damage_taken":[{"damage":0,"enemies":"Cultist","floor":2,"turns":3},{"damage":3,"enemies":"2 Louse","floor":3,"turns":3},{"damage":0,"enemies":"Small Slimes","floor":4,"turns":2},{"damage":16,"enemies":"Red Slaver","floor":6,"turns":3},{"damage":7,"enemies":"Looter","floor":8,"turns":2},{"damage":14,"enemies":"Gremlin Nob","floor":10,"turns":3},{"damage":12,"enemies":"Large Slime","floor":11,"turns":5},{"damage":2,"enemies":"2 Fungi Beasts","floor":15,"turns":2},{"damage":2,"enemies":"Slime Boss","floor":16,"turns":5},{"damage":15,"enemies":"Shell Parasite","floor":19,"turns":3},{"damage":7,"enemies":"downfall:FleeingMerchant","floor":22,"turns":4},{"damage":15,"enemies":"Spheric Guardian","floor":23,"turns":4},{"damage":2,"enemies":"3 Cultists","floor":27,"turns":3},{"damage":33,"enemies":"Gremlin Leader","floor":31,"turns":7},{"damage":14,"enemies":"Snake Plant","floor":32,"turns":3},{"damage":31,"enemies":"IC_MUSHROOM_ARCHETYPE","floor":33,"turns":6},{"damage":4,"enemies":"Orb Walker","floor":36,"turns":2},{"damage":23,"enemies":"3 Shapes","floor":37,"turns":2},{"damage":43,"enemies":"2 Orb Walkers","floor":38,"turns":4},{"damage":15,"enemies":"3 Darklings","floor":42,"turns":4},{"damage":8,"enemies":"downfall:FleeingMerchant","floor":44,"turns":4},{"damage":13,"enemies":"Nemesis","floor":46,"turns":5},{"damage":16,"enemies":"Writhing Mass","floor":49,"turns":3},{"damage":17,"enemies":"SI_POISON_ARCHETYPE","floor":50,"turns":5}],"seed_played":"1583046169097906934","potions_obtained":[{"floor":3,"key":"EntropicBrew"},{"floor":8,"key":"sneckomod:MuddlingPotion"},{"floor":11,"key":"DuplicationPotion"},{"floor":23,"key":"Block Potion"},{"floor":27,"key":"LiquidMemories"},{"floor":31,"key":"SkillPotion"},{"floor":33,"key":"ColorlessPotion"},{"floor":42,"key":"hexamod:SoulburnPotion"},{"floor":49,"key":"LiquidBronze"}],"is_trial":false,"path_per_floor":["R","M","M","M","T","M","T","M","R","E","M","?","R","?","M","B",null,"R","M","T","?","$","M","T","R","?","M","?","?","R","E","M","B",null,"R","M","M","?","?","?","T","M","T","$","R","E","R","?","M","B",null],"character_chosen":"HERMIT","items_purchased":["hermit:Vantage","hermit:Snipe"],"campfire_rested":3,"item_purchase_floors":[22,22],"current_hp_per_floor":[82,82,79,79,79,63,63,56,66,52,40,40,40,40,38,36,92,92,77,77,77,70,55,55,55,55,53,53,53,80,47,33,2,92,92,88,68,30,30,30,30,23,23,25,52,46,73,73,63,55],"gold":0,"neow_bonus":"TEN_PERCENT_HP_BONUS","is_daily":false,"chose_seed":false,"campfire_upgraded":6,"win_rate":0.0,"timestamp":1611188040,"path_taken":["R","M","M","?","?","M","T","M","R","E","M","?","R","?","M","BOSS","R","M","?","?","$","M","T","R","?","M","?","?","R","E","M","BOSS","R","M","M","?","?","?","T","?","?","$","R","E","R","?","M","BOSS"],"items_purchased_type":["Card","Card"],"build_version":"2020-12-22","purchased_purges":0,"victory":true,"max_hp_per_floor":[82,82,82,82,82,82,82,82,92,92,92,92,92,92,92,92,92,92,92,92,92,92,92,92,92,92,92,92,92,92,92,92,92,92,92,92,92,92,92,92,92,92,92,92,92,92,92,92,92,92],"card_choices":[{"not_picked":["hermit:CalledShot","hermit:Dive"],"picked":"hermit:TrackingShot","floor":2},{"not_picked":["hermit:ItchyTrigger","hermit:Roulette"],"picked":"hermit:Ricochet","floor":3},{"not_picked":["hermit:Headshot","hermit:Cheat"],"picked":"hermit:Virtue","floor":4},{"not_picked":["hermit:Manifest","hermit:FullyLoaded"],"picked":"hermit:CursedWeapon","floor":6},{"not_picked":["hermit:Feint","hermit:TakeCover"],"picked":"hermit:Scavenge","floor":8},{"not_picked":["hermit:Roulette","hermit:Magnum"],"picked":"hermit:Snipe","floor":10},{"not_picked":["hermit:Glare","hermit:Virtue"],"picked":"hermit:Horror","floor":11},{"not_picked":["hermit:LoneWolf","hermit:EyeOfTheStorm","hermit:Dive"],"picked":"SKIP","floor":15},{"not_picked":["hermit:Magnum","hermit:FromBeyond"],"picked":"hermit:Gambit","floor":16},{"not_picked":["hermit:TakeCover+1","hermit:Roulette"],"picked":"hermit:HighCaliber+1","floor":19},{"not_picked":["hermit:Headshot","hermit:Desperado"],"picked":"hermit:Coalescence+1","floor":22},{"not_picked":["hermit:Misfire","hermit:ItchyTrigger+1"],"picked":"hermit:Determination","floor":23},{"not_picked":["hermit:LowProfile","hermit:Snipe"],"picked":"hermit:WideOpen","floor":27},{"not_picked":["hermit:TrackingShot+1","hermit:FromBeyond"],"picked":"hermit:Snipe","floor":31},{"not_picked":["hermit:HighCaliber+1","hermit:TrackingShot+1"],"picked":"hermit:Desperado+1","floor":32},{"not_picked":["hermit:Reprieve","hermit:Dissolve"],"picked":"hermit:FatalDesire","floor":33},{"not_picked":["hermit:Vantage+1","hermit:Feint"],"picked":"hermit:FlashPowder","floor":36},{"not_picked":["hermit:Manifest+1","hermit:LuckOfTheDraw+1"],"picked":"hermit:Dive","floor":37},{"not_picked":["hermit:Gestalt+1","hermit:Feint+1"],"picked":"hermit:Malice+1","floor":38},{"not_picked":["hermit:SprayPray+1","hermit:WideOpen+1"],"picked":"hermit:TakeAim","floor":42},{"not_picked":["hermit:PistolWhip+1","hermit:LoneWolf+1"],"picked":"hermit:Coalescence+1","floor":44},{"not_picked":["hermit:FullyLoaded+1","hermit:Dissolve"],"picked":"hermit:Vantage","floor":46},{"not_picked":["hermit:Virtue","hermit:Scavenge+1"],"picked":"hermit:Grudge+1","floor":49}],"player_experience":125953,"relics_obtained":[{"floor":5,"key":"Pocketwatch"},{"floor":10,"key":"Ice Cream"},{"floor":20,"key":"Potion Belt"},{"floor":24,"key":"Mummified Hand"},{"floor":31,"key":"hermit:RyeStalk"},{"floor":38,"key":"StoneCalendar"},{"floor":41,"key":"Bronze Scales"},{"floor":43,"key":"Boot"},{"floor":46,"key":"Orichalcum"},{"floor":48,"key":"Bag of Marbles"}],"event_choices":[{"cards_removed":["hermit:Defend_Hermit"],"damage_healed":0,"gold_gain":0,"player_choice":"Card Removal","damage_taken":0,"max_hp_gain":0,"max_hp_loss":0,"event_name":"The Cleric","floor":12,"gold_loss":50},{"damage_healed":0,"gold_gain":0,"player_choice":"Rummage","damage_taken":0,"relics_obtained":["WarpedTongs"],"max_hp_gain":0,"max_hp_loss":0,"event_name":"Accursed Blacksmith","floor":14,"gold_loss":0,"cards_obtained":["Pain"]},{"damage_healed":0,"gold_gain":0,"player_choice":"Ignored","damage_taken":0,"max_hp_gain":0,"max_hp_loss":0,"event_name":"Vampires","floor":21,"gold_loss":0},{"damage_healed":0,"gold_gain":0,"player_choice":"Fight","damage_taken":0,"max_hp_gain":0,"max_hp_loss":0,"event_name":"Mysterious Sphere","floor":38,"gold_loss":0},{"cards_removed":["hermit:Dive"],"damage_healed":0,"gold_gain":0,"player_choice":"Removed Skill","damage_taken":0,"max_hp_gain":0,"max_hp_loss":0,"event_name":"Falling","floor":39,"gold_loss":0}],"is_beta":false,"boss_relics":[{"not_picked":["Busted Crown","Runic Pyramid"],"picked":"Ectoplasm"},{"not_picked":["Cursed Key","Fusion Hammer"],"picked":"hermit:ClaspedLocket"}],"items_purged_floors":[],"is_endless":false,"potions_floor_spawned":[3,8,11,15,16,23,27,31,33,42,49],"ascension_level":0}}