{"host":"Krys","time":1611246580,"event":{"mods":["BaseMod","BetterRewards","Infinite Spire","Marisa????????","Minty Spire (QoL Compilation)","Remilia??????","Replay The Spire","Shade Mod","StSLib","The Death Knight","The Marked","The Servant 0.9.4"],"gold_per_floor":[119,119,119,133,143,143,192,275,327,353,401,426,465,500,500,622,622,622,622],"floor_reached":18,"language":"ENG","playtime":1678,"items_purged":[],"score":174,"play_id":"35155b70-bc86-4d83-a58f-316ce6af9d8f","local_time":"20210121132940","is_ascension_mode":false,"campfire_choices":[{"data":"EnergyFlow","floor":6,"key":"SMITH"},{"floor":15,"key":"RECALL"}],"circlet_count":0,"master_deck":["Strike_MRS","Strike_MRS","Strike_MRS","Strike_MRS","Defend_MRS","Defend_MRS","Defend_MRS","MasterSpark","UpSweep","DC","Regret","6A+1","WitchOfGreed","EnergyFlow+1","MilkyWay","MysteriousBeam","AlicesGift","EventHorizon","IllusionStar","DragonMeteor","Singularity","UltimateShortwave"],"relics":["MiniHakkero","Replay:Rubber Ducky","infinitespire:Midas Blood","Gremlin Horn","Lantern","Painkiller Herb"],"acts_visited":["Exordium","TheCity"],"potions_floor_usage":[11,11,16,16],"damage_taken":[{"damage":0,"enemies":"Jaw Worm","floor":1,"turns":3},{"damage":0,"enemies":"Small Slimes","floor":4,"turns":2},{"damage":0,"enemies":"2 Louse","floor":5,"turns":2},{"damage":16,"enemies":"Gremlin Nob","floor":7,"turns":5},{"damage":33,"enemies":"Lagavulin Event","floor":8,"turns":6},{"damage":0,"enemies":"Looter","floor":10,"turns":3},{"damage":11,"enemies":"3 Sentries","floor":11,"turns":4},{"damage":0,"enemies":"Gremlin Gang","floor":12,"turns":2},{"damage":5,"enemies":"Exordium Wildlife","floor":13,"turns":3},{"damage":0,"enemies":"Large Slime","floor":14,"turns":4},{"damage":16,"enemies":"Hexaghost","floor":16,"turns":9},{"damage":0,"enemies":"2 Thieves","floor":18,"turns":1}],"seed_played":"6138477971922099644","potions_obtained":[{"floor":1,"key":"SpeedPotion"},{"floor":5,"key":"Swift Potion"},{"floor":7,"key":"PowerPotion"},{"floor":7,"key":"GamblersBrew"},{"floor":8,"key":"DeathKnight:RimePotion"},{"floor":11,"key":"Strength Potion"},{"floor":12,"key":"SteroidPotion"},{"floor":14,"key":"DistilledChaos"},{"floor":16,"key":"Adrenaline Potion"}],"is_trial":false,"path_per_floor":["M","?","?","M","M","R","E","?","T","M","E","M","M","M","R","B",null,"?"],"character_chosen":"MARISA","items_purchased":[],"campfire_rested":0,"item_purchase_floors":[],"current_hp_per_floor":[82,82,82,82,82,82,66,33,33,33,22,22,17,17,17,1,82,82,82],"gold":622,"neow_bonus":"TEN_PERCENT_HP_BONUS","is_daily":false,"chose_seed":false,"campfire_upgraded":1,"win_rate":0.0,"timestamp":1611246580,"path_taken":["M","?","?","M","M","R","E","?","T","M","E","M","M","M","R","BOSS","?"],"items_purchased_type":[],"build_version":"2020-11-17","purchased_purges":0,"victory":false,"max_hp_per_floor":[82,82,82,82,82,82,82,82,82,82,82,82,82,82,82,82,82,82,82],"card_choices":[{"not_picked":["EnergyRecoil","SporeBomb"],"picked":"DC","floor":1},{"not_picked":["ShootingEcho","PowerUp"],"picked":"WitchOfGreed","floor":4},{"not_picked":["GalacticHalo","AsteroidBelt"],"picked":"EnergyFlow","floor":5},{"not_picked":["ChargeUpSpray","BlazeAway"],"picked":"MilkyWay","floor":7},{"not_picked":["ChargeUpSpray","GravityBeat"],"picked":"MysteriousBeam","floor":8},{"not_picked":["6A","ShootingEcho"],"picked":"AlicesGift","floor":10},{"not_picked":["WitchOfGreed","LuminesStrike"],"picked":"EventHorizon","floor":11},{"not_picked":["BigCrunch","DeepEcoloBomb"],"picked":"IllusionStar","floor":12},{"not_picked":["EnergyFlow","IllusionStar"],"picked":"DragonMeteor","floor":13},{"not_picked":["OneTimeOff","ManaConvection"],"picked":"Singularity","floor":14},{"not_picked":["ManaRampage","StarDustReverie"],"picked":"UltimateShortwave","floor":16}],"player_experience":24447,"relics_obtained":[{"floor":7,"key":"infinitespire:Midas Blood"},{"floor":11,"key":"Lantern"}],"event_choices":[{"damage_healed":0,"gold_gain":0,"player_choice":"Box","damage_taken":0,"relics_obtained":["Replay:Rubber Ducky"],"max_hp_gain":0,"max_hp_loss":0,"event_name":"Big Fish","floor":2,"gold_loss":0,"cards_obtained":["Regret"]},{"damage_healed":0,"gold_gain":0,"player_choice":"Searched \u00273\u0027 times","damage_taken":0,"relics_obtained":["Gremlin Horn"],"max_hp_gain":0,"max_hp_loss":0,"event_name":"Dead Adventurer","floor":8,"gold_loss":0}],"is_beta":true,"boss_relics":[{"not_picked":["Tiny House","Sozu"],"picked":"Painkiller Herb"}],"items_purged_floors":[],"is_endless":false,"potions_floor_spawned":[1,5,7,12,13],"killed_by":"2 Thieves","ascension_level":0}}