{"host":"bf9sa99gaumonoeu","time":1611268487,"event":{"mods":["AchievementEnabler","Act Like it!","Aspiration","BaseMod","Bestiary","Better Note","Block Reminder","Colored Map","Colored Powertips","Fox Events","Friendly Minions","Gensokyo","GifTheSpireLib","Googly Eyes","Hallownest","Hermit","Highlight Path","Jorbs\u0027s Wanderer Trilogy","KinomotoSakuraMod(????)","Koishi","Marisa????????","Minty Spire (QoL Compilation)","Rare Cards Sparkle","Relic Stats","Spire Arcade","StSLib","The Administrix","The Animator","The Bug Knight","The Construct","The Cursed","The Hierophant","The Mystic","The Necromancer","The Poker Player","The Runesmith","The Senshi","The Servant 0.9.4","ojb\u0027s Info Mod"],"gold_per_floor":[112,123,148,161,181,181,216,216,340,368,368,69,85,85,85,85,85],"floor_reached":16,"language":"ENG","playtime":1229,"items_purged":["Strike_G"],"score":220,"play_id":"eaff6fec-c1e1-4c96-b498-4be492b78f05","local_time":"20210121203447","is_ascension_mode":true,"campfire_choices":[{"floor":6,"key":"REST"},{"data":"Dagger Spray","floor":8,"key":"SMITH"},{"floor":11,"key":"REST"},{"data":"Footwork","floor":15,"key":"SMITH"}],"circlet_count":0,"master_deck":["AscendersBane","Strike_G+1","Strike_G+1","Strike_G+1","Strike_G+1","Defend_G","Defend_G","Defend_G","Defend_G","Defend_G","Survivor","Neutralize+1","Sucker Punch+1","Dagger Throw+1","Heel Hook+1","Dagger Spray+1","Dash+1","Deadly Poison+1","Adrenaline+1","Footwork+1","Bouncing Flask+1","Panacea+1","Distraction+1"],"relics":["Ring of the Snake","foxEvents:LuckyCharm","Toxic Egg 2","CaptainsWheel"],"acts_visited":["Exordium"],"potions_floor_usage":[3,7],"damage_taken":[{"damage":4,"enemies":"2 Louse","floor":1,"turns":3},{"damage":0,"enemies":"Small Slimes","floor":2,"turns":4},{"damage":23,"enemies":"Colosseum Slavers","floor":3,"turns":3},{"damage":0,"enemies":"Jaw Worm","floor":4,"turns":3},{"damage":0,"enemies":"2 Fungi Beasts","floor":5,"turns":3},{"damage":22,"enemies":"Lagavulin","floor":7,"turns":8},{"damage":27,"enemies":"3 Sentries","floor":10,"turns":8},{"damage":0,"enemies":"Lots of Slimes","floor":13,"turns":1},{"damage":33,"enemies":"Slime Boss","floor":16,"turns":10}],"seed_played":"-4843732950887681550","potions_obtained":[{"floor":1,"key":"DistilledChaos"},{"floor":5,"key":"Block Potion"}],"is_trial":false,"path_per_floor":["M","M","?","M","M","R","E","R","T","E","R","$","M","?","R","B"],"character_chosen":"THE_SILENT","items_purchased":["Footwork","Bouncing Flask+1","Panacea+1"],"campfire_rested":2,"item_purchase_floors":[12,12,12],"current_hp_per_floor":[61,61,38,38,38,59,37,37,37,10,31,31,31,31,31,0,0],"gold":85,"neow_bonus":"TEN_PERCENT_HP_BONUS","is_daily":false,"chose_seed":false,"campfire_upgraded":2,"win_rate":0.0,"timestamp":1611268487,"path_taken":["M","M","?","M","M","R","E","R","T","E","R","$","M","?","R","BOSS"],"items_purchased_type":["Card","Card","Card"],"build_version":"2020-12-22","purchased_purges":1,"victory":false,"max_hp_per_floor":[72,72,72,72,72,72,72,72,72,72,72,72,72,72,72,72,72],"relic_stats":{"counters":[9,43],"obtain_stats":[{"CaptainsWheel":10,"Snake Skull":9,"foxEvents:LuckyCharm":3,"Toxic Egg 2":7,"Ring of the Snake":0},{"CaptainsWheel":7,"Snake Skull":6,"foxEvents:LuckyCharm":3,"Toxic Egg 2":6,"Ring of the Snake":0},{"CaptainsWheel":32,"Snake Skull":24,"foxEvents:LuckyCharm":10,"Toxic Egg 2":24,"Ring of the Snake":0}],"Ring of the Snake":[18]},"card_choices":[{"not_picked":["Caltrops","Backflip"],"picked":"Sucker Punch","floor":1},{"not_picked":["PiercingWail","Bane"],"picked":"Dagger Throw","floor":2},{"not_picked":["Dodge and Roll","Bane"],"picked":"Heel Hook","floor":3},{"not_picked":["Deflect","Bane"],"picked":"Dagger Spray","floor":4},{"not_picked":["Bane","Terror"],"picked":"Dash","floor":5},{"not_picked":["Flying Knee","PiercingWail+1"],"picked":"Deadly Poison+1","floor":7},{"not_picked":["Bane","Riddle With Holes"],"picked":"Adrenaline+1","floor":10},{"not_picked":["Quick Slash","Dagger Spray"],"picked":"Distraction+1","floor":13}],"player_experience":1081048,"relics_obtained":[{"floor":3,"key":"foxEvents:LuckyCharm"},{"floor":7,"key":"Toxic Egg 2"},{"floor":9,"key":"Snake Skull"},{"floor":10,"key":"CaptainsWheel"}],"event_choices":[],"is_beta":false,"boss_relics":[],"items_purged_floors":[12],"is_endless":false,"potions_floor_spawned":[1,5],"killed_by":"Slime Boss","ascension_level":20}}