{"host":"2se5dq1do2gp0x9k","time":1611204230,"event":{"mods":["AchievementEnabler","BaseMod","Block Reminder","Colored Map","Colored Powertips","Minty Spire (QoL Compilation)","Relic Stats","StSLib","SuperFastMode"],"gold_per_floor":[115,190,207,207,218,218,230,230,254,295,317,329,341,380,392,476,488,510,184,201,211,211,211],"floor_reached":22,"language":"ENG","playtime":912,"items_purged":["Strike_P"],"score":372,"play_id":"4dd82514-3121-4792-bf18-f7de9de7e438","local_time":"20210120204350","is_ascension_mode":true,"campfire_choices":[{"data":"Apotheosis","floor":6.0,"key":"SMITH"},{"floor":8.0,"key":"REST"},{"floor":13,"key":"REST"},{"data":"ForeignInfluence","floor":15,"key":"SMITH"}],"circlet_count":0,"master_deck":["AscendersBane","Strike_P","Strike_P","Strike_P","Defend_P","Defend_P","Defend_P","Defend_P","Eruption","Vigilance","Apotheosis+1","ReachHeaven","Worship","MentalFortress","SashWhip","Prostrate","Collect","ForeignInfluence+1","Devotion","ThirdEye","Fasting2","Wallop+1"],"relics":["HolyWater","MawBank","Boot","Molten Egg 2","Damaru"],"acts_visited":["Exordium","TheCity"],"potions_floor_usage":[18,21],"damage_taken":[{"damage":9.0,"enemies":"2 Louse","floor":1.0,"turns":4.0},{"damage":0.0,"enemies":"Small Slimes","floor":3.0,"turns":3.0},{"damage":4.0,"enemies":"Jaw Worm","floor":5.0,"turns":3.0},{"damage":3.0,"enemies":"Exordium Thugs","floor":7.0,"turns":6.0},{"damage":19.0,"enemies":"Lagavulin","floor":10.0,"turns":7.0},{"damage":11.0,"enemies":"Red Slaver","floor":11.0,"turns":4.0},{"damage":22,"enemies":"3 Sentries","floor":14,"turns":8},{"damage":14,"enemies":"Hexaghost","floor":16,"turns":9},{"damage":24,"enemies":"Shell Parasite","floor":18,"turns":5},{"damage":5,"enemies":"Spheric Guardian","floor":20,"turns":5},{"damage":12,"enemies":"Snake Plant","floor":21,"turns":3},{"damage":11,"enemies":"Centurion and Healer","floor":22,"turns":1}],"seed_played":"-1920793830391481143","potions_obtained":[{"floor":1.0,"key":"StancePotion"},{"floor":3.0,"key":"SkillPotion"},{"floor":14,"key":"SpeedPotion"},{"floor":16,"key":"Weak Potion"},{"floor":18,"key":"BlessingOfTheForge"},{"floor":20,"key":"Ancient Potion"}],"is_trial":false,"path_per_floor":["M","?","M","?","M","R","M","R","T","E","M","?","R","E","R","B",null,"M","$","M","M","M"],"character_chosen":"WATCHER","items_purchased":["Damaru","Fasting2"],"campfire_rested":2,"item_purchase_floors":[19,19],"current_hp_per_floor":[52,41,41,41,37,37,34,52,52,33,22,22,40,18,18,4,48,24,24,19,7,0,0],"gold":211,"neow_bonus":"RANDOM_COLORLESS_2","is_daily":false,"chose_seed":false,"campfire_upgraded":2,"win_rate":0.0,"timestamp":1611204230,"path_taken":["M","?","M","?","M","R","M","R","T","E","M","?","R","E","R","BOSS","M","$","M","M","M"],"items_purchased_type":["Relic","Card"],"build_version":"2020-12-22","purchased_purges":1,"victory":false,"max_hp_per_floor":[62,62,62,62,62,62,62,62,62,62,62,62,62,62,62,62,62,62,62,62,62,62,62],"relic_stats":{"counters":[12,58],"MawBank":120,"Boot":[4],"obtain_stats":[{"HolyWater":17,"Damaru":19,"Molten Egg 2":14,"PureWater":0,"MawBank":9,"Boot":10},{"HolyWater":8,"Damaru":9,"Molten Egg 2":7,"PureWater":0,"MawBank":4,"Boot":5},{"HolyWater":44,"Damaru":49,"Molten Egg 2":35,"PureWater":0,"MawBank":16,"Boot":23}]},"card_choices":[{"not_picked":["Secret Weapon","Chrysalis"],"picked":"Apotheosis","floor":0.0},{"not_picked":["SignatureMove","Protect"],"picked":"ReachHeaven","floor":1.0},{"not_picked":["BowlingBash","FlyingSleeves"],"picked":"Worship","floor":3.0},{"not_picked":["Evaluate","ReachHeaven"],"picked":"MentalFortress","floor":5.0},{"not_picked":["Evaluate","SignatureMove"],"picked":"SashWhip","floor":7.0},{"not_picked":["EmptyFist","PathToVictory"],"picked":"Prostrate","floor":10.0},{"not_picked":["SandsOfTime","Halt"],"picked":"Collect","floor":11.0},{"not_picked":["LikeWater","Meditate"],"picked":"ForeignInfluence","floor":14},{"not_picked":["Blasphemy","Wish"],"picked":"Devotion","floor":16},{"not_picked":["Worship","PathToVictory"],"picked":"ThirdEye","floor":18},{"not_picked":["Crescendo","MentalFortress"],"picked":"Wallop+1","floor":20},{"not_picked":["Indignation","Evaluate","Crescendo"],"picked":"SKIP","floor":21}],"player_experience":3925300,"relics_obtained":[{"floor":9.0,"key":"MawBank"},{"floor":10.0,"key":"Boot"},{"floor":14,"key":"Molten Egg 2"}],"event_choices":[{"damage_healed":0.0,"max_hp_gain":0.0,"max_hp_loss":0.0,"gold_gain":75.0,"event_name":"World of Goop","player_choice":"Gather Gold","floor":2.0,"gold_loss":0.0,"damage_taken":11.0},{"damage_healed":0.0,"max_hp_gain":0.0,"max_hp_loss":0.0,"gold_gain":0.0,"event_name":"Liars Game","player_choice":"Ignored","floor":4.0,"gold_loss":0.0,"damage_taken":0.0},{"damage_healed":0,"gold_gain":0,"player_choice":"Searched \u00270\u0027 times","damage_taken":0,"max_hp_gain":0,"max_hp_loss":0,"event_name":"Dead Adventurer","floor":12,"gold_loss":0}],"is_beta":false,"boss_relics":[{"not_picked":["Tiny House","Philosopher\u0027s Stone"],"picked":"HolyWater"}],"items_purged_floors":[19],"is_endless":false,"potions_floor_spawned":[1,3,14,16,18,20],"killed_by":"Centurion and Healer","ascension_level":18}}