{"host":"0x0gr83ly0vxzjzg","time":1611190284,"event":{"mods":["BaseMod","Bestiary","Better Skull","Curses Come First","Hubris","Infinite Spire","Minty Spire (QoL Compilation)","Shop Mod","StSLib","The Cursed","The Servant 0.9.4"],"gold_per_floor":[113,124,143,98,115,149,166,166,216,232,182,182,197,197,197,197,197],"floor_reached":16,"language":"ENG","playtime":2165,"items_purged":[],"score":104,"play_id":"3ed5c10a-4885-4115-8e67-03fc5faf62f6","local_time":"20210120195124","is_ascension_mode":false,"campfire_choices":[{"floor":12,"key":"REST"},{"data":"TheCursedMod:CircleOfAbyss","floor":15,"key":"SMITH"}],"circlet_count":0,"master_deck":["TheCursedMod:Strike_TheCursed","TheCursedMod:Strike_TheCursed","TheCursedMod:Strike_TheCursed","TheCursedMod:Defend_TheCursed","TheCursedMod:Defend_TheCursed","TheCursedMod:Defend_TheCursed","TheCursedMod:Defend_TheCursed","TheCursedMod:CursedWand","TheCursedMod:CleanUpWorkshop","TheCursedMod:Dregs","TheCursedMod:TacticalStrike","TheCursedMod:SmokeScreen","TheCursedMod:SpitefulStrike","TheCursedMod:CursedMace","TheCursedMod:Grudge","TheCursedMod:CircleOfAbyss+1","TheCursedMod:CircleOfFlame","TheCursedMod:CircleOfBlood"],"relics":["TheCursedMod:BlackMagic101","NeowsBlessing","infinitespire:PuzzleCube","hubris:TenFootPole"],"acts_visited":["Exordium"],"potions_floor_usage":[6,7,16],"damage_taken":[{"damage":0,"enemies":"Jaw Worm","floor":1,"turns":1},{"damage":0,"enemies":"Cultist","floor":2,"turns":1},{"damage":0,"enemies":"Small Slimes","floor":3,"turns":1},{"damage":5,"enemies":"Red Slaver","floor":5,"turns":3},{"damage":9,"enemies":"Gremlin Nob","floor":6,"turns":3},{"damage":9,"enemies":"Gremlin Gang","floor":7,"turns":4},{"damage":3,"enemies":"Exordium Thugs","floor":10,"turns":8},{"damage":9,"enemies":"Blue Slaver","floor":13,"turns":3},{"damage":56,"enemies":"Hexaghost","floor":16,"turns":16}],"seed_played":"-8395540795209202386","potions_obtained":[{"floor":2,"key":"AttackPotion"},{"floor":6,"key":"Energy Potion"},{"floor":10,"key":"Swift Potion"}],"is_trial":false,"path_per_floor":["M","M","M","$","M","E","M","?","T","M","?","R","M","?","R","B"],"character_chosen":"THE_CURSED","items_purchased":["TheCursedMod:CursedMace"],"campfire_rested":1,"item_purchase_floors":[4],"current_hp_per_floor":[75,75,75,75,70,61,52,52,52,49,49,71,62,67,67,17,17],"gold":197,"neow_bonus":"THREE_ENEMY_KILL","is_daily":false,"chose_seed":false,"campfire_upgraded":1,"win_rate":0.0,"timestamp":1611190284,"path_taken":["M","M","M","$","M","E","M","?","T","?","?","R","M","?","R","BOSS"],"items_purchased_type":["Card"],"build_version":"2020-12-22","purchased_purges":0,"victory":false,"max_hp_per_floor":[75,75,75,75,75,75,75,75,75,75,75,75,75,75,75,75,75],"card_choices":[{"not_picked":["TheCursedMod:WearCloak","TheCursedMod:FleshFromBone"],"picked":"TheCursedMod:TacticalStrike","floor":1},{"not_picked":["TheCursedMod:RapidMovement","TheCursedMod:CursedMace"],"picked":"TheCursedMod:SmokeScreen","floor":2},{"not_picked":["TheCursedMod:ReleasedStrength","TheCursedMod:Mangle"],"picked":"TheCursedMod:SpitefulStrike","floor":3},{"not_picked":["TheCursedMod:TacticalStrike","TheCursedMod:LuckyCharm"],"picked":"TheCursedMod:Grudge","floor":5},{"not_picked":["TheCursedMod:RavingStaff","TheCursedMod:ReleasedStrength"],"picked":"TheCursedMod:CircleOfAbyss","floor":6},{"not_picked":["TheCursedMod:PrepareRite","TheCursedMod:SpreadPlague"],"picked":"TheCursedMod:CircleOfFlame","floor":7},{"not_picked":["TheCursedMod:CursedMace","TheCursedMod:Stretching"],"picked":"TheCursedMod:Torture","floor":10},{"not_picked":["TheCursedMod:Torture","TheCursedMod:SoulReap"],"picked":"TheCursedMod:CircleOfBlood","floor":13}],"player_experience":102244,"relics_obtained":[{"floor":6,"key":"infinitespire:PuzzleCube"},{"floor":9,"key":"hubris:TenFootPole"}],"event_choices":[{"damage_healed":0,"gold_gain":0,"cards_transformed":["TheCursedMod:Strike_TheCursed"],"player_choice":"Transformed","damage_taken":0,"max_hp_gain":0,"max_hp_loss":0,"event_name":"Transmorgrifier","floor":8,"gold_loss":0,"cards_obtained":["TheCursedMod:UltimatePain"]},{"cards_removed":["TheCursedMod:UltimatePain"],"damage_healed":0,"gold_gain":0,"player_choice":"Card Removal","damage_taken":0,"max_hp_gain":0,"max_hp_loss":0,"event_name":"The Cleric","floor":11,"gold_loss":50},{"cards_removed":["TheCursedMod:Torture"],"damage_healed":5,"gold_gain":0,"player_choice":"Offered Common","damage_taken":0,"max_hp_gain":0,"max_hp_loss":0,"event_name":"Bonfire Elementals","floor":14,"gold_loss":0},{"cards_removed":["TheCursedMod:Torture"],"damage_healed":5,"gold_gain":0,"player_choice":"Offered Special","damage_taken":0,"max_hp_gain":0,"max_hp_loss":0,"event_name":"Bonfire Elementals","floor":14,"gold_loss":0}],"is_beta":false,"boss_relics":[],"items_purged_floors":[],"is_endless":false,"potions_floor_spawned":[2,6,10],"killed_by":"Hexaghost","ascension_level":0}}