{"host":"ttx8tv95o5vka1nm","time":1611267452,"event":{"mods":["AchievementEnabler","BaseMod","Colored Map","Downfall","Infinite Spire","Minty Spire (QoL Compilation)","Shop Mod","StSLib","The Jungle"],"gold_per_floor":[209,228,245,265,4,4,34,50,50,66,79,111,111,141,141,236,236,250,269,280,294,64,64,98,98,122,153,173,173,173,206,206,206,206],"floor_reached":33,"language":"ENG","playtime":2354,"items_purged":["Strike_G"],"score":525,"play_id":"90939f60-700a-46f1-bb72-f7f1b27f1eaf","local_time":"20210122081732","is_ascension_mode":true,"campfire_choices":[{"data":"Terror","floor":6,"key":"SMITH"},{"floor":13,"key":"REST"},{"data":"infinitespire:Neurotoxin","floor":15,"key":"SMITH"},{"floor":23,"key":"REST"},{"floor":25,"key":"REST"},{"data":"Noxious Fumes","floor":30,"key":"SMITH"},{"data":"Footwork","floor":32,"key":"SMITH"}],"circlet_count":0,"master_deck":["Strike_G","Strike_G","Strike_G","Defend_G","Defend_G","Defend_G","Defend_G","Survivor","Neutralize","Slice","PiercingWail","Backflip","Terror+1","infinitespire:Neurotoxin+1","Noxious Fumes+1","Masterful Stab","Bouncing Flask","Flying Knee","Burst","Heel Hook+1","Poisoned Stab+1","Deflect","Tactician+1","Footwork+1","Acrobatics","Predator","Blade Dance+1","Dash+1"],"relics":["Ring of the Snake","infinitespire:WardingShard","Pen Nib","Mummified Hand","Kunai","Tiny Chest","MerchantsRug","infinitespire:EmpoweringShard","Omamori","StrikeDummy","Ornamental Fan"],"acts_visited":["Exordium","TheCity"],"potions_floor_usage":[7,12,12,27,33],"damage_taken":[{"damage":0,"enemies":"2 Louse","floor":1,"turns":2},{"damage":4,"enemies":"infinitespire:Voidling","floor":2,"turns":6},{"damage":4,"enemies":"Jaw Worm","floor":3,"turns":5},{"damage":6,"enemies":"Looter","floor":4,"turns":4},{"damage":14,"enemies":"Lagavulin","floor":7,"turns":9},{"damage":0,"enemies":"2 Fungi Beasts","floor":8,"turns":5},{"damage":4,"enemies":"Blue Slaver","floor":10,"turns":3},{"damage":0,"enemies":"3 Louse","floor":11,"turns":2},{"damage":13,"enemies":"Gremlin Nob","floor":12,"turns":3},{"damage":0,"enemies":"3 Sentries","floor":14,"turns":7},{"damage":0,"enemies":"Slime Boss","floor":16,"turns":7},{"damage":15,"enemies":"3 Byrds","floor":18,"turns":5},{"damage":5,"enemies":"Chosen","floor":19,"turns":2},{"damage":25,"enemies":"Sentry and Sphere","floor":20,"turns":6},{"damage":0,"enemies":"Snake Plant","floor":21,"turns":3},{"damage":25,"enemies":"Nightmare","floor":24,"turns":6},{"damage":5,"enemies":"Gremlin Leader","floor":27,"turns":5},{"damage":0,"enemies":"Centurion and Healer","floor":28,"turns":4},{"damage":35,"enemies":"Book of Stabbing","floor":31,"turns":4},{"damage":62,"enemies":"Automaton","floor":33,"turns":6}],"seed_played":"4947885965105962545","potions_obtained":[{"floor":2,"key":"hexamod:SoulburnPotion"},{"floor":7,"key":"Swift Potion"},{"floor":11,"key":"hexamod:SoulburnPotion"},{"floor":16,"key":"champ:CounterPotion"},{"floor":18,"key":"hexamod:SoulburnPotion"},{"floor":24,"key":"DuplicationPotion"},{"floor":31,"key":"LiquidBronze"}],"is_trial":false,"path_per_floor":["M","M","M","M","$","R","E","M","T","M","M","E","R","E","R","B",null,"M","M","M","M","$","R","NM","R","T","E","M","?","R","E","R","B"],"character_chosen":"THE_SILENT","items_purchased":["infinitespire:WardingShard","MerchantsRug","Footwork"],"campfire_rested":3,"item_purchase_floors":[5,22,22],"current_hp_per_floor":[63,59,55,49,49,49,35,35,35,31,31,18,39,39,39,39,62,47,42,17,17,17,38,13,34,34,29,29,70,70,35,35,0,0],"gold":206,"neow_bonus":"HUNDRED_GOLD","is_daily":false,"chose_seed":false,"campfire_upgraded":4,"win_rate":0.0,"timestamp":1611267452,"path_taken":["M","M","M","M","$","R","E","M","T","M","M","E","R","E","R","BOSS","M","M","M","M","$","R","NM","R","T","E","M","?","R","E","R","BOSS"],"items_purchased_type":["Relic","Relic","Card"],"build_version":"2020-12-22","purchased_purges":1,"victory":false,"max_hp_per_floor":[70,70,70,70,70,70,70,70,70,70,70,70,70,70,70,70,70,70,70,70,70,70,70,70,70,70,70,70,70,70,70,70,70,70],"card_choices":[{"not_picked":["Deadly Poison","Outmaneuver"],"picked":"Slice","floor":1},{"not_picked":["Underhanded Strike","Slice"],"picked":"PiercingWail","floor":2},{"not_picked":["Prepared","Underhanded Strike"],"picked":"Backflip","floor":3},{"not_picked":["Reflex","Leg Sweep"],"picked":"Terror","floor":4},{"not_picked":["Deflect","Dagger Throw"],"picked":"infinitespire:Neurotoxin","floor":7},{"not_picked":["Deadly Poison","Quick Slash"],"picked":"Noxious Fumes","floor":8},{"not_picked":["Blade Dance","Setup"],"picked":"Masterful Stab","floor":10},{"not_picked":["Dodge and Roll","Dagger Throw"],"picked":"Bouncing Flask","floor":11},{"not_picked":["PiercingWail","Underhanded Strike","Prepared"],"picked":"SKIP","floor":12},{"not_picked":["Deflect","Sucker Punch"],"picked":"Flying Knee","floor":14},{"not_picked":["Grand Finale","Unload"],"picked":"Burst","floor":16},{"not_picked":["All Out Attack","Calculated Gamble"],"picked":"Heel Hook+1","floor":18},{"not_picked":["Backstab+1","Quick Slash"],"picked":"Poisoned Stab+1","floor":19},{"not_picked":["Poisoned Stab","Slice"],"picked":"Deflect","floor":20},{"not_picked":["Sucker Punch","Dagger Throw"],"picked":"Tactician+1","floor":21},{"not_picked":["Outmaneuver","PiercingWail+1"],"picked":"Acrobatics","floor":24},{"not_picked":["Doppelganger","Outmaneuver"],"picked":"Predator","floor":27},{"not_picked":["Backflip","Riddle With Holes+1"],"picked":"Blade Dance+1","floor":28},{"not_picked":["Grand Finale","Acrobatics+1"],"picked":"Dash+1","floor":31}],"player_experience":788795,"relics_obtained":[{"floor":7,"key":"Pen Nib"},{"floor":9,"key":"Mummified Hand"},{"floor":12,"key":"Kunai"},{"floor":14,"key":"Tiny Chest"},{"floor":24,"key":"infinitespire:EmpoweringShard"},{"floor":26,"key":"Omamori"},{"floor":27,"key":"StrikeDummy"},{"floor":31,"key":"Ornamental Fan"}],"event_choices":[{"damage_healed":41,"gold_gain":0,"player_choice":"Full Heal","damage_taken":0,"max_hp_gain":0,"max_hp_loss":0,"event_name":"Wheel of Change","floor":29,"gold_loss":0}],"is_beta":false,"boss_relics":[{"not_picked":["bronze:MakeshiftBattery","Snecko Eye"],"picked":"Empty Cage"}],"items_purged_floors":[22],"is_endless":true,"potions_floor_spawned":[2,7,11,16,18,24,31],"killed_by":"Automaton","ascension_level":6}}