{"host":"4u4xibnmtqpdl4qa","time":1611196082,"event":{"mods":["2.2 Compatiblity","AchievementEnabler","BaseMod","Colored Map","Colored Powertips","Curses Come First","DeckTracker","Downfall","Highlight Path","Minty Spire (QoL Compilation)","Quick Restart","Rare Cards Sparkle","Relic Stats","Shop Mod","StSLib","SuperFastMode","The Senshi","The Vixen","TheHero","Waifu the Spire"],"gold_per_floor":[114,114,133,150,168,168,188,214,264,264,292,304,304,335,335,438,438,422,422,439,451,57,89,158,190,269,269,284,314,314,364,364,469,469,485,16,34,34,49,384,384,384,384,416,416,416,435,454,454,454],"floor_reached":51,"language":"ENG","playtime":4445,"items_purged":["theSenshi:SailorBlock"],"score":897,"play_id":"e113b89d-85f5-4ace-baf0-c09b9a211092","local_time":"20210121032802","is_ascension_mode":true,"campfire_choices":[{"data":"theSenshi:MoonHealingEscalation","floor":6.0,"key":"SMITH"},{"data":"theSenshi:MoonTwilightFlash","floor":13.0,"key":"SMITH"},{"data":"theSenshi:RoseThrow","floor":15.0,"key":"SMITH"},{"data":"theSenshi:MoonCrisisMakeUp","floor":30,"key":"SMITH"},{"data":"theSenshi:SailorStarHealerAssists","floor":32,"key":"SMITH"},{"data":"theSenshi:MoonPrismPowerMakeUp","floor":41,"key":"SMITH"},{"data":"theSenshi:SailorMercuryAssists","floor":46,"key":"SMITH"},{"data":"theSenshi:FatedKiss","floor":49,"key":"SMITH"}],"circlet_count":0,"master_deck":["theSenshi:RoseThrow+1","theSenshi:MoonPrismPowerMakeUp+1","theSenshi:MoonCrisisMakeUp+1","theSenshi:MoonTwilightFlash+1","theSenshi:MoonHealingEscalation+1","theSenshi:SailorMercuryAssists+1","theSenshi:SailorVenusAssists","theSenshi:TuxedoSmokingBomber+1","theSenshi:SailorStarHealerAssists+1","theSenshi:StudyParty","theSenshi:MoonPrincessHalation+1","theSenshi:TuxedoSmokingBomber+1","theSenshi:SailorVenusAssists+1","theSenshi:SailorPlanetAttack+1","theSenshi:SailorStarHealerAssists","theSenshi:SailorNeptuneAssists","theSenshi:MoonCrisisMakeUp+1","HandOfGreed+1","theSenshi:MoonPrincessHalation+1","theSenshi:RainbowMoonHeartAche+1","theSenshi:FatedKiss+1","theSenshi:UranusStrength","theSenshi:SailorStarHealerAssists","theSenshi:TallSilhouette+1","theSenshi:JupitersPower+1","theSenshi:MoonHealingEscalation+1","theSenshi:SailorPlanetAttack+1","Dark Shackles"],"relics":["theSenshi:TransformationBroochRelic","Happy Flower","Centennial Puzzle","Molten Egg 2","Juzu Bracelet","Astrolabe","Orrery","Ginger","theSenshi:CosmicHeartCompactRelic","Singing Bowl","PreservedInsect","Blue Candle","Empty Cage","theSenshi:TransformationPenRelic","DollysMirror","Old Coin","Thread and Needle","Oddly Smooth Stone","theSenshi:RoseRelic"],"acts_visited":["Exordium","TheCity","TheBeyond"],"potions_floor_usage":[23,23,31,31,31,40,44,47,48],"damage_taken":[{"damage":0.0,"enemies":"Jaw Worm","floor":1.0,"turns":6.0},{"damage":0.0,"enemies":"Cultist","floor":3.0,"turns":4.0},{"damage":4.0,"enemies":"2 Louse","floor":4.0,"turns":3.0},{"damage":3.0,"enemies":"Red Slaver","floor":5.0,"turns":5.0},{"damage":4.0,"enemies":"2 Fungi Beasts","floor":7.0,"turns":5.0},{"damage":8.0,"enemies":"Lagavulin","floor":8.0,"turns":10.0},{"damage":12.0,"enemies":"3 Sentries","floor":11.0,"turns":6.0},{"damage":3.0,"enemies":"Blue Slaver","floor":12.0,"turns":4.0},{"damage":20.0,"enemies":"Lagavulin","floor":14.0,"turns":5.0},{"damage":22.0,"enemies":"Hexaghost","floor":16.0,"turns":12.0},{"damage":16,"enemies":"2 Thieves","floor":18,"turns":5},{"damage":5,"enemies":"Spheric Guardian","floor":20,"turns":5},{"damage":9,"enemies":"Centurion and Healer","floor":21,"turns":4},{"damage":19,"enemies":"Book of Stabbing","floor":23,"turns":5},{"damage":7,"enemies":"Chosen and Byrds","floor":24,"turns":7},{"damage":0,"enemies":"Gremlin Leader","floor":25,"turns":8},{"damage":10,"enemies":"Snecko","floor":28,"turns":7},{"damage":33,"enemies":"Book of Stabbing","floor":29,"turns":6},{"damage":12,"enemies":"Slavers","floor":31,"turns":6},{"damage":23,"enemies":"Automaton","floor":33,"turns":10},{"damage":1,"enemies":"3 Shapes","floor":35,"turns":4},{"damage":8,"enemies":"3 Darklings","floor":37,"turns":6},{"damage":33,"enemies":"4 Shapes","floor":39,"turns":6},{"damage":7,"enemies":"Giant Head","floor":40,"turns":11},{"damage":54,"enemies":"Reptomancer","floor":44,"turns":8},{"damage":11,"enemies":"Spire Growth","floor":47,"turns":6},{"damage":1,"enemies":"Transient","floor":48,"turns":5},{"damage":12,"enemies":"Time Eater","floor":50,"turns":15}],"seed_played":"8125875020114073026","potions_obtained":[{"floor":5.0,"key":"Slimebound:ThreeZeroPotion"},{"floor":7.0,"key":"GamblersBrew"},{"floor":12.0,"key":"SkillPotion"},{"floor":16.0,"key":"EntropicBrew"},{"floor":23,"key":"Guardian:BlockOnCardUsePotion"},{"floor":25,"key":"AttackPotion"},{"floor":28,"key":"Regen Potion"},{"floor":29,"key":"PowerPotion"},{"floor":33,"key":"Regen Potion"},{"floor":35,"key":"SpeedPotion"},{"floor":39,"key":"AttackPotion"},{"floor":44,"key":"sneckomod:MuddlingPotion"},{"floor":47,"key":"Explosive Potion"},{"floor":48,"key":"sneckomod:MuddlingPotion"}],"is_trial":false,"path_per_floor":["M","?","M","M","M","R","M","E","T","?","E","M","R","E","R","B",null,"M","?","M","M","$","E","M","E","T","?","M","E","R","E","R","B",null,"M","$","M","?","M","E","R","?","T","E","?","R","M","M","R","B",null],"character_chosen":"THE_SENSHI","items_purchased":["Orrery","HandOfGreed+1","theSenshi:TransformationPenRelic","DollysMirror","theSenshi:SailorPlanetAttack+1"],"campfire_rested":0,"item_purchase_floors":[22,22,36,36,36],"current_hp_per_floor":[54,54,54,50,52,52,58,67,67,67,55,62,62,62,62,65,75,72,58,78,74,74,71,75,80,80,80,70,47,47,70,70,67,80,82,82,76,76,58,85,85,85,85,66,66,66,92,93,93,92],"gold":454,"neow_bonus":"TRANSFORM_TWO_CARDS","is_daily":false,"chose_seed":false,"campfire_upgraded":8,"win_rate":0.0,"timestamp":1611196082,"path_taken":["M","?","M","?","M","R","M","E","T","?","E","?","R","E","R","BOSS","M","?","M","M","$","E","M","E","T","?","M","E","R","E","R","BOSS","M","$","M","?","M","E","R","?","T","E","?","R","M","M","R","BOSS"],"items_purchased_type":["Relic","Card","Relic","Relic","Card"],"build_version":"2020-12-22","purchased_purges":1,"victory":true,"max_hp_per_floor":[75,75,75,75,75,75,75,75,75,75,75,75,75,75,75,75,75,75,80,80,80,80,80,80,80,80,80,80,80,80,80,80,80,80,82,82,84,84,86,88,88,88,88,90,90,90,92,94,94,94],"relic_stats":{"Centennial Puzzle":[63],"Happy Flower":[50],"Singing Bowl":14,"counters":[28,184],"Astrolabe":["theSenshi:MoonPrincessHalation","theSenshi:TuxedoSmokingBomber","theSenshi:SailorVenusAssists"],"Blue Candle":[0],"PreservedInsect":225,"Juzu Bracelet":1,"Ginger":[11],"obtain_stats":[{"Happy Flower":8,"Singing Bowl":26,"theSenshi:TransformationPenRelic":36,"Astrolabe":17,"Blue Candle":31,"Oddly Smooth Stone":44,"Thread and Needle":43,"PreservedInsect":29,"Juzu Bracelet":14,"Ginger":23,"Empty Cage":34,"Old Coin":40,"Centennial Puzzle":9,"theSenshi:TransformationBroochRelic":0,"DollysMirror":36,"Orrery":22,"theSenshi:RoseRelic":45,"Molten Egg 2":11,"theSenshi:CosmicHeartCompactRelic":25},{"Happy Flower":6,"Singing Bowl":16,"theSenshi:TransformationPenRelic":21,"Astrolabe":10,"Blue Candle":19,"Oddly Smooth Stone":25,"Thread and Needle":24,"PreservedInsect":18,"Juzu Bracelet":9,"Ginger":14,"Empty Cage":20,"Old Coin":24,"Centennial Puzzle":6,"theSenshi:TransformationBroochRelic":0,"DollysMirror":21,"Orrery":13,"theSenshi:RoseRelic":25,"Molten Egg 2":7,"theSenshi:CosmicHeartCompactRelic":16},{"Happy Flower":33,"Singing Bowl":94,"theSenshi:TransformationPenRelic":127,"Astrolabe":60,"Blue Candle":113,"Oddly Smooth Stone":158,"Thread and Needle":150,"PreservedInsect":107,"Juzu Bracelet":48,"Ginger":79,"Empty Cage":123,"Old Coin":150,"Centennial Puzzle":33,"theSenshi:TransformationBroochRelic":0,"DollysMirror":127,"Orrery":74,"theSenshi:RoseRelic":158,"Molten Egg 2":39,"theSenshi:CosmicHeartCompactRelic":94}]},"card_choices":[{"not_picked":["theSenshi:SailorChibiMoonAssists","theSenshi:EncouragingSpeech"],"picked":"theSenshi:SailorVenusAssists","floor":1.0},{"not_picked":["theSenshi:SailorStarFighterAssists","theSenshi:SailorMarsAssists"],"picked":"theSenshi:MoonTwilightFlash","floor":3.0},{"not_picked":["theSenshi:PlutosSolemnity","theSenshi:LateForSchool"],"picked":"theSenshi:MoonHealingEscalation","floor":4.0},{"not_picked":["theSenshi:TallSilhouette","theSenshi:MercurysCunning"],"picked":"theSenshi:MoonlightKnight","floor":5.0},{"not_picked":["theSenshi:SchoolBag","theSenshi:Sidestep"],"picked":"theSenshi:SailorMercuryAssists","floor":7.0},{"not_picked":["theSenshi:VenusGlamour","theSenshi:LunasBite","theSenshi:OdangoHead"],"picked":"SKIP","floor":8.0},{"not_picked":["theSenshi:OdangoHead","theSenshi:SailorMarsAssists+1"],"picked":"theSenshi:TuxedoSmokingBomber+1","floor":11.0},{"not_picked":["theSenshi:GatheringStrength","theSenshi:Sidestep","theSenshi:TuxedoSmokingBomber+1"],"picked":"SKIP","floor":12.0},{"not_picked":["theSenshi:SupersonicWaves+1","theSenshi:VenusGlamour+1"],"picked":"theSenshi:SailorStarHealerAssists","floor":14.0},{"not_picked":["theSenshi:SailorCosmosAssists","theSenshi:InTheNameOfTheMoon"],"picked":"theSenshi:StudyParty","floor":16.0},{"not_picked":["theSenshi:KlutzyLuck","theSenshi:MoonPunch+1","theSenshi:SailorMarsAssists+1"],"picked":"SKIP","floor":18},{"not_picked":["theSenshi:SailorVenusAssists+1","theSenshi:DramaticEntrance"],"picked":"theSenshi:SailorPlanetAttack+1","floor":20},{"not_picked":["theSenshi:MoonsReflection+1","theSenshi:MoonTwilightFlash+1","theSenshi:PlutosSolemnity"],"picked":"SKIP","floor":21},{"not_picked":["theSenshi:LunasBite+1","theSenshi:SailorNeptuneAssists+1"],"picked":"theSenshi:SailorStarHealerAssists","floor":22},{"not_picked":["theSenshi:MoonsReflection","theSenshi:Sidestep+1"],"picked":"theSenshi:SailorNeptuneAssists","floor":22},{"not_picked":["theSenshi:OdangoHead","theSenshi:LunaSensingAllies"],"picked":"theSenshi:MoonCrisisMakeUp+1","floor":22},{"not_picked":["theSenshi:SchoolBag","theSenshi:LateForSchool+1"],"picked":"theSenshi:MoonPrincessHalation+1","floor":23},{"not_picked":["theSenshi:PlutosSolemnity+1","theSenshi:SailorUranusAssists+1"],"picked":"theSenshi:RainbowMoonHeartAche+1","floor":24},{"not_picked":["theSenshi:MoonTiaraMagic+1","theSenshi:SailorMarsAssists+1"],"picked":"theSenshi:FatedKiss","floor":25},{"not_picked":["theSenshi:LunasBite+1","theSenshi:MoonKick+1"],"picked":"theSenshi:UranusStrength","floor":28},{"not_picked":["theSenshi:TuxedoSmokingBomber+1","theSenshi:EncouragingSpeech"],"picked":"theSenshi:SailorStarHealerAssists","floor":29},{"not_picked":["theSenshi:SailorMercuryAssists","theSenshi:SupersonicWaves+1"],"picked":"theSenshi:TallSilhouette+1","floor":31},{"not_picked":["theSenshi:StudyParty","theSenshi:FatedKiss"],"picked":"theSenshi:JupitersPower+1","floor":33},{"not_picked":["theSenshi:GatheringStrength","theSenshi:LunasBite+1","theSenshi:MoonTiaraMagic+1"],"picked":"Singing Bowl","floor":35},{"not_picked":["theSenshi:MoonPunch+1","theSenshi:MoonPrincessHalation+1","theSenshi:LateForSchool"],"picked":"Singing Bowl","floor":37},{"not_picked":["The Bomb","PanicButton"],"picked":"Dark Shackles","floor":38},{"not_picked":["theSenshi:LunasBite+1","theSenshi:Sidestep","theSenshi:SailorChibiMoonAssists+1"],"picked":"Singing Bowl","floor":39},{"not_picked":["theSenshi:MoonTiaraMagic+1","theSenshi:SchoolBag+1","theSenshi:SailorChibiMoonAssists+1"],"picked":"Singing Bowl","floor":40},{"not_picked":["theSenshi:SchoolBag","theSenshi:MoonlightKnight+1","theSenshi:SupersonicWaves+1"],"picked":"Singing Bowl","floor":44},{"not_picked":["theSenshi:Sidestep+1","theSenshi:OdangoHead+1","theSenshi:SchoolBag"],"picked":"Singing Bowl","floor":47},{"not_picked":["theSenshi:MoonPrincessHalation+1","theSenshi:Sidestep+1","theSenshi:SailorPlanetPower+1"],"picked":"Singing Bowl","floor":48}],"player_experience":196424,"relics_obtained":[{"floor":8.0,"key":"Happy Flower"},{"floor":9.0,"key":"Centennial Puzzle"},{"floor":11.0,"key":"Molten Egg 2"},{"floor":14.0,"key":"Juzu Bracelet"},{"floor":23,"key":"Ginger"},{"floor":25,"key":"theSenshi:CosmicHeartCompactRelic"},{"floor":26,"key":"Singing Bowl"},{"floor":29,"key":"PreservedInsect"},{"floor":31,"key":"Blue Candle"},{"floor":40,"key":"Old Coin"},{"floor":43,"key":"Thread and Needle"},{"floor":44,"key":"Oddly Smooth Stone"}],"event_choices":[{"cards_removed":["theSenshi:GatheringStrength"],"damage_healed":0.0,"max_hp_gain":0.0,"max_hp_loss":0.0,"gold_gain":0.0,"event_name":"Purifier","player_choice":"Purged","floor":2.0,"gold_loss":0.0,"damage_taken":0.0},{"damage_healed":0.0,"max_hp_gain":0.0,"max_hp_loss":0.0,"gold_gain":0.0,"cards_transformed":["theSenshi:SailorBlock"],"event_name":"Transmorgrifier","player_choice":"Transformed","floor":10.0,"gold_loss":0.0,"damage_taken":0.0,"cards_obtained":["theSenshi:SailorVenusAssists"]},{"damage_healed":0,"gold_gain":0,"player_choice":"Shed Blood","damage_taken":19,"max_hp_gain":5,"max_hp_loss":0,"event_name":"Forgotten Altar","floor":19,"gold_loss":0},{"cards_removed":["theSenshi:MoonlightKnight"],"damage_healed":0,"gold_gain":0,"player_choice":"Purged","damage_taken":0,"max_hp_gain":0,"max_hp_loss":0,"event_name":"Purifier","floor":27,"gold_loss":0},{"damage_healed":0,"gold_gain":0,"player_choice":"Memory 1","damage_taken":0,"max_hp_gain":0,"max_hp_loss":0,"event_name":"SensoryStone","floor":38,"gold_loss":0},{"damage_healed":0,"gold_gain":0,"player_choice":"Ignored","damage_taken":0,"max_hp_gain":0,"max_hp_loss":0,"event_name":"Tomb of Lord Red Mask","floor":42,"gold_loss":0},{"damage_healed":0,"gold_gain":0,"player_choice":"Gave Potion","damage_taken":0,"relics_obtained":["theSenshi:RoseRelic"],"max_hp_gain":0,"max_hp_loss":0,"event_name":"WeMeetAgain","floor":45,"gold_loss":0}],"is_beta":false,"boss_relics":[{"not_picked":["Busted Crown","Runic Pyramid"],"picked":"Astrolabe"},{"not_picked":["Black Star","SacredBark"],"picked":"Empty Cage"}],"items_purged_floors":[22],"is_endless":false,"potions_floor_spawned":[5,7,12,16,23,25,28,29,33,35,39,44,47,48],"ascension_level":1}}