{"host":"oigynbtg272c19pw","time":1611246303,"event":{"mods":["BaseMod","Colored Map","Minty Spire (QoL Compilation)","Relic Stats","Slay the Relics Exporter","StSLib"],"gold_per_floor":[109,120,45,45,45,45,80,80,80,80,101,124,159,6,6,6,6],"floor_reached":16,"playtime":349,"items_purged":["Strike_R"],"score":266,"play_id":"e2b4798b-9574-474e-922a-1f17957f34f5","local_time":"20210121172503","is_ascension_mode":true,"campfire_choices":[{"data":"Spot Weakness","floor":6.0,"key":"SMITH"},{"data":"Rupture","floor":8.0,"key":"SMITH"},{"data":"Bash","floor":10.0,"key":"SMITH"},{"data":"Feel No Pain","floor":15,"key":"SMITH"}],"circlet_count":0,"master_deck":["AscendersBane","Strike_R","Strike_R","Strike_R","Defend_R","Defend_R","Defend_R","Defend_R","Bash+1","Twin Strike","Spot Weakness+1","Rupture+1","Pommel Strike","Juggernaut","Sword Boomerang","Feel No Pain+1"],"relics":["Burning Blood","NeowsBlessing","Golden Idol","PreservedInsect","White Beast Statue","Kunai"],"acts_visited":["Exordium"],"potions_floor_usage":[13,16],"damage_taken":[{"damage":0.0,"enemies":"Small Slimes","floor":1.0,"turns":1.0},{"damage":0.0,"enemies":"Jaw Worm","floor":2.0,"turns":1.0},{"damage":0.0,"enemies":"Gremlin Nob","floor":7.0,"turns":1.0},{"damage":2.0,"enemies":"Cultist","floor":11.0,"turns":4.0},{"damage":21.0,"enemies":"3 Louse","floor":12.0,"turns":4.0},{"damage":30,"enemies":"3 Sentries","floor":13,"turns":7},{"damage":40,"enemies":"Slime Boss","floor":16,"turns":7}],"seed_played":"8701007567376846057","potions_obtained":[{"floor":7.0,"key":"SpeedPotion"},{"floor":11.0,"key":"DuplicationPotion"},{"floor":12.0,"key":"FairyPotion"},{"floor":13,"key":"Block Potion"}],"is_trial":false,"path_per_floor":["M","M","?","?","$","R","E","R","T","R","M","M","E","$","R","B"],"character_chosen":"IRONCLAD","items_purchased":["Feel No Pain"],"campfire_rested":0,"item_purchase_floors":[14],"current_hp_per_floor":[74,75,75,49,49,49,55,55,55,55,59,44,20,20,20,8,8],"gold":6,"neow_bonus":"THREE_ENEMY_KILL","is_daily":false,"chose_seed":false,"campfire_upgraded":4,"win_rate":0.0,"timestamp":1611246303,"path_taken":["M","M","?","?","$","R","E","R","T","R","M","M","E","?","R","BOSS"],"items_purchased_type":["Card"],"build_version":"2020-12-13","purchased_purges":1,"victory":false,"max_hp_per_floor":[75,75,75,75,75,75,75,75,75,75,75,75,75,75,75,75,75],"relic_stats":{"counters":[7,25],"Golden Idol":23,"PreservedInsect":32,"Kunai":[1],"obtain_stats":[{"NeowsBlessing":0,"Golden Idol":4,"PreservedInsect":7,"Kunai":13,"Burning Blood":0,"White Beast Statue":9},{"NeowsBlessing":0,"Golden Idol":2,"PreservedInsect":3,"Kunai":6,"Burning Blood":0,"White Beast Statue":3},{"NeowsBlessing":0,"Golden Idol":2,"PreservedInsect":3,"Kunai":18,"Burning Blood":0,"White Beast Statue":3}],"Burning Blood":31},"card_choices":[{"not_picked":["Reckless Charge","True Grit"],"picked":"Twin Strike","floor":1.0},{"not_picked":["Twin Strike","Pommel Strike"],"picked":"Spot Weakness","floor":2.0},{"not_picked":["Shrug It Off","Havoc"],"picked":"Rupture","floor":7.0},{"not_picked":["Shrug It Off","Searing Blow"],"picked":"Pommel Strike","floor":11.0},{"not_picked":["Sword Boomerang","Sever Soul"],"picked":"Juggernaut","floor":12.0},{"not_picked":["Infernal Blade","Carnage"],"picked":"Sword Boomerang","floor":13}],"player_experience":1460857,"relics_obtained":[{"floor":7.0,"key":"PreservedInsect"},{"floor":9.0,"key":"White Beast Statue"},{"floor":13,"key":"Kunai"}],"event_choices":[{"cards_removed":["Strike_R"],"damage_healed":0.0,"max_hp_gain":0.0,"max_hp_loss":0.0,"gold_gain":0.0,"event_name":"The Cleric","player_choice":"Card Removal","floor":3.0,"gold_loss":75.0,"damage_taken":0.0},{"damage_healed":0.0,"max_hp_gain":0.0,"max_hp_loss":0.0,"gold_gain":0.0,"event_name":"Golden Idol","player_choice":"Take Damage","floor":4.0,"gold_loss":0.0,"damage_taken":26.0,"relics_obtained":["Golden Idol"]}],"is_beta":false,"boss_relics":[],"items_purged_floors":[14],"is_endless":false,"potions_floor_spawned":[7,11,12,13],"killed_by":"Slime Boss","ascension_level":20}}