{"host":"ELF","time":1611248080,"event":{"mods":["BaseMod","Bestiary","Minty Spire (QoL Compilation)","Relic Stats","Slay the Relics Exporter"],"gold_per_floor":[99,99,99,99,99,99,99,99,99,99,79,79,79,79,79,79,79,79,79,79,79,79,79,79,79,79,79,79,79,79,79,79,79,79],"floor_reached":33,"language":"ENG","playtime":1620,"items_purged":[],"score":678,"play_id":"567fab81-a1ab-4d06-bd21-0535cf23f7e9","local_time":"20210121105440","is_ascension_mode":true,"campfire_choices":[{"floor":10.0,"key":"REST"},{"floor":15.0,"key":"REST"},{"floor":27,"key":"REST"},{"floor":30,"key":"REST"},{"floor":32,"key":"REST"}],"circlet_count":0,"master_deck":["AscendersBane","Strike_G+1","Strike_G+1","Strike_G+1","Strike_G+1","Defend_G+1","Defend_G+1","Defend_G+1","Defend_G+1","Defend_G+1","Survivor","Neutralize","Deadly Poison","Bouncing Flask","Catalyst+1","Backflip","Bane","Dash","Bane","PiercingWail","Bullet Time","Sucker Punch+1","Eviscerate","Crippling Poison","Blur","Underhanded Strike+1"],"relics":["Ectoplasm","Pear","War Paint","Art of War","Akabeko","Snecko Eye","Bottled Flame","White Beast Statue","Nilry\u0027s Codex"],"acts_visited":["Exordium","TheCity"],"potions_floor_usage":[23,33],"damage_taken":[{"damage":0.0,"enemies":"2 Louse","floor":1.0,"turns":5.0},{"damage":3.0,"enemies":"Cultist","floor":2.0,"turns":4.0},{"damage":0.0,"enemies":"Small Slimes","floor":4.0,"turns":4.0},{"damage":6.0,"enemies":"Blue Slaver","floor":5.0,"turns":3.0},{"damage":27.0,"enemies":"3 Sentries","floor":6.0,"turns":10.0},{"damage":10.0,"enemies":"3 Louse","floor":7.0,"turns":4.0},{"damage":17.0,"enemies":"Lagavulin","floor":8.0,"turns":5.0},{"damage":6.0,"enemies":"Looter","floor":11.0,"turns":2.0},{"damage":0.0,"enemies":"Gremlin Nob","floor":12.0,"turns":2.0},{"damage":1.0,"enemies":"Exordium Thugs","floor":13.0,"turns":5.0},{"damage":14.0,"enemies":"The Guardian","floor":16.0,"turns":8.0},{"damage":20.0,"enemies":"Spheric Guardian","floor":18.0,"turns":5.0},{"damage":16.0,"enemies":"Shell Parasite","floor":21.0,"turns":4.0},{"damage":0,"enemies":"Centurion and Healer","floor":22,"turns":4},{"damage":46,"enemies":"Slavers","floor":23,"turns":7},{"damage":0,"enemies":"Snake Plant","floor":24,"turns":3},{"damage":17,"enemies":"Shelled Parasite and Fungi","floor":31,"turns":4},{"damage":64,"enemies":"Collector","floor":33,"turns":8}],"seed_played":"-5895483596817107249","potions_obtained":[{"floor":1.0,"key":"Explosive Potion"},{"floor":6.0,"key":"AttackPotion"},{"floor":8.0,"key":"DuplicationPotion"},{"floor":16.0,"key":"FairyPotion"},{"floor":18.0,"key":"Weak Potion"},{"floor":24,"key":"Energy Potion"},{"floor":31,"key":"DuplicationPotion"}],"is_trial":false,"path_per_floor":["M","M","?","M","M","E","M","E","T","R","M","E","M","?","R","B",null,"M","?","?","M","M","E","M","?","T","R","$","?","R","M","R","B"],"character_chosen":"THE_SILENT","items_purchased":[],"campfire_rested":5,"item_purchase_floors":[],"current_hp_per_floor":[59,56,56,56,50,33,23,6,6,28,22,22,21,10,32,18,62,42,57,57,41,41,18,18,18,18,40,40,19,41,24,46,0,0],"gold":79,"neow_bonus":"BOSS_RELIC","is_daily":false,"chose_seed":false,"campfire_upgraded":0,"win_rate":0.0,"timestamp":1611248080,"path_taken":["M","M","?","?","M","E","M","E","T","R","M","E","M","?","R","BOSS","M","?","?","M","M","E","M","?","T","R","$","?","R","?","R","BOSS"],"items_purchased_type":[],"build_version":"2020-12-18","purchased_purges":0,"victory":false,"max_hp_per_floor":[66,66,66,66,66,76,76,76,76,76,76,76,76,76,76,76,76,76,76,76,76,76,76,76,76,76,76,76,76,76,76,76,76,76],"relic_stats":{"counters":[18,87],"Snecko Eye":[59,56,63,69],"Ectoplasm":467,"Art of War":[7],"War Paint":["Catalyst","Defend_G"],"obtain_stats":[{"Bottled Flame":23,"Pear":6,"Nilry\u0027s Codex":29,"Snecko Eye":17,"Ectoplasm":0,"Art of War":9,"War Paint":8,"Akabeko":12,"White Beast Statue":26,"Ring of the Snake":0},{"Bottled Flame":15,"Pear":5,"Nilry\u0027s Codex":16,"Snecko Eye":11,"Ectoplasm":0,"Art of War":7,"War Paint":7,"Akabeko":9,"White Beast Statue":16,"Ring of the Snake":0},{"Bottled Flame":72,"Pear":26,"Nilry\u0027s Codex":75,"Snecko Eye":52,"Ectoplasm":0,"Art of War":35,"War Paint":35,"Akabeko":39,"White Beast Statue":75,"Ring of the Snake":0}]},"card_choices":[{"not_picked":["Underhanded Strike","PiercingWail"],"picked":"Deadly Poison","floor":1.0},{"not_picked":["Deadly Poison","Heel Hook"],"picked":"Bouncing Flask","floor":2.0},{"not_picked":["Cloak And Dagger","Bouncing Flask"],"picked":"Catalyst","floor":4.0},{"not_picked":["Dagger Spray","Quick Slash","Sucker Punch"],"picked":"SKIP","floor":5.0},{"not_picked":["Setup","Outmaneuver"],"picked":"Backflip","floor":6.0},{"not_picked":["Die Die Die","Underhanded Strike"],"picked":"Bane","floor":7.0},{"not_picked":["Cloak And Dagger","Dagger Spray"],"picked":"Dash","floor":8.0},{"not_picked":["Slice","Prepared"],"picked":"Bane","floor":11.0},{"not_picked":["Finisher","Slice"],"picked":"PiercingWail","floor":12.0},{"not_picked":["Dagger Spray","Cloak And Dagger","Blade Dance"],"picked":"SKIP","floor":13.0},{"not_picked":["Corpse Explosion","Storm of Steel"],"picked":"Bullet Time","floor":16.0},{"not_picked":["Terror","Blade Dance"],"picked":"Sucker Punch+1","floor":18.0},{"not_picked":["Deflect+1","Quick Slash","Finisher+1"],"picked":"SKIP","floor":21},{"not_picked":["Dagger Spray","Outmaneuver"],"picked":"Eviscerate","floor":22},{"not_picked":["Quick Slash","PiercingWail"],"picked":"Crippling Poison","floor":23},{"not_picked":["Dodge and Roll","Backstab"],"picked":"Blur","floor":24},{"not_picked":["Finisher","Blade Dance"],"picked":"Underhanded Strike+1","floor":31}],"player_experience":3253584,"relics_obtained":[{"floor":6.0,"key":"Pear"},{"floor":8.0,"key":"War Paint"},{"floor":9.0,"key":"Art of War"},{"floor":12.0,"key":"Akabeko"},{"floor":23,"key":"Bottled Flame"},{"floor":26,"key":"White Beast Statue"},{"floor":29,"key":"Nilry\u0027s Codex"}],"event_choices":[{"cards_removed":["Strike_G"],"damage_healed":0.0,"max_hp_gain":0.0,"max_hp_loss":0.0,"gold_gain":0.0,"event_name":"Purifier","player_choice":"Purged","floor":3.0,"gold_loss":0.0,"damage_taken":0.0},{"damage_healed":0.0,"max_hp_gain":0.0,"max_hp_loss":0.0,"gold_gain":75.0,"event_name":"World of Goop","player_choice":"Gather Gold","floor":14.0,"gold_loss":0.0,"damage_taken":11.0},{"damage_healed":15.0,"max_hp_gain":0.0,"max_hp_loss":0.0,"gold_gain":0.0,"event_name":"The Library","player_choice":"Heal","floor":19.0,"gold_loss":0.0,"damage_taken":0.0},{"damage_healed":0.0,"max_hp_gain":0.0,"max_hp_loss":0.0,"gold_gain":0.0,"event_name":"Vampires","player_choice":"Ignored","floor":20.0,"gold_loss":0.0,"damage_taken":0.0},{"damage_healed":0,"gold_gain":0,"player_choice":"Simplicity","damage_taken":0,"max_hp_gain":0,"max_hp_loss":0,"event_name":"Back to Basics","floor":25,"gold_loss":0,"cards_upgraded":["Strike_G","Strike_G","Strike_G","Strike_G","Defend_G","Defend_G","Defend_G","Defend_G"]},{"damage_healed":0,"gold_gain":0,"player_choice":"Obtained Book","damage_taken":21,"max_hp_gain":0,"max_hp_loss":0,"event_name":"Cursed Tome","floor":29,"gold_loss":0}],"is_beta":true,"boss_relics":[{"not_picked":["Busted Crown","Runic Pyramid"],"picked":"Snecko Eye"}],"items_purged_floors":[],"is_endless":false,"potions_floor_spawned":[1,6,8,16,18,24,31],"killed_by":"Collector","ascension_level":20}}