{"host":"3y2rtlgteqp2nuo3","time":1611234345,"event":{"mods":["2.2 Compatiblity","AchievementEnabler","BaseMod","Colored Map","DeckTracker","Highlight Path","Keyboard Shortcuts","Minty Spire (QoL Compilation)","Permanent Neow","Quick Restart","StSLib","SuperFastMode","everything is the same but u backflip on backflip"],"gold_per_floor":[112,124,141,66,81,81,97,97,97],"floor_reached":8,"language":"KOR","playtime":202,"items_purged":["Strike_G"],"score":88,"play_id":"80666160-eae6-4c4b-9beb-a4363a6ae737","local_time":"20210121220545","is_ascension_mode":true,"campfire_choices":[{"data":"Riddle With Holes","floor":6,"key":"SMITH"}],"circlet_count":0,"master_deck":["AscendersBane","Strike_G","Strike_G","Strike_G","Defend_G","Defend_G","Defend_G","Defend_G","Survivor","Neutralize","Riddle With Holes+1","Predator","Outmaneuver","Dagger Spray","Blur"],"relics":["Ring of the Snake"],"acts_visited":["Exordium"],"potions_floor_usage":[],"damage_taken":[{"damage":0,"enemies":"Jaw Worm","floor":1,"turns":4},{"damage":0,"enemies":"Small Slimes","floor":2,"turns":4},{"damage":1,"enemies":"Cultist","floor":3,"turns":3},{"damage":16,"enemies":"Exordium Thugs","floor":5,"turns":6},{"damage":27,"enemies":"Exordium Wildlife","floor":7,"turns":6},{"damage":27,"enemies":"Gremlin Nob","floor":8,"turns":3}],"seed_played":"-7394842016218394366","potions_obtained":[{"floor":2,"key":"DuplicationPotion"},{"floor":3,"key":"CultistPotion"}],"is_trial":false,"path_per_floor":["M","M","M","$","M","R","M","E"],"character_chosen":"THE_SILENT","items_purchased":[],"campfire_rested":0,"item_purchase_floors":[],"current_hp_per_floor":[59,59,58,58,42,42,15,0,0],"gold":97,"neow_bonus":"TRANSFORM_TWO_CARDS","is_daily":false,"chose_seed":false,"campfire_upgraded":1,"win_rate":0.0,"timestamp":1611234345,"path_taken":["M","M","M","$","M","R","M","E"],"items_purchased_type":[],"build_version":"2020-12-22","purchased_purges":1,"victory":false,"max_hp_per_floor":[60,60,60,60,60,60,60,60,60],"card_choices":[{"not_picked":["Backflip","Bane"],"picked":"Outmaneuver","floor":1},{"not_picked":["Finisher","Deflect","Slice"],"picked":"SKIP","floor":2},{"not_picked":["Underhanded Strike","Deflect"],"picked":"Dagger Spray","floor":3},{"not_picked":["Noxious Fumes","Catalyst"],"picked":"Blur","floor":5},{"not_picked":["Deflect","Slice","Heel Hook"],"picked":"SKIP","floor":7}],"player_experience":705665,"relics_obtained":[],"event_choices":[],"is_beta":false,"boss_relics":[],"items_purged_floors":[4],"is_endless":false,"potions_floor_spawned":[2,3],"killed_by":"Gremlin Nob","ascension_level":15}}