{"host":"8iaoobhpyvel1t4g","time":1611195629,"event":{"mods":["Always Whale","BaseMod","Colored Map","Downfall","Energized Spire","Highlight Path","Minty Spire (QoL Compilation)","StSLib"],"gold_per_floor":[99,99,99,99,99,99,99,99,99,99,99,99,99,99,99,99,99],"floor_reached":16,"language":"ENG","playtime":894,"items_purged":[],"score":186,"play_id":"4617dfe4-71d3-4223-b27c-06dc7fb8b89a","local_time":"20210120212029","is_ascension_mode":true,"campfire_choices":[{"data":"Sucker Punch","floor":7.0,"key":"SMITH"},{"floor":10,"key":"REST"},{"data":"Wraith Form v2","floor":12,"key":"SMITH"},{"data":"Cloak And Dagger","floor":15,"key":"SMITH"}],"circlet_count":0,"master_deck":["AscendersBane","Strike_G","Strike_G","Strike_G","Strike_G","Strike_G","Defend_G","Defend_G","Defend_G","Defend_G","Defend_G","Survivor","Neutralize","Dodge and Roll","Sucker Punch+1","Poisoned Stab","Flying Knee","Blade Dance","Bullet Time","Wraith Form v2+1","Bouncing Flask","Acrobatics","Cloak And Dagger+1"],"relics":["Ectoplasm","Orichalcum","Akabeko","Molten Egg 2","White Beast Statue"],"acts_visited":["Exordium"],"potions_floor_usage":[8,16],"damage_taken":[{"damage":0.0,"enemies":"Cultist","floor":1.0,"turns":5.0},{"damage":1.0,"enemies":"Jaw Worm","floor":2.0,"turns":5.0},{"damage":0.0,"enemies":"Small Slimes","floor":3.0,"turns":4.0},{"damage":7.0,"enemies":"Exordium Wildlife","floor":4.0,"turns":4.0},{"damage":12.0,"enemies":"Lots of Slimes","floor":5.0,"turns":7.0},{"damage":21.0,"enemies":"Gremlin Nob","floor":6.0,"turns":5.0},{"damage":17,"enemies":"3 Sentries","floor":8,"turns":11},{"damage":9,"enemies":"Lagavulin","floor":11,"turns":6},{"damage":0,"enemies":"Large Slime","floor":13,"turns":6},{"damage":0,"enemies":"2 Fungi Beasts","floor":14,"turns":4},{"damage":35,"enemies":"Slime Boss","floor":16,"turns":10}],"seed_played":"-4801230092654301426","potions_obtained":[{"floor":3.0,"key":"SteroidPotion"},{"floor":6.0,"key":"Swift Potion"},{"floor":11,"key":"SmokeBomb"},{"floor":13,"key":"Regen Potion"},{"floor":14,"key":"BlessingOfTheForge"}],"is_trial":false,"path_per_floor":["M","M","M","M","M","E","R","E","T","R","E","R","M","M","R","B"],"character_chosen":"THE_SILENT","items_purchased":[],"campfire_rested":1,"item_purchase_floors":[],"current_hp_per_floor":[63,62,62,55,43,22,22,5,5,26,17,17,17,17,17,0,0],"gold":99,"neow_bonus":"BOSS_RELIC","is_daily":false,"chose_seed":false,"campfire_upgraded":3,"win_rate":0.0,"timestamp":1611195629,"path_taken":["M","M","M","M","M","E","R","E","T","R","E","R","M","M","R","BOSS"],"items_purchased_type":[],"build_version":"2020-12-22","purchased_purges":0,"victory":false,"max_hp_per_floor":[70,70,70,70,70,70,70,70,70,70,70,70,70,70,70,70,70],"card_choices":[{"not_picked":["Masterful Stab","Endless Agony"],"picked":"Dodge and Roll","floor":1.0},{"not_picked":["Acrobatics","Deflect"],"picked":"Sucker Punch","floor":2.0},{"not_picked":["Deflect","Acrobatics"],"picked":"Poisoned Stab","floor":3.0},{"not_picked":["Outmaneuver","Bane"],"picked":"Flying Knee","floor":4.0},{"not_picked":["Catalyst","Sucker Punch"],"picked":"Blade Dance","floor":5.0},{"not_picked":["Backflip","Outmaneuver"],"picked":"Bullet Time","floor":6.0},{"not_picked":["Caltrops","Acrobatics"],"picked":"Wraith Form v2","floor":8},{"not_picked":["Reflex","Prepared"],"picked":"Bouncing Flask","floor":11},{"not_picked":["Prepared","Sucker Punch+1"],"picked":"Acrobatics","floor":13},{"not_picked":["Escape Plan","Predator+1"],"picked":"Cloak And Dagger","floor":14}],"player_experience":371310,"relics_obtained":[{"floor":6.0,"key":"Orichalcum"},{"floor":8,"key":"Akabeko"},{"floor":9,"key":"Molten Egg 2"},{"floor":11,"key":"White Beast Statue"}],"event_choices":[],"is_beta":false,"boss_relics":[],"items_purged_floors":[],"is_endless":false,"potions_floor_spawned":[3,6,11,13,14],"killed_by":"Slime Boss","ascension_level":10}}