{"host":"94aus4jnk6thj94q","time":1611264991,"event":{"mods":["BaseMod","Minty Spire (QoL Compilation)","Quick Restart","StSLib"],"gold_per_floor":[116,64,64,79,57,83,101,111,111,122,134,148,122,122,122,225,525,541,541,541,541],"floor_reached":20,"language":"ENG","playtime":39429,"items_purged":[],"score":201,"play_id":"119ec2e3-bd20-4f8a-bae6-be638fb2679e","local_time":"20210121233631","is_ascension_mode":false,"campfire_choices":[{"floor":15,"key":"RECALL"}],"circlet_count":0,"master_deck":["Strike_R","Strike_R","Strike_R","Strike_R","Strike_R","Defend_R","Defend_R","Defend_R","Defend_R","Bash","Iron Wave","Shrug It Off","Flame Barrier","Perfected Strike","Whirlwind","Fire Breathing","Iron Wave","Demon Form","Body Slam","Parasite","Demon Form","CurseOfTheBell","Uppercut"],"relics":["Burning Blood","NeowsBlessing","Ginger","The Courier","Bottled Lightning","Calling Bell","Toy Ornithopter","Pear","Old Coin","MutagenicStrength"],"acts_visited":["Exordium","TheCity"],"potions_floor_usage":[11,16],"damage_taken":[{"damage":0,"enemies":"Cultist","floor":1,"turns":1},{"damage":0,"enemies":"2 Louse","floor":4,"turns":1},{"damage":0,"enemies":"3 Sentries","floor":6,"turns":2},{"damage":13,"enemies":"Jaw Worm","floor":7,"turns":3},{"damage":15,"enemies":"Large Slime","floor":8,"turns":5},{"damage":1,"enemies":"3 Louse","floor":10,"turns":2},{"damage":16,"enemies":"Exordium Wildlife","floor":11,"turns":4},{"damage":7,"enemies":"Blue Slaver","floor":12,"turns":4},{"damage":55,"enemies":"Hexaghost","floor":16,"turns":11},{"damage":37,"enemies":"Chosen","floor":18,"turns":5},{"damage":20,"enemies":"Shell Parasite","floor":20,"turns":4}],"seed_played":"6076649780624178504","potions_obtained":[{"floor":1,"key":"SpeedPotion"},{"floor":6,"key":"AttackPotion"},{"floor":10,"key":"FairyPotion"},{"floor":12,"key":"HeartOfIron"},{"floor":18,"key":"EssenceOfSteel"}],"is_trial":false,"path_per_floor":["M","$","?","M","$","E","M","M","T","M","M","M","?","?","R","B",null,"M","?","M"],"character_chosen":"IRONCLAD","items_purchased":["Shrug It Off","Perfected Strike"],"campfire_rested":0,"item_purchase_floors":[2,5],"current_hp_per_floor":[80,80,77,80,80,80,73,64,64,69,59,58,58,78,78,29,90,59,59,39,39],"gold":541,"neow_bonus":"THREE_ENEMY_KILL","is_daily":false,"chose_seed":false,"campfire_upgraded":0,"win_rate":0.0,"timestamp":1611264991,"path_taken":["M","$","?","M","$","E","M","M","T","M","M","M","?","?","R","BOSS","M","?","M"],"items_purchased_type":["Card","Card"],"build_version":"2020-12-22","purchased_purges":0,"victory":false,"max_hp_per_floor":[80,80,80,80,80,80,80,80,80,80,80,80,80,80,80,80,90,90,90,90,90],"card_choices":[{"not_picked":["Rage","Headbutt"],"picked":"Iron Wave","floor":1},{"not_picked":["Flex","Shrug It Off"],"picked":"Flame Barrier","floor":4},{"not_picked":["Intimidate","Battle Trance"],"picked":"Whirlwind","floor":6},{"not_picked":["True Grit","Rampage"],"picked":"Fire Breathing","floor":7},{"not_picked":["Headbutt","Shrug It Off"],"picked":"Iron Wave","floor":8},{"not_picked":["Blood for Blood","Bloodletting","Clash"],"picked":"SKIP","floor":10},{"not_picked":["Thunderclap","Searing Blow"],"picked":"Demon Form","floor":11},{"not_picked":["Pummel","Ghostly Armor"],"picked":"Body Slam","floor":12},{"not_picked":["Fiend Fire","Limit Break"],"picked":"Demon Form","floor":16},{"not_picked":["Second Wind+1","Anger+1"],"picked":"Uppercut","floor":18}],"player_experience":5842242,"relics_obtained":[{"floor":6,"key":"The Courier"},{"floor":9,"key":"Bottled Lightning"},{"floor":17,"key":"Toy Ornithopter"},{"floor":17,"key":"Pear"},{"floor":17,"key":"Old Coin"}],"event_choices":[{"damage_healed":0,"gold_gain":0,"player_choice":"Success","damage_taken":3,"relics_obtained":["Ginger"],"max_hp_gain":0,"max_hp_loss":0,"event_name":"Scrap Ooze","floor":3,"gold_loss":0},{"damage_healed":0,"gold_gain":0,"player_choice":"Left Gold","damage_taken":0,"max_hp_gain":0,"max_hp_loss":0,"event_name":"World of Goop","floor":13,"gold_loss":26},{"damage_healed":20,"gold_gain":0,"player_choice":"Healed and dodged fight","damage_taken":0,"max_hp_gain":0,"max_hp_loss":0,"event_name":"Mushrooms","floor":14,"gold_loss":0,"cards_obtained":["Parasite"]},{"damage_healed":0,"gold_gain":0,"player_choice":"Inject Mutagens","damage_taken":0,"relics_obtained":["MutagenicStrength"],"max_hp_gain":0,"max_hp_loss":0,"event_name":"Drug Dealer","floor":19,"gold_loss":0}],"is_beta":false,"boss_relics":[{"not_picked":["Tiny House","Pandora\u0027s Box"],"picked":"Calling Bell"}],"items_purged_floors":[],"is_endless":false,"potions_floor_spawned":[1,6,10,12,18],"killed_by":"Shell Parasite","ascension_level":0}}