{"host":"1dhlu4qzehvrzpot","time":1611228944,"event":{"mods":["2.2 Compatiblity","AchievementEnabler","BaseMod","Block Reminder","Minty Spire (QoL Compilation)","Permanent Neow","Quick Restart","Rare Cards Sparkle","Relic Stats","Say the Spire","Slay-I","StSLib","SuperFastMode"],"gold_per_floor":[114,114,133,147,166,200,200,231,243,255,287,299,341,370,382,498,510,538,550,550],"floor_reached":19,"language":"ENG","playtime":514,"items_purged":[],"score":393,"play_id":"a3ffae47-0abc-4107-b53b-45c2852fc187","local_time":"20210121123544","is_ascension_mode":true,"campfire_choices":[{"floor":7,"key":"DIG"},{"floor":10,"key":"REST"},{"floor":15,"key":"DIG"}],"circlet_count":0,"master_deck":["Defend_B","Defend_B","Defend_B","Defend_B","Zap","Dualcast","Coolheaded","BootSequence","Streamline","Biased Cognition","Defragment","Hologram","Rainbow","Buffer","Go for the Eyes+1","White Noise+1","Meteor Strike+1","Coolheaded"],"relics":["Cracked Core","Shovel","Toy Ornithopter","MawBank","Regal Pillow","Meat on the Bone","Thread and Needle","Tiny Chest","Astrolabe"],"acts_visited":["Exordium","TheCity"],"potions_floor_usage":[6,8,8,13,16],"damage_taken":[{"damage":8,"enemies":"Jaw Worm","floor":1,"turns":4},{"damage":1,"enemies":"Cultist","floor":3,"turns":4},{"damage":0,"enemies":"Small Slimes","floor":4,"turns":4},{"damage":0,"enemies":"2 Fungi Beasts","floor":5,"turns":3},{"damage":30,"enemies":"Gremlin Nob","floor":6,"turns":5},{"damage":20,"enemies":"Gremlin Gang","floor":8,"turns":6},{"damage":2,"enemies":"Large Slime","floor":11,"turns":5},{"damage":14,"enemies":"Lagavulin","floor":13,"turns":8},{"damage":0,"enemies":"Blue Slaver","floor":14,"turns":3},{"damage":24,"enemies":"Hexaghost","floor":16,"turns":11},{"damage":11,"enemies":"Spheric Guardian","floor":18,"turns":4},{"damage":59,"enemies":"Masked Bandits","floor":19,"turns":3}],"seed_played":"1122047620769497168","potions_obtained":[{"floor":1,"key":"GamblersBrew"},{"floor":5,"key":"EssenceOfSteel"},{"floor":6,"key":"Block Potion"},{"floor":13,"key":"Fruit Juice"},{"floor":14,"key":"BlessingOfTheForge"}],"is_trial":false,"path_per_floor":["M","?","M","M","M","E","R","M","T","R","M","?","E","M","R","B",null,"M","?"],"character_chosen":"DEFECT","items_purchased":[],"campfire_rested":1,"item_purchase_floors":[],"current_hp_per_floor":[42,42,41,41,41,11,11,1,1,38,36,24,32,44,44,37,69,58,0,0],"gold":550,"neow_bonus":"ONE_RARE_RELIC","is_daily":false,"chose_seed":false,"campfire_upgraded":0,"win_rate":0.0,"timestamp":1611228944,"path_taken":["M","?","M","?","M","E","R","M","T","R","?","?","E","M","R","BOSS","M","?"],"items_purchased_type":[],"build_version":"2020-12-22","purchased_purges":0,"victory":false,"max_hp_per_floor":[75,75,75,75,75,75,75,75,75,75,75,75,80,80,80,80,80,80,80,80],"relic_stats":{"Regal Pillow":15,"Shovel":2,"counters":[12,60],"Astrolabe":["Go for the Eyes","White Noise","Meteor Strike"],"Tiny Chest":0,"MawBank":144,"obtain_stats":[{"Regal Pillow":9,"Shovel":0,"Astrolabe":17,"Thread and Needle":13,"Tiny Chest":15,"Cracked Core":0,"MawBank":7,"Toy Ornithopter":6,"Meat on the Bone":12},{"Regal Pillow":6,"Shovel":0,"Astrolabe":10,"Thread and Needle":8,"Tiny Chest":9,"Cracked Core":0,"MawBank":5,"Toy Ornithopter":5,"Meat on the Bone":7},{"Regal Pillow":26,"Shovel":0,"Astrolabe":53,"Thread and Needle":39,"Tiny Chest":42,"Cracked Core":0,"MawBank":20,"Toy Ornithopter":20,"Meat on the Bone":31}],"Toy Ornithopter":20,"Meat on the Bone":36},"card_choices":[{"not_picked":["Force Field","Compile Driver"],"picked":"Coolheaded","floor":1},{"not_picked":["Doom and Gloom","Beam Cell"],"picked":"BootSequence","floor":3},{"not_picked":["Coolheaded","Gash","Rebound"],"picked":"SKIP","floor":4},{"not_picked":["Double Energy","Compile Driver"],"picked":"Streamline","floor":5},{"not_picked":["Steam Power","Chaos"],"picked":"Biased Cognition","floor":6},{"not_picked":["Storm","Streamline"],"picked":"Defragment","floor":8},{"not_picked":["Consume","Skim"],"picked":"Hologram","floor":11},{"not_picked":["Hologram","Go for the Eyes"],"picked":"Rainbow","floor":13},{"not_picked":["Genetic Algorithm","Sweeping Beam","Gash"],"picked":"SKIP","floor":14},{"not_picked":["Genetic Algorithm","Sweeping Beam","Gash"],"picked":"SKIP","floor":14},{"not_picked":["Machine Learning","All For One"],"picked":"Buffer","floor":16},{"not_picked":["Barrage","Conserve Battery"],"picked":"Coolheaded","floor":18}],"player_experience":531407,"relics_obtained":[{"floor":6,"key":"Toy Ornithopter"},{"floor":7,"key":"MawBank"},{"floor":9,"key":"Regal Pillow"},{"floor":13,"key":"Thread and Needle"},{"floor":15,"key":"Tiny Chest"}],"event_choices":[{"cards_removed":["Strike_B"],"damage_healed":0,"gold_gain":0,"player_choice":"Offered Basic","damage_taken":0,"max_hp_gain":0,"max_hp_loss":0,"event_name":"Bonfire Elementals","floor":2,"gold_loss":0},{"damage_healed":0,"gold_gain":0,"player_choice":"Success","damage_taken":12,"relics_obtained":["Meat on the Bone"],"max_hp_gain":0,"max_hp_loss":0,"event_name":"Scrap Ooze","floor":12,"gold_loss":0},{"damage_healed":0,"gold_gain":0,"player_choice":"Fought Bandits","damage_taken":0,"max_hp_gain":0,"max_hp_loss":0,"event_name":"Masked Bandits","floor":19,"gold_loss":0}],"is_beta":false,"boss_relics":[{"not_picked":["Ectoplasm","Calling Bell"],"picked":"Astrolabe"}],"items_purged_floors":[],"is_endless":false,"potions_floor_spawned":[1,5,6,13,14],"killed_by":"Masked Bandits","ascension_level":8}}