{"host":"qekv59dthhdg54sz","time":1611224295,"event":{"mods":["AchievementEnabler","BaseMod","Colored Map","DeckTracker","KOR Keyword Fix","Minty Spire (QoL Compilation)","Rare Cards Sparkle","StSLib","SuperFastMode"],"gold_per_floor":[111,111,186,186,262,262,262,275,329,361,381,392,392,412,412,485,485,498,63,82,117,134,134,146,146,173,173,73,100,113,123,123,201,201,217,237,112,112,159,159,189,204,204,217,217,242,242,256,256,256,256],"floor_reached":52,"language":"KOR","playtime":1369,"items_purged":["Strike_P","Defend_P","Defend_P"],"score":1814,"play_id":"a717adf3-3625-4ab1-a1ec-d394813de97d","local_time":"20210121191815","is_ascension_mode":true,"campfire_choices":[{"floor":6.0,"key":"REST"},{"floor":13.0,"key":"REST"},{"floor":15.0,"key":"REST"},{"data":"Adaptation","floor":23.0,"key":"SMITH"},{"data":"MentalFortress","floor":25.0,"key":"SMITH"},{"data":"InnerPeace","floor":32.0,"key":"SMITH"},{"floor":40.0,"key":"REST"},{"data":"ConjureBlade","floor":47,"key":"SMITH"},{"data":"MentalFortress","floor":49,"key":"SMITH"}],"circlet_count":0,"master_deck":["AscendersBane","Strike_P","Strike_P+1","Defend_P+1","Eruption+1","Vigilance+1","LessonLearned+1","CarveReality+1","FollowUp+1","Tantrum+1","EmptyFist+1","InnerPeace+1","Vault+1","FearNoEvil","Adaptation+1","MentalFortress+1","ConjureBlade+1","MentalFortress+1"],"relics":["HolyWater","Calipers","Ornamental Fan","Nunchaku","Boot","TeardropLocket","Red Mask","Potion Belt","Art of War","Philosopher\u0027s Stone","CaptainsWheel","Question Card","White Beast Statue","CloakClasp"],"acts_visited":["Exordium","TheCity","TheBeyond"],"potions_floor_usage":[50,50,51],"damage_taken":[{"damage":16.0,"enemies":"Jaw Worm","floor":1.0,"turns":6.0},{"damage":0.0,"enemies":"Small Slimes","floor":8.0,"turns":2.0},{"damage":38.0,"enemies":"Lagavulin","floor":10.0,"turns":7.0},{"damage":0.0,"enemies":"2 Louse","floor":11.0,"turns":2.0},{"damage":0.0,"enemies":"Looter","floor":12.0,"turns":2.0},{"damage":13.0,"enemies":"Large Slime","floor":14.0,"turns":3.0},{"damage":2.0,"enemies":"Slime Boss","floor":16.0,"turns":9.0},{"damage":0.0,"enemies":"Spheric Guardian","floor":18.0,"turns":4.0},{"damage":4.0,"enemies":"2 Thieves","floor":20.0,"turns":3.0},{"damage":0.0,"enemies":"Masked Bandits","floor":21.0,"turns":3.0},{"damage":0.0,"enemies":"Snake Plant","floor":22.0,"turns":2.0},{"damage":0.0,"enemies":"Sentry and Sphere","floor":24.0,"turns":4.0},{"damage":0.0,"enemies":"Cultist and Chosen","floor":30.0,"turns":4.0},{"damage":6.0,"enemies":"Chosen and Byrds","floor":31.0,"turns":5.0},{"damage":17.0,"enemies":"Champ","floor":33.0,"turns":5.0},{"damage":0.0,"enemies":"3 Shapes","floor":35.0,"turns":5.0},{"damage":0.0,"enemies":"Orb Walker","floor":36.0,"turns":1.0},{"damage":34.0,"enemies":"2 Orb Walkers","floor":39.0,"turns":4.0},{"damage":18.0,"enemies":"Nemesis","floor":41.0,"turns":5.0},{"damage":0.0,"enemies":"Jaw Worm Horde","floor":42.0,"turns":3.0},{"damage":0.0,"enemies":"Writhing Mass","floor":44.0,"turns":5.0},{"damage":0,"enemies":"Mind Bloom Boss Battle","floor":46,"turns":4},{"damage":0,"enemies":"Sphere and 2 Shapes","floor":48,"turns":3},{"damage":0,"enemies":"Donu and Deca","floor":50,"turns":5},{"damage":19,"enemies":"Time Eater","floor":51,"turns":6}],"seed_played":"4126604221866240121","potions_obtained":[{"floor":1.0,"key":"LiquidBronze"},{"floor":10.0,"key":"FairyPotion"},{"floor":11.0,"key":"BlessingOfTheForge"},{"floor":14.0,"key":"Ancient Potion"},{"floor":18.0,"key":"AttackPotion"},{"floor":21.0,"key":"DistilledChaos"},{"floor":30.0,"key":"Fire Potion"},{"floor":35.0,"key":"Regen Potion"},{"floor":39.0,"key":"Regen Potion"},{"floor":42.0,"key":"PowerPotion"},{"floor":44.0,"key":"DuplicationPotion"},{"floor":46,"key":"GamblersBrew"}],"is_trial":false,"path_per_floor":["M","?","?","?","T","R","T","M","T","E","M","M","R","M","R","B",null,"M","$","M","?","M","R","M","R","T","?","$","T","M","M","R","B",null,"M","M","$","?","?","R","E","M","T","M","?","?","R","M","R","B","B",null],"character_chosen":"WATCHER","items_purchased":["TeardropLocket","Adaptation"],"campfire_rested":4,"item_purchase_floors":[19,19],"current_hp_per_floor":[45,38,27,22,22,42,42,42,42,4,4,4,24,11,31,29,58,58,58,54,54,54,54,54,54,54,54,54,54,54,48,48,31,59,59,59,59,59,25,45,39,39,39,48,48,48,48,48,48,48,29],"gold":256,"neow_bonus":"ONE_RANDOM_RARE_CARD","is_daily":false,"chose_seed":false,"campfire_upgraded":5,"win_rate":0.0,"timestamp":1611224295,"path_taken":["M","?","?","?","?","R","?","?","T","E","M","M","R","M","R","BOSS","M","$","M","?","M","R","M","R","T","?","$","?","M","M","R","BOSS","M","M","$","?","?","R","E","M","T","M","?","?","R","M","R","BOSS","BOSS"],"items_purchased_type":["Relic","Card"],"build_version":"2020-12-22","purchased_purges":3,"victory":true,"max_hp_per_floor":[68,68,68,68,68,68,68,68,68,68,68,68,68,68,68,68,68,68,68,68,68,68,68,68,68,68,68,68,68,68,68,68,68,68,68,68,68,68,68,68,68,68,68,68,65,65,65,65,65,65,65],"card_choices":[{"not_picked":["EmptyFist","WreathOfFlame"],"picked":"CarveReality","floor":1.0},{"not_picked":["WreathOfFlame","JustLucky"],"picked":"FollowUp","floor":8.0},{"not_picked":["ReachHeaven","Weave"],"picked":"Tantrum","floor":10.0},{"not_picked":["Consecrate","Fasting2"],"picked":"EmptyFist","floor":11.0},{"not_picked":["Collect","Evaluate"],"picked":"InnerPeace","floor":12.0},{"not_picked":["CrushJoints","Wireheading","Conclude"],"picked":"SKIP","floor":14.0},{"not_picked":["Brilliance","SpiritShield"],"picked":"Vault","floor":16.0},{"not_picked":["ForeignInfluence","EmptyBody"],"picked":"FearNoEvil","floor":18.0},{"not_picked":["Crescendo","Prostrate","SandsOfTime"],"picked":"SKIP","floor":20.0},{"not_picked":["Conclude","Study","Tantrum+1"],"picked":"SKIP","floor":22.0},{"not_picked":["FlyingSleeves","ThirdEye"],"picked":"MentalFortress","floor":24.0},{"not_picked":["FlyingSleeves","CutThroughFate","BowlingBash"],"picked":"SKIP","floor":30.0},{"not_picked":["DeceiveReality","EmptyFist","JustLucky+1"],"picked":"SKIP","floor":31.0},{"not_picked":["Blasphemy","Establishment"],"picked":"ConjureBlade","floor":33.0},{"not_picked":["FlyingSleeves","FlurryOfBlows","SandsOfTime"],"picked":"SKIP","floor":35.0},{"not_picked":["Prostrate","WaveOfTheHand+1","Crescendo"],"picked":"SKIP","floor":36.0},{"not_picked":["Meditate","SpiritShield"],"picked":"MentalFortress","floor":41.0},{"not_picked":["ThirdEye","Prostrate","Halt","Consecrate"],"picked":"SKIP","floor":42.0},{"not_picked":["BowlingBash","Crescendo","JustLucky","FollowUp"],"picked":"SKIP","floor":44.0},{"not_picked":["Consecrate","WaveOfTheHand","Pray","EmptyBody"],"picked":"SKIP","floor":48}],"player_experience":793981,"relics_obtained":[{"floor":7.0,"key":"Ornamental Fan"},{"floor":9.0,"key":"Nunchaku"},{"floor":10.0,"key":"Boot"},{"floor":21.0,"key":"Red Mask"},{"floor":26.0,"key":"Potion Belt"},{"floor":29.0,"key":"Art of War"},{"floor":39.0,"key":"CaptainsWheel"},{"floor":41.0,"key":"Question Card"},{"floor":43.0,"key":"White Beast Statue"},{"floor":46,"key":"CloakClasp"}],"event_choices":[{"cards_removed":["Strike_P"],"damage_healed":0.0,"max_hp_gain":0.0,"max_hp_loss":0.0,"gold_gain":0.0,"event_name":"Golden Wing","player_choice":"Card Removal","floor":2.0,"gold_loss":0.0,"damage_taken":7.0},{"damage_healed":0.0,"max_hp_gain":0.0,"max_hp_loss":0.0,"gold_gain":75.0,"event_name":"World of Goop","player_choice":"Gather Gold","floor":3.0,"gold_loss":0.0,"damage_taken":11.0},{"damage_healed":0.0,"max_hp_gain":0.0,"max_hp_loss":0.0,"gold_gain":0.0,"event_name":"Scrap Ooze","player_choice":"Success","floor":4.0,"gold_loss":0.0,"damage_taken":5.0,"relics_obtained":["Calipers"]},{"damage_healed":0.0,"max_hp_gain":0.0,"max_hp_loss":0.0,"gold_gain":0.0,"event_name":"Masked Bandits","player_choice":"Fought Bandits","floor":21.0,"gold_loss":0.0,"damage_taken":0.0},{"damage_healed":0.0,"max_hp_gain":0.0,"max_hp_loss":0.0,"gold_gain":0.0,"event_name":"Vampires","player_choice":"Ignored","floor":27.0,"gold_loss":0.0,"damage_taken":0.0},{"cards_removed":["Defend_P"],"damage_healed":0.0,"max_hp_gain":0.0,"max_hp_loss":0.0,"gold_gain":0.0,"event_name":"Falling","player_choice":"Removed Skill","floor":38.0,"gold_loss":0.0,"damage_taken":0.0},{"damage_healed":0.0,"max_hp_gain":0.0,"max_hp_loss":0.0,"gold_gain":0.0,"event_name":"Mysterious Sphere","player_choice":"Fight","floor":39.0,"gold_loss":0.0,"damage_taken":0.0},{"damage_healed":0.0,"max_hp_gain":0.0,"max_hp_loss":3.0,"gold_gain":0.0,"event_name":"Winding Halls","player_choice":"Max HP","floor":45.0,"gold_loss":0.0,"damage_taken":0.0},{"damage_healed":0,"gold_gain":0,"player_choice":"Fight","damage_taken":0,"max_hp_gain":0,"max_hp_loss":0,"event_name":"MindBloom","floor":46,"gold_loss":0}],"is_beta":false,"boss_relics":[{"not_picked":["SacredBark","Snecko Eye"],"picked":"HolyWater"},{"not_picked":["Black Star","SlaversCollar"],"picked":"Philosopher\u0027s Stone"}],"items_purged_floors":[19,28,37],"is_endless":false,"potions_floor_spawned":[1,10,11,14,18,20,21,30,35,39,42,44,46,48],"ascension_level":20}}