{"host":"pi8b3ffzwvxqztac","time":1611222533,"event":{"mods":["BaseMod","Colored Map","Downfall","Minty Spire (QoL Compilation)","StSLib","The Jungle"],"gold_per_floor":[99,111,211,226,237,137,162,162,162,197,212,227,227,15,32,132,132,132,144,144,144,9,0,25,41,71,88,88,88,120,120,135,239,239,39,52,69,20,33,50,75,90,190,208,146,146,180,200,215,215,215,249,94,94,94,94],"floor_reached":57,"language":"ENG","playtime":5347,"items_purged":["downfall:Aged","downfall:Malfunctioning"],"score":1444,"play_id":"8a6acb36-2e2c-4c2c-aad9-d43ba1feec17","local_time":"20210121224853","is_ascension_mode":true,"campfire_choices":[{"floor":1,"key":"RECALL"},{"data":"bronze:ItsAFeature","floor":6,"key":"SMITH"},{"data":"bronze:Goto","floor":8,"key":"SMITH"},{"data":"bronze:FineTuning","floor":13,"key":"SMITH"},{"data":"bronze:RecursiveStrike","floor":18,"key":"SMITH"},{"data":"bronze:Boost","floor":29,"key":"SMITH"},{"data":"bronze:ThunderWave","floor":35,"key":"SMITH"},{"data":"expansioncontent:QuickStudy","floor":46,"key":"SMITH"},{"floor":54,"key":"REST"}],"circlet_count":0,"master_deck":["bronze:Strike","bronze:Strike","bronze:Strike+1","bronze:Replicate","bronze:Goto+1","bronze:FineTuning+1","bronze:Virus","bronze:ItsAFeature+1","bronze:Boost+1","bronze:TinkerersToolbox","bronze:Frontload","bronze:Repair","bronze:Branch","bronze:ClassDefault","bronze:Frontload","bronze:RecursiveStrike+1","bronze:Shield","theJungle:Gourd","theJungle:Gourd","theJungle:Gourd","theJungle:Gourd","theJungle:Gourd","bronze:WildBeam+1","bronze:GetLatest+1","bronze:BronzeOrb","bronze:Shield+1","bronze:ThunderWave+1","bronze:WhirlingStrike+1","bronze:ClassDefault+1","bronze:FollowUp","bronze:Constructor","bronze:Refactor+1","bronze:OilSpill+1","bronze:Shield+1","bronze:Iterate","bronze:InfiniteBeams","expansioncontent:QuickStudy+1","expansioncontent:AwakenDeath","bronze:Repair+1","bronze:Branch","bronze:HyperBeam+1"],"relics":["bronze:PlatinumCore","Calipers","Du-Vu Doll","downfall:HeartBlessingRed","Boot","Incense Burner","Empty Cage","bronze:BottledCode","theJungle:Flamango","Lantern","theJungle:BirthdayCake","Kunai","downfall:HeartBlessingGreen","downfall:HeartBlessingBlue","hexamod:BolsterEngine","Potion Belt","TungstenRod","Whetstone","Vajra"],"acts_visited":["Exordium","Exordium","TheBeyond","TheEnding"],"potions_floor_usage":[5,19,25,26,30,36,36,45,47,50,52,52,52,52,52,52,52,55],"damage_taken":[{"damage":14,"enemies":"Jaw Worm","floor":2,"turns":6},{"damage":0,"enemies":"2 Louse","floor":4,"turns":1},{"damage":0,"enemies":"Small Slimes","floor":5,"turns":2},{"damage":0,"enemies":"Gremlin Nob","floor":10,"turns":2},{"damage":12,"enemies":"Gremlin Gang","floor":11,"turns":3},{"damage":4,"enemies":"Exordium Wildlife","floor":12,"turns":2},{"damage":0,"enemies":"downfall:FleeingMerchant","floor":14,"turns":4},{"damage":2,"enemies":"Red Slaver","floor":15,"turns":2},{"damage":12,"enemies":"IC_STATUS_ARCHETYPE","floor":16,"turns":7},{"damage":2,"enemies":"theJungle:MUSHROOMGANG","floor":19,"turns":3},{"damage":0,"enemies":"downfall:FleeingMerchant","floor":23,"turns":4},{"damage":14,"enemies":"theJungle:Flameango_and_Byrd","floor":25,"turns":6},{"damage":0,"enemies":"theJungle:MamaSnecko","floor":26,"turns":6},{"damage":0,"enemies":"theJungle:2_Snecko_Cultists","floor":27,"turns":4},{"damage":16,"enemies":"theJungle:2_Phrogs","floor":30,"turns":8},{"damage":19,"enemies":"Snake Plant","floor":32,"turns":3},{"damage":12,"enemies":"SI_MIRROR_ARCHETYPE","floor":33,"turns":8},{"damage":8,"enemies":"3 Darklings","floor":36,"turns":3},{"damage":0,"enemies":"3 Shapes","floor":37,"turns":3},{"damage":0,"enemies":"downfall:FleeingMerchant","floor":38,"turns":4},{"damage":0,"enemies":"Sphere and 2 Shapes","floor":39,"turns":6},{"damage":0,"enemies":"Spire Growth","floor":40,"turns":3},{"damage":0,"enemies":"Maw","floor":42,"turns":7},{"damage":0,"enemies":"downfall:LadyInBlue","floor":43,"turns":8},{"damage":9,"enemies":"Sphere and 2 Shapes","floor":44,"turns":7},{"damage":1,"enemies":"downfall:FleeingMerchant","floor":45,"turns":3},{"damage":14,"enemies":"Nemesis","floor":47,"turns":5},{"damage":5,"enemies":"Jaw Worm Horde","floor":48,"turns":3},{"damage":0,"enemies":"Spire Growth","floor":49,"turns":3},{"damage":10,"enemies":"WA_ARCHETYPE_DIVINITY","floor":50,"turns":14},{"damage":67,"enemies":"downfall:CharBossMerchant","floor":52,"turns":9},{"damage":37,"enemies":"downfall:NeowBoss","floor":55,"turns":17},{"damage":221,"enemies":"downfall:NeowBossFinal","floor":56,"turns":13}],"seed_played":"6214240931547117573","potions_obtained":[{"floor":2,"key":"Fire Potion"},{"floor":11,"key":"sneckomod:MuddlingPotion"},{"floor":12,"key":"EssenceOfSteel"},{"floor":15,"key":"BlessingOfTheForge"},{"floor":25,"key":"Weak Potion"},{"floor":32,"key":"Fire Potion"},{"floor":33,"key":"Energy Potion"},{"floor":39,"key":"ColorlessPotion"},{"floor":40,"key":"SpeedPotion"},{"floor":43,"key":"Explosive Potion"},{"floor":43,"key":"EntropicBrew"},{"floor":43,"key":"Fire Potion"},{"floor":44,"key":"EssenceOfSteel"},{"floor":47,"key":"FearPotion"},{"floor":48,"key":"DuplicationPotion"},{"floor":49,"key":"ColorlessPotion"}],"is_trial":false,"path_per_floor":["R","M","?","M","M","R","T","R","?","E","M","M","R","$","M","B",null,"R","M","?","?","?","$","T","M","E","M","?","R","E","?","M","B",null,"R","M","M","$","M","M","T","M","?","M","$","R","E","M","M","B",null,"E","$","R","B","B",null],"character_chosen":"THE_AUTOMATON","items_purchased":["bronze:Branch","bronze:ClassDefault","bronze:FollowUp","bronze:InfiniteBeams","expansioncontent:QuickStudy","expansioncontent:AwakenDeath","Vajra"],"campfire_rested":1,"item_purchase_floors":[14,14,38,45,45,45,53],"current_hp_per_floor":[70,56,61,61,61,61,61,61,61,61,49,45,45,45,43,39,75,75,73,65,65,65,65,65,58,65,65,85,85,69,69,57,52,82,92,84,84,92,92,92,92,92,92,83,82,82,75,70,87,89,92,30,30,57,52,63],"gold":94,"neow_bonus":"ONE_RARE_RELIC","is_daily":false,"chose_seed":false,"campfire_upgraded":7,"win_rate":0.0,"timestamp":1611222533,"path_taken":["R","M","?","M","M","R","T","R","?","E","M","M","R","$","M","BOSS","R","M","?","?","?","?","T","M","E","M","?","R","E","?","M","BOSS","R","M","M","$","?","M","T","M","?","M","$","R","E","?","M","BOSS","E","$","R","BOSS","BOSS"],"items_purchased_type":["Card","Card","Card","Card","Card","Card","Relic"],"build_version":"2020-12-22","purchased_purges":2,"victory":true,"max_hp_per_floor":[70,70,75,75,75,75,75,75,75,75,75,75,75,75,75,75,75,75,75,65,65,65,65,65,65,65,65,85,85,85,82,82,82,82,92,92,92,92,92,92,92,92,92,92,92,92,92,92,92,92,92,92,92,92,92,92],"card_choices":[{"not_picked":["bronze:CloningBeam","bronze:WhirlingStrike"],"picked":"bronze:FineTuning","floor":2},{"not_picked":["bronze:Turbo","bronze:FineTuning","bronze:Invalidate"],"picked":"SKIP","floor":4},{"not_picked":["bronze:ChosenStrike","bronze:Separator"],"picked":"bronze:ItsAFeature","floor":5},{"not_picked":["bronze:Overheat","bronze:Fortify"],"picked":"bronze:Boost","floor":10},{"not_picked":["bronze:Frontload","bronze:BuggyMess"],"picked":"bronze:TinkerersToolbox","floor":11},{"not_picked":["bronze:OilSpill","bronze:Overheat"],"picked":"bronze:Frontload","floor":12},{"not_picked":["bronze:OilSpill","bronze:Turbo"],"picked":"bronze:Repair","floor":14},{"not_picked":["bronze:WildBeam","bronze:BuggyMess"],"picked":"bronze:Frontload","floor":15},{"not_picked":["bronze:Break","bronze:Assembly"],"picked":"bronze:RecursiveStrike","floor":16},{"not_picked":["bronze:Shell","bronze:ChosenStrike"],"picked":"bronze:Shield","floor":19},{"not_picked":["bronze:Allocate","bronze:ItsAFeature+1"],"picked":"bronze:WildBeam+1","floor":23},{"not_picked":["bronze:BugBarrage","bronze:FineTuning","bronze:ItsAFeature+1"],"picked":"SKIP","floor":25},{"not_picked":["bronze:BugBarrage","bronze:FineTuning","bronze:ItsAFeature+1"],"picked":"SKIP","floor":25},{"not_picked":["bronze:DelayedGuard","bronze:Overheat+1","bronze:Frontload"],"picked":"SKIP","floor":26},{"not_picked":["bronze:Separator","bronze:MaxOutput"],"picked":"bronze:GetLatest+1","floor":27},{"not_picked":["bronze:Backtrace","bronze:NullPointer"],"picked":"bronze:BronzeOrb","floor":30},{"not_picked":["bronze:DelayedGuard","bronze:OilSpill"],"picked":"bronze:Shield+1","floor":32},{"not_picked":["bronze:TinkerersToolbox","bronze:Hardcode"],"picked":"bronze:ThunderWave","floor":33},{"not_picked":["bronze:BugBarrage+1","bronze:BuggyMess+1"],"picked":"bronze:WhirlingStrike+1","floor":36},{"not_picked":["bronze:BuggyMess","bronze:DelayedSlice"],"picked":"bronze:ClassDefault+1","floor":37},{"not_picked":["bronze:WhirlingStrike","bronze:Allocate","bronze:Invalidate"],"picked":"SKIP","floor":38},{"not_picked":["bronze:WildBeam+1","bronze:ForLoop+1","bronze:Deprecate"],"picked":"SKIP","floor":39},{"not_picked":["bronze:AlphaBuild","bronze:WhirlingStrike+1"],"picked":"bronze:Constructor","floor":40},{"not_picked":["bronze:Constructor","bronze:FineTuning+1"],"picked":"bronze:Refactor+1","floor":42},{"not_picked":["bronze:ClassDefault","bronze:WhirlingStrike"],"picked":"bronze:OilSpill+1","floor":43},{"not_picked":["bronze:Branch","bronze:BuggyMess"],"picked":"bronze:Shield+1","floor":44},{"not_picked":["bronze:Deprecate","bronze:InfiniteBeams"],"picked":"bronze:Iterate","floor":45},{"not_picked":["bronze:Flail","bronze:ItsAFeature+1"],"picked":"bronze:Repair+1","floor":47},{"not_picked":["bronze:Allocate","bronze:Overload"],"picked":"bronze:Branch","floor":48},{"not_picked":["bronze:CutThrough+1","bronze:DigitalCarnage"],"picked":"bronze:HyperBeam","floor":49},{"not_picked":["bronze:WildBeam","bronze:OilSpill","bronze:BitShift+1"],"picked":"SKIP","floor":52}],"player_experience":556123,"relics_obtained":[{"floor":7,"key":"Boot"},{"floor":10,"key":"Incense Burner"},{"floor":26,"key":"Lantern"},{"floor":30,"key":"Kunai"},{"floor":41,"key":"hexamod:BolsterEngine"},{"floor":43,"key":"Potion Belt"},{"floor":47,"key":"TungstenRod"},{"floor":52,"key":"Whetstone"}],"event_choices":[{"cards_removed":["Regret"],"damage_healed":0,"gold_gain":0,"player_choice":"Card Removal","damage_taken":0,"max_hp_gain":0,"max_hp_loss":0,"event_name":"The Cleric","floor":9,"gold_loss":0}],"is_beta":false,"boss_relics":[{"not_picked":["Fusion Hammer","Runic Pyramid"],"picked":"Empty Cage"},{"not_picked":["Philosopher\u0027s Stone","Sozu"],"picked":"bronze:PlatinumCore"}],"items_purged_floors":[14,45],"is_endless":false,"potions_floor_spawned":[2,11,12,15,25,32,33,39,40,44,47,48,49],"ascension_level":3}}