{"host":"npubv26u89aif4fa","time":1611234684,"event":{"mods":["Astrologer","BaseMod","Better Vampires","Better-Laid Plans","Colored Powertips","GifTheSpireLib","GungeonMod","HornydragonMod","Hubris","Jedi Mod","Minty Spire (QoL Compilation)","Quick Restart","Remilia（蕾米莉亚）","Replay The Spire","StSLib","Td1madao Mod","The Administrix","The Alterego","The Bug Knight","The Cursed","The Runesmith","Yuri Mod","残留之物"],"gold_per_floor":[11,23,23,39,39,69,69,69,69,89,99,127,127,141,141,236,236,248,248,261,277,294,294,325,338,338,338,357,357,369,396,396,495,495,514,228,243,258,278,313,313,313,386,415,428,428,445,11,11,11,11,103,4,36,36],"floor_reached":56,"language":"ZHS","playtime":11082,"items_purged":["Bite","Bite"],"score":1127,"play_id":"0c772c9d-72b5-44ba-8cf0-2ac10c125c18","local_time":"20210121211124","is_ascension_mode":true,"campfire_choices":[{"floor":7.0,"key":"RECALL"},{"data":"Regret","floor":15.0,"key":"PURGE"},{"data":"Catalyst","floor":23.0,"key":"SMITH"},{"floor":27.0,"key":"DIG"},{"data":"Catalyst","floor":29.0,"key":"SMITH"},{"data":"Bouncing Flask","floor":41,"key":"SMITH"},{"data":"Footwork","floor":46,"key":"SMITH"},{"floor":49,"key":"DIG"}],"circlet_count":0,"master_deck":["Defend_G","Defend_G","Defend_G","Defend_G","Survivor","Neutralize","jedi:pocketpoison+1","Bouncing Flask+1","Backstab","Tools of the Trade","Catalyst+1","ReplayTheSpireMod:Speed Training","Bite","Bite","Dodge and Roll+1","Footwork","Bouncing Flask+1","Catalyst+1","Footwork+1","jedi:unstablefumes","Thinking Ahead","Deadly Poison","jedi:pocketpoison+1","Poisoned Stab","Deflect+1","Madness","Madness","Noxious Fumes+1","ReplayTheSpireMod:Speed Training+1","hubris:Insight","Acrobatics+1"],"relics":["Ring of the Snake","Replay:Multitool","jedi:firstaidkit","DemoMod:MemoryAlloy","Oddly Smooth Stone","Runic Pyramid","hubris:AncientText","DemoMod:BlueGuonStone","Replay:Ringing Soul","DemoMod:Orange","Coffee Dripper","Replay:Baseball","DemoMod:Metronome","StrikeDummy","Bottled Lightning","hubris:SphereOfDissonance","Iron Hammer","Bottled Flame"],"acts_visited":["Exordium","TheCity","TheBeyond","TheEnding"],"potions_floor_usage":[55,55,55,55,55],"damage_taken":[{"damage":1.0,"enemies":"2 Louse","floor":1.0,"turns":3.0},{"damage":6.0,"enemies":"Jaw Worm","floor":2.0,"turns":6.0},{"damage":0.0,"enemies":"Small Slimes","floor":4.0,"turns":3.0},{"damage":0.0,"enemies":"Gremlin Nob","floor":6.0,"turns":3.0},{"damage":0.0,"enemies":"2 Fungi Beasts","floor":10.0,"turns":3.0},{"damage":0.0,"enemies":"Blue Slaver","floor":11.0,"turns":2.0},{"damage":20.0,"enemies":"3 Sentries","floor":12.0,"turns":8.0},{"damage":8.0,"enemies":"Large Slime","floor":14.0,"turns":7.0},{"damage":106.0,"enemies":"Slime Boss","floor":16.0,"turns":15.0},{"damage":7.0,"enemies":"3 Byrds","floor":18.0,"turns":6.0},{"damage":13.0,"enemies":"2 Thieves","floor":20.0,"turns":4.0},{"damage":15.0,"enemies":"Sentry and Sphere","floor":21.0,"turns":4.0},{"damage":12.0,"enemies":"Snake Plant","floor":22.0,"turns":5.0},{"damage":10.0,"enemies":"Book of Stabbing","floor":24.0,"turns":7.0},{"damage":12.0,"enemies":"Centurion and Healer","floor":25.0,"turns":7.0},{"damage":0.0,"enemies":"Cultist and Chosen","floor":28.0,"turns":7.0},{"damage":0.0,"enemies":"Chosen and Byrds","floor":30.0,"turns":7.0},{"damage":19.0,"enemies":"Slavers","floor":31.0,"turns":6.0},{"damage":10.0,"enemies":"Champ","floor":33.0,"turns":6.0},{"damage":15,"enemies":"3 Shapes","floor":35,"turns":5},{"damage":0,"enemies":"Orb Walker","floor":37,"turns":3},{"damage":4,"enemies":"Sphere and 2 Shapes","floor":38,"turns":5},{"damage":8,"enemies":"Spire Growth","floor":39,"turns":2},{"damage":6,"enemies":"Nemesis","floor":40,"turns":5},{"damage":11,"enemies":"Giant Head","floor":44,"turns":4},{"damage":0,"enemies":"Writhing Mass","floor":45,"turns":4},{"damage":0,"enemies":"Maw","floor":47,"turns":4},{"damage":2,"enemies":"Replay:Hell Engine","floor":50,"turns":8},{"damage":34,"enemies":"Shield and Spear","floor":54,"turns":8},{"damage":62,"enemies":"The Heart","floor":55,"turns":6}],"seed_played":"3478443256197517659","potions_obtained":[{"floor":1.0,"key":"Fire Potion"},{"floor":2.0,"key":"Elixir"},{"floor":6.0,"key":"FearPotion"},{"floor":16.0,"key":"Elixir"},{"floor":20.0,"key":"Fire Potion"},{"floor":24.0,"key":"ColorlessPotion"},{"floor":33.0,"key":"Poison Potion"}],"is_trial":false,"path_per_floor":["M","M","?","M","?","E","R","?","T","M","M","E","?","M","R","B",null,"M","?","M","M","M","R","E","M","T","R","M","R","M","E","R","B",null,"M","$","M","M","M","E","R","?","T","E","M","R","M","$","R","B",null,"R","$","E","B",null],"character_chosen":"THE_SILENT","items_purchased":["Replay:Baseball","Deadly Poison","hubris:SphereOfDissonance","hubris:Insight","EntropicBrew"],"campfire_rested":0,"item_purchase_floors":[36,36,48,48,53],"current_hp_per_floor":[69,63,63,63,63,63,63,63,63,63,63,70,70,68,68,70,70,70,49,49,41,42,42,49,49,49,49,52,52,55,70,73,72,73,73,76,79,82,79,82,82,74,74,75,77,77,82,85,85,94,97,97,97,93,100],"gold":36,"neow_bonus":"ONE_RARE_RELIC","is_daily":false,"chose_seed":false,"campfire_upgraded":4,"win_rate":0.0,"timestamp":1611234684,"path_taken":["M","M","?","M","?","E","R","?","T","M","M","E","?","M","R","BOSS","M","?","M","M","M","R","E","M","T","R","M","R","M","E","R","BOSS","M","$","M","M","M","E","R","?","T","E","M","R","M","$","R","BOSS","R","$","E","BOSS"],"items_purchased_type":["Relic","Card","Relic","Card","Potion"],"build_version":"2020-12-22","purchased_purges":2,"victory":true,"max_hp_per_floor":[70,70,70,70,70,70,70,70,70,70,70,70,70,70,70,70,70,70,49,49,49,49,49,49,49,49,49,52,52,55,70,73,73,73,73,76,79,82,85,85,85,88,88,91,91,91,94,97,97,97,97,97,97,100,100],"card_choices":[{"not_picked":["Masterful Stab","Dodge and Roll"],"picked":"jedi:pocketpoison","floor":1.0},{"not_picked":["Bane","Slice"],"picked":"Bouncing Flask","floor":2.0},{"not_picked":["Dodge and Roll","Choke"],"picked":"Backstab","floor":4.0},{"not_picked":["Blade Dance","Outmaneuver"],"picked":"Tools of the Trade","floor":6.0},{"not_picked":["Flying Knee","Setup","Acrobatics"],"picked":"SKIP","floor":10.0},{"not_picked":["Flying Knee","Terror","hubris:SlightOfHand"],"picked":"SKIP","floor":11.0},{"not_picked":["Dagger Throw","jedi:rejectivetoxin","Sucker Punch"],"picked":"SKIP","floor":12.0},{"not_picked":["PiercingWail","Footwork"],"picked":"Catalyst","floor":14.0},{"not_picked":["Dagger Spray","Infinite Blades+1"],"picked":"ReplayTheSpireMod:Speed Training","floor":18.0},{"not_picked":["Quick Slash","Flying Knee","Hidden Blade"],"picked":"SKIP","floor":20.0},{"not_picked":["Blade Dance","Flying Knee"],"picked":"Dodge and Roll+1","floor":21.0},{"not_picked":["Slice+1","Blade Dance","Caltrops"],"picked":"SKIP","floor":22.0},{"not_picked":["ReplayTheSpireMod:The Works+1","Crippling Poison"],"picked":"Footwork","floor":24.0},{"not_picked":["PiercingWail","Prepared"],"picked":"Bouncing Flask","floor":25.0},{"not_picked":["jedi:acidrain","Backflip"],"picked":"Catalyst","floor":28.0},{"not_picked":["ReplayTheSpireMod:Exploit Weakness+1","Calculated Gamble"],"picked":"Footwork","floor":30.0},{"not_picked":["Dodge and Roll","Endless Agony"],"picked":"jedi:unstablefumes","floor":31.0},{"not_picked":["Blade Dance+1","Heel Hook+1","Prepared"],"picked":"SKIP","floor":35},{"not_picked":["Dagger Throw","Masterful Stab+1"],"picked":"jedi:pocketpoison+1","floor":37},{"not_picked":["Hidden Blade+1","ReplayTheSpireMod:The Works+1"],"picked":"Poisoned Stab","floor":38},{"not_picked":["Flechettes","Dodge and Roll"],"picked":"Deflect+1","floor":39},{"not_picked":["Infinite Blades","Well Laid Plans+1","jedi:studyshivs"],"picked":"SKIP","floor":40},{"not_picked":["jedi:rejectivetoxin","Dagger Throw+1"],"picked":"Noxious Fumes+1","floor":44},{"not_picked":["Finisher+1","Dodge and Roll","Blade Dance"],"picked":"SKIP","floor":45},{"not_picked":["jedi:acidrain","Blade Dance+1"],"picked":"ReplayTheSpireMod:Speed Training+1","floor":47},{"not_picked":["Sucker Punch","Dagger Spray"],"picked":"Acrobatics+1","floor":54}],"player_experience":334833,"relics_obtained":[{"floor":6.0,"key":"jedi:firstaidkit"},{"floor":12.0,"key":"DemoMod:MemoryAlloy"},{"floor":24.0,"key":"hubris:AncientText"},{"floor":26.0,"key":"DemoMod:BlueGuonStone"},{"floor":27.0,"key":"Replay:Ringing Soul"},{"floor":31.0,"key":"DemoMod:Orange"},{"floor":40,"key":"DemoMod:Metronome"},{"floor":43,"key":"StrikeDummy"},{"floor":44,"key":"Bottled Lightning"},{"floor":49,"key":"Iron Hammer"},{"floor":54,"key":"Bottled Flame"}],"event_choices":[{"damage_healed":0.0,"max_hp_gain":0.0,"max_hp_loss":0.0,"gold_gain":0.0,"event_name":"Living Wall","player_choice":"Grow","floor":3.0,"gold_loss":0.0,"damage_taken":0.0,"cards_upgraded":["Bouncing Flask"]},{"damage_healed":0.0,"max_hp_gain":0.0,"max_hp_loss":0.0,"gold_gain":0.0,"event_name":"Big Fish","player_choice":"Box","floor":13.0,"gold_loss":0.0,"damage_taken":0.0,"relics_obtained":["Oddly Smooth Stone"],"cards_obtained":["Regret"]},{"damage_healed":0.0,"max_hp_gain":0.0,"max_hp_loss":21.0,"gold_gain":0.0,"event_name":"Vampires","player_choice":"Became a vampire","floor":19.0,"gold_loss":0.0,"damage_taken":0.0,"cards_obtained":["Bite","Bite","Bite","Bite","Bite"]},{"damage_healed":0,"gold_gain":0,"player_choice":"Embrace Madness","damage_taken":11,"max_hp_gain":0,"max_hp_loss":0,"event_name":"Winding Halls","floor":42,"gold_loss":0,"cards_obtained":["Madness","Madness"]}],"is_beta":false,"boss_relics":[{"not_picked":["Honey Jar","HoveringKite"],"picked":"Runic Pyramid"},{"not_picked":["Replay:Grab Bag","Pandora\u0027s Box"],"picked":"Coffee Dripper"}],"items_purged_floors":[36,48],"is_endless":false,"potions_floor_spawned":[1,2,6,16,20,24,25,33,35,39,40,44,45,47],"ascension_level":1}}