{"host":"zrg8yzdwi219jxzu","time":1611205951,"event":{"mods":["BaseMod","Minty Spire (QoL Compilation)"],"gold_per_floor":[11,11,11,31,47,47,125,168,168,193,209,233,272,19,19,149,149,164,164,164,178,30,30,30],"floor_reached":23,"language":"ENG","playtime":1209,"items_purged":["Strike_G"],"score":211,"play_id":"c756b28a-7573-44bf-bc59-f2bb57045f7d","local_time":"20210121001231","is_ascension_mode":true,"campfire_choices":[{"data":"Calculated Gamble","floor":6,"key":"SMITH"},{"floor":15,"key":"REST"}],"circlet_count":0,"master_deck":["Strike_G","Strike_G","Strike_G","Strike_G","Defend_G","Defend_G","Survivor","Neutralize","Reflex","Injury","Concentrate","Calculated Gamble+1","Eviscerate","Reflex","Acrobatics","A Thousand Cuts","CurseOfTheBell"],"relics":["Ring of the Snake","Golden Idol","Darkstone Periapt","Toy Ornithopter","Bag of Marbles","WingedGreaves","Tiny Chest","Calling Bell","Girya","Singing Bowl","MealTicket","PrismaticShard"],"acts_visited":["Exordium","TheCity"],"potions_floor_usage":[8,13,13,16],"damage_taken":[{"damage":0,"enemies":"2 Louse","floor":1,"turns":3},{"damage":0,"enemies":"Small Slimes","floor":4,"turns":4},{"damage":3,"enemies":"Jaw Worm","floor":5,"turns":7},{"damage":20,"enemies":"3 Sentries","floor":8,"turns":8},{"damage":5,"enemies":"Exordium Thugs","floor":10,"turns":4},{"damage":6,"enemies":"Blue Slaver","floor":11,"turns":4},{"damage":3,"enemies":"Large Slime","floor":12,"turns":8},{"damage":16,"enemies":"Gremlin Nob","floor":13,"turns":4},{"damage":14,"enemies":"The Guardian","floor":16,"turns":11},{"damage":30,"enemies":"2 Thieves","floor":18,"turns":4},{"damage":64,"enemies":"Chosen","floor":21,"turns":8},{"damage":28,"enemies":"Gremlin Leader","floor":23,"turns":2}],"seed_played":"8444208339247622452","potions_obtained":[{"floor":1,"key":"Block Potion"},{"floor":5,"key":"BlessingOfTheForge"},{"floor":10,"key":"Dexterity Potion"},{"floor":12,"key":"AttackPotion"}],"is_trial":false,"path_per_floor":["M","?","?","M","M","R","T","E","T","M","M","M","E","$","R","B",null,"M","?","?","M","$","E"],"character_chosen":"THE_SILENT","items_purchased":["Tiny Chest","Acrobatics","PrismaticShard"],"campfire_rested":1,"item_purchase_floors":[14,14,22],"current_hp_per_floor":[70,70,70,70,67,67,67,47,47,42,36,33,27,27,48,39,76,48,48,74,12,27,0,0],"gold":30,"neow_bonus":"REMOVE_TWO","is_daily":false,"chose_seed":false,"campfire_upgraded":1,"win_rate":0.0,"timestamp":1611205951,"path_taken":["M","?","?","M","M","R","?","E","T","M","M","M","E","$","R","BOSS","M","?","?","M","$","E"],"items_purchased_type":["Relic","Card","Relic"],"build_version":"2020-12-22","purchased_purges":1,"victory":false,"max_hp_per_floor":[70,70,70,70,70,70,70,70,70,70,70,70,70,70,70,70,76,78,78,78,80,80,80,80],"card_choices":[{"not_picked":["Caltrops","Riddle With Holes"],"picked":"Reflex","floor":1},{"not_picked":["Poisoned Stab","Bane"],"picked":"Concentrate","floor":4},{"not_picked":["Dagger Throw","Prepared"],"picked":"Calculated Gamble","floor":5},{"not_picked":["Flechettes","All Out Attack"],"picked":"Eviscerate","floor":8},{"not_picked":["Prepared","Night Terror","Bane"],"picked":"SKIP","floor":10},{"not_picked":["Cloak And Dagger","Slice","Deflect"],"picked":"SKIP","floor":11},{"not_picked":["Sucker Punch","Riddle With Holes"],"picked":"Reflex","floor":12},{"not_picked":["Well Laid Plans","Dash","Blade Dance"],"picked":"SKIP","floor":13},{"not_picked":["Bullet Time","Malaise"],"picked":"A Thousand Cuts","floor":16},{"not_picked":["Caltrops","Dodge and Roll+1","Backflip"],"picked":"Singing Bowl","floor":18},{"not_picked":["Bane","Cloak And Dagger","Blade Dance"],"picked":"Singing Bowl","floor":21}],"player_experience":112067,"relics_obtained":[{"floor":7,"key":"Darkstone Periapt"},{"floor":8,"key":"Toy Ornithopter"},{"floor":9,"key":"Bag of Marbles"},{"floor":13,"key":"WingedGreaves"},{"floor":17,"key":"Girya"},{"floor":17,"key":"Singing Bowl"},{"floor":17,"key":"MealTicket"}],"event_choices":[{"damage_healed":0,"gold_gain":0,"player_choice":"Take Wound","damage_taken":0,"relics_obtained":["Golden Idol"],"max_hp_gain":0,"max_hp_loss":0,"event_name":"Golden Idol","floor":2,"gold_loss":0,"cards_obtained":["Injury"]},{"cards_removed":["Defend_G"],"damage_healed":0,"gold_gain":0,"player_choice":"Forget","damage_taken":0,"max_hp_gain":0,"max_hp_loss":0,"event_name":"Living Wall","floor":3,"gold_loss":0},{"damage_healed":0,"gold_gain":0,"player_choice":"Ignored","damage_taken":0,"max_hp_gain":0,"max_hp_loss":0,"event_name":"Vampires","floor":19,"gold_loss":0},{"damage_healed":26,"gold_gain":0,"player_choice":"Heal","damage_taken":0,"max_hp_gain":0,"max_hp_loss":0,"event_name":"The Library","floor":20,"gold_loss":0}],"is_beta":false,"boss_relics":[{"not_picked":["WristBlade","Ectoplasm"],"picked":"Calling Bell"}],"items_purged_floors":[14],"is_endless":false,"potions_floor_spawned":[1,5,10,12],"killed_by":"Gremlin Leader","ascension_level":1}}