{"host":"sc0o2qwpf9j16a4i","time":1611188662,"event":{"mods":["AchievementEnabler","BaseMod","BetterRewards","Block Reminder","Colored Map","Colored Powertips","Custom Start","Highlight Path","Minty Spire (QoL Compilation)","Relic Stats"],"gold_per_floor":[114,114,130,130,130,130,164,175,175,200,200,39,39,64,64,135,135,151,180,95,95,95,95,122,139,139,152,152,186,21,47,47,121,121,134,150,150,372,390,390,43,43,89,89,125,134,151,177,177,177,177,177,177,15,46,46,46],"floor_reached":56,"language":"ENG","playtime":2350,"items_purged":["Strike_P","Defend_P"],"score":2725,"play_id":"0340cf0f-9014-47c1-9910-69d011e032d5","local_time":"20210121022422","is_ascension_mode":true,"campfire_choices":[{"data":"WaveOfTheHand","floor":6.0,"key":"SMITH"},{"data":"Devotion","floor":11.0,"key":"SMITH"},{"data":"Conclude","floor":13.0,"key":"SMITH"},{"data":"Worship","floor":15,"key":"SMITH"},{"data":"Meditate","floor":23,"key":"SMITH"},{"data":"TalkToTheHand","floor":28,"key":"SMITH"},{"data":"Ragnarok","floor":32,"key":"SMITH"},{"floor":40,"key":"RECALL"},{"data":"Fasting2","floor":44,"key":"SMITH"},{"data":"Nirvana","floor":49,"key":"SMITH"},{"data":"Wireheading","floor":53,"key":"SMITH"}],"circlet_count":0,"master_deck":["AscendersBane","Defend_P+1","Defend_P+1","Eruption","Vigilance","Wireheading+1","Conclude+1","ClearTheMind","FollowUp","Nirvana+1","WaveOfTheHand+1","CutThroughFate","Meditate+1","Devotion+1","Worship+1","Vault","Protect+1","RitualDagger","TalkToTheHand+1","Ragnarok+1","MasterReality","ForeignInfluence+1","Brilliance+1","Study+1","Fasting2+1","WheelKick","Apotheosis+1"],"relics":["PureWater","Juzu Bracelet","Pear","Pen Nib","Dream Catcher","Question Card","Meat on the Bone","Regal Pillow","InkBottle","Bag of Marbles","Lantern","Dead Branch","Ancient Tea Set","Eternal Feather","Potion Belt","Shuriken","Vajra","War Paint","StrikeDummy","Snecko Eye","Red Mask","Pantograph","Orichalcum","Singing Bowl","Gremlin Horn","Bag of Preparation","Toxic Egg 2","Astrolabe","OrangePellets","Damaru","CeramicFish","Ornamental Fan","Lee\u0027s Waffle","Art of War"],"acts_visited":["Exordium","TheCity","TheBeyond","TheEnding"],"potions_floor_usage":[24,29,35,45,51,56,56],"damage_taken":[{"damage":5.0,"enemies":"Small Slimes","floor":1.0,"turns":3.0},{"damage":0.0,"enemies":"Jaw Worm","floor":3.0,"turns":1.0},{"damage":8.0,"enemies":"Gremlin Nob","floor":7.0,"turns":3.0},{"damage":0.0,"enemies":"Cultist","floor":8.0,"turns":3.0},{"damage":4.0,"enemies":"Lagavulin","floor":10.0,"turns":6.0},{"damage":10,"enemies":"3 Sentries","floor":14,"turns":7},{"damage":6,"enemies":"The Guardian","floor":16,"turns":10},{"damage":0,"enemies":"Spheric Guardian","floor":18,"turns":2},{"damage":0,"enemies":"Masked Bandits","floor":19,"turns":2},{"damage":0,"enemies":"Slavers","floor":24,"turns":5},{"damage":10,"enemies":"Shell Parasite","floor":25,"turns":5},{"damage":0,"enemies":"Snake Plant","floor":27,"turns":3},{"damage":0,"enemies":"Gremlin Leader","floor":29,"turns":1},{"damage":2,"enemies":"Book of Stabbing","floor":31,"turns":2},{"damage":0,"enemies":"Collector","floor":33,"turns":3},{"damage":0,"enemies":"3 Darklings","floor":35,"turns":2},{"damage":0,"enemies":"3 Shapes","floor":36,"turns":3},{"damage":0,"enemies":"Transient","floor":39,"turns":7},{"damage":1,"enemies":"Nemesis","floor":45,"turns":4},{"damage":10,"enemies":"3 Darklings","floor":47,"turns":3},{"damage":6,"enemies":"Reptomancer","floor":48,"turns":3},{"damage":46,"enemies":"Time Eater","floor":50,"turns":7},{"damage":62,"enemies":"Awakened One","floor":51,"turns":8},{"damage":80,"enemies":"Shield and Spear","floor":55,"turns":7},{"damage":60,"enemies":"The Heart","floor":56,"turns":7}],"seed_played":"4932591210544221355","potions_obtained":[{"floor":3.0,"key":"PowerPotion"},{"floor":7.0,"key":"Energy Potion"},{"floor":14,"key":"Weak Potion"},{"floor":16,"key":"Explosive Potion"},{"floor":18,"key":"DistilledChaos"},{"floor":19,"key":"LiquidMemories"},{"floor":27,"key":"FearPotion"},{"floor":31,"key":"SmokeBomb"},{"floor":36,"key":"Ancient Potion"},{"floor":45,"key":"SkillPotion"}],"is_trial":false,"path_per_floor":["M","?","M","?","?","R","E","M","T","E","R","$","R","E","R","B",null,"M","?","?","?","?","R","E","M","T","M","R","E","$","E","R","B",null,"M","M","?","?","M","R","$","T","T","R","E","?","M","E","R","B","B",null,"R","$","E","B"],"character_chosen":"WATCHER","items_purchased":["Juzu Bracelet","Pear","Pen Nib","Dream Catcher","Question Card","Wireheading","Meat on the Bone","Regal Pillow","InkBottle","Bag of Marbles","Lantern","Dead Branch","Ancient Tea Set","Conclude","ClearTheMind","War Paint","Bag of Preparation","OrangePellets","Fasting2","Lee\u0027s Waffle"],"campfire_rested":0,"item_purchase_floors":[0,0,0,0,0,0,0,0,0,0,0,0,0,0,0,12,30,41,41,54],"current_hp_per_floor":[36,62,62,62,57,66,58,58,58,54,63,63,72,62,74,68,76,76,76,76,70,70,78,78,68,68,68,78,80,80,80,82,82,82,84,86,82,82,84,84,84,84,84,84,83,77,69,65,80,58,33,77,92,99,33,0,0],"gold":46,"neow_bonus":"","is_daily":false,"chose_seed":false,"campfire_upgraded":10,"win_rate":0.0,"timestamp":1611188662,"path_taken":["M","?","M","?","?","R","E","M","T","E","R","$","R","E","R","BOSS","M","?","?","?","?","R","E","M","T","M","R","E","$","E","R","BOSS","M","M","?","?","M","R","$","?","T","R","E","?","M","E","R","BOSS","BOSS","R","$","E","BOSS"],"items_purchased_type":["Relic","Relic","Relic","Relic","Relic","Card","Relic","Relic","Relic","Relic","Relic","Relic","Relic","Card","Card","Relic","Relic","Relic","Card","Relic"],"build_version":"2020-12-22","purchased_purges":2,"victory":false,"max_hp_per_floor":[78,78,78,78,78,78,78,78,78,78,78,78,78,78,78,78,78,78,78,78,78,78,78,78,78,78,78,78,80,80,82,82,82,82,84,86,82,82,84,84,84,84,84,84,84,88,90,92,92,92,92,92,92,99,101,101,101],"relic_stats":{"Regal Pillow":0,"Singing Bowl":66,"Gremlin Horn":[16,16],"CeramicFish":18,"Juzu Bracelet":2,"Bag of Preparation":[142],"Dream Catcher":0,"Pantograph":62,"InkBottle":[77],"Lee\u0027s Waffle":48,"counters":[237,1116],"Dead Branch":[129],"Astrolabe":["ForeignInfluence","Brilliance","Study"],"Eternal Feather":236,"Pen Nib":[17],"War Paint":["Defend_P","Defend_P"],"Orichalcum":[96],"Question Card":25,"OrangePellets":[71],"Shuriken":[56],"Ornamental Fan":[12],"Snecko Eye":[93,105,94,96],"Art of War":[2],"obtain_stats":[{"Ice Cream":28,"Gremlin Horn":31,"CeramicFish":9,"Vajra":29,"Whetstone":6,"Old Coin":24,"Blood Vial":0,"Centennial Puzzle":44,"HornCleat":7,"FaceOfCleric":12,"Sundial":24,"DollysMirror":21,"MealTicket":7,"Prayer Wheel":0,"VioletLotus":34,"Kunai":40,"Toxic Egg 2":31,"Girya":0,"Pear":30,"Happy Flower":9,"Blue Candle":30,"Astrolabe":34,"Dead Branch":0,"Oddly Smooth Stone":7,"Eternal Feather":24,"Pen Nib":6,"War Paint":12,"Question Card":0,"Akabeko":0,"WarpedTongs":2,"SlaversCollar":34,"OrangePellets":0,"Shuriken":0,"Bronze Scales":9,"Bird Faced Urn":0,"MutagenicStrength":27,"Snecko Eye":17,"Pandora\u0027s Box":34,"Molten Egg 2":46,"StrikeDummy":14,"NlothsMask":4,"Meat on the Bone":0,"Lantern":0,"Regal Pillow":14,"Torii":47,"Singing Bowl":40,"Melange":0,"StoneCalendar":7,"Mango":19,"Yang":26,"Bag of Preparation":29,"Incense Burner":0,"Juzu Bracelet":10,"Ancient Tea Set":0,"Smiling Mask":28,"ClockworkSouvenir":0,"Frozen Eye":0,"Dream Catcher":0,"Nunchaku":24,"Shovel":37,"Matryoshka":0,"Mummified Hand":26,"Pantograph":9,"Tiny Chest":0,"Red Mask":28,"InkBottle":53,"Runic Pyramid":17,"Potion Belt":7,"Lee\u0027s Waffle":0,"Golden Idol":8,"Damaru":44,"PreservedInsect":9,"The Courier":26,"Omamori":0,"Orichalcum":11,"Odd Mushroom":13,"GoldenEye":8,"MawBank":26,"Mercury Hourglass":0,"Peace Pipe":31,"Strange Spoon":30,"Anchor":42,"CaptainsWheel":48,"Busted Crown":17,"Ornamental Fan":9,"Orrery":20,"Bag of Marbles":0,"Art of War":55,"Membership Card":13,"Bottled Lightning":27,"PureWater":0,"TungstenRod":36,"Toy Ornithopter":49},{"Ice Cream":86,"Gremlin Horn":32,"CeramicFish":103,"Vajra":169,"Whetstone":4,"Old Coin":26,"Blood Vial":99,"Centennial Puzzle":66,"HornCleat":49,"FaceOfCleric":77,"Sundial":167,"DollysMirror":193,"MealTicket":20,"Prayer Wheel":99,"VioletLotus":61,"Kunai":64,"Toxic Egg 2":226,"Girya":71,"Pear":30,"Happy Flower":132,"Blue Candle":112,"Astrolabe":172,"Dead Branch":212,"Oddly Smooth Stone":11,"Eternal Feather":57,"Pen Nib":159,"War Paint":217,"Question Card":212,"Akabeko":128,"WarpedTongs":16,"SlaversCollar":114,"OrangePellets":128,"Shuriken":71,"Bronze Scales":49,"Bird Faced Urn":71,"MutagenicStrength":196,"Snecko Eye":23,"Pandora\u0027s Box":89,"Molten Egg 2":122,"StrikeDummy":218,"NlothsMask":36,"Meat on the Bone":45,"Lantern":99,"Regal Pillow":136,"Torii":68,"Singing Bowl":93,"Melange":155,"StoneCalendar":75,"Mango":165,"Yang":196,"Bag of Preparation":59,"Incense Burner":128,"Juzu Bracelet":161,"Ancient Tea Set":0,"Smiling Mask":29,"ClockworkSouvenir":71,"Frozen Eye":140,"Dream Catcher":7,"Nunchaku":153,"Shovel":117,"Matryoshka":155,"Mummified Hand":111,"Pantograph":5,"Tiny Chest":128,"Red Mask":59,"InkBottle":126,"Runic Pyramid":43,"Potion Belt":215,"Lee\u0027s Waffle":45,"Golden Idol":11,"Damaru":66,"PreservedInsect":11,"The Courier":84,"Omamori":99,"Orichalcum":40,"Odd Mushroom":105,"GoldenEye":5,"MawBank":27,"Mercury Hourglass":71,"Peace Pipe":32,"Strange Spoon":87,"Anchor":66,"CaptainsWheel":180,"Busted Crown":80,"Ornamental Fan":20,"Orrery":82,"Bag of Marbles":33,"Art of War":236,"Membership Card":21,"Bottled Lightning":58,"PureWater":0,"TungstenRod":91,"Toy Ornithopter":124},{"Ice Cream":408,"Gremlin Horn":154,"CeramicFish":492,"Vajra":780,"Whetstone":15,"Old Coin":132,"Blood Vial":480,"Centennial Puzzle":317,"HornCleat":239,"FaceOfCleric":377,"Sundial":772,"DollysMirror":898,"MealTicket":104,"Prayer Wheel":480,"VioletLotus":288,"Kunai":302,"Toxic Egg 2":1062,"Girya":358,"Pear":147,"Happy Flower":621,"Blue Candle":529,"Astrolabe":793,"Dead Branch":1009,"Oddly Smooth Stone":57,"Eternal Feather":271,"Pen Nib":730,"War Paint":1025,"Question Card":1009,"Akabeko":614,"WarpedTongs":84,"SlaversCollar":540,"OrangePellets":614,"Shuriken":358,"Bronze Scales":239,"Bird Faced Urn":358,"MutagenicStrength":910,"Snecko Eye":118,"Pandora\u0027s Box":424,"Molten Egg 2":574,"StrikeDummy":1032,"NlothsMask":172,"Meat on the Bone":227,"Lantern":480,"Regal Pillow":631,"Torii":328,"Singing Bowl":445,"Melange":716,"StoneCalendar":367,"Mango":761,"Yang":910,"Bag of Preparation":276,"Incense Burner":614,"Juzu Bracelet":742,"Ancient Tea Set":0,"Smiling Mask":142,"ClockworkSouvenir":358,"Frozen Eye":653,"Dream Catcher":28,"Nunchaku":706,"Shovel":549,"Matryoshka":716,"Mummified Hand":523,"Pantograph":22,"Tiny Chest":614,"Red Mask":276,"InkBottle":605,"Runic Pyramid":214,"Potion Belt":1016,"Lee\u0027s Waffle":227,"Golden Idol":57,"Damaru":317,"PreservedInsect":57,"The Courier":397,"Omamori":480,"Orichalcum":195,"Odd Mushroom":499,"GoldenEye":22,"MawBank":135,"Mercury Hourglass":358,"Peace Pipe":154,"Strange Spoon":412,"Anchor":317,"CaptainsWheel":831,"Busted Crown":388,"Ornamental Fan":104,"Orrery":392,"Bag of Marbles":162,"Art of War":1109,"Membership Card":106,"Bottled Lightning":273,"PureWater":0,"TungstenRod":436,"Toy Ornithopter":585}],"Meat on the Bone":48},"card_choices":[{"not_picked":["JustLucky","Perseverance","Collect"],"picked":"FollowUp","floor":1.0},{"not_picked":["Protect","Consecrate","Wireheading"],"picked":"Nirvana","floor":3.0},{"not_picked":["EmptyFist","EmptyBody","BowlingBash"],"picked":"CutThroughFate","floor":7.0},{"not_picked":["ThirdEye","WaveOfTheHand","Prostrate"],"picked":"Meditate","floor":8.0},{"not_picked":["FlyingSleeves","Weave","WaveOfTheHand"],"picked":"Devotion","floor":10.0},{"not_picked":["Protect","FlyingSleeves","EmptyFist"],"picked":"Worship","floor":14},{"not_picked":["Devotion","Scrawl","Brilliance"],"picked":"Vault","floor":16},{"not_picked":["PathToVictory+1","FollowUp+1","CrushJoints","Consecrate"],"picked":"SKIP","floor":18},{"not_picked":["FearNoEvil","ClearTheMind","EmptyBody"],"picked":"Protect+1","floor":19},{"not_picked":["Protect","FollowUp","Halt","Weave+1"],"picked":"SKIP","floor":24},{"not_picked":["JustLucky","Consecrate","CutThroughFate+1"],"picked":"TalkToTheHand","floor":25},{"not_picked":["SignatureMove","Halt","FlyingSleeves"],"picked":"Ragnarok","floor":27},{"not_picked":["Protect","Halt","PathToVictory","SashWhip"],"picked":"Singing Bowl","floor":29},{"not_picked":["WindmillStrike","CutThroughFate","ClearTheMind+1","Nirvana"],"picked":"Singing Bowl","floor":31},{"not_picked":["Vault+1","Devotion","SpiritShield+1"],"picked":"MasterReality","floor":33},{"not_picked":["Halt+1","SashWhip+1","ThirdEye+1","CrushJoints"],"picked":"Singing Bowl","floor":35},{"not_picked":["PathToVictory+1","BowlingBash","CrushJoints","ThirdEye+1"],"picked":"Singing Bowl","floor":36},{"not_picked":["Wireheading","Protect+1","SashWhip","EmptyFist+1"],"picked":"Singing Bowl","floor":39},{"not_picked":["DeceiveReality+1","EmptyMind+1","Vengeance+1"],"picked":"WheelKick","floor":45},{"not_picked":["Flash of Steel","Panache","Purity+1","Secret Technique+1"],"picked":"Singing Bowl","floor":46},{"not_picked":["Finesse+1","Jack Of All Trades+1","Blind+1","Thinking Ahead+1"],"picked":"Singing Bowl","floor":46},{"not_picked":["PanicButton+1","Mind Blast","Madness+1"],"picked":"Apotheosis+1","floor":46},{"not_picked":["BowlingBash+1","Evaluate+1","Collect+1","Swivel+1"],"picked":"Singing Bowl","floor":47},{"not_picked":["Collect+1","ReachHeaven","Pray+1","ForeignInfluence+1"],"picked":"Singing Bowl","floor":48},{"not_picked":["Crescendo+1","SashWhip","ReachHeaven","CrushJoints"],"picked":"Singing Bowl","floor":55}],"player_experience":822513,"relics_obtained":[{"floor":7.0,"key":"Potion Belt"},{"floor":9.0,"key":"Shuriken"},{"floor":10.0,"key":"Vajra"},{"floor":14,"key":"StrikeDummy"},{"floor":19,"key":"Red Mask"},{"floor":24,"key":"Orichalcum"},{"floor":26,"key":"Singing Bowl"},{"floor":29,"key":"Gremlin Horn"},{"floor":31,"key":"Toxic Egg 2"},{"floor":43,"key":"Damaru"},{"floor":45,"key":"CeramicFish"},{"floor":48,"key":"Ornamental Fan"},{"floor":55,"key":"Art of War"}],"event_choices":[{"damage_healed":26.0,"max_hp_gain":0.0,"max_hp_loss":0.0,"gold_gain":0.0,"event_name":"Big Fish","player_choice":"Banana","floor":2.0,"gold_loss":0.0,"damage_taken":0.0},{"damage_healed":0.0,"max_hp_gain":0.0,"max_hp_loss":0.0,"gold_gain":0.0,"event_name":"Match and Keep!","player_choice":"1 cards matched","floor":4.0,"gold_loss":0.0,"damage_taken":0.0,"cards_obtained":["WaveOfTheHand"]},{"damage_healed":0.0,"max_hp_gain":0.0,"max_hp_loss":0.0,"gold_gain":0.0,"event_name":"Scrap Ooze","player_choice":"Success","floor":5.0,"gold_loss":0.0,"damage_taken":5.0,"relics_obtained":["Eternal Feather"]},{"damage_healed":0,"gold_gain":0,"player_choice":"Fought Bandits","damage_taken":0,"max_hp_gain":0,"max_hp_loss":0,"event_name":"Masked Bandits","floor":19,"gold_loss":0},{"damage_healed":0,"gold_gain":0,"player_choice":"Obtained Relic","damage_taken":0,"relics_obtained":["Pantograph"],"max_hp_gain":0,"max_hp_loss":0,"event_name":"Addict","floor":20,"gold_loss":85},{"damage_healed":0,"gold_gain":0,"player_choice":"Joined the Cult","damage_taken":6,"max_hp_gain":0,"max_hp_loss":0,"event_name":"Nest","floor":21,"gold_loss":0,"cards_obtained":["RitualDagger"]},{"cards_removed":["Strike_P"],"damage_healed":0,"gold_gain":0,"player_choice":"Purged","damage_taken":0,"max_hp_gain":0,"max_hp_loss":0,"event_name":"Purifier","floor":22,"gold_loss":0},{"damage_healed":0,"gold_gain":0,"player_choice":"Max HP","damage_taken":0,"max_hp_gain":0,"max_hp_loss":4,"event_name":"Winding Halls","floor":37,"gold_loss":0},{"damage_healed":0,"gold_gain":222,"player_choice":"Wore Mask","damage_taken":0,"max_hp_gain":0,"max_hp_loss":0,"event_name":"Tomb of Lord Red Mask","floor":38,"gold_loss":0},{"damage_healed":0,"gold_gain":0,"player_choice":"Memory 3","damage_taken":10,"max_hp_gain":0,"max_hp_loss":0,"event_name":"SensoryStone","floor":46,"gold_loss":0}],"is_beta":false,"boss_relics":[{"not_picked":["Busted Crown","SacredBark"],"picked":"Snecko Eye"},{"not_picked":["Black Star","Empty Cage"],"picked":"Astrolabe"}],"items_purged_floors":[0,41],"is_endless":false,"potions_floor_spawned":[3,7,14,16,18,19,27,31,33,36,39,45,47],"killed_by":"The Heart","ascension_level":20}}