{"host":"v3mpq6flurzldi5g","time":1611255486,"event":{"mods":["AchievementEnabler","BaseMod","Colored Powertips","Highlight Path","Jorbs\u0027s Wanderer Trilogy","Minty Spire (QoL Compilation)","StSLib"],"gold_per_floor":[115,128,148,167,185,185,211,211,211,211,230,230,246,246,246,344,344,344,344,269,219,36,36,36,36,36,36,36,36,0,0,0,0,0],"floor_reached":33,"language":"ENG","playtime":7458,"items_purged":["Gash"],"score":395,"play_id":"a4c9baee-1959-4b8c-831e-20ccf2fcc80e","local_time":"20210121135806","is_ascension_mode":true,"campfire_choices":[{"floor":6,"key":"REST"},{"floor":8,"key":"REST"},{"floor":12,"key":"REST"},{"floor":15,"key":"REST"},{"data":"Chaos","floor":23,"key":"SMITH"},{"data":"Double Energy","floor":27,"key":"SMITH"},{"floor":29,"key":"REST"},{"floor":32,"key":"REST"}],"circlet_count":0,"master_deck":["AscendersBane","Strike_B","Strike_B","Defend_B","Defend_B","Defend_B","Zap","Dualcast","Leap","Ball Lightning","BootSequence","Static Discharge","Double Energy+1","Leap","Electrodynamics","Chaos+1","Loop+1","Writhe","Redo"],"relics":["Cracked Core","Juzu Bracelet","StrikeDummy","Orichalcum","Ectoplasm","Membership Card","Bird Faced Urn","MawBank","Bottled Lightning","Gremlin Horn"],"acts_visited":["Exordium","TheCity"],"potions_floor_usage":[5,7,16,31],"damage_taken":[{"damage":8,"enemies":"Jaw Worm","floor":1,"turns":6},{"damage":1,"enemies":"Cultist","floor":2,"turns":3},{"damage":1,"enemies":"Small Slimes","floor":3,"turns":4},{"damage":9,"enemies":"Red Slaver","floor":4,"turns":4},{"damage":11,"enemies":"Gremlin Gang","floor":5,"turns":3},{"damage":19,"enemies":"Lagavulin","floor":7,"turns":6},{"damage":9,"enemies":"Exordium Thugs","floor":11,"turns":4},{"damage":18,"enemies":"Lots of Slimes","floor":13,"turns":3},{"damage":38,"enemies":"Hexaghost","floor":16,"turns":11},{"damage":9,"enemies":"Chosen","floor":18,"turns":5},{"damage":24,"enemies":"2 Thieves","floor":30,"turns":3},{"damage":29,"enemies":"Book of Stabbing","floor":31,"turns":5},{"damage":61,"enemies":"Automaton","floor":33,"turns":6}],"seed_played":"3666367565895008494","potions_obtained":[{"floor":2,"key":"Swift Potion"},{"floor":4,"key":"Explosive Potion"},{"floor":13,"key":"DuplicationPotion"},{"floor":18,"key":"LiquidBronze"}],"is_trial":false,"path_per_floor":["M","M","M","M","M","R","E","R","T","?","M","R","M","?","R","B",null,"M","?","$","?","$","R","?","?","T","R","T","R","M","E","R","B"],"character_chosen":"DEFECT","items_purchased":["Membership Card","Loop"],"campfire_rested":6,"item_purchase_floors":[22,22],"current_hp_per_floor":[60,59,58,49,38,60,41,63,63,63,54,75,57,45,67,29,64,55,55,55,55,55,55,55,55,55,55,55,75,53,28,50,0,0],"gold":0,"neow_bonus":"REMOVE_CARD","is_daily":false,"chose_seed":false,"campfire_upgraded":2,"win_rate":0.0,"timestamp":1611255486,"path_taken":["M","M","M","M","M","R","E","R","T","?","M","R","M","?","R","BOSS","M","?","?","?","$","R","?","?","T","R","?","R","M","E","R","BOSS"],"items_purchased_type":["Relic","Card"],"build_version":"2020-12-22","purchased_purges":1,"victory":false,"max_hp_per_floor":[75,75,75,75,75,75,75,75,75,75,75,75,75,75,75,75,75,75,75,75,75,75,75,75,75,75,75,75,75,75,75,75,75,75],"card_choices":[{"not_picked":["Hologram","Fusion","Reprogram"],"picked":"SKIP","floor":1},{"not_picked":["Skim","Go for the Eyes"],"picked":"Leap","floor":2},{"not_picked":["Steam","Coolheaded"],"picked":"Ball Lightning","floor":3},{"not_picked":["Darkness","Beam Cell"],"picked":"Gash","floor":4},{"not_picked":["Sweeping Beam","Turbo"],"picked":"BootSequence","floor":5},{"not_picked":["Fusion","All For One","Ball Lightning"],"picked":"SKIP","floor":7},{"not_picked":["Sweeping Beam","Blizzard"],"picked":"Double Energy","floor":11},{"not_picked":["Chill","Turbo"],"picked":"Leap","floor":13},{"not_picked":["Hyperbeam","Rainbow"],"picked":"Electrodynamics","floor":16},{"not_picked":["Skim","Go for the Eyes","Sweeping Beam"],"picked":"SKIP","floor":18},{"not_picked":["Streamline","Steam+1"],"picked":"Redo","floor":30},{"not_picked":["Rebound+1","Hologram","Cold Snap"],"picked":"SKIP","floor":31}],"player_experience":991167,"relics_obtained":[{"floor":7,"key":"Juzu Bracelet"},{"floor":9,"key":"StrikeDummy"},{"floor":26,"key":"MawBank"},{"floor":28,"key":"Bottled Lightning"},{"floor":31,"key":"Gremlin Horn"}],"event_choices":[{"damage_healed":0,"gold_gain":0,"cards_transformed":["Strike_B"],"player_choice":"Transformed","damage_taken":0,"max_hp_gain":0,"max_hp_loss":0,"event_name":"Transmorgrifier","floor":10,"gold_loss":0,"cards_obtained":["Static Discharge"]},{"damage_healed":0,"gold_gain":0,"player_choice":"Success","damage_taken":12,"relics_obtained":["Orichalcum"],"max_hp_gain":0,"max_hp_loss":0,"event_name":"Scrap Ooze","floor":14,"gold_loss":0},{"damage_healed":0,"gold_gain":0,"cards_transformed":["Defend_B"],"player_choice":"Transformed","damage_taken":0,"max_hp_gain":0,"max_hp_loss":0,"event_name":"Transmorgrifier","floor":19,"gold_loss":0,"cards_obtained":["Chaos"]},{"damage_healed":0,"gold_gain":100,"player_choice":"Bet on Murderer","damage_taken":0,"max_hp_gain":0,"max_hp_loss":0,"event_name":"The Joust","floor":21,"gold_loss":50},{"damage_healed":0,"gold_gain":0,"player_choice":"Upgraded","damage_taken":0,"max_hp_gain":0,"max_hp_loss":0,"event_name":"Upgrade Shrine","floor":24,"gold_loss":0,"cards_upgraded":["Loop"]},{"damage_healed":0,"gold_gain":0,"player_choice":"Opened","damage_taken":0,"relics_obtained":["Bird Faced Urn"],"max_hp_gain":0,"max_hp_loss":0,"event_name":"The Mausoleum","floor":25,"gold_loss":0,"cards_obtained":["Writhe"]}],"is_beta":false,"boss_relics":[{"not_picked":["Astrolabe","Empty Cage"],"picked":"Ectoplasm"}],"items_purged_floors":[20],"is_endless":false,"potions_floor_spawned":[2,4,13,18],"killed_by":"Automaton","ascension_level":10}}