{"host":"8u7tvcybuv0u72fd","time":1611210907,"event":{"mods":["BaseMod","BetterRewards","Colored Map","Colored Powertips","Minty Spire (QoL Compilation)","Quick Restart","Shop Mod"],"gold_per_floor":[117,67,67,67,67,67,81,111,111,129,162,178,193,45,45,143,143,162,181,197,213,213,213,58,58,58,83,35,115,134,134,134,231,231,244,244,259,259,273,306,306,306,306,306,319,344,420,1,1,1,1,1,11,43,43],"floor_reached":56,"language":"ENG","playtime":3004,"items_purged":["Strike_R"],"score":1428,"play_id":"38ef214f-225b-4be4-a9c4-fe02cc09a68c","local_time":"20210121013507","is_ascension_mode":false,"campfire_choices":[{"data":"Defend_R","floor":6.0,"key":"SMITH"},{"data":"Feed","floor":15.0,"key":"SMITH"},{"data":"Offering","floor":23,"key":"SMITH"},{"data":"Rampage","floor":25,"key":"SMITH"},{"data":"Shrug It Off","floor":32,"key":"SMITH"},{"floor":42,"key":"RECALL"},{"data":"Disarm","floor":44,"key":"SMITH"},{"data":"Seeing Red","floor":49,"key":"SMITH"},{"data":"Defend_R","floor":52,"key":"SMITH"}],"circlet_count":0,"master_deck":["Strike_R","Strike_R","Defend_R","Defend_R","Defend_R+1","Defend_R+1","Bash+1","Apotheosis+1","Body Slam+1","Seeing Red+1","Disarm+1","Feed+1","Offering+1","Blood for Blood+1","Rampage+1","Shrug It Off+1","Barricade+1","True Grit+1","Carnage+1"],"relics":["Burning Blood","Bag of Marbles","TungstenRod","StoneCalendar","Thread and Needle","Velvet Choker","Ancient Tea Set","Potion Belt","Anchor","Ice Cream","Red Skull","Gambling Chip","Self Forming Clay","Nunchaku","Membership Card","MerchantsRug","Lantern","Pantograph","Ornamental Fan","Turnip","Bag of Preparation","Torii"],"acts_visited":["Exordium","TheCity","TheBeyond","TheEnding"],"potions_floor_usage":[19,54,54,54,55,55,55,55,55,55,55,55,55,55],"damage_taken":[{"damage":0.0,"enemies":"2 Louse","floor":1.0,"turns":3.0},{"damage":0.0,"enemies":"Jaw Worm","floor":7.0,"turns":4.0},{"damage":4.0,"enemies":"3 Sentries","floor":8.0,"turns":5.0},{"damage":0.0,"enemies":"Cultist","floor":10.0,"turns":3.0},{"damage":10.0,"enemies":"Gremlin Nob","floor":11.0,"turns":4.0},{"damage":0.0,"enemies":"Large Slime","floor":12.0,"turns":5.0},{"damage":0.0,"enemies":"Exordium Thugs","floor":13.0,"turns":3.0},{"damage":39.0,"enemies":"Slime Boss","floor":16.0,"turns":11.0},{"damage":3.0,"enemies":"3 Byrds","floor":18.0,"turns":6.0},{"damage":5,"enemies":"2 Thieves","floor":19,"turns":2},{"damage":10,"enemies":"Snecko","floor":20,"turns":6},{"damage":7,"enemies":"Shelled Parasite and Fungi","floor":21,"turns":5},{"damage":6,"enemies":"Book of Stabbing","floor":27,"turns":4},{"damage":5,"enemies":"Snake Plant","floor":30,"turns":3},{"damage":54,"enemies":"Automaton","floor":33,"turns":9},{"damage":6,"enemies":"Orb Walker","floor":35,"turns":4},{"damage":5,"enemies":"3 Darklings","floor":37,"turns":3},{"damage":5,"enemies":"Writhing Mass","floor":39,"turns":5},{"damage":5,"enemies":"Nemesis","floor":40,"turns":7},{"damage":6,"enemies":"Jaw Worm Horde","floor":45,"turns":6},{"damage":43,"enemies":"Donu and Deca","floor":50,"turns":11},{"damage":5,"enemies":"Shield and Spear","floor":54,"turns":10},{"damage":28,"enemies":"The Heart","floor":55,"turns":11}],"seed_played":"5414738277229226476","potions_obtained":[{"floor":8.0,"key":"Ancient Potion"},{"floor":11.0,"key":"ColorlessPotion"},{"floor":12.0,"key":"Block Potion"},{"floor":13.0,"key":"Explosive Potion"},{"floor":16.0,"key":"Weak Potion"},{"floor":19,"key":"ElixirPotion"},{"floor":20,"key":"SkillPotion"},{"floor":21,"key":"DuplicationPotion"},{"floor":22,"key":"HeartOfIron"},{"floor":27,"key":"BloodPotion"},{"floor":30,"key":"Ancient Potion"},{"floor":33,"key":"Block Potion"},{"floor":35,"key":"EntropicBrew"},{"floor":54,"key":"Ancient Potion"}],"is_trial":false,"path_per_floor":["M","?","?","?","T","R","M","E","T","M","E","M","M","$","R","B",null,"M","M","M","M","?","R","$","R","T","E","$","T","M","$","R","B",null,"M","?","M","T","M","E","?","R","T","R","M","T","T","$","R","B",null,"R","$","E","B",null],"character_chosen":"IRONCLAD","items_purchased":["Apotheosis","Lee\u0027s Waffle","Tiny Chest","Body Slam","Explosive Potion","Omamori","Rampage","Shrug It Off","Membership Card","Strawberry","Pear","MerchantsRug","Lantern","Pantograph","Ornamental Fan","Turnip","EntropicBrew","Bag of Preparation"],"campfire_rested":0,"item_purchase_floors":[0,0,0,0,0,14,24,28,48,48,48,48,48,48,48,48,53,53],"current_hp_per_floor":[87,87,70,70,70,70,76,78,78,84,80,86,91,91,91,62,95,99,103,103,106,106,106,106,106,106,106,106,106,111,111,111,67,119,119,119,119,119,123,127,127,127,127,127,131,131,131,148,148,111,148,148,148,152,130],"gold":43,"neow_bonus":"","is_daily":false,"chose_seed":false,"campfire_upgraded":8,"win_rate":0.0,"timestamp":1611210907,"path_taken":["M","?","?","?","?","R","?","E","T","M","E","M","M","$","R","BOSS","M","M","M","M","?","R","$","R","T","E","?","?","?","?","R","BOSS","M","?","M","?","M","E","?","R","T","R","?","?","?","?","R","BOSS","R","$","E","BOSS"],"items_purchased_type":["Card","Relic","Relic","Card","Potion","Relic","Card","Card","Relic","Relic","Relic","Relic","Relic","Relic","Relic","Relic","Potion","Relic"],"build_version":"2020-12-22","purchased_purges":1,"victory":true,"max_hp_per_floor":[87,87,87,87,87,87,87,87,87,87,87,87,91,91,91,95,95,99,103,107,111,111,111,111,111,111,111,111,111,115,115,115,119,119,119,119,119,119,123,127,127,127,127,127,131,131,131,148,148,148,148,148,148,152,152],"card_choices":[{"not_picked":["Cleave","Heavy Blade","Rampage"],"picked":"SKIP","floor":1.0},{"not_picked":["Perfected Strike","Thunderclap"],"picked":"Seeing Red","floor":7.0},{"not_picked":["Rupture","True Grit"],"picked":"Disarm","floor":8.0},{"not_picked":["Clash","True Grit","Cleave"],"picked":"SKIP","floor":10.0},{"not_picked":["Armaments","Wild Strike","Rupture"],"picked":"SKIP","floor":11.0},{"not_picked":["Iron Wave","Heavy Blade"],"picked":"Feed","floor":12.0},{"not_picked":["Feel No Pain","Hemokinesis","Sentinel"],"picked":"SKIP","floor":13.0},{"not_picked":["Fiend Fire","Limit Break"],"picked":"Offering","floor":16.0},{"not_picked":["Carnage","Disarm"],"picked":"Blood for Blood+1","floor":18.0},{"not_picked":["Heavy Blade","Seeing Red+1","Dark Embrace"],"picked":"SKIP","floor":19},{"not_picked":["Flex","True Grit","Inflame"],"picked":"SKIP","floor":20},{"not_picked":["Flex","Headbutt","Rage"],"picked":"SKIP","floor":21},{"not_picked":["Shockwave","Twin Strike","Perfected Strike"],"picked":"SKIP","floor":27},{"not_picked":["Heavy Blade+1","Clothesline","Shockwave"],"picked":"SKIP","floor":30},{"not_picked":["Limit Break","Fiend Fire"],"picked":"Barricade","floor":33},{"not_picked":["Body Slam","Anger+1"],"picked":"True Grit+1","floor":35},{"not_picked":["Twin Strike","Flex+1","Thunderclap+1"],"picked":"SKIP","floor":37},{"not_picked":["Rupture","Demon Form","Body Slam+1"],"picked":"SKIP","floor":39},{"not_picked":["Shrug It Off+1","Warcry+1","Flex"],"picked":"SKIP","floor":40},{"not_picked":["Reckless Charge","Clash+1","Cleave+1"],"picked":"SKIP","floor":45},{"not_picked":["Corruption","Cleave"],"picked":"Carnage+1","floor":54}],"player_experience":1385146,"relics_obtained":[{"floor":5.0,"key":"Bag of Marbles"},{"floor":8.0,"key":"TungstenRod"},{"floor":9.0,"key":"StoneCalendar"},{"floor":11.0,"key":"Thread and Needle"},{"floor":26,"key":"Ancient Tea Set"},{"floor":27,"key":"Potion Belt"},{"floor":29,"key":"White Beast Statue"},{"floor":34,"key":"Anchor"},{"floor":34,"key":"The Courier"},{"floor":34,"key":"Ice Cream"},{"floor":38,"key":"Red Skull"},{"floor":40,"key":"Gambling Chip"},{"floor":43,"key":"Self Forming Clay"},{"floor":46,"key":"Nunchaku"},{"floor":54,"key":"Torii"}],"event_choices":[{"cards_removed":["Strike_R"],"damage_healed":0.0,"max_hp_gain":0.0,"max_hp_loss":0.0,"gold_gain":0.0,"event_name":"The Cleric","player_choice":"Card Removal","floor":2.0,"gold_loss":50.0,"damage_taken":0.0},{"damage_healed":0.0,"max_hp_gain":0.0,"max_hp_loss":0.0,"gold_gain":0.0,"event_name":"Shining Light","player_choice":"Entered Light","floor":3.0,"gold_loss":0.0,"damage_taken":17.0,"cards_upgraded":["Bash","Body Slam"]},{"damage_healed":0.0,"max_hp_gain":0.0,"max_hp_loss":0.0,"gold_gain":0.0,"event_name":"Living Wall","player_choice":"Grow","floor":4.0,"gold_loss":0.0,"damage_taken":0.0,"cards_upgraded":["Apotheosis"]},{"damage_healed":0,"gold_gain":0,"player_choice":"Got Potions","damage_taken":0,"max_hp_gain":0,"max_hp_loss":0,"event_name":"Lab","floor":22,"gold_loss":0},{"damage_healed":0,"gold_gain":0,"player_choice":"Upgraded","damage_taken":0,"max_hp_gain":0,"max_hp_loss":0,"event_name":"Upgrade Shrine","floor":36,"gold_loss":0,"cards_upgraded":["Barricade"]},{"cards_removed":["Strike_R"],"damage_healed":0,"gold_gain":0,"player_choice":"Purged","damage_taken":0,"max_hp_gain":0,"max_hp_loss":0,"event_name":"Purifier","floor":41,"gold_loss":0}],"is_beta":false,"boss_relics":[{"not_picked":["Astrolabe","Sozu"],"picked":"Velvet Choker"},{"not_picked":["Philosopher\u0027s Stone","Runic Dome"],"picked":"Calling Bell"}],"items_purged_floors":[24],"is_endless":false,"potions_floor_spawned":[8,11,12,13,16,19,20,21,27,30,33,35,37,39,40,45,54],"ascension_level":0}}