{"host":"ftbkoc3ruyyiy16n","time":1611259103,"event":{"mods":["AchievementEnabler","BaseMod","Colored Map","Colored Powertips","Downfall","Filter the Spire","Highlight Path","Minty Spire (QoL Compilation)","Permanent Neow","Quick Restart","Rare Cards Sparkle","Relic Stats","StSLib"],"gold_per_floor":[99,111,131,150,250,175,175,186,219,233,243,18,18,51,67,168,168,118,137,147,147,157,157,183,215,250,285,235,65,75,75,85,188,188,138,257,41,2,21,21,68,86,117,67,67,17,52,69,79,79],"floor_reached":51,"language":"ENG","playtime":5956,"items_purged":["Slimebound:Defend_Slimebound","Slimebound:Defend_Slimebound"],"score":852,"play_id":"0d3e55e8-6b64-4070-83d9-6d4cad86d8e6","local_time":"20210121205823","is_ascension_mode":false,"campfire_choices":[{"data":"Slimebound:CorrosiveSpit","floor":1.0,"key":"SMITH"},{"data":"Slimebound:DuplicatedForm","floor":13.0,"key":"SMITH"},{"data":"Slimebound:SpikyOuterGoop","floor":18,"key":"SMITH"},{"data":"Slimebound:Overexert","floor":28,"key":"SMITH"},{"floor":35,"key":"RECALL"},{"data":"Slimebound:DuplicatedForm","floor":40,"key":"SMITH"},{"data":"Slimebound:LeechEnergy","floor":44,"key":"SMITH"},{"data":"Slimebound:LeadByExample","floor":46,"key":"SMITH"}],"circlet_count":0,"master_deck":["Slimebound:Strike_Slimebound","Slimebound:Strike_Slimebound+1","Slimebound:Tackle","Slimebound:Defend_Slimebound","Slimebound:Split","Slimebound:CorrosiveSpit+1","Dramatic Entrance","Slimebound:LeechEnergy+1","Slimebound:LivingWall","Slimebound:SplitAcid","Slimebound:Overexert+1","Slimebound:LeechEnergy+1","Slimebound:SamplingLick+1","Slimebound:RainOfGoop+1","Slimebound:ComboTackle","Slimebound:CheckThePlaybook+1","Slimebound:SplitLeeching+1","Slimebound:DuplicatedForm+1","Slimebound:GoopSpray+1","Slimebound:LivingWall+1","Slimebound:SpikyOuterGoop+1","Slimebound:FirmFortitude+1","Slimebound:LeechingTouch+1","Slimebound:SplitLeeching+1","Slimebound:SplitMire+1","Slimebound:LivingWall+1","Slimebound:RainOfGoop+1","Slimebound:MegaLick+1","Slimebound:DouseInSlime+1","Slimebound:RejuvenatingLick+1","Slimebound:ViciousTackle+1","Slimebound:DuplicatedForm+1","Slimebound:RainOfGoop+1","Slimebound:SpikyOuterGoop","Slimebound:ViciousTackle","Slimebound:RejuvenatingLick+1","Slimebound:Dissolve+1","Slimebound:LeadByExample+1","Slimebound:Prepare+1","Slimebound:GoopSpray+1","Slimebound:LeadByExample+1","Slimebound:Schlurp+1"],"relics":["Slimebound:AbsorbEndCombat","Slimebound:GreedOozeRelic","Toxic Egg 2","MealTicket","WingedGreaves","Sozu","Oddly Smooth Stone","Anchor","PreservedInsect","Centennial Puzzle","Busted Crown","Membership Card","Whetstone","Strawberry","Bag of Marbles","Omamori"],"acts_visited":["Exordium","TheCity","TheBeyond"],"potions_floor_usage":[50,50],"damage_taken":[{"damage":6.0,"enemies":"Jaw Worm","floor":2.0,"turns":3.0},{"damage":0.0,"enemies":"Small Slimes","floor":3.0,"turns":2.0},{"damage":0.0,"enemies":"Cultist","floor":4.0,"turns":3.0},{"damage":16.0,"enemies":"downfall:Heads","floor":5.0,"turns":6.0},{"damage":7.0,"enemies":"Blue Slaver","floor":8.0,"turns":3.0},{"damage":9.0,"enemies":"Lagavulin","floor":9.0,"turns":6.0},{"damage":0.0,"enemies":"Exordium Wildlife","floor":10.0,"turns":3.0},{"damage":0.0,"enemies":"Large Slime","floor":11.0,"turns":3.0},{"damage":4.0,"enemies":"downfall:FleeingMerchant","floor":12.0,"turns":4.0},{"damage":3.0,"enemies":"3 Sentries","floor":14.0,"turns":4.0},{"damage":4.0,"enemies":"Blue Slaver","floor":15.0,"turns":3.0},{"damage":2.0,"enemies":"SI_SHIV_ARCHETYPE","floor":16.0,"turns":4.0},{"damage":21,"enemies":"Chosen","floor":19,"turns":3},{"damage":25,"enemies":"Shell Parasite","floor":20,"turns":4},{"damage":0,"enemies":"Sentry and Sphere","floor":22,"turns":4},{"damage":0,"enemies":"Slavers","floor":25,"turns":2},{"damage":17,"enemies":"Gremlin Leader","floor":26,"turns":5},{"damage":4,"enemies":"Slavers","floor":27,"turns":3},{"damage":15,"enemies":"downfall:FleeingMerchant","floor":29,"turns":4},{"damage":0,"enemies":"Snake Plant","floor":30,"turns":3},{"damage":18,"enemies":"Shelled Parasite and Fungi","floor":32,"turns":3},{"damage":43,"enemies":"IC_MUSHROOM_ARCHETYPE","floor":33,"turns":6},{"damage":0,"enemies":"downfall:FleeingMerchant","floor":36,"turns":2},{"damage":19,"enemies":"3 Darklings","floor":39,"turns":3},{"damage":5,"enemies":"3 Shapes","floor":42,"turns":3},{"damage":18,"enemies":"Giant Head","floor":43,"turns":4},{"damage":0,"enemies":"Nemesis","floor":47,"turns":1},{"damage":0,"enemies":"3 Darklings","floor":48,"turns":4},{"damage":15,"enemies":"Transient","floor":49,"turns":5},{"damage":45,"enemies":"DF_ARCHETYPE_ORBS","floor":50,"turns":7}],"seed_played":"4096146975168418402","potions_obtained":[{"floor":2.0,"key":"DistilledChaos"},{"floor":5.0,"key":"LiquidBronze"},{"floor":9.0,"key":"SpeedPotion"},{"floor":16,"key":"Strength Potion"}],"is_trial":false,"path_per_floor":["R","M","M","M","?","?","T","M","E","M","M","$","R","E","M","B",null,"R","M","M","?","M","?","T","E","E","E","R","$","M","T","M","B",null,"R","$","?","$","M","R","T","M","E","R","?","R","E","M","M","B",null],"character_chosen":"SLIMEBOUND","items_purchased":["Slimebound:DuplicatedForm","Slimebound:GoopSpray+1","Slimebound:RejuvenatingLick+1","Membership Card","Slimebound:RainOfGoop+1","Slimebound:SpikyOuterGoop","Slimebound:ViciousTackle","Whetstone","Slimebound:RejuvenatingLick+1","Slimebound:Dissolve+1","Slimebound:LeadByExample"],"campfire_rested":0,"item_purchase_floors":[12,12,29,36,36,36,37,37,37,37,38],"current_hp_per_floor":[65,59,61,65,49,49,49,44,43,49,51,65,65,65,63,65,65,65,61,55,55,57,57,57,63,63,64,64,65,65,65,64,37,65,65,65,65,65,63,63,70,69,72,72,67,67,71,72,72,44],"gold":79,"neow_bonus":"RANDOM_COLORLESS","is_daily":false,"chose_seed":false,"campfire_upgraded":7,"win_rate":0.0,"timestamp":1611259103,"path_taken":["R","M","M","M","?","?","T","M","E","M","M","$","R","E","M","BOSS","BOSS","R","M","M","?","?","?","T","E","E","E","R","$","M","?","M","BOSS","R","$","?","$","M","R","T","M","E","R","?","R","E","M","M","BOSS"],"items_purchased_type":["Card","Card","Card","Relic","Card","Card","Card","Relic","Card","Card","Card"],"build_version":"2020-12-22","purchased_purges":2,"victory":true,"max_hp_per_floor":[65,65,65,65,65,65,65,65,65,65,65,65,65,65,65,65,65,65,65,65,65,65,65,65,65,65,65,65,65,65,65,65,65,65,65,65,65,65,65,65,72,72,72,72,72,72,72,72,72,72],"relic_stats":{"Sozu":7,"Centennial Puzzle":[21],"Busted Crown":22,"counters":[30,108],"MealTicket":15,"PreservedInsect":210,"Whetstone":["Slimebound:ViciousTackle","Slimebound:Strike_Slimebound"],"obtain_stats":[{"Oddly Smooth Stone":24,"PreservedInsect":26,"Omamori":47,"Whetstone":37,"Slimebound:GreedOozeRelic":6,"Sozu":17,"Anchor":25,"Centennial Puzzle":27,"Busted Crown":34,"Strawberry":41,"MealTicket":9,"WingedGreaves":14,"Slimebound:AbsorbEndCombat":0,"Bag of Marbles":43,"Membership Card":36,"Toxic Egg 2":7},{"Oddly Smooth Stone":15,"PreservedInsect":17,"Omamori":27,"Whetstone":23,"Slimebound:GreedOozeRelic":4,"Sozu":12,"Anchor":16,"Centennial Puzzle":18,"Busted Crown":22,"Strawberry":24,"MealTicket":6,"WingedGreaves":10,"Slimebound:AbsorbEndCombat":0,"Bag of Marbles":26,"Membership Card":23,"Toxic Egg 2":4},{"Oddly Smooth Stone":53,"PreservedInsect":60,"Omamori":92,"Whetstone":81,"Slimebound:GreedOozeRelic":14,"Sozu":42,"Anchor":55,"Centennial Puzzle":63,"Busted Crown":79,"Strawberry":84,"MealTicket":22,"WingedGreaves":35,"Slimebound:AbsorbEndCombat":0,"Bag of Marbles":91,"Membership Card":81,"Toxic Egg 2":14}]},"card_choices":[{"not_picked":["Panacea","Purity"],"picked":"Dramatic Entrance","floor":0.0},{"not_picked":["Slimebound:Dissolve","Slimebound:SlimeSpikes"],"picked":"Slimebound:LeechEnergy","floor":2.0},{"not_picked":["Slimebound:ComboTackle","Slimebound:Replication"],"picked":"Slimebound:LivingWall","floor":3.0},{"not_picked":["Slimebound:Nibble","Slimebound:FormOfPuddle"],"picked":"Slimebound:SplitAcid","floor":4.0},{"not_picked":["Slimebound:SplitSpecialist","Slimebound:SlimeBarrage"],"picked":"Slimebound:LeechEnergy","floor":5.0},{"not_picked":["Slimebound:ProtectTheBoss","Slimebound:LeechingTouch"],"picked":"Slimebound:SamplingLick+1","floor":8.0},{"not_picked":["Slimebound:LeechingTouch","Slimebound:AcidTongue"],"picked":"Slimebound:RainOfGoop+1","floor":9.0},{"not_picked":["Slimebound:DisruptingSlam","Slimebound:GrowthPunch"],"picked":"Slimebound:ComboTackle","floor":10.0},{"not_picked":["Slimebound:ComboTackle","Slimebound:SplitMire+1"],"picked":"Slimebound:CheckThePlaybook+1","floor":11.0},{"not_picked":["Slimebound:FinishingTackle","Slimebound:FirmFortitude+1"],"picked":"Slimebound:SplitLeeching+1","floor":12.0},{"not_picked":["Slimebound:ItLooksTasty","Slimebound:FormOfPuddle+1"],"picked":"Slimebound:LivingWall+1","floor":14.0},{"not_picked":["Slimebound:DivideAndConquer","Slimebound:Repurpose+1"],"picked":"Slimebound:SpikyOuterGoop","floor":15.0},{"not_picked":["Slimebound:MassFeed","Slimebound:TagTeam"],"picked":"Slimebound:FirmFortitude+1","floor":16},{"not_picked":["Slimebound:Recollect+1","Slimebound:PressTheAttack"],"picked":"Slimebound:LeechingTouch+1","floor":19},{"not_picked":["Slimebound:FormOfPuddle+1","Slimebound:FinishingTackle"],"picked":"Slimebound:SplitLeeching+1","floor":20},{"not_picked":["Slimebound:FinishingTackle","Slimebound:LivingWall+1"],"picked":"Slimebound:SplitMire+1","floor":22},{"not_picked":["Slimebound:GrowthPunch","Slimebound:SplitMire+1"],"picked":"Slimebound:LivingWall+1","floor":25},{"not_picked":["Slimebound:Dissolve+1","Slimebound:Overexert"],"picked":"Slimebound:RainOfGoop+1","floor":26},{"not_picked":["Slimebound:ServeAndProtect+1","Slimebound:ItLooksTasty+1"],"picked":"Slimebound:MegaLick+1","floor":27},{"not_picked":["Slimebound:LeadByExample","Slimebound:RejuvenatingLick+1"],"picked":"Slimebound:DouseInSlime+1","floor":29},{"not_picked":["Slimebound:SplitLeeching+1","Slimebound:FormOfPuddle+1","Slimebound:PressTheAttack+1"],"picked":"SKIP","floor":30},{"not_picked":["Slimebound:GrowthPunch","Slimebound:GoopTackle+1"],"picked":"Slimebound:ViciousTackle","floor":32},{"not_picked":["Slimebound:Darklings+1","Slimebound:FirmFortitude+1"],"picked":"Slimebound:DuplicatedForm","floor":33},{"not_picked":["Slimebound:PressTheAttack"],"picked":"SKIP","floor":36},{"not_picked":["Slimebound:PressTheAttack+1"],"picked":"SKIP","floor":39},{"not_picked":["Slimebound:RollThrough"],"picked":"SKIP","floor":42},{"not_picked":[],"picked":"Slimebound:Prepare+1","floor":43},{"not_picked":[],"picked":"Slimebound:GoopSpray+1","floor":47},{"not_picked":[],"picked":"Slimebound:LeadByExample+1","floor":48},{"not_picked":[],"picked":"Slimebound:Schlurp+1","floor":49}],"player_experience":312996,"relics_obtained":[{"floor":7.0,"key":"Toxic Egg 2"},{"floor":9.0,"key":"MealTicket"},{"floor":14.0,"key":"WingedGreaves"},{"floor":24,"key":"Oddly Smooth Stone"},{"floor":25,"key":"Anchor"},{"floor":26,"key":"PreservedInsect"},{"floor":27,"key":"Centennial Puzzle"},{"floor":41,"key":"Strawberry"},{"floor":43,"key":"Bag of Marbles"},{"floor":47,"key":"Omamori"}],"event_choices":[{"damage_healed":0,"gold_gain":0,"player_choice":"Got Potions","damage_taken":0,"max_hp_gain":0,"max_hp_loss":0,"event_name":"Lab","floor":21,"gold_loss":0}],"is_beta":false,"boss_relics":[{"not_picked":["Fusion Hammer","SacredBark"],"picked":"Sozu"},{"not_picked":["Slimebound:TarBlob","Velvet Choker"],"picked":"Busted Crown"}],"items_purged_floors":[29,37],"is_endless":false,"potions_floor_spawned":[2,5,9,11,16,19,22,27,42,43,48],"ascension_level":0}}