{"host":"gk9qdtkqd8dwfeg2","time":1611217633,"event":{"mods":["Act Like it!","Aspiration","BaseMod","Colored Powertips","KomeijiMod","Minty Spire (QoL Compilation)","Quick Restart","Replay The Spire","Shop Mod","StSLib","TestMod","The Gatherer","The Servant 0.9.4","Waifu the Spire","WarShipGirlsR/战舰少女R mod","Yuri Mod","【遗物卡牌】REMEMod"],"gold_per_floor":[111,111,111,125,50,76,15,40,63,78,111,111,142,158,158,235,235,252,282,296,50,50,85,85,85,85],"floor_reached":25,"language":"ZHS","playtime":800,"items_purged":["Strike_B"],"score":544,"play_id":"35f04dc3-59e3-42c9-b849-f92988f49e14","local_time":"20210121162713","is_ascension_mode":true,"campfire_choices":[{"floor":12,"key":"REST"},{"data":"Turbo","floor":15,"key":"SMITH"},{"data":"REME_Whirling","floor":24,"key":"SMITH"}],"circlet_count":0,"master_deck":["AscendersBane","Defend_B+1","Defend_B","Defend_B","Defend_B","Zap","Dualcast","BadLadyScramble+1","REME_Whirling+1","Finisher","Glass Knife","ReplayTheSpireMod:From All Sides","Turbo+1","ReplayTheSpireMod:Reroute Power","ReplayTheSpireMod:Reroute Power","Crystallizer","Steam","Mirror Shield","Gash","Sunder","Hyperbeam","Reprogram+1","Self Repair+1","REME_DataAnalysis+1"],"relics":["Cracked Core","testmod-TestBox","REME_ComplimentaryCards","testmod-Fortitude","NeowsBlessing","Onion Ring","aspiration:HatOfInfinitePower","Centennial Puzzle","Potion Belt","Bottled Lightning","aspiration:IroncladSkillbook","Red Mask","MerchantsRug","Blue Doll"],"acts_visited":["Exordium","TheCity"],"potions_floor_usage":[11,16,25],"damage_taken":[{"damage":0.0,"enemies":"2 Louse","floor":1.0,"turns":1.0},{"damage":0.0,"enemies":"Jaw Worm","floor":4.0,"turns":1.0},{"damage":0.0,"enemies":"Gremlin Nob","floor":6.0,"turns":1.0},{"damage":8.0,"enemies":"Lagavulin","floor":8.0,"turns":4.0},{"damage":0.0,"enemies":"Cultist","floor":10.0,"turns":1.0},{"damage":8,"enemies":"Gremlin Nob","floor":11,"turns":3},{"damage":10,"enemies":"3 Sentries","floor":13,"turns":6},{"damage":0,"enemies":"Large Slime","floor":14,"turns":4},{"damage":20,"enemies":"Slime Boss","floor":16,"turns":6},{"damage":10,"enemies":"3 Byrds","floor":18,"turns":4},{"damage":0,"enemies":"Masked Bandits","floor":19,"turns":2},{"damage":3,"enemies":"Shell Parasite","floor":20,"turns":5},{"damage":40,"enemies":"Slavers","floor":23,"turns":6},{"damage":31,"enemies":"Book of Stabbing","floor":25,"turns":6}],"seed_played":"-3936459668795402719","potions_obtained":[{"floor":4.0,"key":"CultistPotion"},{"floor":8.0,"key":"Strength Potion"},{"floor":13,"key":"Swift Potion"},{"floor":18,"key":"testmod-SpacePotion"},{"floor":20,"key":"Regen Potion"}],"is_trial":false,"path_per_floor":["M","?","?","M","$","E","$","E","T","M","E","R","E","M","R","B",null,"M","?","M","$","?","E","R","E"],"character_chosen":"DEFECT","items_purchased":["ReplayTheSpireMod:Reroute Power","MerchantsRug","REME_DataAnalysis"],"campfire_rested":1,"item_purchase_floors":[7,21,21],"current_hp_per_floor":[64,43,43,43,43,43,43,35,35,35,27,48,38,38,38,18,58,52,56,57,57,57,31,31,9,9],"gold":85,"neow_bonus":"THREE_ENEMY_KILL","is_daily":false,"chose_seed":false,"campfire_upgraded":2,"win_rate":0.0,"timestamp":1611217633,"path_taken":["M","?","?","?","$","E","$","E","T","M","E","R","E","M","R","BOSS","M","?","M","$","?","E","R","E"],"items_purchased_type":["Card","Relic","Card"],"build_version":"2020-12-22","purchased_purges":1,"victory":false,"max_hp_per_floor":[71,71,71,71,71,71,71,71,71,71,71,71,71,71,71,71,71,71,71,71,71,71,71,71,71,71],"card_choices":[{"not_picked":["REME_SelfUpgrade","Leap"],"picked":"REME_Whirling","floor":1.0},{"not_picked":["Barrage","Leap","Hologram"],"picked":"SKIP","floor":4.0},{"not_picked":["Stack","Rebound"],"picked":"Turbo","floor":6.0},{"not_picked":["REME_Shoggoth","ReplayTheSpireMod:System Scan"],"picked":"Crystallizer","floor":8.0},{"not_picked":["Rebound","Conserve Battery"],"picked":"Steam","floor":10.0},{"not_picked":["Hologram","ReplaySolidLightProjector"],"picked":"Mirror Shield","floor":11},{"not_picked":["Steam","Crystallizer"],"picked":"Gash","floor":13},{"not_picked":["Conserve Battery","Barrage"],"picked":"Sunder","floor":14},{"not_picked":["Thunder Strike","Machine Learning"],"picked":"Hyperbeam","floor":16},{"not_picked":["BasicCrystalCard","REME_Whirling","Ball Lightning+1"],"picked":"Reprogram+1","floor":18},{"not_picked":["Rebound","White Noise","Undo+1"],"picked":"Self Repair+1","floor":20},{"not_picked":["Panic Button","Reprogram+1","Compile Driver+1","Conserve Battery"],"picked":"SKIP","floor":23}],"player_experience":674778,"relics_obtained":[{"floor":6.0,"key":"Onion Ring"},{"floor":8.0,"key":"aspiration:HatOfInfinitePower"},{"floor":9.0,"key":"Centennial Puzzle"},{"floor":11,"key":"Potion Belt"},{"floor":13,"key":"Bottled Lightning"},{"floor":19,"key":"Red Mask"},{"floor":23,"key":"Blue Doll"}],"event_choices":[{"damage_healed":0.0,"max_hp_gain":0.0,"max_hp_loss":0.0,"gold_gain":0.0,"event_name":"Shining Light","player_choice":"Entered Light","floor":2.0,"gold_loss":0.0,"damage_taken":21.0,"cards_upgraded":["BadLadyScramble","Defend_B"]},{"damage_healed":0,"gold_gain":0,"player_choice":"Fought Bandits","damage_taken":0,"max_hp_gain":0,"max_hp_loss":0,"event_name":"Masked Bandits","floor":19,"gold_loss":0}],"is_beta":false,"boss_relics":[{"not_picked":["Replay:Wanted Poster","testmod-CardMagician"],"picked":"aspiration:IroncladSkillbook"}],"items_purged_floors":[5],"is_endless":false,"potions_floor_spawned":[4,8,10,13,18,20],"killed_by":"Book of Stabbing","ascension_level":20}}