{"host":"hqxy2g3i5ker09hc","time":1611269409,"event":{"mods":["2.2 Compatiblity","AlwaysNeverKeys","Aspiration","BaseMod","Beaked The Cultist","Better Match","Better Note","Better Sensory Stone","Better Silent Start","Better Third Choice","Better-Laid Plans","CCEM","CatGirl Mod","Chen","Conspire","Fireblade Mod","GifTheSpireLib","Gold Saver","Hubris","Ironclad Rager","Minty Spire (QoL Compilation)","MostiFishMod","Permanent Neow","Quarter Circle Forward PUNCH!","Quick Restart","Replay The Spire","Shop Mod","Small Relic Pack","Spikes Relics","StSLib","Stuff the Spire","The Animator","The Bug Knight","The Forsaken","The Wild Card","vexMod"],"gold_per_floor":[1157,1157,1167,1187,1199,1199,1199,1199,1253,1273,1273,618,618,638,638,735,735,751,550,566,578,578,578,605,605,651,169,182,182,182,202,202,304,304,323,323,211,227,244,244,382,382,382,396,412,1,30,30,30,30,30,30,11,40,40],"floor_reached":56,"language":"ENG","playtime":5224,"items_purged":["Injury","theCatGirl:Strike","theCatGirl:Strike","theCatGirl:Strike"],"score":1337,"play_id":"dbc9f889-0a16-4255-9248-fdcffb9491cd","local_time":"20210121235009","is_ascension_mode":false,"campfire_choices":[{"floor":6.0,"key":"REST"},{"floor":15.0,"key":"REST"},{"data":"hubris:EnhanceAbility","floor":23.0,"key":"SMITH"},{"data":"theCatGirl:ElegantStrike","floor":29.0,"key":"SMITH"},{"data":"theCatGirl:Counterattack","floor":32.0,"key":"SMITH"},{"data":"theCatGirl:PilingErrors","floor":40.0,"key":"SMITH"},{"data":"theCatGirl:Beastification","floor":42.0,"key":"SMITH"},{"floor":49,"key":"REST"},{"data":"theCatGirl:PoiseStance","floor":52,"key":"SMITH"}],"circlet_count":0,"master_deck":["theCatGirl:Strike+1","theCatGirl:Defend","theCatGirl:Defend","theCatGirl:Defend","theCatGirl:Defend","theCatGirl:ClawStrike+1","theCatGirl:Evasion","theCatGirl:QuickStrike","theCatGirl:TrainWreck","theCatGirl:KeepAlert","theCatGirl:Parry","theCatGirl:AccidentalHeadbutt+1","hubris:EnhanceAbility+1","theCatGirl:ThatWasntIt+1","theCatGirl:SmellFear+1","theCatGirl:Counterattack+1","theCatGirl:QuickStrike","theCatGirl:Beastification+1","theCatGirl:BloodScent","theCatGirl:LearnThePattern+1","theCatGirl:TwoStep+1","theCatGirl:Insane+1","theCatGirl:GoddessOfMisfortune","Replay:Bootleg Shield Generator+1","theCatGirl:ThatWasntIt+1","theCatGirl:ElegantStrike+1","theCatGirl:FumblingBlow","theCatGirl:FumblingBlow+1","theCatGirl:Slip+1","theCatGirl:PoiseStance+1","theCatGirl:ThatWasntIt+1","theCatGirl:PilingErrors+1","theCatGirl:Slip+1","theCatGirl:ComboAttack","theCatGirl:EmergencyParry+1","theCatGirl:ScratchFlurry+1","theCatGirl:ThatWasntIt+1","theCatGirl:Prepared+1","theCatGirl:Prepared+1","theCatGirl:Misfire","MostiFishMod:Awakening+1","Enlightenment+1","theCatGirl:PoisedStrike+1","theCatGirl:LearnByMistake+1"],"relics":["theCatGirl:TrainedRelic","DaveBox","NeowsBlessing","SynthV:TestCard","relicPack:DSword","Toxic Egg 2","hubris:Towel","Pet Ghost","conspire:DeflatedDodgeball","Membership Card","Matryoshka","SpikesRelics:ToyHorsey","aspiration:EmptySkull","CCEMRelics:TinyMinotavrHorn","CCEMRelics:JestersCrown","CCEMRelics:Pendulum","Calipers","Toolbox","vexMod:FocusSash","relicPack:OneForAll","Busted Crown","StuffTheSpire:PointBlank","qcfpunch:Army_Boots","StuffTheSpire:EmeraldSignet","Civilization","BionicSphere","hubris:BundleOfHerbs","aspiration:FrozenJewel"],"acts_visited":["Exordium","TheCity","TheBeyond","TheEnding"],"potions_floor_usage":[55],"damage_taken":[{"damage":0.0,"enemies":"Jaw Worm","floor":1.0,"turns":1.0},{"damage":0.0,"enemies":"Small Slimes","floor":3.0,"turns":1.0},{"damage":0.0,"enemies":"2 Louse","floor":4.0,"turns":1.0},{"damage":14.0,"enemies":"Looter","floor":5.0,"turns":3.0},{"damage":13.0,"enemies":"Lots of Slimes","floor":10.0,"turns":4.0},{"damage":0.0,"enemies":"2 Fungi Beasts","floor":14.0,"turns":3.0},{"damage":2.0,"enemies":"Hexaghost","floor":16.0,"turns":8.0},{"damage":7.0,"enemies":"3 Byrds","floor":18.0,"turns":6.0},{"damage":1.0,"enemies":"Shell Parasite","floor":20.0,"turns":5.0},{"damage":3.0,"enemies":"Snake Plant","floor":21.0,"turns":6.0},{"damage":11.0,"enemies":"conspire:SneckoGhost","floor":24.0,"turns":10.0},{"damage":0.0,"enemies":"Snecko","floor":28.0,"turns":7.0},{"damage":0.0,"enemies":"Centurion and Healer","floor":31.0,"turns":3.0},{"damage":0.0,"enemies":"Champ","floor":33.0,"turns":9.0},{"damage":0.0,"enemies":"3 Darklings","floor":35.0,"turns":6.0},{"damage":4.0,"enemies":"3 Shapes","floor":38.0,"turns":6.0},{"damage":4.0,"enemies":"Spire Growth","floor":39.0,"turns":6.0},{"damage":0.0,"enemies":"4 Shapes","floor":44.0,"turns":7.0},{"damage":3.0,"enemies":"Writhing Mass","floor":45.0,"turns":8.0},{"damage":0.0,"enemies":"Nemesis","floor":47.0,"turns":9.0},{"damage":0,"enemies":"Donu and Deca","floor":50,"turns":7},{"damage":37,"enemies":"Shield and Spear","floor":54,"turns":6},{"damage":26,"enemies":"The Heart","floor":55,"turns":11}],"seed_played":"4621109977823982848","potions_obtained":[{"floor":4.0,"key":"Ancient Potion"},{"floor":5.0,"key":"Swift Potion"},{"floor":14.0,"key":"Ancient Potion"},{"floor":16.0,"key":"Reflective Coating"},{"floor":18.0,"key":"LifebloodPotion"},{"floor":24.0,"key":"Regen Potion"},{"floor":33.0,"key":"Languid Potion"},{"floor":41.0,"key":"LiquidMemories"}],"is_trial":false,"path_per_floor":["M","?","M","M","M","R","?","?","T","M","T","$","?","M","R","B",null,"M","$","M","M","?","R","E","?","T","$","M","R","?","M","R","B",null,"M","?","$","M","M","R","?","R","T","M","M","$","E","?","R","B",null,"R","$","E","B",null],"character_chosen":"THE_CATGIRL","items_purchased":["Membership Card","hubris:EnhanceAbility","theCatGirl:ThatWasntIt+1","theCatGirl:SmellFear+1","theCatGirl:Counterattack","Matryoshka","SpikesRelics:ToyHorsey","aspiration:EmptySkull","theCatGirl:LearnThePattern+1","Calipers","Toolbox","vexMod:FocusSash","Replay:Bootleg Shield Generator+1","theCatGirl:ThatWasntIt+1","theCatGirl:ElegantStrike","theCatGirl:FumblingBlow","theCatGirl:PilingErrors","theCatGirl:Prepared+1","theCatGirl:Misfire","Civilization","MostiFishMod:Awakening+1","Enlightenment+1","BionicSphere","Elixir"],"campfire_rested":3,"item_purchase_floors":[12,12,12,12,12,12,12,19,19,27,27,27,27,27,27,27,37,46,46,46,46,46,46,53],"current_hp_per_floor":[70,35,35,35,21,42,42,42,42,29,29,29,15,15,36,34,70,63,63,62,59,59,59,48,48,48,48,48,48,48,48,48,48,70,70,70,70,66,62,62,45,45,45,45,48,48,49,49,70,73,74,74,74,42,23],"gold":40,"neow_bonus":"THREE_ENEMY_KILL","is_daily":false,"chose_seed":false,"campfire_upgraded":6,"win_rate":0.0,"timestamp":1611269409,"path_taken":["M","?","M","M","M","R","?","?","T","M","?","?","?","M","R","BOSS","M","$","M","M","?","R","E","?","T","$","M","R","?","M","R","BOSS","M","?","$","M","M","R","?","R","T","M","?","$","E","?","R","BOSS","R","$","E","BOSS"],"items_purchased_type":["Relic","Card","Card","Card","Card","Relic","Relic","Relic","Card","Relic","Relic","Relic","Card","Card","Card","Card","Card","Card","Card","Relic","Card","Card","Relic","Potion"],"build_version":"2020-12-22","purchased_purges":4,"victory":true,"max_hp_per_floor":[70,70,70,70,70,70,70,70,70,70,70,70,70,70,70,70,70,70,70,70,70,70,70,70,70,70,70,70,70,70,70,70,70,70,70,70,70,70,70,70,70,70,70,70,70,70,71,71,71,74,74,74,74,79,84],"card_choices":[{"not_picked":["theCatGirl:ThatWasntIt","theCatGirl:LostTrinket"],"picked":"theCatGirl:QuickStrike","floor":1.0},{"not_picked":["theCatGirl:Slip","theCatGirl:TripLunge","theCatGirl:LearnByMistake","theCatGirl:ClenchYourTeeth"],"picked":"theCatGirl:TrainWreck","floor":3.0},{"not_picked":["theCatGirl:SearchBackpack","theCatGirl:Meow","theCatGirl:ThatWasntIt","theCatGirl:TrainWreck"],"picked":"theCatGirl:KeepAlert","floor":4.0},{"not_picked":["theCatGirl:LearnByMistake","theCatGirl:PilingErrors","theCatGirl:DecliningDefenses","theCatGirl:Growl"],"picked":"theCatGirl:Parry","floor":5.0},{"not_picked":["theCatGirl:AllIn","theCatGirl:Stalk+1","theCatGirl:Prepared+1","theCatGirl:Misfire"],"picked":"theCatGirl:AccidentalHeadbutt+1","floor":10.0},{"not_picked":["theCatGirl:RageClaws","theCatGirl:PoiseStance","theCatGirl:DecliningDefenses+1","theCatGirl:ShockedWitness"],"picked":"theCatGirl:QuickStrike","floor":14.0},{"not_picked":["theCatGirl:PoiseStance","theCatGirl:AdventurersInsight","theCatGirl:Enrage","theCatGirl:HungerClaw"],"picked":"theCatGirl:Beastification","floor":16.0},{"not_picked":["theCatGirl:PlayAround","theCatGirl:SpinningStrike","theCatGirl:FumblingBlow","theCatGirl:TrainWreck+1"],"picked":"theCatGirl:BloodScent","floor":18.0},{"not_picked":["theCatGirl:Stalk+1","theCatGirl:SmellFear+1","theCatGirl:BloodBath","theCatGirl:SearchBackpack+1"],"picked":"theCatGirl:TwoStep+1","floor":20.0},{"not_picked":["theCatGirl:Growl+1","theCatGirl:KeepAlert+1","theCatGirl:LuckyBlow+1","theCatGirl:AllIn","theCatGirl:UnrelentingAssault"],"picked":"SKIP","floor":21.0},{"not_picked":["theCatGirl:Growl+1","theCatGirl:PlayAround+1","theCatGirl:Slip+1","theCatGirl:FinishingMove"],"picked":"theCatGirl:Insane+1","floor":24.0},{"not_picked":["theCatGirl:BloodScent+1","theCatGirl:SpinningStrike+1","theCatGirl:DecliningDefenses+1","theCatGirl:UnrelentingAssault+1"],"picked":"theCatGirl:FumblingBlow+1","floor":28.0},{"not_picked":["theCatGirl:RecoveryBlow","theCatGirl:SearchBackpack+1","theCatGirl:SmellFear+1","theCatGirl:Claws"],"picked":"theCatGirl:Slip+1","floor":31.0},{"not_picked":["theCatGirl:HungerClaw","theCatGirl:Enrage","theCatGirl:LearnThePattern+1","theCatGirl:Howl+1"],"picked":"theCatGirl:PoiseStance","floor":33.0},{"not_picked":["theCatGirl:Misfire+1","theCatGirl:Slip+1"],"picked":"theCatGirl:ThatWasntIt+1","floor":35.0},{"not_picked":["theCatGirl:Meow+1","theCatGirl:Stalk+1","theCatGirl:RunningWithDaggers"],"picked":"SKIP","floor":38.0},{"not_picked":["theCatGirl:ElegantStrike","theCatGirl:PerfectBlock+1"],"picked":"theCatGirl:Slip+1","floor":39.0},{"not_picked":["theCatGirl:BodyBlow","theCatGirl:AllIn"],"picked":"theCatGirl:ComboAttack","floor":41.0},{"not_picked":["theCatGirl:Slip+1","theCatGirl:TwoStep+1"],"picked":"theCatGirl:EmergencyParry+1","floor":41.0},{"not_picked":["theCatGirl:Claws+1","theCatGirl:BodyBlow+1"],"picked":"theCatGirl:ScratchFlurry+1","floor":44.0},{"not_picked":["theCatGirl:TripLunge+1","theCatGirl:FumblingBlow"],"picked":"theCatGirl:ThatWasntIt+1","floor":45.0},{"not_picked":["theCatGirl:AllIn+1","theCatGirl:DefensiveStance+1"],"picked":"theCatGirl:PoisedStrike+1","floor":47.0},{"not_picked":["theCatGirl:Meow+1","theCatGirl:AdventurersInsight"],"picked":"theCatGirl:LearnByMistake+1","floor":54}],"player_experience":661082,"relics_obtained":[{"floor":1.0,"key":"SynthV:TestCard"},{"floor":9.0,"key":"Pet Ghost"},{"floor":11.0,"key":"conspire:DeflatedDodgeball"},{"floor":24.0,"key":"CCEMRelics:TinyMinotavrHorn"},{"floor":26.0,"key":"CCEMRelics:JestersCrown"},{"floor":26.0,"key":"CCEMRelics:Pendulum"},{"floor":41.0,"key":"StuffTheSpire:PointBlank"},{"floor":41.0,"key":"qcfpunch:Army_Boots"},{"floor":43.0,"key":"StuffTheSpire:EmeraldSignet"},{"floor":47.0,"key":"hubris:BundleOfHerbs"},{"floor":54,"key":"aspiration:FrozenJewel"}],"event_choices":[{"damage_healed":29.0,"max_hp_gain":0.0,"max_hp_loss":70.0,"gold_gain":0.0,"event_name":"betterThird:BetterShining","player_choice":"Upgrade","floor":13.0,"gold_loss":0.0,"damage_taken":14.0,"cards_upgraded":["theCatGirl:ClawStrike","theCatGirl:Strike"]},{"damage_healed":0.0,"max_hp_gain":0.0,"max_hp_loss":0.0,"gold_gain":0.0,"event_name":"betterNote:BetterNote","player_choice":"Ignored","floor":22.0,"gold_loss":0.0,"damage_taken":0.0,"cards_obtained":["Defend_G"]},{"damage_healed":0.0,"max_hp_gain":0.0,"max_hp_loss":0.0,"gold_gain":0.0,"event_name":"The Library","player_choice":"Read","floor":25.0,"gold_loss":0.0,"damage_taken":0.0,"cards_obtained":["theCatGirl:GoddessOfMisfortune"]},{"damage_healed":0,"gold_gain":0,"player_choice":"Ignored","damage_taken":0,"max_hp_gain":0,"max_hp_loss":0,"event_name":"WeMeetAgain","floor":48,"gold_loss":0}],"is_beta":false,"boss_relics":[{"not_picked":["hubris:BlackHole","TimeKeys","StuffTheSpire:Kangaroo"]},{"not_picked":["conspire:RunicOctahedron","vexMod:CursedCompass"],"picked":"Busted Crown"}],"items_purged_floors":[12,19,27,37],"is_endless":false,"potions_floor_spawned":[4,5,14,16,18,24,33,38,45,54],"ascension_level":0}}