{"host":"ecuvtzmejf7hhjpv","time":1611193517,"event":{"mods":["AchievementEnabler","Act Like it!","Aspiration","BaseMod","Better Altar","Better Match","Better Note","Better Sensory Stone","Better Skull","Better Third Choice","BetterRewards","Conspire","Custom Start","Gensokyo","GifTheSpireLib","Hallownest","Hermit","Hubris","Kratos Character Expansion","Luminous","Marisa????????","Minty Spire (QoL Compilation)","Prisma Mod","Remilia??????","Replay The Spire","Robot Space Explorer","Spicy Shops","StSLib","The Animator","The Blackbeard","The Bug Knight","The Construct","The Cursed","The Disciple","The Dragon Tamer","The Forsaken","The Hierophant","The Jungle","The Marked","The Necromancer","The Poker Player","The Wild Card","TheSwordswoman"],"gold_per_floor":[112,128,142,142,155,155,188,202,228,253,253,253,53,66,66,162,162,182,182,123,123,52,78,78,107,107,107,133,133,159,178,178,278,278,364,459,126,221,221,321,321,431,431,95,181,269,358,101,101,101,101,101,101,209,209,209,209],"floor_reached":55,"language":"ENG","playtime":2050,"items_purged":["DTMod:Strike","Pain"],"score":1324,"play_id":"0de3d351-f529-4076-8b67-74217d54f459","local_time":"20210120194517","is_ascension_mode":true,"metric_token":2771,"campfire_choices":[{"data":"DTMod:CleansingStrike","floor":6,"key":"SMITH"},{"floor":12,"key":"REST"},{"data":"DTMod:DragonDance","floor":15,"key":"SMITH"},{"data":"DTMod:Harmonize","floor":27,"key":"SMITH"},{"data":"DTMod:MagiciansMark","floor":29,"key":"SMITH"},{"data":"DTMod:CleansingStrike","floor":32,"key":"SMITH"},{"floor":41,"key":"RECALL"},{"data":"DTMod:ResonanceForm","floor":49,"key":"SMITH"},{"data":"Mind Blast","floor":52,"key":"SMITH"}],"dtmod_dragon_data":[0,50,3,4,14,11],"circlet_count":0,"master_deck":["DTMod:Strike","DTMod:Strike","DTMod:Strike","DTMod:DoubleHit","DTMod:TargetDefense","DTMod:TargetDefense","DTMod:TargetDefense+1","DTMod:TargetDefense","DTMod:SwitchingTactic","DTMod:BalancedStrike","DTMod:CleansingStrike","DTMod:CleansingStrike+1","DTMod:QuickFly","DTMod:Weaken","DTMod:CleansingStrike+1","DTMod:Dissolve","DTMod:InvisibleFlame","DTMod:Dissolve","DTMod:MagiciansMark+1","DTMod:DragonDance+1","DTMod:Dissolve","DTMod:ComboAttack","DTMod:InvisibleFlame","DTMod:HeatWave","DTMod:DragonDance","DTMod:Training+1","DTMod:Threaten","DTMod:Observe+1","DTMod:Harmonize+1","Metallicize","DTMod:ComboAttack","DTMod:QuickFly","DTMod:ComboAttack+1","DTMod:ShieldDrain","DTMod:Training+1","DTMod:QuickFly+1","DTMod:ResonanceForm+1","DTMod:CleansingStrike+1","Discovery","Mind Blast+1","DTMod:BalancedStrike+1","DTMod:Training","DTMod:Training","DTMod:BurningForce","DTMod:CleansingStrike+1"],"relics":["DTMod:PactStone","DTMod:BasicTextbook","Strange Spoon","Orrery","hubris:MedicalManual","Bag of Marbles","AntiCross","BargainBundle","aspiration:IroncladSkillbook","Blood Vial","Bloody Idol","Lee\u0027s Waffle","KratosMod:minohorn","MutagenicStrength","Blood Vial","Sundial","Torii","War Paint","Painkiller Herb","DTMod:SwitchButton","Vajra","HollowMod:PaleOreRelic","hubris:TinFlute","Sling","Bronze Scales","Mummified Hand","Ornamental Fan"],"acts_visited":["Exordium","TheCity","TheBeyond","TheEnding"],"potions_floor_usage":[10,16,16,28,33,55,55],"damage_taken":[{"damage":0,"enemies":"conspire:RoseBush","floor":1,"turns":2},{"damage":0,"enemies":"2 Louse","floor":2,"turns":2},{"damage":0,"enemies":"Small Slimes","floor":3,"turns":2},{"damage":0,"enemies":"Exordium Wildlife","floor":5,"turns":4},{"damage":0,"enemies":"3 Sentries","floor":7,"turns":7},{"damage":13,"enemies":"conspire:2 RoseBushes","floor":8,"turns":7},{"damage":9,"enemies":"Lagavulin","floor":10,"turns":7},{"damage":0,"enemies":"Large Slime","floor":14,"turns":2},{"damage":11,"enemies":"Hexaghost","floor":16,"turns":7},{"damage":8,"enemies":"3 Byrds","floor":18,"turns":4},{"damage":39,"enemies":"Gremlin Leader","floor":23,"turns":6},{"damage":0,"enemies":"conspire:Head Lice","floor":25,"turns":4},{"damage":0,"enemies":"HollowMod:Nosk","floor":28,"turns":6},{"damage":0,"enemies":"Shell Parasite","floor":31,"turns":1},{"damage":0,"enemies":"Collector","floor":33,"turns":8},{"damage":0,"enemies":"3 Darklings","floor":35,"turns":3},{"damage":0,"enemies":"Orb Walker","floor":36,"turns":1},{"damage":0,"enemies":"Sphere and 2 Shapes","floor":38,"turns":2},{"damage":0,"enemies":"Nemesis","floor":40,"turns":1},{"damage":2,"enemies":"Giant Head","floor":42,"turns":5},{"damage":0,"enemies":"Maw","floor":45,"turns":4},{"damage":0,"enemies":"4 Shapes","floor":46,"turns":1},{"damage":0,"enemies":"Transient","floor":47,"turns":5},{"damage":31,"enemies":"Donu and Deca","floor":50,"turns":6},{"damage":0,"enemies":"Shield and Spear","floor":54,"turns":3},{"damage":68,"enemies":"The Heart","floor":55,"turns":8}],"seed_played":"-6556053443522980472","potions_obtained":[{"floor":5,"key":"FairyPotion"},{"floor":7,"key":"Energy Potion"},{"floor":8,"key":"PowerPotion"},{"floor":16,"key":"SteroidPotion"},{"floor":25,"key":"Elixir"},{"floor":28,"key":"Adrenaline Potion"},{"floor":33,"key":"Strength Potion"}],"is_trial":false,"path_per_floor":["M","M","M","$","M","R","E","M","T","E","?","R","$","M","R","B",null,"M","?","$","?","$","E","?","E","T","R","E","R","T","M","R","B",null,"?","?","T","?","?","E","T","E","T","T","?","?","?","T","T","B",null,"T","T","E","B"],"character_chosen":"THE_DT","items_purchased":["DTMod:BalancedStrike","DTMod:BasicTextbook","Strange Spoon","DTMod:CleansingStrike","Orrery","BargainBundle","DTMod:DragonDance","DTMod:Training+1","DTMod:Threaten","BlessingOfTheForge","Lee\u0027s Waffle","DTMod:QuickFly","DTMod:SwitchButton","Vajra","DTMod:Training","Sling","Bronze Scales","Mummified Hand"],"campfire_rested":1,"item_purchase_floors":[0,0,0,0,0,13,13,13,13,13,20,22,37,37,44,44,44,48],"current_hp_per_floor":[30,30,30,30,30,30,30,17,17,8,8,21,21,21,21,10,45,41,6,52,52,52,22,22,33,33,33,46,46,51,52,52,52,52,52,52,52,52,52,52,52,52,52,52,52,52,52,52,52,25,52,52,52,52,0,0,0],"gold":209,"neow_bonus":"","is_daily":false,"chose_seed":false,"campfire_upgraded":7,"win_rate":0.0,"timestamp":1611193517,"path_taken":["M","M","M","$","M","R","E","M","T","E","?","R","$","M","R","BOSS","M","?","$","?","?","E","?","E","T","R","E","R","?","M","R","BOSS","?","?","T","?","?","E","T","E","T","T","?","?","?","?","T","BOSS","T","T","E","BOSS"],"items_purchased_type":["Card","Relic","Relic","Card","Relic","Relic","Card","Card","Card","Potion","Relic","Card","Relic","Relic","Card","Relic","Relic","Relic"],"build_version":"2020-12-22","purchased_purges":2,"victory":false,"max_hp_per_floor":[45,45,45,45,45,45,45,45,45,45,45,45,45,45,45,45,45,45,45,52,52,52,52,52,52,52,52,52,52,52,52,52,52,52,52,52,52,52,52,52,52,52,52,52,52,52,52,52,52,52,52,52,52,52,52,52,52],"card_choices":[{"not_picked":["DTMod:HeatWave","DTMod:FlameSlash"],"picked":"DTMod:QuickFly","floor":0},{"not_picked":["DTMod:BuildUp","DTMod:Threaten"],"picked":"DTMod:Weaken","floor":0},{"not_picked":["DTMod:RecklessFlurry","DTMod:MaximumCharge"],"picked":"DTMod:CleansingStrike","floor":0},{"not_picked":["DTMod:CleansingStrike","DTMod:Threaten"],"picked":"DTMod:Dissolve","floor":0},{"not_picked":["DTMod:Feint","DTMod:ForkedFire"],"picked":"DTMod:InvisibleFlame","floor":0},{"not_picked":["DTMod:GhostSkin","DTMod:LightShield"],"picked":"DTMod:Dissolve","floor":1},{"not_picked":["DTMod:BuildUp","DTMod:Punisher"],"picked":"DTMod:MagiciansMark","floor":2},{"not_picked":["DTMod:Threaten","DTMod:QuickFly"],"picked":"DTMod:DragonDance","floor":3},{"not_picked":["DTMod:Cover","DTMod:Adaptation"],"picked":"DTMod:Dissolve","floor":5},{"not_picked":["DTMod:MasterPlan","DTMod:InvisibleFlame"],"picked":"DTMod:ComboAttack","floor":7},{"not_picked":["DTMod:Feint","DTMod:MagicField"],"picked":"DTMod:InvisibleFlame","floor":8},{"not_picked":["DTMod:WarmUp","DTMod:GhostSkin"],"picked":"DTMod:HeatWave","floor":10},{"not_picked":["DTMod:Hide","DTMod:BreakAttack"],"picked":"DTMod:Observe","floor":14},{"not_picked":["DTMod:RepeatStrike","DTMod:Inferno"],"picked":"DTMod:Harmonize","floor":16},{"not_picked":["Feel No Pain","conspire:Charge","DTMod:DarkBreath"],"picked":"Metallicize","floor":18},{"not_picked":["DTMod:InvisibleFlame+1","Massacre","Replay:Undeath\u0027s Touch"],"picked":"DTMod:ComboAttack+1","floor":23},{"not_picked":["DTMod:LowKick","Pummel","ReplayTheSpireMod:Muscle Training"],"picked":"DTMod:ShieldDrain","floor":25},{"not_picked":["DTMod:RepeatStrike","Havoc","Clash"],"picked":"DTMod:Training+1","floor":28},{"not_picked":["Cleave","Battle Trance","DTMod:Threaten"],"picked":"DTMod:QuickFly+1","floor":31},{"not_picked":["Impervious","conspire:Purge","DTMod:OpeningTactic"],"picked":"DTMod:ResonanceForm","floor":33},{"not_picked":["Flex+1","DTMod:ShieldDrain","Twin Strike","Abandon+1"],"picked":"SKIP","floor":35},{"not_picked":["Replay:Undeath\u0027s Touch","Flex","DTMod:ShieldDrain"],"picked":"DTMod:CleansingStrike+1","floor":36},{"not_picked":["Shockwave+1","DTMod:Feint+1","Clash+1","Run Through+1"],"picked":"SKIP","floor":38},{"not_picked":["Survey Options","Good Instincts","Replay:Sssssssssstrike"],"picked":"Discovery","floor":39},{"not_picked":["Panacea","Replay:BasicMightCard","conspire:Banana"],"picked":"Mind Blast","floor":39},{"not_picked":["Blood for Blood+1","Anger","Shrug It Off+1","Bloodletting+1"],"picked":"SKIP","floor":40},{"not_picked":["Eclipse","Pommel Strike+1","Sever Soul+1"],"picked":"DTMod:BalancedStrike+1","floor":42},{"not_picked":["DTMod:Threaten","Sever Soul+1","True Grit+1","Pommel Strike"],"picked":"SKIP","floor":45},{"not_picked":["Heavy Blade+1","Battle Trance","True Grit","DTMod:Astonish+1"],"picked":"SKIP","floor":46},{"not_picked":["Perfected Strike+1","DTMod:Training","hubris:StunningStrike"],"picked":"DTMod:BurningForce","floor":47},{"not_picked":["DTMod:PurifyingFlame+1","Flame Barrier","DTMod:Training+1"],"picked":"DTMod:CleansingStrike+1","floor":54}],"player_experience":969678,"relics_obtained":[{"floor":7,"key":"hubris:MedicalManual"},{"floor":9,"key":"Bag of Marbles"},{"floor":10,"key":"AntiCross"},{"floor":23,"key":"KratosMod:minohorn"},{"floor":25,"key":"Blood Vial"},{"floor":26,"key":"Sundial"},{"floor":28,"key":"Torii"},{"floor":30,"key":"War Paint"},{"floor":40,"key":"HollowMod:PaleOreRelic"},{"floor":42,"key":"hubris:TinFlute"},{"floor":54,"key":"Ornamental Fan"}],"event_choices":[{"damage_healed":0,"gold_gain":0,"player_choice":" Vial Idol ","damage_taken":35,"relics_obtained":["Blood Vial","Bloody Idol"],"max_hp_gain":41,"max_hp_loss":6,"event_name":"betterAltar:BetterAltar","floor":19,"potions_obtained":[],"relics_lost":[],"gold_loss":0},{"damage_healed":0,"gold_gain":0,"player_choice":"Inject Mutagens","damage_taken":0,"relics_obtained":["MutagenicStrength"],"max_hp_gain":0,"max_hp_loss":0,"event_name":"Drug Dealer","floor":24,"gold_loss":0},{"damage_healed":0,"gold_gain":3,"player_choice":"1","damage_taken":0,"max_hp_gain":0,"max_hp_loss":0,"event_name":"betterStone:BetterStone","floor":39,"gold_loss":0}],"is_beta":false,"boss_relics":[{"not_picked":["aspiration:FutureDiary","aspiration:DefectSkillbook"],"picked":"aspiration:IroncladSkillbook"},{"not_picked":["hubris:RunicObelisk","conspire:SpecialSausage"],"picked":"Painkiller Herb"}],"items_purged_floors":[13,37],"is_endless":false,"potions_floor_spawned":[5,7,8,14,16,25,28,33,38,40,42,45,46,54],"killed_by":"The Heart","ascension_level":1}}