{"host":"5gc11emcm5chfr5t","time":1611234488,"event":{"mods":["2.2 Compatiblity","AchievementEnabler","BaseMod","Bestiary","Better Note","Colored Map","Colored Powertips","Downfall","Googly Eyes","Minty Spire (QoL Compilation)","Rare Cards Sparkle","StSLib"],"gold_per_floor":[99,99,99,99,99,99,99,132,152,52,78,92,92,108,118,118,118,118],"floor_reached":16,"language":"ENG","playtime":483,"items_purged":[],"score":266,"play_id":"d2a4b7e2-187c-455a-9a46-876fd0fc2c66","local_time":"20210121080808","is_ascension_mode":true,"campfire_choices":[{"floor":1,"key":"RECALL"},{"data":"sneckomod:TailWhip","floor":6,"key":"SMITH"},{"data":"sneckomod:UnknownBoss","floor":10,"key":"SMITH"},{"floor":13,"key":"REST"}],"circlet_count":0,"master_deck":["AscendersBane","sneckomod:Strike","sneckomod:Strike","sneckomod:Strike","sneckomod:Defend","sneckomod:Defend","sneckomod:Defend","sneckomod:TailWhip+1","sneckomod:SnekBite","sneckomod:Unknown","sneckomod:Unknown","sneckomod:WideSting+1","Regret","sneckomod:QuickBite","sneckomod:SlitherStrike","sneckomod:UnknownBoss+1","sneckomod:UnendingSupply","sneckomod:UnknownUncommonPower","sneckomod:SerpentIdol","sneckomod:PureSnecko"],"relics":["sneckomod:SneckoSoul","downfall:HeartsMalice","Gremlin Horn","hexamod:BolsterEngine","downfall:HeartBlessingRed","StrikeDummy"],"acts_visited":["Exordium"],"potions_floor_usage":[11],"damage_taken":[{"damage":0,"enemies":"Small Slimes","floor":2,"turns":1},{"damage":0,"enemies":"2 Louse","floor":5,"turns":1},{"damage":0,"enemies":"3 Sentries","floor":8,"turns":1},{"damage":0,"enemies":"Cultist","floor":9,"turns":2},{"damage":38,"enemies":"Gremlin Nob","floor":11,"turns":5},{"damage":2,"enemies":"Large Slime","floor":12,"turns":4},{"damage":15,"enemies":"Exordium Thugs","floor":14,"turns":3},{"damage":6,"enemies":"Blue Slaver","floor":15,"turns":3},{"damage":41,"enemies":"DF_ARCHETYPE_STREAMLINE","floor":16,"turns":4}],"seed_played":"6008474833933130665","potions_obtained":[{"floor":8,"key":"DistilledChaos"},{"floor":11,"key":"SmokeBomb"},{"floor":12,"key":"Block Potion"},{"floor":14,"key":"Explosive Potion"}],"is_trial":false,"path_per_floor":["R","M","?","?","M","R","T","E","M","R","E","M","R","M","M","B"],"character_chosen":"THE_SNECKO","items_purchased":[],"campfire_rested":1,"item_purchase_floors":[],"current_hp_per_floor":[75,75,75,75,75,75,75,75,75,75,37,35,59,44,38,0,0,0],"gold":118,"neow_bonus":"THREE_ENEMY_KILL","is_daily":false,"chose_seed":false,"campfire_upgraded":2,"win_rate":0.0,"timestamp":1611234488,"path_taken":["R","M","?","?","M","R","T","E","M","R","E","M","R","?","M","BOSS"],"items_purchased_type":[],"build_version":"2020-12-22","purchased_purges":0,"victory":false,"max_hp_per_floor":[83,83,83,83,83,83,83,83,83,83,83,83,83,83,83,83,83,83],"card_choices":[{"not_picked":["sneckomod:UnknownClassRED","sneckomod:SerpentIdol"],"picked":"sneckomod:WideSting","floor":2},{"not_picked":["sneckomod:DiceBoulder","sneckomod:UnknownVulnerable"],"picked":"sneckomod:QuickBite","floor":5},{"not_picked":["sneckomod:IronFang","sneckomod:UnknownColorless"],"picked":"sneckomod:SlitherStrike","floor":8},{"not_picked":["sneckomod:DiceBlock","sneckomod:QuickBite"],"picked":"sneckomod:UnknownBoss","floor":9},{"not_picked":["sneckomod:WideSting","sneckomod:UnknownClassRED"],"picked":"sneckomod:UnendingSupply","floor":11},{"not_picked":["sneckomod:DiceBlock","sneckomod:TrashToTreasure"],"picked":"sneckomod:UnknownUncommonPower","floor":12},{"not_picked":["sneckomod:UnknownClassTHE_BRONZE_AUTOMATON","sneckomod:UnknownDraw"],"picked":"sneckomod:SerpentIdol","floor":14},{"not_picked":["sneckomod:Memorize","sneckomod:RainOfDice"],"picked":"sneckomod:PureSnecko","floor":15}],"player_experience":558012,"relics_obtained":[{"floor":8,"key":"hexamod:BolsterEngine"},{"floor":11,"key":"StrikeDummy"}],"event_choices":[{"damage_healed":0,"gold_gain":0,"player_choice":"Box","damage_taken":0,"relics_obtained":["Gremlin Horn"],"max_hp_gain":0,"max_hp_loss":0,"event_name":"Big Fish","floor":3,"gold_loss":0,"cards_obtained":["Regret"]}],"is_beta":false,"boss_relics":[],"items_purged_floors":[],"is_endless":false,"potions_floor_spawned":[8,11,12,14],"killed_by":"DF_ARCHETYPE_STREAMLINE","ascension_level":20}}