{"host":"27wa8ufp4ryspt1p","time":1611193272,"event":{"mods":["100% Spire Juice","2.2 Compatiblity","Abigail Mod","Act Like it!","Aspiration","BaseMod","Better Altar","Better Note","Better Skull","Better Third Choice","Colored Map","Conspire","Dota2Spire","Downfall-Rebalance","Elementarium","Energized Spire","Fox Events","Friendly Minions","Gensokyo","GifTheSpireLib","Gold Saver","Halation","Hallownest","HololiveMod","Hubris","Humility","Infinite Spire","Keyboard Shortcuts","Menagerie","Mimic Mod","Minty Spire (QoL Compilation)","Pale of the Ancients","Poor People Problems","Quarter Circle Forward PUNCH!","Reimu??????","Relic Sorter","Relic Stats","Replay The Spire","Reworked Bosses","Shop Mod","Spicy Shops","Spikes Relics","Spire Arcade","StSLib","Stuff the Spire","SuperFastMode","The Cursed","The Exalted","The Factory","The Judge","The Necromancer","Trackpad","Waifu the Spire","Wandering Minibosses","[IsaacMod]????","??????REMEMod","????"],"gold_per_floor":[179,190,190,263,307,390,390,109,140,140,140],"floor_reached":10,"language":"SPA","playtime":458,"items_purged":[],"score":128,"play_id":"463baf2c-7f1a-4408-a745-864ffee2a69d","local_time":"20210120194112","daily_mods":["SealedDeck","Colorless Cards","Heirloom","Elite Swarm","Lethality"],"is_ascension_mode":true,"campfire_choices":[{"floor":7,"key":"RECALL"}],"circlet_count":0,"master_deck":["AscendersBane","BettingIsNotGood","Moonworks:SakisCookie","Moonworks:x16BigRocket","Moonworks:TacticalRetreat","Moonworks:Assault","Moonworks:JonathanRush","Swift Strike","Moonworks:SakisCookie","expansioncontent:BronzeBeam","HandOfGreed+1","Bomb","Moonworks:LeapThroughSpace","Apotheosis"],"relics":["Moonworks:BrokenBomb","Moonworks:Homemark","HushsDoor","REME_ComplimentaryCards","Girya","TheBible","hubris:OldNail","Golden Egg","Bromod:ArcaneMomentum"],"acts_visited":["Exordium"],"potions_floor_usage":[],"damage_taken":[{"damage":3,"enemies":"conspire:RoseBush","floor":2,"turns":1},{"damage":10,"enemies":"Jaw Worm","floor":5,"turns":3},{"damage":12,"enemies":"3 Sentries","floor":6,"turns":4},{"damage":31,"enemies":"2 Louse","floor":9,"turns":12},{"damage":23,"enemies":"Lagavulin","floor":10,"turns":2}],"seed_played":"-2829312210750382819","potions_obtained":[{"floor":6,"key":"Block Potion"}],"is_trial":true,"path_per_floor":["?","M","?","T","M","E","R","$","MIM","E"],"character_chosen":"THE_STARBREAKER","items_purchased":["Golden Egg"],"campfire_rested":0,"item_purchase_floors":[8],"current_hp_per_floor":[50,47,47,47,44,34,34,34,3,0,0],"gold":140,"neow_bonus":"","is_daily":false,"chose_seed":false,"campfire_upgraded":0,"win_rate":0.0,"timestamp":1611193272,"path_taken":["?","M","?","?","M","E","R","?","MIM","E"],"items_purchased_type":["Relic"],"build_version":"2020-12-22","purchased_purges":0,"victory":false,"max_hp_per_floor":[55,55,55,55,55,55,55,55,55,55,55],"relic_stats":{"counters":[5,22],"obtain_stats":[{"KeepersGift":0,"Girya":0,"Golden Egg":8,"TheBible":0,"Moonworks:Homemark":0,"HushsDoor":0,"hubris:OldNail":6,"Moonworks:BrokenBomb":0,"REME_ComplimentaryCards":0,"Bromod:ArcaneMomentum":9},{"KeepersGift":0,"Girya":0,"Golden Egg":3,"TheBible":0,"Moonworks:Homemark":0,"HushsDoor":0,"hubris:OldNail":3,"Moonworks:BrokenBomb":0,"REME_ComplimentaryCards":0,"Bromod:ArcaneMomentum":4},{"KeepersGift":0,"Girya":0,"Golden Egg":8,"TheBible":0,"Moonworks:Homemark":0,"HushsDoor":0,"hubris:OldNail":8,"Moonworks:BrokenBomb":0,"REME_ComplimentaryCards":0,"Bromod:ArcaneMomentum":20}]},"card_choices":[{"not_picked":[],"picked":"BettingIsNotGood","floor":0},{"not_picked":["Moonworks:ImOnFire","Moonworks:JonathanRush"],"picked":"Bomb","floor":2},{"not_picked":["Moonworks:MixPhenomenon","Moonworks:Assault"],"picked":"Moonworks:LeapThroughSpace","floor":5},{"not_picked":["Moonworks:SubspaceTunnel","Thinking Ahead"],"picked":"Apotheosis","floor":6}],"player_experience":3925546,"relics_obtained":[{"floor":6,"key":"hubris:OldNail"},{"floor":9,"key":"Bromod:ArcaneMomentum"}],"event_choices":[{"damage_healed":0,"gold_gain":0,"player_choice":"Grow","damage_taken":0,"max_hp_gain":0,"max_hp_loss":0,"event_name":"Living Wall","floor":3,"gold_loss":0,"cards_upgraded":["HandOfGreed"]}],"is_beta":false,"boss_relics":[],"items_purged_floors":[],"is_endless":false,"potions_floor_spawned":[6],"killed_by":"Lagavulin","ascension_level":20}}