{"host":"Meta","time":1611243790,"event":{"mods":["BaseMod","Infinite Spire","Minty Spire (QoL Compilation)","StSLib","SuperFastMode"],"gold_per_floor":[99,99,99,99,99,99,99,99,99,99,99,84,84,84,84,84,84,84,39,39,14,14,14,14],"floor_reached":23,"language":"ENG","playtime":1086,"items_purged":[],"score":341,"play_id":"bf186aaa-e629-4d9b-981b-1ffc8a9a280e","local_time":"20210121164310","is_ascension_mode":true,"campfire_choices":[{"floor":15,"key":"REST"}],"circlet_count":0,"master_deck":["Strike_P+1","Strike_P","Strike_P","Strike_P","Defend_P","Defend_P","Defend_P","Defend_P","Eruption+1","Vigilance","Tantrum","WindmillStrike","CarveReality","Tantrum","Pain","MasterReality","Evaluate+1","DeceiveReality+1","Blasphemy+1","WindmillStrike","Adaptation","DevaForm","FollowUp","WreathOfFlame+1","CarveReality","Consecrate","Conclude"],"relics":["Ectoplasm","Shuriken","MawBank","WarpedTongs","Toxic Egg 2","Letter Opener","Question Card","Whetstone","Busted Crown"],"acts_visited":["Exordium","TheCity"],"potions_floor_usage":[8,16,16,18,22],"damage_taken":[{"damage":10,"enemies":"2 Louse","floor":1,"turns":2},{"damage":12,"enemies":"Jaw Worm","floor":2,"turns":2},{"damage":0,"enemies":"Cultist","floor":5,"turns":2},{"damage":10,"enemies":"3 Sentries","floor":6,"turns":4},{"damage":0,"enemies":"Gremlin Nob","floor":8,"turns":2},{"damage":4,"enemies":"Large Slime","floor":10,"turns":3},{"damage":8,"enemies":"3 Sentries","floor":11,"turns":4},{"damage":0,"enemies":"Looter","floor":12,"turns":2},{"damage":3,"enemies":"Gremlin Nob","floor":13,"turns":2},{"damage":1,"enemies":"2 Fungi Beasts","floor":14,"turns":3},{"damage":3,"enemies":"Hexaghost","floor":16,"turns":5},{"damage":10,"enemies":"Shell Parasite","floor":18,"turns":2},{"damage":12,"enemies":"2 Thieves","floor":19,"turns":3},{"damage":16,"enemies":"Cultist and Chosen","floor":20,"turns":4},{"damage":16,"enemies":"3 Cultists","floor":22,"turns":4},{"damage":30,"enemies":"Nightmare","floor":23,"turns":6}],"seed_played":"2144660905133454148","potions_obtained":[{"floor":2,"key":"Weak Potion"},{"floor":6,"key":"Energy Potion"},{"floor":8,"key":"Explosive Potion"},{"floor":11,"key":"Strength Potion"},{"floor":13,"key":"EssenceOfSteel"},{"floor":18,"key":"BlessingOfTheForge"},{"floor":19,"key":"BottledMiracle"}],"is_trial":false,"path_per_floor":["M","M","?","?","M","E","?","E","T","M","E","M","E","M","R","B",null,"M","M","M","$","M","NM"],"character_chosen":"WATCHER","items_purchased":["Consecrate"],"campfire_rested":1,"item_purchase_floors":[21],"current_hp_per_floor":[62,50,39,39,39,29,29,29,29,25,17,17,14,13,34,31,72,62,50,34,34,18,0,0],"gold":14,"neow_bonus":"BOSS_RELIC","is_daily":false,"chose_seed":false,"campfire_upgraded":0,"win_rate":0.0,"timestamp":1611243790,"path_taken":["M","M","?","?","M","E","?","E","T","M","E","M","E","M","R","BOSS","M","M","M","$","?","NM"],"items_purchased_type":["Card"],"build_version":"2020-12-18","purchased_purges":0,"victory":false,"max_hp_per_floor":[72,72,72,72,72,72,72,72,72,72,72,72,72,72,72,72,72,72,72,72,72,72,72,72],"card_choices":[{"not_picked":["FlyingSleeves","EmptyBody"],"picked":"Tantrum","floor":1},{"not_picked":["Halt","WaveOfTheHand"],"picked":"WindmillStrike","floor":2},{"not_picked":["FlyingSleeves","EmptyBody"],"picked":"CarveReality","floor":5},{"not_picked":["CutThroughFate","MentalFortress"],"picked":"Tantrum","floor":6},{"not_picked":["FlurryOfBlows","FearNoEvil"],"picked":"MasterReality","floor":8},{"not_picked":["PathToVictory+1","EmptyFist"],"picked":"Evaluate+1","floor":10},{"not_picked":["SignatureMove","ClearTheMind+1"],"picked":"DeceiveReality+1","floor":11},{"not_picked":["Protect+1","ThirdEye+1","ClearTheMind+1"],"picked":"Blasphemy+1","floor":12},{"not_picked":["Consecrate","SandsOfTime","Evaluate+1"],"picked":"WindmillStrike","floor":13},{"not_picked":["CutThroughFate","Nirvana","SashWhip"],"picked":"Adaptation","floor":14},{"not_picked":["Wish+1","Ragnarok","SpiritShield+1"],"picked":"DevaForm","floor":16},{"not_picked":["ThirdEye+1"],"picked":"FollowUp","floor":18},{"not_picked":["FlurryOfBlows+1"],"picked":"WreathOfFlame+1","floor":19},{"not_picked":["ReachHeaven"],"picked":"CarveReality","floor":20},{"not_picked":["CutThroughFate"],"picked":"Conclude","floor":22}],"player_experience":91240,"relics_obtained":[{"floor":4,"key":"Shuriken"},{"floor":6,"key":"MawBank"},{"floor":8,"key":"Toxic Egg 2"},{"floor":9,"key":"Letter Opener"},{"floor":11,"key":"Question Card"},{"floor":13,"key":"Whetstone"}],"event_choices":[{"damage_healed":0,"gold_gain":75,"player_choice":"Gather Gold","damage_taken":11,"max_hp_gain":0,"max_hp_loss":0,"event_name":"World of Goop","floor":3,"gold_loss":0},{"damage_healed":0,"gold_gain":0,"player_choice":"Rummage","damage_taken":0,"relics_obtained":["WarpedTongs"],"max_hp_gain":0,"max_hp_loss":0,"event_name":"Accursed Blacksmith","floor":7,"gold_loss":0,"cards_obtained":["Pain"]}],"is_beta":true,"boss_relics":[{"not_picked":["Velvet Choker","Coffee Dripper"],"picked":"Busted Crown"}],"items_purged_floors":[],"is_endless":false,"potions_floor_spawned":[2,6,8,11,13,18,19],"killed_by":"Nightmare","ascension_level":1}}