{"host":"bq4pt811tk9yrmjl","time":1611194002,"event":{"mods":["AchievementEnabler","BaseMod","Colored Map","Colored Powertips","Defuse TimeMaze Blight","Hermit","Minty Spire (QoL Compilation)","StSLib","SuperFastMode"],"gold_per_floor":[113,188,363,375,325,353,353,353,353,353,364,364,374,402,402,503,503,513,25,25,124,137,171,189,189,267,277,277,122,82,116,116,218,218,228,243,258,258,258,258,287,302,329,329,329,36,36,50,50,50,50,50,50,79,79,79],"floor_reached":55,"language":"ENG","playtime":1557,"items_purged":[],"score":906,"play_id":"7b35bf28-8154-4899-8743-4fd32aa0b702","local_time":"20210120235322","is_ascension_mode":true,"campfire_choices":[{"data":"Zap","floor":7.0,"key":"SMITH"},{"data":"Loop","floor":10.0,"key":"SMITH"},{"data":"Loop","floor":12.0,"key":"SMITH"},{"floor":15.0,"key":"REST"},{"floor":25.0,"key":"REST"},{"data":"Defragment","floor":28.0,"key":"SMITH"},{"floor":32.0,"key":"REST"},{"floor":40.0,"key":"RECALL"},{"data":"Cold Snap","floor":45,"key":"SMITH"},{"data":"Coolheaded","floor":47,"key":"SMITH"},{"floor":49,"key":"REST"},{"data":"Dualcast","floor":52,"key":"SMITH"}],"circlet_count":0,"master_deck":["Strike_B+1","Defend_B+1","Defend_B","Defend_B+1","Zap+1","Dualcast+1","Go for the Eyes+1","Chill+1","Loop+1","Loop+1","Coolheaded+1","Tempest+1","Creative AI+1","Rainbow+1","Loop+1","Defragment+1","Leap+1","Core Surge","Blizzard+1","Defragment+1","Cold Snap+1","Writhe"],"relics":["Cracked Core","NeowsBlessing","Regal Pillow","MealTicket","Whetstone","Astrolabe","War Paint","Singing Bowl","Bottled Lightning","Meat on the Bone","OrangePellets","Unceasing Top","Nuclear Battery","Art of War","Toy Ornithopter","Mango","Lantern"],"acts_visited":["Exordium","TheCity","TheBeyond","TheEnding"],"potions_floor_usage":[41,42,50],"damage_taken":[{"damage":0.0,"enemies":"Jaw Worm","floor":1.0,"turns":1.0},{"damage":0.0,"enemies":"2 Louse","floor":4.0,"turns":1.0},{"damage":0.0,"enemies":"Lagavulin","floor":6.0,"turns":1.0},{"damage":0.0,"enemies":"Small Slimes","floor":11.0,"turns":2.0},{"damage":4.0,"enemies":"2 Fungi Beasts","floor":13.0,"turns":3.0},{"damage":26.0,"enemies":"Gremlin Nob","floor":14.0,"turns":5.0},{"damage":20.0,"enemies":"Slime Boss","floor":16.0,"turns":14.0},{"damage":1.0,"enemies":"3 Byrds","floor":18.0,"turns":11.0},{"damage":24.0,"enemies":"Shell Parasite","floor":22.0,"turns":6.0},{"damage":24.0,"enemies":"Book of Stabbing","floor":23.0,"turns":6.0},{"damage":18.0,"enemies":"Sentry and Sphere","floor":24.0,"turns":8.0},{"damage":7.0,"enemies":"Centurion and Healer","floor":27.0,"turns":8.0},{"damage":38.0,"enemies":"Gremlin Leader","floor":31.0,"turns":8.0},{"damage":0.0,"enemies":"Champ","floor":33.0,"turns":10.0},{"damage":28.0,"enemies":"3 Darklings","floor":35.0,"turns":6.0},{"damage":0.0,"enemies":"3 Shapes","floor":36.0,"turns":4.0},{"damage":16.0,"enemies":"Transient","floor":37.0,"turns":5.0},{"damage":0,"enemies":"Giant Head","floor":41,"turns":9},{"damage":10,"enemies":"4 Shapes","floor":42,"turns":4},{"damage":28,"enemies":"Sphere and 2 Shapes","floor":48,"turns":7},{"damage":118,"enemies":"Awakened One","floor":50,"turns":28},{"damage":70,"enemies":"Shield and Spear","floor":54,"turns":10},{"damage":79,"enemies":"The Heart","floor":55,"turns":8}],"seed_played":"-6263448426706655455","potions_obtained":[{"floor":1.0,"key":"DistilledChaos"},{"floor":11.0,"key":"Block Potion"},{"floor":16.0,"key":"FocusPotion"},{"floor":22.0,"key":"EntropicBrew"},{"floor":24.0,"key":"Explosive Potion"},{"floor":33.0,"key":"PotionOfCapacity"},{"floor":37.0,"key":"Regen Potion"},{"floor":41,"key":"SkillPotion"}],"is_trial":false,"path_per_floor":["M","?","?","M","?","E","R","?","T","R","M","R","M","E","R","B",null,"M","$","?","?","M","E","M","R","T","M","R","$","?","E","R","B",null,"M","M","M","?","?","R","E","M","T","?","R","$","R","M","R","B",null,"R","$","E","B"],"character_chosen":"DEFECT","items_purchased":["Defragment","War Paint","Singing Bowl","OrangePellets","Mango"],"campfire_rested":4,"item_purchase_floors":[19,19,19,29,46],"current_hp_per_floor":[75,64,64,64,64,64,64,46,46,46,46,46,42,16,53,33,75,74,75,75,75,53,31,13,51,51,46,46,61,61,37,76,76,83,57,57,53,53,53,53,55,45,45,67,67,96,96,70,103,17,103,103,103,47,0,0],"gold":79,"neow_bonus":"THREE_ENEMY_KILL","is_daily":false,"chose_seed":false,"campfire_upgraded":7,"win_rate":0.0,"timestamp":1611194002,"path_taken":["M","?","?","M","?","E","R","?","T","R","M","R","M","E","R","BOSS","M","$","?","?","M","E","M","R","T","?","R","$","?","E","R","BOSS","M","?","M","?","?","R","E","M","T","?","R","?","R","M","R","BOSS","R","$","E","BOSS"],"items_purchased_type":["Card","Relic","Relic","Relic","Relic"],"build_version":"2020-12-22","purchased_purges":0,"victory":false,"max_hp_per_floor":[75,75,75,75,75,75,75,75,75,75,75,75,75,75,75,75,75,75,75,75,75,77,79,79,79,79,81,81,81,81,83,83,83,83,85,85,85,85,85,85,87,87,87,87,87,101,101,103,103,103,103,103,103,105,105,105],"card_choices":[{"not_picked":["Fusion","Turbo"],"picked":"Go for the Eyes","floor":1.0},{"not_picked":["Rebound","Fusion"],"picked":"Chill","floor":4.0},{"not_picked":["Rebound","BootSequence"],"picked":"Loop","floor":6.0},{"not_picked":["Hello World","Rebound","Loop"],"picked":"SKIP","floor":11.0},{"not_picked":["Hello World","Rebound"],"picked":"Loop","floor":11.0},{"not_picked":["Conserve Battery","Stack","Streamline"],"picked":"SKIP","floor":13.0},{"not_picked":["White Noise","Barrage"],"picked":"Coolheaded","floor":14.0},{"not_picked":["Melter","Redo"],"picked":"Loop+1","floor":18.0},{"not_picked":["Cold Snap","Conserve Battery","Double Energy"],"picked":"Singing Bowl","floor":22.0},{"not_picked":["Sweeping Beam","Ball Lightning+1","Undo"],"picked":"Singing Bowl","floor":23.0},{"not_picked":["Double Energy","Go for the Eyes"],"picked":"Leap+1","floor":24.0},{"not_picked":["Redo","Compile Driver","Beam Cell"],"picked":"Singing Bowl","floor":27.0},{"not_picked":["Fusion+1","Machine Learning","Barrage+1"],"picked":"Singing Bowl","floor":31.0},{"not_picked":["Reboot","All For One"],"picked":"Core Surge","floor":33.0},{"not_picked":["Rebound","Steam+1","Leap"],"picked":"Singing Bowl","floor":35.0},{"not_picked":["Steam+1","Leap+1"],"picked":"Blizzard+1","floor":36.0},{"not_picked":["Ball Lightning","Gash+1"],"picked":"Defragment+1","floor":37.0},{"not_picked":["Meteor Strike","Redo","Turbo"],"picked":"Singing Bowl","floor":41},{"not_picked":["Ball Lightning+1","Rebound+1"],"picked":"Cold Snap","floor":42},{"not_picked":["Ball Lightning","Genetic Algorithm","Gash"],"picked":"Singing Bowl","floor":48},{"not_picked":["Sweeping Beam+1","Coolheaded+1","Rebound+1"],"picked":"Singing Bowl","floor":54}],"player_experience":195545,"relics_obtained":[{"floor":6.0,"key":"Regal Pillow"},{"floor":14.0,"key":"Whetstone"},{"floor":23.0,"key":"Bottled Lightning"},{"floor":26.0,"key":"Meat on the Bone"},{"floor":31.0,"key":"Unceasing Top"},{"floor":41,"key":"Art of War"},{"floor":43,"key":"Toy Ornithopter"},{"floor":54,"key":"Lantern"}],"event_choices":[{"damage_healed":0.0,"max_hp_gain":0.0,"max_hp_loss":0.0,"gold_gain":75.0,"event_name":"World of Goop","player_choice":"Gather Gold","floor":2.0,"gold_loss":0.0,"damage_taken":11.0},{"damage_healed":0.0,"max_hp_gain":0.0,"max_hp_loss":0.0,"gold_gain":175.0,"event_name":"Liars Game","player_choice":"AGREE","floor":3.0,"gold_loss":0.0,"damage_taken":0.0,"cards_obtained":["Doubt"]},{"cards_removed":["Doubt"],"damage_healed":0.0,"max_hp_gain":0.0,"max_hp_loss":0.0,"gold_gain":0.0,"event_name":"The Cleric","player_choice":"Card Removal","floor":5.0,"gold_loss":50.0,"damage_taken":0.0},{"damage_healed":0.0,"max_hp_gain":0.0,"max_hp_loss":0.0,"gold_gain":0.0,"event_name":"Scrap Ooze","player_choice":"Success","floor":8.0,"gold_loss":0.0,"damage_taken":18.0,"relics_obtained":["MealTicket"]},{"damage_healed":0.0,"max_hp_gain":0.0,"max_hp_loss":0.0,"gold_gain":99.0,"event_name":"Nest","player_choice":"Stole From Cult","floor":21.0,"gold_loss":0.0,"damage_taken":0.0},{"damage_healed":0.0,"max_hp_gain":0.0,"max_hp_loss":0.0,"gold_gain":0.0,"event_name":"Designer","player_choice":"Upgraded Two","floor":30.0,"gold_loss":40.0,"damage_taken":0.0,"cards_upgraded":["Go for the Eyes","Defend_B"]},{"damage_healed":0.0,"max_hp_gain":0.0,"max_hp_loss":0.0,"gold_gain":0.0,"event_name":"Tomb of Lord Red Mask","player_choice":"Ignored","floor":38.0,"gold_loss":0.0,"damage_taken":0.0},{"cards_removed":["Defend_B"],"damage_healed":0.0,"max_hp_gain":0.0,"max_hp_loss":0.0,"gold_gain":0.0,"event_name":"Falling","player_choice":"Removed Skill","floor":39.0,"gold_loss":0.0,"damage_taken":0.0},{"damage_healed":22,"gold_gain":0,"player_choice":"Writhe","damage_taken":0,"max_hp_gain":0,"max_hp_loss":0,"event_name":"Winding Halls","floor":44,"gold_loss":0,"cards_obtained":["Writhe"]}],"is_beta":false,"boss_relics":[{"not_picked":["Tiny House","Velvet Choker"],"picked":"Astrolabe"},{"not_picked":["Black Star","Snecko Eye"],"picked":"Nuclear Battery"}],"items_purged_floors":[],"is_endless":false,"potions_floor_spawned":[1,11,16,22,24,33,37,41],"killed_by":"The Heart","ascension_level":1}}