{"host":"mlczotyo8j5fj6lt","time":1611207070,"event":{"mods":["AchievementEnabler","BaseMod","Better Third Choice","BetterRewards","Conspire","Defective Defect","Fox Events","Good Game Mod","Googly Eyes","Hubris","Minty Spire (QoL Compilation)","Quick Restart","Replay The Spire","StS++","StSLib","everything is the same but u backflip on backflip"],"gold_per_floor":[112,134,149,166,8,34,34,50,50,50,125,147,147,161,161,264,264,278,278,295,295,311,311,323,323,376,392,392,403,182,200,200,295,295,308,308,80,80,80,80,97,97,122,122,24,24,24],"floor_reached":46,"language":"ENG","playtime":1785,"items_purged":["Strike_B"],"score":468,"play_id":"67c6926b-c31f-4dca-960a-3eb8935c7aab","local_time":"20210121063110","is_ascension_mode":false,"campfire_choices":[{"floor":7.0,"key":"REST"},{"data":"Zap","floor":10.0,"key":"SMITH"},{"data":"Reinforced Body","floor":13.0,"key":"SMITH"},{"data":"FIFO Queue","floor":15.0,"key":"SMITH"},{"floor":23.0,"key":"REST"},{"floor":25.0,"key":"REST"},{"floor":32.0,"key":"DIG"},{"data":"Apotheosis","floor":40.0,"key":"SMITH"},{"data":"Echo Form","floor":42.0,"key":"SMITH"}],"circlet_count":0,"master_deck":["Strike_B","Strike_B","Strike_B","Defend_B","Defend_B","Defend_B","Defend_B","Zap+1","Dualcast","Go for the Eyes","Barrage","Conserve Battery","Reinforced Body+1","FIFO Queue+1","Go for the Eyes","Coolheaded","Leap","Ball Lightning","Seek","Apotheosis+1","Ball Lightning","Static Discharge","StSpp:Channeliser","Reinforced Body","Melter","Sweeping Beam","Echo Form+1","StSpp:Channeliser+1","Enlightenment","Recycle","Barrage+1"],"relics":["Cracked Core","REME:ComplimentaryCards","NeowsBlessing","StSpp:XCola","hubris:Reverence","Eternal Feather","Odd Mushroom","conspire:RoyalGoblet","hubris:SlimyHat","hubris:BottledHeart","Chemical X","FossilizedHelix","Runic Pyramid","Blue Doll","hubris:Towel","Potion Belt","conspire:TopHat"],"acts_visited":["Exordium","TheCity","TheBeyond"],"potions_floor_usage":[46,46],"damage_taken":[{"damage":0.0,"enemies":"2 Louse","floor":1.0,"turns":1.0},{"damage":0.0,"enemies":"conspire:RoseBush","floor":3.0,"turns":1.0},{"damage":0.0,"enemies":"Cultist","floor":4.0,"turns":1.0},{"damage":8.0,"enemies":"Lagavulin","floor":6.0,"turns":8.0},{"damage":5.0,"enemies":"Blue Slaver","floor":8.0,"turns":4.0},{"damage":14.0,"enemies":"The Mushroom Lair","floor":12.0,"turns":6.0},{"damage":5.0,"enemies":"2 Fungi Beasts","floor":14.0,"turns":4.0},{"damage":22.0,"enemies":"The Guardian","floor":16.0,"turns":9.0},{"damage":22.0,"enemies":"conspire:FuzzyDice","floor":18.0,"turns":10.0},{"damage":9.0,"enemies":"3 Byrds","floor":20.0,"turns":6.0},{"damage":13.0,"enemies":"Snake Plant","floor":22.0,"turns":6.0},{"damage":24.0,"enemies":"Shelled Parasite and Fungi","floor":24.0,"turns":4.0},{"damage":24.0,"enemies":"Snecko","floor":27.0,"turns":7.0},{"damage":0.0,"enemies":"Sentry and Sphere","floor":29.0,"turns":6.0},{"damage":0.0,"enemies":"3 Cultists","floor":31.0,"turns":5.0},{"damage":0.0,"enemies":"Champ","floor":33.0,"turns":13.0},{"damage":0.0,"enemies":"3 Darklings","floor":35.0,"turns":8.0},{"damage":0.0,"enemies":"3 Shapes","floor":41.0,"turns":5.0},{"damage":9,"enemies":"Jaw Worm Horde","floor":46,"turns":3}],"seed_played":"534102797982173117","potions_obtained":[{"floor":1.0,"key":"Venom Potion"},{"floor":3.0,"key":"EssenceOfSteel"},{"floor":8.0,"key":"EntropicBrew"},{"floor":20.0,"key":"Elixir"},{"floor":22.0,"key":"Reflective Coating"},{"floor":27.0,"key":"ColorlessPotion"},{"floor":29.0,"key":"EssenceOfDarkness"},{"floor":35.0,"key":"Explosive Potion"}],"is_trial":false,"path_per_floor":["M","?","M","M","$","E","R","M","T","R","?","?","R","M","R","B",null,"M","?","M","?","M","R","M","R","T","M","?","M","$","M","R","B",null,"M","?","$","?","?","R","M","R","T","T","$","M"],"character_chosen":"DEFECT","items_purchased":["FIFO Queue","Go for the Eyes","Fire Potion","Melter","Chemical X","Blue Doll","EntropicBrew"],"campfire_rested":3,"item_purchase_floors":[5,5,5,30,30,37,45],"current_hp_per_floor":[75,57,57,57,57,49,71,66,66,75,64,50,59,54,63,58,75,53,39,30,30,17,53,29,68,68,44,1,1,1,1,1,1,1,1,1,1,1,1,1,1,1,1,1,1,0,0],"gold":24,"neow_bonus":"THREE_ENEMY_KILL","is_daily":false,"chose_seed":false,"campfire_upgraded":5,"win_rate":0.0,"timestamp":1611207070,"path_taken":["M","?","M","?","$","E","R","M","T","R","?","?","R","M","R","BOSS","M","?","M","?","M","R","?","R","T","?","?","M","$","M","R","BOSS","M","?","$","?","?","R","M","R","T","?","$","M"],"items_purchased_type":["Card","Card","Potion","Card","Relic","Relic","Potion"],"build_version":"2020-12-22","purchased_purges":1,"victory":false,"max_hp_per_floor":[75,75,75,75,75,75,75,75,75,75,75,75,75,75,75,75,75,75,80,80,80,80,80,80,80,80,80,1,1,1,1,1,1,1,1,1,1,1,1,1,1,1,1,1,1,1,1],"card_choices":[{"not_picked":["hubris:Ukulele","Panic Button"],"picked":"Go for the Eyes","floor":1.0},{"not_picked":["Hologram","Coolheaded"],"picked":"Barrage","floor":2.0},{"not_picked":["ReplayGash","ReplayTheSpireMod:Dual Polarity"],"picked":"Conserve Battery","floor":3.0},{"not_picked":["Chaos","Streamline"],"picked":"Reinforced Body","floor":4.0},{"not_picked":["Time Bomb","Rebound"],"picked":"Coolheaded","floor":6.0},{"not_picked":["BasicCrystalCard","Stack","Coolheaded"],"picked":"SKIP","floor":8.0},{"not_picked":["Force Field","Conserve Battery"],"picked":"Leap","floor":12.0},{"not_picked":["Cold Snap","FTL"],"picked":"Ball Lightning","floor":14.0},{"not_picked":["Reboot","Machine Learning"],"picked":"Seek","floor":16.0},{"not_picked":["Panic Button","Gash"],"picked":"Ball Lightning","floor":18.0},{"not_picked":["Undo","Streamline"],"picked":"Static Discharge","floor":20.0},{"not_picked":["Coolheaded","hubris:Ukulele"],"picked":"StSpp:Channeliser","floor":22.0},{"not_picked":["hubris:PowerSurge","Doom and Gloom"],"picked":"Reinforced Body","floor":24.0},{"not_picked":["Go for the Eyes","Steam","Rebound"],"picked":"SKIP","floor":27.0},{"not_picked":["Steam","Gash","Sunder"],"picked":"SKIP","floor":29.0},{"not_picked":["Steam","Beam Cell+1"],"picked":"Sweeping Beam","floor":31.0},{"not_picked":["ReplayTheSpireMod:Omega Cannon","StSpp:CopyPaste"],"picked":"Echo Form","floor":33.0},{"not_picked":["Beam Cell+1","Go for the Eyes+1"],"picked":"StSpp:Channeliser+1","floor":35.0},{"not_picked":["Transmutation","Mind Blast"],"picked":"Enlightenment","floor":36.0},{"not_picked":["Storm","StSpp:Fierceness"],"picked":"Barrage+1","floor":41.0}],"player_experience":210194,"relics_obtained":[{"floor":2.0,"key":"StSpp:XCola"},{"floor":6.0,"key":"hubris:Reverence"},{"floor":9.0,"key":"Eternal Feather"},{"floor":12.0,"key":"Odd Mushroom"},{"floor":26.0,"key":"hubris:SlimyHat"},{"floor":32.0,"key":"FossilizedHelix"},{"floor":43.0,"key":"Potion Belt"},{"floor":44.0,"key":"conspire:TopHat"}],"event_choices":[{"damage_healed":0.0,"max_hp_gain":0.0,"max_hp_loss":0.0,"gold_gain":75.0,"event_name":"betterThird:BetterGoop","player_choice":"Gold","floor":11.0,"gold_loss":0.0,"damage_taken":11.0},{"damage_healed":0.0,"max_hp_gain":0.0,"max_hp_loss":0.0,"gold_gain":0.0,"event_name":"Mushrooms","player_choice":"Fought Mushrooms","floor":12.0,"gold_loss":0.0,"damage_taken":0.0},{"damage_healed":0.0,"max_hp_gain":5.0,"max_hp_loss":0.0,"gold_gain":0.0,"event_name":"Forgotten Altar","player_choice":"Shed Blood","floor":19.0,"gold_loss":0.0,"damage_taken":19.0},{"damage_healed":0.0,"max_hp_gain":0.0,"max_hp_loss":0.0,"gold_gain":0.0,"event_name":"NoteForYourself","player_choice":"Ignored","floor":21.0,"gold_loss":0.0,"damage_taken":0.0},{"damage_healed":0.0,"max_hp_gain":0.0,"max_hp_loss":0.0,"gold_gain":0.0,"event_name":"SensoryStone","player_choice":"Memory 1","floor":36.0,"gold_loss":0.0,"damage_taken":0.0}],"is_beta":false,"boss_relics":[{"not_picked":["ChewingGum","Replay:Grab Bag"],"picked":"conspire:RoyalGoblet"},{"not_picked":["Fusion Hammer","ReplayTheSpireMod:DimensionalGlitch"],"picked":"Runic Pyramid"}],"items_purged_floors":[37],"is_endless":false,"potions_floor_spawned":[1,3,8,20,22,27,29,35],"killed_by":"Jaw Worm Horde","ascension_level":0}}