{"host":"crmowuwgj9wiiaqp","time":1611263815,"event":{"mods":["BaseMod","Colored Map","Minty Spire (QoL Compilation)","Relic Stats","StSLib"],"gold_per_floor":[119,139,0,0,10,10,39,39,39,39,64,64,64,79,79,184,184,203,5,21,38,55,55,55],"floor_reached":23,"language":"ENG","playtime":1278,"items_purged":[],"score":271,"play_id":"b8057b0c-e5c3-46e6-a1ba-2d6970b98f71","local_time":"20210121141655","is_ascension_mode":true,"campfire_choices":[{"floor":6.0,"key":"REST"},{"floor":8.0,"key":"REST"},{"data":"Footwork","floor":12.0,"key":"SMITH"},{"floor":15.0,"key":"REST"}],"circlet_count":0,"master_deck":["Survivor","Neutralize","Impatience","Noxious Fumes","Flechettes","Footwork+1","Deadly Poison","Dagger Spray","Crippling Poison","PiercingWail","Cloak And Dagger","Decay","Escape Plan","Malaise","Burst","Grand Finale","Dagger Spray","Flying Knee","Escape Plan","Blur","Footwork","Sucker Punch","Deflect","Wraith Form v2","Dodge and Roll","Dodge and Roll","Deadly Poison","Blade Dance"],"relics":["Ring of the Snake","Mercury Hourglass","Ancient Tea Set","PreservedInsect","Pandora\u0027s Box","Lee\u0027s Waffle"],"acts_visited":["TheCity"],"potions_floor_usage":[16,16,23],"damage_taken":[{"damage":3.0,"enemies":"Cultist","floor":1.0,"turns":4.0},{"damage":12.0,"enemies":"Jaw Worm","floor":2.0,"turns":4.0},{"damage":9.0,"enemies":"Small Slimes","floor":5.0,"turns":4.0},{"damage":47.0,"enemies":"Gremlin Nob","floor":7.0,"turns":5.0},{"damage":9.0,"enemies":"Lagavulin","floor":11.0,"turns":6.0},{"damage":12.0,"enemies":"Exordium Thugs","floor":14.0,"turns":4.0},{"damage":3,"enemies":"Slime Boss","floor":16,"turns":7},{"damage":16,"enemies":"Spheric Guardian","floor":18,"turns":5},{"damage":14,"enemies":"Shell Parasite","floor":20,"turns":8},{"damage":21,"enemies":"Snecko","floor":21,"turns":8},{"damage":20,"enemies":"Shelled Parasite and Fungi","floor":22,"turns":8},{"damage":22,"enemies":"Slavers","floor":23,"turns":5}],"seed_played":"-5495703566165592569","potions_obtained":[{"floor":2.0,"key":"CultistPotion"},{"floor":7.0,"key":"GhostInAJar"},{"floor":11.0,"key":"Fire Potion"},{"floor":16,"key":"Weak Potion"},{"floor":18,"key":"CultistPotion"},{"floor":21,"key":"GamblersBrew"}],"is_trial":false,"path_per_floor":["M","M","$","$","M","R","E","R","T","?","E","R","?","M","R","B",null,"M","$","M","M","M","E"],"character_chosen":"THE_SILENT","items_purchased":["Footwork","Deadly Poison","Dagger Spray","Lee\u0027s Waffle","Dodge and Roll"],"campfire_rested":3,"item_purchase_floors":[3,3,3,19,19],"current_hp_per_floor":[60,48,48,48,39,60,13,34,34,22,13,13,13,1,22,19,57,41,77,63,42,22,0,0],"gold":55,"neow_bonus":"RANDOM_COLORLESS","is_daily":false,"chose_seed":false,"campfire_upgraded":1,"win_rate":0.0,"timestamp":1611263815,"path_taken":["M","?","?","$","M","R","E","R","T","?","E","R","?","M","R","BOSS","M","$","M","M","?","E"],"items_purchased_type":["Card","Card","Card","Relic","Card"],"build_version":"2020-12-22","purchased_purges":0,"victory":false,"max_hp_per_floor":[70,70,70,70,70,70,70,70,70,70,70,70,70,70,70,70,70,70,77,77,77,77,77,77],"relic_stats":{"Lee\u0027s Waffle":36,"counters":[11,63],"Pandora\u0027s Box":["Burst","Grand Finale","Dagger Spray","Flying Knee","Escape Plan","Blur","Footwork","Sucker Punch","Deflect","Wraith Form v2"],"PreservedInsect":40,"obtain_stats":[{"Lee\u0027s Waffle":19,"Pandora\u0027s Box":17,"PreservedInsect":11,"Ancient Tea Set":9,"Ring of the Snake":0,"Mercury Hourglass":7},{"Lee\u0027s Waffle":7,"Pandora\u0027s Box":6,"PreservedInsect":4,"Ancient Tea Set":3,"Ring of the Snake":0,"Mercury Hourglass":3},{"Lee\u0027s Waffle":35,"Pandora\u0027s Box":30,"PreservedInsect":19,"Ancient Tea Set":13,"Ring of the Snake":0,"Mercury Hourglass":13}],"Ring of the Snake":[22],"Mercury Hourglass":[152]},"card_choices":[{"not_picked":["Purity","Madness"],"picked":"Impatience","floor":0.0},{"not_picked":["Bane","Endless Agony"],"picked":"Noxious Fumes","floor":1.0},{"not_picked":["Finisher","Masterful Stab"],"picked":"Flechettes","floor":2.0},{"not_picked":["Bane","Prepared"],"picked":"Crippling Poison","floor":5.0},{"not_picked":["Prepared","Dagger Spray"],"picked":"PiercingWail","floor":7.0},{"not_picked":["Tools of the Trade","Skewer"],"picked":"Cloak And Dagger","floor":11.0},{"not_picked":["Backstab","Endless Agony"],"picked":"Escape Plan","floor":14.0},{"not_picked":["Die Die Die","Bullet Time"],"picked":"Malaise","floor":16},{"not_picked":["Predator","Footwork+1"],"picked":"Dodge and Roll","floor":18},{"not_picked":["Noxious Fumes+1","Deflect"],"picked":"Deadly Poison","floor":20},{"not_picked":["Flechettes+1","Reflex","Flying Knee"],"picked":"SKIP","floor":21},{"not_picked":["Riddle With Holes+1","Crippling Poison"],"picked":"Blade Dance","floor":22}],"player_experience":1322156,"relics_obtained":[{"floor":7.0,"key":"Mercury Hourglass"},{"floor":9.0,"key":"Ancient Tea Set"},{"floor":11.0,"key":"PreservedInsect"}],"event_choices":[{"damage_healed":0.0,"max_hp_gain":0.0,"max_hp_loss":0.0,"gold_gain":0.0,"event_name":"Scrap Ooze","player_choice":"Fled","floor":10.0,"gold_loss":0.0,"damage_taken":12.0},{"damage_healed":0.0,"max_hp_gain":0.0,"max_hp_loss":0.0,"gold_gain":0.0,"event_name":"Wheel of Change","player_choice":"Cursed","floor":13.0,"gold_loss":0.0,"damage_taken":0.0,"cards_obtained":["Decay"]}],"is_beta":false,"boss_relics":[{"not_picked":["Calling Bell","Ectoplasm"],"picked":"Pandora\u0027s Box"}],"items_purged_floors":[],"is_endless":false,"potions_floor_spawned":[2,7,11,16,18,21],"killed_by":"Slavers","ascension_level":7}}