{"host":"clf2hd4adhiiw0zf","time":1611219724,"event":{"mods":["AchievementEnabler","BaseMod","Beaked The Cultist","Bestiary","Dark Map","Downfall","Gremlin Mod","Hermit","Jorbs\u0027s Wanderer Trilogy","Marisa????????","Minty Spire (QoL Compilation)","Shop Mod","StSLib","The Cursed","The Servant 0.9.4","UnlockEverythingMod"],"gold_per_floor":[99,99,84,96,109,123,195,213,213,243,26,26,26,43,61,61,61],"floor_reached":16,"language":"ENG","playtime":735,"items_purged":[],"score":102,"play_id":"6de498a2-75f0-4e22-9a36-039ce44e6f6f","local_time":"20210121020204","is_ascension_mode":false,"campfire_choices":[{"floor":1,"key":"RECALL"},{"data":"Gremlin:GremlinArms","floor":13,"key":"SMITH"}],"circlet_count":0,"master_deck":["Gremlin:Strike","Gremlin:Strike","Gremlin:Strike","Gremlin:Strike","Gremlin:Defend","Gremlin:Defend","Gremlin:Defend","Gremlin:Defend","Gremlin:TagTeam","Gremlin:GremlinDance+1","Gremlin:Pretaliation","Gremlin:Polish","Gremlin:Revel","Gremlin:Tadah","Gremlin:FeelTheAudience","Gremlin:BubbleBarrier","Gremlin:Exacerbate","Gremlin:GremlinArms+1","Parasite","Gremlin:PourSalt","Gremlin:GlitterGuard"],"relics":["Gremlin:GremlinKnob","Darkstone Periapt","Question Card","Orichalcum"],"acts_visited":["Exordium"],"potions_floor_usage":[15,16],"damage_taken":[{"damage":3,"enemies":"downfall:FleeingMerchant","floor":3,"turns":4},{"damage":0,"enemies":"Small Slimes","floor":4,"turns":3},{"damage":0,"enemies":"Cultist","floor":5,"turns":3},{"damage":1,"enemies":"Jaw Worm","floor":6,"turns":4},{"damage":10,"enemies":"3 Louse","floor":8,"turns":2},{"damage":15,"enemies":"3 Sentries","floor":10,"turns":7},{"damage":7,"enemies":"downfall:FleeingMerchant","floor":11,"turns":4},{"damage":9,"enemies":"Exordium Wildlife","floor":14,"turns":4},{"damage":0,"enemies":"3 Louse","floor":15,"turns":2},{"damage":116,"enemies":"IC_STATUS_ARCHETYPE","floor":16,"turns":15}],"seed_played":"4485969612126393685","potions_obtained":[{"floor":4,"key":"Explosive Potion"},{"floor":6,"key":"SteroidPotion"},{"floor":8,"key":"Strength Potion"}],"is_trial":false,"path_per_floor":["R","?","$","M","M","M","T","M","T","E","$","?","R","M","M","B"],"character_chosen":"GREMLIN","items_purchased":["Orichalcum","Gremlin:GremlinArms"],"campfire_rested":0,"item_purchase_floors":[11,11],"current_hp_per_floor":[21,21,21,21,21,17,17,21,21,7,21,23,23,22,9,0,0],"gold":61,"neow_bonus":"TEN_PERCENT_HP_BONUS","is_daily":false,"chose_seed":false,"campfire_upgraded":1,"win_rate":0.0,"timestamp":1611219724,"path_taken":["R","?","$","M","M","M","T","?","?","E","?","?","R","M","M","BOSS"],"items_purchased_type":["Relic","Card"],"build_version":"2020-12-22","purchased_purges":0,"victory":false,"max_hp_per_floor":[21,21,21,21,21,21,21,21,21,21,21,23,23,23,23,23,23],"card_choices":[{"not_picked":["Gremlin:PourSalt","Gremlin:Jeer"],"picked":"Gremlin:Pretaliation","floor":3},{"not_picked":["Gremlin:FollowThrough","Gremlin:CatScratch"],"picked":"Gremlin:Polish","floor":4},{"not_picked":["Gremlin:FollowThrough","Gremlin:Enthusiasm"],"picked":"Gremlin:Revel","floor":5},{"not_picked":["Gremlin:Pretaliation","Gremlin:Pinprick"],"picked":"Gremlin:Tadah","floor":6},{"not_picked":["Gremlin:Presto","Gremlin:PinNeedle"],"picked":"Gremlin:FeelTheAudience","floor":8},{"not_picked":["Gremlin:GremlinToss","Gremlin:GremlinOffensive"],"picked":"Gremlin:BubbleBarrier","floor":10},{"not_picked":["Gremlin:MakeshiftArmor","Gremlin:GremlinMeal","Gremlin:Astound"],"picked":"Gremlin:Exacerbate","floor":11},{"not_picked":["Gremlin:Pinprick","Gremlin:GlitterGuard","Gremlin:Whiz"],"picked":"Gremlin:PourSalt","floor":14},{"not_picked":["Gremlin:Glimmer","Gremlin:Rhythm","Gremlin:ShankStone"],"picked":"Gremlin:GlitterGuard","floor":15}],"player_experience":71577,"relics_obtained":[{"floor":9,"key":"Darkstone Periapt"},{"floor":10,"key":"Question Card"}],"event_choices":[{"damage_healed":0,"gold_gain":0,"player_choice":"Forge","damage_taken":0,"max_hp_gain":0,"max_hp_loss":0,"event_name":"Accursed Blacksmith","floor":2,"gold_loss":0,"cards_upgraded":["Gremlin:GremlinDance"]},{"damage_healed":5,"gold_gain":0,"player_choice":"Healed and dodged fight","damage_taken":0,"max_hp_gain":0,"max_hp_loss":0,"event_name":"Mushrooms","floor":12,"gold_loss":0,"cards_obtained":["Parasite"]}],"is_beta":false,"boss_relics":[],"items_purged_floors":[],"is_endless":false,"potions_floor_spawned":[4,6,8],"killed_by":"IC_STATUS_ARCHETYPE","ascension_level":0}}