{"host":"3498uni0c31c9bdm","time":1611210365,"event":{"mods":["BaseMod","Better Third Choice","Minty Spire (QoL Compilation)","Replay The Spire","StSLib"],"gold_per_floor":[116,131,103,103,119,119,119,93,93,93,112,143,143,162,162,162,162],"floor_reached":16,"language":"ENG","playtime":410,"items_purged":[],"score":130,"play_id":"2d5d11ef-a9eb-475c-81e9-d1b54bb11aa3","local_time":"20210121172605","is_ascension_mode":true,"campfire_choices":[{"floor":6,"key":"REST"},{"floor":13,"key":"RECALL"}],"circlet_count":0,"master_deck":["Strike_P","Strike_P","Strike_P","Defend_P","Defend_P","Defend_P","Defend_P","Eruption+1","Vigilance","FearNoEvil","FlurryOfBlows","PathToVictory","FollowUp","Fasting2","WaveOfTheHand","DeceiveReality"],"relics":["PureWater","betterThird:SlimedRelic","Chameleon Ring","Omamori"],"acts_visited":["Exordium"],"potions_floor_usage":[12,12,12,16,16],"damage_taken":[{"damage":4,"enemies":"Small Slimes","floor":1,"turns":4},{"damage":2,"enemies":"Cultist","floor":2,"turns":4},{"damage":7,"enemies":"Jaw Worm","floor":5,"turns":2},{"damage":10,"enemies":"Looter","floor":11,"turns":4},{"damage":7,"enemies":"Lagavulin","floor":12,"turns":5},{"damage":0,"enemies":"Large Slime","floor":14,"turns":3},{"damage":46,"enemies":"Slime Boss","floor":16,"turns":9}],"seed_played":"-4687232431954578299","potions_obtained":[{"floor":2,"key":"Swift Potion"},{"floor":10,"key":"Languid Potion"},{"floor":10,"key":"DistilledChaos"},{"floor":11,"key":"EssenceOfSteel"},{"floor":15,"key":"Block Potion"},{"floor":15,"key":"AttackPotion"}],"is_trial":false,"path_per_floor":["M","M","?","?","M","R","?","$","T","R","M","E","R","M","R","B"],"character_chosen":"WATCHER","items_purchased":["FollowUp"],"campfire_rested":1,"item_purchase_floors":[8],"current_hp_per_floor":[61,59,48,48,41,62,62,62,62,62,52,45,45,45,45,0,0],"gold":162,"neow_bonus":"RANDOM_EVENT","is_daily":false,"chose_seed":false,"campfire_upgraded":0,"win_rate":0.0,"timestamp":1611210365,"path_taken":["M","M","?","?","?","R","?","$","T","R","M","E","R","M","R","BOSS"],"items_purchased_type":["Card"],"build_version":"2020-12-22","purchased_purges":0,"victory":false,"max_hp_per_floor":[72,72,72,72,72,72,72,72,72,72,72,72,72,72,72,72,72],"card_choices":[{"not_picked":["CutThroughFate","CrushJoints"],"picked":"FearNoEvil","floor":1},{"not_picked":["Pray","EmptyFist"],"picked":"FlurryOfBlows","floor":2},{"not_picked":["Consecrate","Replay:ManipulateFuture"],"picked":"PathToVictory","floor":5},{"not_picked":["FlurryOfBlows","ClearTheMind"],"picked":"Fasting2","floor":11},{"not_picked":["Swivel","Replay:Vibes"],"picked":"WaveOfTheHand","floor":12},{"not_picked":["Halt","JustLucky"],"picked":"DeceiveReality","floor":14}],"player_experience":726951,"relics_obtained":[{"floor":12,"key":"Omamori"}],"event_choices":[{"damage_healed":0,"gold_gain":0,"player_choice":"Grow","damage_taken":0,"max_hp_gain":0,"max_hp_loss":0,"event_name":"Living Wall","floor":0,"gold_loss":0,"cards_upgraded":["Eruption"]},{"damage_healed":0,"gold_gain":0,"player_choice":"Slimed","damage_taken":11,"max_hp_gain":0,"max_hp_loss":0,"event_name":"betterThird:BetterGoop","floor":3,"gold_loss":28},{"cards_removed":["Strike_P"],"damage_healed":0,"gold_gain":0,"player_choice":"Offered Basic","damage_taken":0,"max_hp_gain":0,"max_hp_loss":0,"event_name":"Bonfire Elementals","floor":4,"gold_loss":0},{"damage_healed":0,"gold_gain":0,"player_choice":"Gave Potion","damage_taken":0,"relics_obtained":["Chameleon Ring"],"max_hp_gain":0,"max_hp_loss":0,"event_name":"WeMeetAgain","floor":7,"gold_loss":0}],"is_beta":false,"boss_relics":[],"items_purged_floors":[],"is_endless":false,"potions_floor_spawned":[2,11],"killed_by":"Slime Boss","ascension_level":6}}