{"host":"oqvelqkxh74plq6q","time":1611213287,"event":{"mods":["ATMod(阿瑾Mod)","AchievementEnabler","BaseMod","Better Match","Better-Laid Plans","BetterRewards","BshForSts","Conspire","Good Game Mod","Jedi Mod","Minty Spire (QoL Compilation)","MostiFishMod","Poor People Problems","Quick Restart","Relic Stats","Remilia（蕾米莉亚）","Shop Mod","Spicy Shops","StSLib","TestMod","Youmu（魂魄妖梦）","vexMod","篝火指南"],"gold_per_floor":[359,68,80,94,165,197,213,138,138,156,156,231,231,250,99,203,203,215,232,250,50,99,129,129,4,78,90,90,90,121,140,140,236,236,246,96,108,125,140,169,181,203,215,262,99,123,185,197,34,46,58,70,82,122,134,134],"floor_reached":55,"language":"ZHS","playtime":3448,"items_purged":["Defend_R","Defend_R","Defend_R","Defend_R","Strike_R","Spot Weakness","jedi:unlimitedpower"],"score":1242,"play_id":"4815111a-ca9f-44c9-b6a3-debea7027f4a","local_time":"20210121151447","is_ascension_mode":true,"campfire_choices":[{"data":"AT_OneInchPunch","floor":11.0,"key":"SMITH"},{"data":"Sword Boomerang","floor":24.0,"key":"SMITH"},{"floor":29.0,"key":"RECALL"},{"floor":32.0,"key":"REST"},{"data":"Offering","floor":41.0,"key":"SMITH"},{"data":"Bash","floor":52,"key":"SMITH"}],"circlet_count":0,"master_deck":["Strike_R","Strike_R","Strike_R","Bash+1","AT_OneInchPunch+1","SuddenDivineSeveringOfKarmicWind","Bloodletting","Flex","Sword Boomerang+1","Offering+1","Seeing Red+1"],"relics":["Burning Blood","REME:ComplimentaryCards","DaveBox","AT_ATBox","testmod-TestBox","testmod-Déjàvu","EGODaCapo","SynthV:TestCard","jedi:heavyjacket","conspire:DeflatedDodgeball","InkBottle","jedi:cryingmask","Frozen Egg 2","testmod-InjuryResistance","vexMod:ScavengeHelm","MawBank","testmod-ObsoleteBoomerang","ScarletDevilRocket","CombinedTypeHook"],"acts_visited":["Exordium","TheCity","TheBeyond","TheEnding"],"potions_floor_usage":[46],"damage_taken":[{"damage":0.0,"enemies":"Jaw Worm","floor":1.0,"turns":2.0},{"damage":0.0,"enemies":"Small Slimes","floor":3.0,"turns":2.0},{"damage":0.0,"enemies":"2 Louse","floor":4.0,"turns":2.0},{"damage":7.0,"enemies":"Lagavulin","floor":6.0,"turns":5.0},{"damage":1.0,"enemies":"2 Fungi Beasts","floor":7.0,"turns":2.0},{"damage":0.0,"enemies":"Large Slime","floor":10.0,"turns":2.0},{"damage":0.0,"enemies":"Looter","floor":14.0,"turns":2.0},{"damage":0.0,"enemies":"Slime Boss","floor":16.0,"turns":7.0},{"damage":3.0,"enemies":"3 Byrds","floor":18.0,"turns":3.0},{"damage":0.0,"enemies":"2 Thieves","floor":19.0,"turns":2.0},{"damage":5.0,"enemies":"Centurion and Healer","floor":20.0,"turns":3.0},{"damage":26.0,"enemies":"conspire:MimicChest","floor":22.0,"turns":6.0},{"damage":24.0,"enemies":"Slavers","floor":23.0,"turns":5.0},{"damage":0.0,"enemies":"Sentry and Sphere","floor":27.0,"turns":3.0},{"damage":0.0,"enemies":"conspire:Head Lice","floor":30.0,"turns":2.0},{"damage":3.0,"enemies":"Snake Plant","floor":31.0,"turns":2.0},{"damage":6.0,"enemies":"conspire:MysteriousRune","floor":33.0,"turns":6.0},{"damage":3.0,"enemies":"3 Shapes","floor":35.0,"turns":3.0},{"damage":0.0,"enemies":"3 Darklings","floor":37.0,"turns":3.0},{"damage":13.0,"enemies":"4 Shapes","floor":38.0,"turns":3.0},{"damage":7.0,"enemies":"Jaw Worm Horde","floor":39.0,"turns":4.0},{"damage":0.0,"enemies":"Reptomancer","floor":40.0,"turns":3.0},{"damage":4.0,"enemies":"Spire Growth","floor":42.0,"turns":3.0},{"damage":0,"enemies":"Giant Head","floor":44,"turns":5},{"damage":0,"enemies":"Transient","floor":46,"turns":5},{"damage":8,"enemies":"Mind Bloom Boss Battle","floor":47,"turns":1},{"damage":7,"enemies":"conspire:OrnateMirror","floor":50,"turns":4},{"damage":0,"enemies":"Shield and Spear","floor":54,"turns":4},{"damage":90,"enemies":"The Heart","floor":55,"turns":6}],"seed_played":"2043149469921194883","potions_obtained":[{"floor":4.0,"key":"testmod-SpacePotion"},{"floor":7.0,"key":"jedi:mysterypotion"},{"floor":16.0,"key":"SkillPotion"},{"floor":18.0,"key":"Swift Potion"},{"floor":23.0,"key":"DistilledChaos"},{"floor":31.0,"key":"Block Potion"},{"floor":33.0,"key":"testmod-TimePotion"},{"floor":35.0,"key":"Energy Potion"},{"floor":39.0,"key":"AttackPotion"},{"floor":44,"key":"ColorlessPotion"}],"is_trial":false,"path_per_floor":["M","$","M","M","?","E","M","$","T","M","R","?","?","M","R","B",null,"M","M","M","$","?","E","R","$","T","M","?","R","E","M","R","B",null,"M","$","M","M","M","E","R","M","T","E","R","M","?","?","R","B",null,"R","$","E","B"],"character_chosen":"IRONCLAD","items_purchased":["jedi:heavyjacket","Flex","jedi:cryingmask"],"campfire_rested":1,"item_purchase_floors":[2,2,15],"current_hp_per_floor":[72,72,72,72,72,71,72,72,72,72,72,61,61,67,67,72,72,72,72,72,72,52,34,34,34,34,40,40,40,46,49,70,70,72,72,72,72,65,64,70,70,72,72,72,72,72,70,70,70,69,71,71,71,72,0,0],"gold":134,"neow_bonus":"TWO_FIFTY_GOLD","is_daily":false,"chose_seed":false,"campfire_upgraded":4,"win_rate":0.0,"timestamp":1611213287,"path_taken":["M","$","M","M","?","E","M","?","T","M","R","?","?","M","R","BOSS","M","M","M","$","?","E","R","$","T","M","?","R","E","M","R","BOSS","M","$","M","M","M","E","R","M","T","E","R","M","?","?","R","BOSS","R","$","E","BOSS"],"items_purchased_type":["Relic","Card","Relic"],"build_version":"2020-12-22","purchased_purges":7,"victory":false,"max_hp_per_floor":[72,72,72,72,72,72,72,72,72,72,72,72,72,72,72,72,72,72,72,72,72,72,72,72,72,72,72,72,72,72,72,72,72,72,72,72,72,72,72,72,72,72,72,72,72,72,72,72,72,72,72,72,72,72,72,72],"relic_stats":{"counters":[29,100],"MawBank":180,"obtain_stats":[{"CombinedTypeHook":47,"AT_ATBox":0,"testmod-TestBox":0,"ScarletDevilRocket":44,"DaveBox":0,"vexMod:ScavengeHelm":30,"Frozen Egg 2":22,"MawBank":40,"Burning Blood":0,"jedi:heavyjacket":2,"REME:ComplimentaryCards":0,"SynthV:TestCard":1,"testmod-InjuryResistance":23,"EGODaCapo":0,"jedi:cryingmask":15,"testmod-ObsoleteBoomerang":43,"testmod-Déjàvu":0,"conspire:DeflatedDodgeball":6,"InkBottle":9},{"CombinedTypeHook":26,"AT_ATBox":0,"testmod-TestBox":0,"ScarletDevilRocket":24,"DaveBox":0,"vexMod:ScavengeHelm":15,"Frozen Egg 2":12,"MawBank":22,"Burning Blood":0,"jedi:heavyjacket":1,"REME:ComplimentaryCards":0,"SynthV:TestCard":1,"testmod-InjuryResistance":13,"EGODaCapo":0,"jedi:cryingmask":7,"testmod-ObsoleteBoomerang":23,"testmod-Déjàvu":0,"conspire:DeflatedDodgeball":4,"InkBottle":5},{"CombinedTypeHook":86,"AT_ATBox":0,"testmod-TestBox":0,"ScarletDevilRocket":80,"DaveBox":0,"vexMod:ScavengeHelm":48,"Frozen Egg 2":38,"MawBank":72,"Burning Blood":0,"jedi:heavyjacket":2,"REME:ComplimentaryCards":0,"SynthV:TestCard":2,"testmod-InjuryResistance":43,"EGODaCapo":0,"jedi:cryingmask":17,"testmod-ObsoleteBoomerang":75,"testmod-Déjàvu":0,"conspire:DeflatedDodgeball":11,"InkBottle":13}],"Burning Blood":103,"InkBottle":[38]},"card_choices":[{"not_picked":["Rampage","Twin Strike"],"picked":"Bloodletting","floor":1.0},{"not_picked":["Uppercut","Armaments","Pommel Strike","Clothesline","Twin Strike"],"picked":"SKIP","floor":3.0},{"not_picked":["Shrug It Off","Power Through","Heavy Blade","True Grit"],"picked":"Spot Weakness","floor":4.0},{"not_picked":["AT_DiedThrough","Rupture","Wild Strike","jedi:collectorstrike","Perfected Strike"],"picked":"SKIP","floor":6.0},{"not_picked":["Entrench","Anger","Heavy Blade","Pommel Strike"],"picked":"Sword Boomerang","floor":7.0},{"not_picked":["AT_DrawKnifeCut","AT_DiedThrough","Infernal Blade","Combust","Headbutt"],"picked":"SKIP","floor":10.0},{"not_picked":["Power Through","Dual Wield","Infernal Blade","Bludgeon","Anger"],"picked":"SKIP","floor":14.0},{"not_picked":["Double Tap","Bludgeon","MostiFishMod:OrdinaryWorld","Exhume"],"picked":"Offering","floor":16.0},{"not_picked":["Carnage","jedi:MakeshiftSword","Heavy Blade","Intimidate+1"],"picked":"Seeing Red+1","floor":18.0},{"not_picked":["Twin Strike","MostiFishMod:BrandingRite","Body Slam","Armaments","Shrug It Off+1"],"picked":"SKIP","floor":19.0},{"not_picked":["Wild Strike","jedi:fear","Evolve","Armaments","Headbutt"],"picked":"SKIP","floor":20.0},{"not_picked":["True Grit","Headbutt","Intimidate+1","Reckless Charge","jedi:strikingstrike"],"picked":"SKIP","floor":23.0},{"not_picked":["Perfected Strike","AT_BodySlamDance","True Grit+1","Clothesline+1","Sword Boomerang"],"picked":"SKIP","floor":27.0},{"not_picked":["AT_IchimonjiDouble","Impervious","jedi:MakeshiftSword+1","Body Slam","Anger+1"],"picked":"SKIP","floor":30.0},{"not_picked":["Perfected Strike","True Grit","AT_IchimonjiDouble","jedi:suffering","Headbutt+1"],"picked":"SKIP","floor":31.0},{"not_picked":["AT_BodySlamDance","Pummel","AT_ShrugMaster+1","Sentinel","Thunderclap+1"],"picked":"SKIP","floor":35.0},{"not_picked":["Ghostly Armor+1","Pommel Strike","Perfected Strike","AT_CaressingTears+1","Anger+1"],"picked":"SKIP","floor":37.0},{"not_picked":["jedi:fear+1","Anger+1","MostiFishMod:#F4004+1","Cleave","Blood for Blood+1"],"picked":"SKIP","floor":38.0},{"not_picked":["Anger","AT_Dispersion+1","Clash","Disarm","Evolve+1"],"picked":"SKIP","floor":39.0},{"not_picked":["Demon Form+1","Infernal Blade","Wild Strike","Flame Barrier","Headbutt"],"picked":"SKIP","floor":40.0},{"not_picked":["True Grit","AT_DrawKnifeCut","Heavy Blade+1","Uppercut","Clothesline+1"],"picked":"SKIP","floor":42.0},{"not_picked":["True Grit+1","Battle Trance+1","Wild Strike+1","Iron Wave+1"],"picked":"jedi:unlimitedpower","floor":44},{"not_picked":["Dual Wield","Wild Strike","Armaments","Warcry+1","AT_DrawKnifeCut+1"],"picked":"SKIP","floor":46},{"not_picked":["Warcry+1","Intimidate","AT_IchimonjiDouble+1","Sword Boomerang","Headbutt"],"picked":"SKIP","floor":54}],"player_experience":106825,"relics_obtained":[{"floor":1.0,"key":"SynthV:TestCard"},{"floor":6.0,"key":"conspire:DeflatedDodgeball"},{"floor":9.0,"key":"InkBottle"},{"floor":22.0,"key":"Frozen Egg 2"},{"floor":23.0,"key":"testmod-InjuryResistance"},{"floor":30.0,"key":"vexMod:ScavengeHelm"},{"floor":40.0,"key":"MawBank"},{"floor":43.0,"key":"testmod-ObsoleteBoomerang"},{"floor":44,"key":"ScarletDevilRocket"},{"floor":47,"key":"CombinedTypeHook"}],"event_choices":[{"damage_healed":0.0,"max_hp_gain":0.0,"max_hp_loss":0.0,"gold_gain":71.0,"event_name":"Golden Wing","player_choice":"Gained Gold","floor":5.0,"gold_loss":0.0,"damage_taken":0.0},{"damage_healed":0.0,"max_hp_gain":0.0,"max_hp_loss":0.0,"gold_gain":75.0,"event_name":"World of Goop","player_choice":"Gather Gold","floor":12.0,"gold_loss":0.0,"damage_taken":11.0},{"damage_healed":0.0,"max_hp_gain":0.0,"max_hp_loss":0.0,"gold_gain":0.0,"event_name":"给自己的盒子","player_choice":"Ignored","floor":13.0,"gold_loss":0.0,"damage_taken":0.0},{"damage_healed":0,"gold_gain":0,"player_choice":"Fight","damage_taken":0,"max_hp_gain":0,"max_hp_loss":0,"event_name":"MindBloom","floor":47,"gold_loss":0}],"is_beta":false,"boss_relics":[{"not_picked":["OneHitWonderSystem","Astrolabe","MoonlightInvasionPlan"]},{"not_picked":["SynthV:MejaisSoulstealer","MostiFishMod:Hod","testmod-BatchProcessingSystem"]}],"items_purged_floors":[8,21,21,25,36,45,49],"is_endless":false,"potions_floor_spawned":[4,7,16,18,23,27,31,33,35,39,44,46,54],"killed_by":"The Heart","ascension_level":8}}