{"host":"fkig9nrckec4xsh0","time":1611266387,"event":{"mods":["BaseMod","Colored Map","Minty Spire (QoL Compilation)","Quick Restart","Replay The Spire","StSLib"],"gold_per_floor":[111,42,61,61,80,110,110,137,137,137,148,20,20,39,39,136,136,154,164,164,178,191,191,191,191],"floor_reached":24,"language":"ENG","playtime":1046,"items_purged":[],"score":337,"play_id":"cb09cd9f-9fc7-4b52-a4a3-0cc81b617c10","local_time":"20210121165947","is_ascension_mode":true,"campfire_choices":[{"floor":7,"key":"REST"},{"data":"Catalyst","floor":10,"key":"SMITH"},{"floor":23,"key":"REST"}],"circlet_count":0,"master_deck":["AscendersBane","Strike_G","Strike_G","Strike_G","Strike_G","Defend_G","Defend_G","Defend_G","Defend_G","Defend_G","Survivor","Neutralize","Deadly Poison","Replay:Poison Smokescreen","Catalyst+1","Envenom","ReplayTheSpireMod:Speed Training","Noxious Fumes","Deflect","Terror+1","After Image","Corpse Explosion","Backflip+1","Flying Knee","Catalyst","Infinite Blades+1"],"relics":["Ring of the Snake","NeowsBlessing","FaceOfCleric","Quantum Egg","Replay:Bottled Snecko","ReplayTheSpireMod:Shallot","SacredBark"],"acts_visited":["Exordium","TheCity"],"potions_floor_usage":[8,16,19,21,22,24],"damage_taken":[{"damage":0,"enemies":"2 Louse","floor":1,"turns":1},{"damage":0,"enemies":"Cultist","floor":3,"turns":1},{"damage":0,"enemies":"Jaw Worm","floor":5,"turns":1},{"damage":33,"enemies":"Gremlin Nob","floor":6,"turns":5},{"damage":41,"enemies":"3 Sentries","floor":8,"turns":11},{"damage":0,"enemies":"Blue Slaver","floor":11,"turns":2},{"damage":10,"enemies":"Exordium Wildlife","floor":14,"turns":6},{"damage":1,"enemies":"Hexaghost","floor":16,"turns":7},{"damage":19,"enemies":"Spheric Guardian","floor":18,"turns":4},{"damage":18,"enemies":"3 Byrds","floor":19,"turns":5},{"damage":13,"enemies":"Snake Plant","floor":21,"turns":5},{"damage":0,"enemies":"Sentry and Sphere","floor":22,"turns":5},{"damage":1,"enemies":"Gremlin Leader","floor":24,"turns":5}],"seed_played":"-6717687479460031190","potions_obtained":[{"floor":6,"key":"Weak Potion"},{"floor":8,"key":"Energy Potion"},{"floor":11,"key":"Ancient Potion"},{"floor":16,"key":"LifebloodPotion"},{"floor":18,"key":"Adrenaline Potion"},{"floor":21,"key":"FearPotion"},{"floor":22,"key":"GhostInAJar"}],"is_trial":false,"path_per_floor":["M","$","M","?","M","E","R","E","T","R","M","$","?","M","R_BF","B",null,"M","M","?","M","M","R","E"],"character_chosen":"THE_SILENT","items_purchased":["Replay:Poison Smokescreen","Noxious Fumes","Deflect"],"campfire_rested":2,"item_purchase_floors":[2,12,12],"current_hp_per_floor":[63,63,63,63,64,32,53,13,13,13,14,14,14,5,27,27,64,46,29,14,2,3,28,27,27],"gold":191,"neow_bonus":"THREE_ENEMY_KILL","is_daily":false,"chose_seed":false,"campfire_upgraded":1,"win_rate":0.0,"timestamp":1611266387,"path_taken":["M","$","M","?","?","E","R","E","T","R","M","?","?","M","R_BF","BOSS","M","?","?","M","M","R","E"],"items_purchased_type":["Card","Card","Card"],"build_version":"2020-12-22","purchased_purges":0,"victory":false,"max_hp_per_floor":[70,70,70,70,71,72,72,73,73,73,74,74,74,75,75,76,76,77,78,83,84,85,85,85,85],"card_choices":[{"not_picked":["Quick Slash","Blade Dance"],"picked":"Deadly Poison","floor":1},{"not_picked":["Prepared","Concentrate","Quick Slash"],"picked":"SKIP","floor":3},{"not_picked":["Flying Knee","Deflect"],"picked":"Catalyst","floor":5},{"not_picked":["Terror","Expertise","Concentrate"],"picked":"SKIP","floor":6},{"not_picked":["Expertise","Bane"],"picked":"Envenom","floor":8},{"not_picked":["Leg Sweep","Backflip"],"picked":"ReplayTheSpireMod:Speed Training","floor":11},{"not_picked":["Acrobatics","Backflip"],"picked":"After Image","floor":14},{"not_picked":["Wraith Form v2","Bullet Time"],"picked":"Corpse Explosion","floor":16},{"not_picked":["Deflect","Dagger Spray"],"picked":"Backflip+1","floor":18},{"not_picked":["Underhanded Strike","Prepared"],"picked":"Flying Knee","floor":19},{"not_picked":["Setup+1","Sneak Up"],"picked":"Catalyst","floor":21},{"not_picked":["Blur","Reflex"],"picked":"Infinite Blades+1","floor":22}],"player_experience":383217,"relics_obtained":[{"floor":6,"key":"Quantum Egg"},{"floor":8,"key":"Replay:Bottled Snecko"},{"floor":9,"key":"ReplayTheSpireMod:Shallot"}],"event_choices":[{"damage_healed":0,"gold_gain":0,"player_choice":"Trade","damage_taken":0,"relics_obtained":["FaceOfCleric"],"max_hp_gain":0,"max_hp_loss":0,"event_name":"FaceTrader","floor":4,"gold_loss":0},{"damage_healed":0,"gold_gain":0,"cards_transformed":["Strike_G"],"player_choice":"Transformed","damage_taken":0,"max_hp_gain":0,"max_hp_loss":0,"event_name":"Transmorgrifier","floor":13,"gold_loss":0,"cards_obtained":["Terror"]},{"damage_healed":0,"gold_gain":0,"player_choice":"Shed Blood","damage_taken":20,"max_hp_gain":5,"max_hp_loss":0,"event_name":"Forgotten Altar","floor":20,"gold_loss":0}],"is_beta":false,"boss_relics":[{"not_picked":["Runic Pyramid","Fusion Hammer"],"picked":"SacredBark"}],"items_purged_floors":[],"is_endless":false,"potions_floor_spawned":[6,8,11,16,18,21,22],"killed_by":"Gremlin Leader","ascension_level":10}}