{"host":"rz8ryyppw1rffr47","time":1611250021,"event":{"mods":["BaseMod","BetterRewards","Googly Eyes","Minty Spire (QoL Compilation)","Quick Restart","Replay The Spire","StSLib","everything is the same but u backflip on backflip","slay the spire mod where everything is the same but ironclad has a cowboy hat"],"gold_per_floor":[109,109,124,124,139,139,139,154,154,154,154,154,27,39,39,140,140,159,84,7,20,32,63,63,82,82,94,94,106,54,67,67,168,168,183,202,35,54,0,0,10,10,83,94,0,35,35,35,35,35],"floor_reached":51,"language":"ENG","playtime":2816,"items_purged":["Delirium","Strike_G"],"score":1241,"play_id":"c99c5535-414e-462d-b075-15e1b0b2f58a","local_time":"20210121172701","is_ascension_mode":false,"campfire_choices":[{"floor":6,"key":"REST"},{"floor":11,"key":"REST"},{"data":"Endless Agony","floor":15,"key":"SMITH"},{"data":"Accuracy","floor":24,"key":"SMITH"},{"data":"ReplayTheSpireMod:Scrap Shanks","floor":28,"key":"SMITH"},{"floor":32,"key":"REST"},{"data":"Tools of the Trade","floor":40,"key":"SMITH"},{"data":"Accuracy","floor":47,"key":"SMITH"},{"data":"Well Laid Plans","floor":49,"key":"SMITH"}],"circlet_count":0,"master_deck":["Strike_G+1","Strike_G+1","Defend_G+1","Defend_G","Defend_G","Defend_G","Survivor","Neutralize","Backflip+1","Backstab","Endless Agony+1","Accuracy+1","Cloak And Dagger+1","Backflip+1","Tools of the Trade+1","Hidden Blade+1","Accuracy+1","Deflect+1","Blur+1","ReplayTheSpireMod:Scrap Shanks+1","Prepared+1","Terror+1","Hidden Blade+1","ReplayTheSpireMod:Tripwire+1","Venomology+1","Acrobatics+1","ReplayTheSpireMod:The Works+1","ReplayTheSpireMod:Speed Training+1","Dodge and Roll+1","Cloak And Dagger+1","ReplayTheSpireMod:Tripwire+1","Accuracy+1","Tactician+1","Well Laid Plans+1"],"relics":["Ring of the Snake","Art of War","Toy Ornithopter","Basket Of Snakes","Mirror","Toxic Egg 2","Ring of Panic","Ring of Misfortune","Honey Jar","Quantum Egg","Simple Rune","Replay:Towering Pillar of Hats","Black Star","InkBottle","Red Mask","Replay:PocketPolymizer","Mummified Hand"],"acts_visited":["Exordium","TheCity","TheBeyond"],"potions_floor_usage":[16,23,33,36,38,41,42,46,46,50,50,50,50],"damage_taken":[{"damage":9,"enemies":"Jaw Worm","floor":1,"turns":4},{"damage":0,"enemies":"Small Slimes","floor":3,"turns":3},{"damage":0,"enemies":"Cultist","floor":5,"turns":3},{"damage":0,"enemies":"Large Slime","floor":8,"turns":4},{"damage":3,"enemies":"3 Louse","floor":14,"turns":3},{"damage":41,"enemies":"Hexaghost","floor":16,"turns":18},{"damage":5,"enemies":"3 Byrds","floor":18,"turns":5},{"damage":0,"enemies":"Shell Parasite","floor":21,"turns":3},{"damage":0,"enemies":"3 Cultists","floor":22,"turns":4},{"damage":0,"enemies":"Book of Stabbing","floor":23,"turns":5},{"damage":11,"enemies":"Snake Plant","floor":25,"turns":5},{"damage":9,"enemies":"Snecko","floor":27,"turns":5},{"damage":10,"enemies":"Centurion and Healer","floor":29,"turns":4},{"damage":0,"enemies":"3 Cultists","floor":31,"turns":3},{"damage":1,"enemies":"Pondfish","floor":33,"turns":5},{"damage":0,"enemies":"3 Darklings","floor":35,"turns":3},{"damage":4,"enemies":"Orb Walker","floor":36,"turns":3},{"damage":3,"enemies":"Sphere and 2 Shapes","floor":38,"turns":4},{"damage":0,"enemies":"4 Shapes","floor":41,"turns":4},{"damage":0,"enemies":"Writhing Mass","floor":42,"turns":1},{"damage":0,"enemies":"Maw","floor":44,"turns":5},{"damage":0,"enemies":"Giant Head","floor":46,"turns":4},{"damage":0,"enemies":"Donu and Deca","floor":50,"turns":3}],"seed_played":"15442242464787895","potions_obtained":[{"floor":1,"key":"DuplicationPotion"},{"floor":14,"key":"DuplicationPotion"},{"floor":16,"key":"Elixir"},{"floor":21,"key":"Fire Potion"},{"floor":22,"key":"SmokeBomb"},{"floor":31,"key":"Toxic Potion"},{"floor":35,"key":"Strength Potion"},{"floor":46,"key":"EssenceOfSteel"}],"is_trial":false,"path_per_floor":["M","?","M","?","M","R","T","M","T","?","R","?","$","M","R","B",null,"M","?","?","M","M","E","R","M","T","M","R","M","$","M","R","B",null,"M","M","$","M","$","R","M","M","T","M","?","E","R","$","R","B",null],"character_chosen":"THE_SILENT","items_purchased":["Art of War","Toy Ornithopter","Cloak And Dagger+1","Hidden Blade+1","ReplayTheSpireMod:Speed Training+1","Cloak And Dagger+1"],"campfire_rested":3,"item_purchase_floors":[0,0,13,30,37,39],"current_hp_per_floor":[39,32,32,19,19,38,38,38,38,38,57,57,57,54,54,18,65,60,60,60,60,60,65,65,54,54,45,45,35,35,35,54,58,65,65,61,61,62,62,62,65,65,65,65,65,65,65,65,65,65],"gold":35,"neow_bonus":"","is_daily":false,"chose_seed":false,"campfire_upgraded":6,"win_rate":0.0,"timestamp":1611250021,"path_taken":["M","?","M","?","M","R","?","?","T","?","R","?","$","M","R","BOSS","M","?","?","M","M","E","R","M","T","?","R","M","$","M","R","BOSS","M","M","$","M","$","R","M","M","T","M","?","E","R","$","R","BOSS"],"items_purchased_type":["Relic","Relic","Card","Card","Card","Card"],"build_version":"2020-12-22","purchased_purges":2,"victory":true,"max_hp_per_floor":[65,65,65,65,65,65,65,65,65,65,65,65,65,65,65,65,65,65,65,65,65,65,65,65,65,65,65,65,65,65,65,65,65,65,65,65,65,65,65,65,65,65,65,65,65,65,65,65,65,65],"card_choices":[{"not_picked":["Quick Slash","Dagger Throw"],"picked":"Backflip","floor":1},{"not_picked":["Sucker Punch","Flechettes"],"picked":"Backstab","floor":3},{"not_picked":["Draining Mist","Dash"],"picked":"Endless Agony","floor":5},{"not_picked":["Calculated Gamble","Flying Knee"],"picked":"Accuracy","floor":8},{"not_picked":["Outmaneuver+1","Deadly Poison+1"],"picked":"Backflip+1","floor":14},{"not_picked":["Wraith Form v2","Night Terror+1"],"picked":"Tools of the Trade","floor":16},{"not_picked":["Flying Knee","Backflip+1","Riddle With Holes"],"picked":"Hidden Blade+1","floor":18},{"not_picked":["Tactician+1","Riddle With Holes","Slice"],"picked":"Accuracy","floor":21},{"not_picked":["Poisoned Stab","Masterful Stab","Toxin Wave+1"],"picked":"Deflect+1","floor":22},{"not_picked":["Deflect+1","Backstab+1","Deadly Poison+1"],"picked":"Blur+1","floor":23},{"not_picked":["Bane","Flying Knee","Fluid Movement"],"picked":"ReplayTheSpireMod:Scrap Shanks","floor":25},{"not_picked":["Bouncing Flask+1","Predator+1","Dodge and Roll+1"],"picked":"Prepared+1","floor":27},{"not_picked":["Bane+1","Choke+1","Sucker Punch"],"picked":"Terror+1","floor":29},{"not_picked":["Crippling Poison+1","Slice","PiercingWail+1"],"picked":"ReplayTheSpireMod:Tripwire+1","floor":31},{"not_picked":["ReplayTheSpireMod:From All Sides","Corpse Explosion+1","Night Terror+1"],"picked":"Venomology+1","floor":33},{"not_picked":["Poisoned Stab+1","Toxin Wave+1","Backflip+1"],"picked":"Acrobatics+1","floor":35},{"not_picked":["Poisoned Stab","Accuracy","Dagger Spray"],"picked":"ReplayTheSpireMod:The Works+1","floor":36},{"not_picked":["Sucker Punch+1","Flying Knee","Leg Sweep+1"],"picked":"Dodge and Roll+1","floor":38},{"not_picked":["Slice+1","ReplayTheSpireMod:Shiv Toss+1","Dodge and Roll+1"],"picked":"ReplayTheSpireMod:Tripwire+1","floor":41},{"not_picked":["Toxin Wave+1","Fluid Movement","Acrobatics+1"],"picked":"Accuracy","floor":44},{"not_picked":["ReplayTheSpireMod:Shiv Toss+1","Endless Agony+1","Deadly Poison+1"],"picked":"Tactician+1","floor":46}],"player_experience":348382,"relics_obtained":[{"floor":7,"key":"Mirror"},{"floor":9,"key":"Toxic Egg 2"},{"floor":12,"key":"Ring of Panic"},{"floor":12,"key":"Ring of Misfortune"},{"floor":23,"key":"Simple Rune"},{"floor":26,"key":"Replay:Towering Pillar of Hats"},{"floor":43,"key":"InkBottle"},{"floor":46,"key":"Replay:PocketPolymizer"},{"floor":46,"key":"Mummified Hand"}],"event_choices":[{"cards_removed":["Defend_G"],"damage_healed":0,"gold_gain":0,"player_choice":"Card Removal","damage_taken":7,"max_hp_gain":0,"max_hp_loss":0,"event_name":"Golden Wing","floor":2,"gold_loss":0},{"damage_healed":0,"gold_gain":0,"player_choice":"Entered Light","damage_taken":13,"max_hp_gain":0,"max_hp_loss":0,"event_name":"Shining Light","floor":4,"gold_loss":0,"cards_upgraded":["Strike_G","Backflip"]},{"damage_healed":0,"gold_gain":0,"player_choice":"Grow","damage_taken":0,"max_hp_gain":0,"max_hp_loss":0,"event_name":"Living Wall","floor":10,"gold_loss":0,"cards_upgraded":["Accuracy"]},{"cards_removed":["Strike_G"],"damage_healed":0,"gold_gain":0,"player_choice":"Gave Gold","damage_taken":0,"max_hp_gain":0,"max_hp_loss":0,"event_name":"Beggar","floor":19,"gold_loss":75},{"damage_healed":0,"gold_gain":0,"player_choice":"Paid Gold","damage_taken":0,"relics_obtained":["Quantum Egg"],"max_hp_gain":0,"max_hp_loss":0,"event_name":"WeMeetAgain","floor":20,"gold_loss":77},{"damage_healed":0,"gold_gain":0,"player_choice":"Paid","damage_taken":0,"relics_obtained":["Red Mask"],"max_hp_gain":0,"max_hp_loss":0,"event_name":"Tomb of Lord Red Mask","floor":45,"gold_loss":94}],"is_beta":false,"boss_relics":[{"not_picked":["Coffee Dripper","ChewingGum"],"picked":"Honey Jar"},{"not_picked":["Cursed Key","Fusion Hammer"],"picked":"Black Star"}],"items_purged_floors":[13,37],"is_endless":false,"potions_floor_spawned":[1,14,16,21,22,31,35,41,42,46],"ascension_level":0}}