{"host":"l84l8xigz5v5foa2","time":1611227232,"event":{"mods":["2.2 Compatiblity","AchievementEnabler","BaseMod","Better Note","Better Vampires","Card Filter","Colored Map","DeckTracker","Gremlin Skip","Hermit","Highlight Path","Keyboard Shortcuts","Minty Spire (QoL Compilation)","Permanent Neow","Quick Restart","Relic Filter","Relic Stats","Shop Mod","StSLib","SuperFastMode","Transform Curses","Unknown Chances"],"gold_per_floor":[114,130,130,130,130,130,149,58,58,99,99,120,155,155,155,283,283,299,299,299,327,80,150,150,185,185,225,244,244,384,417,417,617,617,648,12,75,106,56,56,389,389,389,416,416,448,508,542,542,542,542,542,42,71,71],"floor_reached":56,"language":"KOR","playtime":4473,"items_purged":["hermit:Strike_Hermit","hermit:Strike_Hermit","hermit:Strike_Hermit","hermit:Defend_Hermit"],"score":1431,"play_id":"03c391cd-b5ce-45f4-8c25-5e3254b0e414","local_time":"20210121200712","is_ascension_mode":true,"campfire_choices":[{"data":"hermit:Combo","floor":6.0,"key":"SMITH"},{"data":"hermit:Magnum","floor":11.0,"key":"SMITH"},{"data":"hermit:LuckOfTheDraw","floor":15.0,"key":"SMITH"},{"data":"Mayhem","floor":24.0,"key":"SMITH"},{"data":"hermit:TakeCover","floor":29.0,"key":"SMITH"},{"data":"hermit:TakeCover","floor":32.0,"key":"SMITH"},{"data":"hermit:HighNoon","floor":40,"key":"SMITH"},{"data":"hermit:Adapt","floor":42,"key":"SMITH"},{"floor":45,"key":"RECALL"},{"data":"hermit:LoneWolf","floor":49,"key":"SMITH"},{"data":"hermit:Brawl","floor":52,"key":"SMITH"}],"circlet_count":0,"master_deck":["hermit:Defend_Hermit+1","hermit:Defend_Hermit+1","hermit:Snapshot","hermit:Covet","hermit:Enervate","hermit:Combo+1","hermit:Spite","Flash of Steel","hermit:Magnum+1","hermit:LuckOfTheDraw+1","hermit:RoundhouseKick","hermit:DeadOrAlive","hermit:WideOpen+1","hermit:TakeCover+1","hermit:TakeCover+1","Mayhem+1","hermit:Brawl+1","hermit:TakeAim+1","hermit:LoneWolf+1","hermit:Brawl+1","hermit:HighNoon+1","hermit:Adapt+1","Mayhem","hermit:Shortfuse+1","hermit:Brawl+1","hermit:Glare+1","Secret Technique+1"],"relics":["hermit:Momento","InkBottle","Pear","Nunchaku","FossilizedHelix","Coffee Dripper","Nilry\u0027s Codex","hermit:Horseshoe","Eternal Feather","Smiling Mask","Calipers","Kunai","Busted Crown","Toxic Egg 2","Medical Kit","Bird Faced Urn","Bottled Tornado","HornCleat","War Paint","Blood Vial"],"acts_visited":["Exordium","TheCity","TheBeyond","TheEnding"],"potions_floor_usage":[47,55,55],"damage_taken":[{"damage":1.0,"enemies":"Cultist","floor":1.0,"turns":3.0},{"damage":1.0,"enemies":"Jaw Worm","floor":2.0,"turns":3.0},{"damage":0.0,"enemies":"2 Louse","floor":7.0,"turns":3.0},{"damage":16.0,"enemies":"Lagavulin","floor":10.0,"turns":4.0},{"damage":0.0,"enemies":"Exordium Thugs","floor":12.0,"turns":2.0},{"damage":0.0,"enemies":"3 Sentries","floor":13.0,"turns":3.0},{"damage":24.0,"enemies":"The Guardian","floor":16.0,"turns":12.0},{"damage":5.0,"enemies":"3 Byrds","floor":18.0,"turns":3.0},{"damage":0.0,"enemies":"Shell Parasite","floor":21.0,"turns":3.0},{"damage":43.0,"enemies":"Slavers","floor":23.0,"turns":5.0},{"damage":5.0,"enemies":"Snake Plant","floor":25.0,"turns":3.0},{"damage":19.0,"enemies":"Book of Stabbing","floor":27.0,"turns":5.0},{"damage":0.0,"enemies":"Cultist and Chosen","floor":28.0,"turns":4.0},{"damage":16.0,"enemies":"Colosseum Slavers","floor":30.0,"turns":5.0},{"damage":7.0,"enemies":"Colosseum Nobs","floor":30.0,"turns":5.0},{"damage":0.0,"enemies":"Snecko","floor":31.0,"turns":5.0},{"damage":0.0,"enemies":"Collector","floor":33.0,"turns":9.0},{"damage":0,"enemies":"3 Shapes","floor":35,"turns":8},{"damage":0,"enemies":"Mind Bloom Boss Battle","floor":37,"turns":6},{"damage":0,"enemies":"Orb Walker","floor":38,"turns":4},{"damage":0,"enemies":"Giant Head","floor":44,"turns":7},{"damage":0,"enemies":"Spire Growth","floor":46,"turns":6},{"damage":0,"enemies":"Reptomancer","floor":47,"turns":7},{"damage":1,"enemies":"Writhing Mass","floor":48,"turns":7},{"damage":11,"enemies":"Donu and Deca","floor":50,"turns":7},{"damage":13,"enemies":"Shield and Spear","floor":54,"turns":6},{"damage":50,"enemies":"The Heart","floor":55,"turns":9}],"seed_played":"5365733209204344235","potions_obtained":[{"floor":1.0,"key":"Strength Potion"},{"floor":2.0,"key":"Fruit Juice"},{"floor":12.0,"key":"Block Potion"},{"floor":16.0,"key":"EssenceOfSteel"},{"floor":18.0,"key":"Weak Potion"},{"floor":21.0,"key":"FairyPotion"},{"floor":30.0,"key":"GamblersBrew"},{"floor":31.0,"key":"AttackPotion"},{"floor":38,"key":"AttackPotion"},{"floor":44,"key":"LiquidBronze"}],"is_trial":false,"path_per_floor":["M","M","?","?","?","R","M","$","T","E","R","M","E","?","R","B",null,"M","?","?","M","$","E","R","M","T","E","M","R","?","M","R","B",null,"M","$","?","M","$","R","?","R","T","E","R","M","E","M","R","B",null,"R","$","E","B",null],"character_chosen":"HERMIT","items_purchased":["Flash of Steel","Mayhem","Toxic Egg 2","Medical Kit","Mayhem","Secret Technique+1","Energy Potion","War Paint","FearPotion"],"campfire_rested":0,"item_purchase_floors":[8,22,36,36,36,53,53,53,53],"current_hp_per_floor":[53,57,57,62,59,59,59,59,69,53,53,53,53,89,89,65,89,84,84,68,68,68,25,25,20,20,1,1,13,16,16,28,28,89,89,89,89,89,89,89,89,89,89,89,89,89,89,89,89,89,89,89,89,89,54],"gold":71,"neow_bonus":"REMOVE_TWO","is_daily":false,"chose_seed":false,"campfire_upgraded":10,"win_rate":0.0,"timestamp":1611227232,"path_taken":["M","M","?","?","?","R","M","$","T","E","R","M","E","?","R","BOSS","M","?","?","M","?","E","R","?","T","E","M","R","?","M","R","BOSS","BOSS","M","$","?","M","$","R","?","R","T","E","R","M","E","M","R","BOSS","R","$","E","BOSS"],"items_purchased_type":["Card","Card","Relic","Relic","Card","Card","Potion","Relic","Potion"],"build_version":"2020-12-22","purchased_purges":4,"victory":true,"max_hp_per_floor":[75,80,74,79,79,79,79,79,89,89,89,89,89,89,89,89,89,89,89,89,89,89,89,89,89,89,89,89,89,89,89,89,89,89,89,89,89,89,89,89,89,89,89,89,89,89,89,89,89,89,89,89,89,89,89],"relic_stats":{"Blood Vial":0,"Nunchaku":[28],"Busted Crown":26,"counters":[27,144],"Bird Faced Urn":[40],"Eternal Feather":24,"Kunai":[31],"War Paint":["hermit:Defend_Hermit","hermit:Defend_Hermit"],"Smiling Mask":225,"Medical Kit":[6],"obtain_stats":[{"Pear":9,"Calipers":30,"Golden Idol":3,"Nilry\u0027s Codex":20,"Eternal Feather":26,"Bottled Tornado":44,"War Paint":53,"Smiling Mask":27,"Medical Kit":36,"Blood Vial":54,"Nunchaku":10,"Busted Crown":34,"HornCleat":47,"Bird Faced Urn":37,"Coffee Dripper":17,"Kunai":30,"Toxic Egg 2":36,"hermit:Horseshoe":23,"hermit:Momento":0,"InkBottle":5,"FossilizedHelix":13},{"Pear":3,"Calipers":15,"Golden Idol":2,"Nilry\u0027s Codex":8,"Eternal Feather":11,"Bottled Tornado":21,"War Paint":25,"Smiling Mask":12,"Medical Kit":18,"Blood Vial":26,"Nunchaku":4,"Busted Crown":17,"HornCleat":23,"Bird Faced Urn":19,"Coffee Dripper":7,"Kunai":15,"Toxic Egg 2":18,"hermit:Horseshoe":10,"hermit:Momento":0,"InkBottle":2,"FossilizedHelix":6},{"Pear":9,"Calipers":63,"Golden Idol":6,"Nilry\u0027s Codex":33,"Eternal Feather":44,"Bottled Tornado":102,"War Paint":129,"Smiling Mask":49,"Medical Kit":85,"Blood Vial":135,"Nunchaku":13,"Busted Crown":77,"HornCleat":115,"Bird Faced Urn":91,"Coffee Dripper":30,"Kunai":63,"Toxic Egg 2":85,"hermit:Horseshoe":41,"hermit:Momento":0,"InkBottle":6,"FossilizedHelix":18}],"InkBottle":[88]},"card_choices":[{"not_picked":["hermit:Manifest","hermit:Glare"],"picked":"hermit:Enervate","floor":1.0},{"not_picked":["hermit:Coalescence","hermit:Ricochet"],"picked":"hermit:Combo","floor":2.0},{"not_picked":["hermit:Virtue","hermit:HighCaliber"],"picked":"hermit:Spite","floor":7.0},{"not_picked":["hermit:Scavenge","hermit:CalledShot"],"picked":"hermit:Magnum","floor":10.0},{"not_picked":["hermit:Combo","hermit:CalledShot"],"picked":"hermit:LuckOfTheDraw","floor":12.0},{"not_picked":["hermit:Cheat","hermit:GhostlyPresence"],"picked":"hermit:RoundhouseKick","floor":13.0},{"not_picked":["hermit:BlackWind","hermit:Purgatory"],"picked":"hermit:DeadOrAlive","floor":16.0},{"not_picked":["hermit:Gestalt","hermit:LowProfile+1"],"picked":"hermit:WideOpen+1","floor":18.0},{"not_picked":["hermit:HoleUp","hermit:Cheat"],"picked":"hermit:TakeCover","floor":21.0},{"not_picked":["hermit:Gambit","hermit:LowProfile"],"picked":"hermit:Brawl+1","floor":23.0},{"not_picked":["hermit:CalledShot+1","hermit:Roulette"],"picked":"hermit:TakeAim+1","floor":25.0},{"not_picked":["hermit:FlashPowder","hermit:Cheat"],"picked":"hermit:LoneWolf","floor":27.0},{"not_picked":["hermit:GoldenBullet","hermit:WideOpen"],"picked":"hermit:Brawl","floor":28.0},{"not_picked":["hermit:Feint+1","hermit:TakeCover"],"picked":"hermit:HighNoon","floor":30.0},{"not_picked":["hermit:TrackingShot","hermit:LowProfile","hermit:BigShot+1"],"picked":"SKIP","floor":31.0},{"not_picked":["hermit:BlackWind","hermit:FromBeyond"],"picked":"hermit:Adapt","floor":33},{"not_picked":["hermit:Headshot+1"],"picked":"SKIP","floor":35},{"not_picked":[],"picked":"hermit:Shortfuse+1","floor":37},{"not_picked":[],"picked":"hermit:Brawl+1","floor":38},{"not_picked":["hermit:LuckOfTheDraw+1"],"picked":"SKIP","floor":44},{"not_picked":["hermit:ItchyTrigger+1"],"picked":"SKIP","floor":46},{"not_picked":["hermit:ItchyTrigger+1"],"picked":"SKIP","floor":46},{"not_picked":["hermit:WideOpen"],"picked":"SKIP","floor":47},{"not_picked":[],"picked":"hermit:Glare+1","floor":48},{"not_picked":["hermit:Spite"],"picked":"SKIP","floor":54}],"player_experience":1427291,"relics_obtained":[{"floor":9.0,"key":"Pear"},{"floor":10.0,"key":"Nunchaku"},{"floor":13.0,"key":"FossilizedHelix"},{"floor":20.0,"key":"Nilry\u0027s Codex"},{"floor":23.0,"key":"hermit:Horseshoe"},{"floor":26.0,"key":"Eternal Feather"},{"floor":27.0,"key":"Smiling Mask"},{"floor":30.0,"key":"Calipers"},{"floor":30.0,"key":"Kunai"},{"floor":37,"key":"Bird Faced Urn"},{"floor":44,"key":"Bottled Tornado"},{"floor":47,"key":"HornCleat"},{"floor":54,"key":"Blood Vial"}],"event_choices":[{"damage_healed":0.0,"max_hp_gain":0.0,"max_hp_loss":6.0,"gold_gain":0.0,"event_name":"Golden Idol","player_choice":"Lose Max HP","floor":3.0,"gold_loss":0.0,"damage_taken":0.0,"relics_obtained":["Golden Idol"]},{"damage_healed":0.0,"max_hp_gain":5.0,"max_hp_loss":0.0,"gold_gain":0.0,"event_name":"Big Fish","player_choice":"Donut","floor":4.0,"gold_loss":0.0,"damage_taken":0.0},{"damage_healed":0.0,"max_hp_gain":0.0,"max_hp_loss":0.0,"gold_gain":0.0,"event_name":"Scrap Ooze","player_choice":"Success","floor":5.0,"gold_loss":0.0,"damage_taken":3.0,"relics_obtained":["InkBottle"]},{"damage_healed":36.0,"max_hp_gain":0.0,"max_hp_loss":0.0,"gold_gain":0.0,"event_name":"Wheel of Change","player_choice":"Full Heal","floor":14.0,"gold_loss":0.0,"damage_taken":0.0},{"damage_healed":0.0,"max_hp_gain":0.0,"max_hp_loss":0.0,"gold_gain":0.0,"event_name":"The Library","player_choice":"Read","floor":19.0,"gold_loss":0.0,"damage_taken":0.0,"cards_obtained":["hermit:TakeCover"]},{"damage_healed":0.0,"max_hp_gain":0.0,"max_hp_loss":0.0,"gold_gain":0.0,"event_name":"Cursed Tome","player_choice":"Obtained Book","floor":20.0,"gold_loss":0.0,"damage_taken":16.0},{"damage_healed":0.0,"max_hp_gain":0.0,"max_hp_loss":0.0,"gold_gain":0.0,"event_name":"Colosseum","player_choice":"Fight","floor":30.0,"gold_loss":0.0,"damage_taken":0.0},{"damage_healed":0.0,"max_hp_gain":0.0,"max_hp_loss":0.0,"gold_gain":0.0,"event_name":"Colosseum","player_choice":"Fought Nobs","floor":30.0,"gold_loss":0.0,"damage_taken":0.0},{"damage_healed":0,"gold_gain":0,"player_choice":"Fight","damage_taken":0,"max_hp_gain":0,"max_hp_loss":0,"event_name":"MindBloom","floor":37,"gold_loss":0},{"damage_healed":0,"gold_gain":333,"player_choice":"Gave Idol","damage_taken":0,"max_hp_gain":0,"max_hp_loss":0,"event_name":"The Moai Head","floor":41,"relics_lost":["Golden Idol"],"gold_loss":0}],"is_beta":false,"boss_relics":[{"not_picked":["SacredBark","hermit:BartenderGlass"],"picked":"Coffee Dripper"},{"not_picked":["hermit:ClaspedLocket","Astrolabe"],"picked":"Busted Crown"}],"items_purged_floors":[22,36,39,53],"is_endless":false,"potions_floor_spawned":[1,2,12,16,18,21,30,31,38,44],"ascension_level":1}}