{"host":"tem91ad8xsows22z","time":1611245343,"event":{"mods":["100% Spire Juice","ATMod(阿瑾Mod)","AchievementEnabler","Arknights The Spire","BaseMod","BetterRewards","Dota2Spire","Downfall","Good Game Mod","Hermit","Hunter 猎人","KomeijiMod","Marisa（F雨　魔理沙）","Minty Spire (QoL Compilation)","READ ME - Guardian Mod","SIMod","Spicy Shops","StSLib","SuperFastMode","The Administrix","The Blackbeard","The Bladedancer","The Bug Knight","The Construct","The Cursed","The Hierophant","The Poker Player","The Runesmith","The Servant 0.9.4","[功能]功能增强和修复MOD"],"gold_per_floor":[115,115,100,143,143,143,159,159,241,241,251,251,251,251,251,385,385,403,403,446,436,436,436,455,455,480,480,545,545,555,555,555,711,711,745,836,826,826,842,842,842,842,842,842,842,883,883,895,895,985],"floor_reached":51,"language":"ZHS","playtime":1774,"items_purged":["blackbeard:BlackbeardDefend","blackbeard:BlackbeardDefend","blackbeard:BlackbeardDefend","Moonworks:FinalBattle","blackbeard:SwordDance","blackbeard:Boarding+1","Impatience+1"],"score":806,"play_id":"80a68adb-3a9f-4414-a54f-e7728bfba212","local_time":"20210122000903","is_ascension_mode":false,"campfire_choices":[{"data":"The Bomb","floor":6,"key":"SMITH"},{"data":"sneckomod:RainOfDice","floor":8,"key":"SMITH"},{"data":"AT_FamilyPortrait","floor":10,"key":"SMITH"},{"data":"Impatience","floor":13,"key":"SMITH"},{"floor":15,"key":"REST"},{"floor":23,"key":"REST"},{"data":"Bandage Up","floor":25,"key":"SMITH"},{"data":"Moonworks:SakisCookie","floor":27,"key":"SMITH"},{"data":"blackbeard:Spear","floor":32,"key":"SMITH"},{"data":"blackbeard:GoldenCannonball","floor":40,"key":"SMITH"},{"floor":45,"key":"REST"},{"data":"Madness","floor":49,"key":"SMITH"}],"circlet_count":0,"master_deck":["blackbeard:Cutlass","blackbeard:Spear+1","AT_FamilyPortrait+1","The Bomb+1","blackbeard:InfiniteBarrage","blackbeard:Fencing","bronze:Mutator","Moonworks:SakisCookie+1","expansioncontent:LastStand","Bandage Up+1","blackbeard:RemoveScurvy","blackbeard:BuriedTreasure","hermit:Glare","TheCursedMod:Neurasthenia","Master of Strategy","blackbeard:Dagger","blackbeard:BuriedTreasure","blackbeard:WeaponProficiency","blackbeard:PiratesWill","Madness","Madness+1","blackbeard:Murder+1","blackbeard:Revenge+1","blackbeard:GoldenRain+1","blackbeard:AgileStrike+1","blackbeard:GoldenGuillotine+1","blackbeard:PirateHook+1","blackbeard:Shrapnel+1","blackbeard:HumongousCannonball+1","blackbeard:BlindAttacks+1","blackbeard:GoldenCannonball+1","blackbeard:Murder+1","blackbeard:BeatUp+1","blackbeard:Murder+1","blackbeard:Boarding+1","blackbeard:GoldenRain+1","blackbeard:HumongousCannonball+1","blackbeard:BlindAttacks+1","blackbeard:GoldenRain+1","blackbeard:DangerousBlow+1","blackbeard:GoldenCannonball+1","Guardian:ShieldCharger+1"],"relics":["blackbeard:LoadTheGoldenCannons","AT_ATBox","REME:ComplimentaryCards","Dota2Spire:HandOfMidas","Mercury Hourglass","Medical Kit","Frozen Eye","blackbeard:PoorMathSkills","Dota2Spire:MantaStyle","AT_ForceNature","Dota2Spire:PhaseBoots","PrismaticShard","NitorisBag","blackbeard:HipFlask","Nunchaku","Bottled Flame","AT_RedTearstoneRing","Dota2Spire:Butterfly","Membership Card","Orrery","AT_ImmortalShieldbow","Orichalcum","Dota2Spire:ShadowBlade","Sling","Cauldron","blackbeard:Spearhead","blackbeard:Karategi","AT_Kusabimaru","Dota2Spire:CrimsonGuard","HornCleat","Toolbox","Strange Spoon","Letter Opener","PreservedInsect","Dota2Spire:LinkenSphere","Incense Burner","ClockworkSouvenir","OrangePellets","Dota2Spire:ShivaGuard","blackbeard:Penknife","blackbeard:GoldenRing","Pantograph"],"acts_visited":["Exordium","TheCity","TheBeyond"],"potions_floor_usage":[33],"damage_taken":[{"damage":11,"enemies":"Jaw Worm","floor":1,"turns":2},{"damage":6,"enemies":"Cultist","floor":4,"turns":3},{"damage":0,"enemies":"2 Louse","floor":7,"turns":1},{"damage":11,"enemies":"Blue Slaver","floor":11,"turns":2},{"damage":0,"enemies":"Slime Boss","floor":16,"turns":4},{"damage":25,"enemies":"Shell Parasite","floor":18,"turns":4},{"damage":19,"enemies":"Spheric Guardian","floor":20,"turns":3},{"damage":12,"enemies":"Snake Plant","floor":24,"turns":3},{"damage":9,"enemies":"3 Cultists","floor":28,"turns":3},{"damage":8,"enemies":"Snecko","floor":30,"turns":3},{"damage":54,"enemies":"Champ","floor":33,"turns":9},{"damage":17,"enemies":"3 Darklings","floor":35,"turns":3},{"damage":40,"enemies":"2 Orb Walkers","floor":36,"turns":5},{"damage":0,"enemies":"Orb Walker","floor":39,"turns":1},{"damage":0,"enemies":"Sphere and 2 Shapes","floor":46,"turns":1},{"damage":6,"enemies":"Writhing Mass","floor":48,"turns":4},{"damage":51,"enemies":"Awakened One","floor":50,"turns":7}],"seed_played":"1572428804046722431","potions_obtained":[{"floor":11,"key":"Dexterity Potion"},{"floor":16,"key":"blackbeard:OrangeJuicePotion"},{"floor":30,"key":"AttackPotion"},{"floor":39,"key":"Regen Potion"},{"floor":46,"key":"Dexterity Potion"}],"is_trial":false,"path_per_floor":["M","?","$","M","$","R","M","R","T","R","M","?","R","?","R","B",null,"M","$","M","$","?","R","M","R","T","R","M","?","M","?","R","B",null,"M","?","$","?","M","R","$","?","T","T","R","M","?","M","R","B",null],"character_chosen":"BLACKBEARD_CLASS","items_purchased":["Dota2Spire:HandOfMidas","Mercury Hourglass","Medical Kit","Frozen Eye","blackbeard:PoorMathSkills","Dota2Spire:MantaStyle","blackbeard:DoubleCannonball","blackbeard:SwordDance","Impatience","The Bomb","AT_ForceNature","Dota2Spire:PhaseBoots","PrismaticShard","NitorisBag","blackbeard:HipFlask","Nunchaku","blackbeard:GoldenCannonball","blackbeard:Fencing","AT_RedTearstoneRing","Dota2Spire:Butterfly","Membership Card","Orrery","AT_ImmortalShieldbow","Orichalcum","Dota2Spire:ShadowBlade","Sling","Cauldron","Bandage Up","blackbeard:RearmingStrike","blackbeard:RemoveScurvy","blackbeard:BuriedTreasure","Dota2Spire:CrimsonGuard","HornCleat","Toolbox","Strange Spoon","Letter Opener","PreservedInsect","Master of Strategy","blackbeard:GoldenStrike","blackbeard:Dagger","blackbeard:BuriedTreasure","blackbeard:WeaponProficiency","blackbeard:GoldenCannonball","blackbeard:PiratesWill","Dota2Spire:LinkenSphere","Incense Burner","ClockworkSouvenir","OrangePellets","Dota2Spire:ShivaGuard","blackbeard:Penknife"],"campfire_rested":3,"item_purchase_floors":[3,3,3,3,3,3,3,3,3,3,5,5,5,5,5,5,5,5,19,19,19,19,21,21,21,21,21,21,21,21,21,37,37,37,37,37,37,37,37,37,37,37,41,41,41,41,41,41,41,41],"current_hp_per_floor":[64,64,64,58,58,58,58,58,58,58,47,47,47,52,76,76,80,55,55,36,36,36,60,55,55,55,55,60,60,61,61,61,41,80,72,46,46,46,46,46,46,36,36,36,60,65,65,67,67,38],"gold":985,"neow_bonus":"THREE_CARDS","is_daily":false,"chose_seed":false,"campfire_upgraded":9,"win_rate":0.0,"timestamp":1611245343,"path_taken":["M","?","$","M","$","R","M","R","T","R","?","?","R","?","R","BOSS","M","$","M","$","?","R","M","R","T","R","M","?","?","?","R","BOSS","M","?","$","?","M","R","$","?","T","?","R","M","?","?","R","BOSS"],"items_purchased_type":["Relic","Relic","Relic","Relic","Relic","Relic","Card","Card","Card","Card","Relic","Relic","Relic","Relic","Relic","Relic","Card","Card","Relic","Relic","Relic","Relic","Relic","Relic","Relic","Relic","Relic","Card","Card","Card","Card","Relic","Relic","Relic","Relic","Relic","Relic","Card","Card","Card","Card","Card","Card","Card","Relic","Relic","Relic","Relic","Relic","Relic"],"build_version":"2020-12-22","purchased_purges":7,"victory":true,"max_hp_per_floor":[75,75,75,75,75,75,75,75,75,75,75,75,75,80,80,80,80,80,80,80,80,80,80,80,80,80,80,80,80,80,80,80,80,80,80,80,80,80,80,80,80,80,80,80,80,80,80,80,80,80],"card_choices":[{"not_picked":["blackbeard:Sword","blackbeard:Dagger"],"picked":"blackbeard:Spear","floor":0},{"not_picked":["blackbeard:Fencing","blackbeard:Scrap"],"picked":"blackbeard:Boarding","floor":1},{"not_picked":["blackbeard:Toast","blackbeard:FieryDefense"],"picked":"blackbeard:InfiniteBarrage","floor":4},{"not_picked":["Mischief","champ:Haymaker"],"picked":"sneckomod:RainOfDice","floor":7},{"not_picked":["hierophant:FieryStrike","MultiTurn_Giant","Setup"],"picked":"SKIP","floor":11},{"not_picked":["Chrysalis","MaximisePower"],"picked":"bronze:Mutator","floor":16},{"not_picked":["Paradox","Guardian:TimeBomb","champ:Shatter"],"picked":"SKIP","floor":18},{"not_picked":["Infinite Blades","hexamod:SpectralAdrenaline"],"picked":"Moonworks:SakisCookie","floor":19},{"not_picked":["FastHealing","hexamod:ThermalTransfer"],"picked":"expansioncontent:LastStand","floor":19},{"not_picked":["bronze:Safeguard","HollowMod:SoulSplash+1"],"picked":"ats:Closed Bolt Burst Fire","floor":19},{"not_picked":["champ:CrownThrow+1","sneckomod:UnknownClassBLUE+1"],"picked":"NarrowSpark+1","floor":19},{"not_picked":["hierophant:Prophecy","Guardian:ConstructionForm"],"picked":"Guardian:MultiBeam+1","floor":19},{"not_picked":["Magic","champ:FanOfKnives+1","Runesmith:Terraform"],"picked":"SKIP","floor":20},{"not_picked":["sneckomod:UnknownClassPURPLE","ReinventMyself"],"picked":"hermit:Quickdraw","floor":24},{"not_picked":["hierophant:Exaltation","hierophant:RecallFunds"],"picked":"Immolate","floor":28},{"not_picked":["Moonworks:Assault+1","ats:Assault Order"],"picked":"hermit:Glare","floor":30},{"not_picked":["SnakeForm","Moonworks:ReflectiveShell"],"picked":"TheCursedMod:Neurasthenia","floor":33},{"not_picked":["hierophant:AuricBeam","blackbeard:Recklessness"],"picked":"Searing Blow+1","floor":35},{"not_picked":["KeiseiJin+1","Honesty+1"],"picked":"ats:LN2 Cannon","floor":36},{"not_picked":["Moonworks:ImOnFire+1","RashStunts"],"picked":"bronze:DigitalCarnage+1","floor":39},{"not_picked":["AdministrixMod:TouchOfCinnabar","hierophant:Charity+1"],"picked":"Clothesline+1","floor":46},{"not_picked":["hermit:Misfire+1","Redo+1"],"picked":"Guardian:ShieldCharger+1","floor":48}],"player_experience":10823,"relics_obtained":[{"floor":9,"key":"Bottled Flame"},{"floor":26,"key":"blackbeard:Spearhead"},{"floor":36,"key":"AT_Kusabimaru"},{"floor":43,"key":"blackbeard:GoldenRing"},{"floor":44,"key":"Pantograph"}],"event_choices":[{"cards_removed":["blackbeard:BlackbeardDefend"],"damage_healed":0,"gold_gain":0,"player_choice":"Purged","damage_taken":0,"max_hp_gain":0,"max_hp_loss":0,"event_name":"Purifier","floor":2,"gold_loss":0},{"damage_healed":0,"gold_gain":0,"player_choice":"Grow","damage_taken":0,"max_hp_gain":0,"max_hp_loss":0,"event_name":"Living Wall","floor":12,"gold_loss":0,"cards_upgraded":["blackbeard:Boarding"]},{"damage_healed":0,"gold_gain":0,"player_choice":"Donut","damage_taken":0,"max_hp_gain":5,"max_hp_loss":0,"event_name":"Big Fish","floor":14,"gold_loss":0},{"damage_healed":0,"gold_gain":0,"player_choice":"Simplicity","damage_taken":0,"max_hp_gain":0,"max_hp_loss":0,"event_name":"Back to Basics","floor":22,"gold_loss":0,"cards_upgraded":["blackbeard:BlackbeardStrike","blackbeard:BlackbeardStrike","blackbeard:BlackbeardStrike","blackbeard:BlackbeardStrike"]},{"damage_healed":0,"gold_gain":0,"player_choice":"Ignored","damage_taken":0,"max_hp_gain":0,"max_hp_loss":0,"event_name":"NoteForYourself","floor":29,"gold_loss":0},{"damage_healed":0,"gold_gain":0,"player_choice":"Fight","damage_taken":0,"max_hp_gain":0,"max_hp_loss":0,"event_name":"Mysterious Sphere","floor":36,"gold_loss":0},{"damage_healed":0,"gold_gain":0,"player_choice":"Embrace Madness","damage_taken":10,"max_hp_gain":0,"max_hp_loss":0,"event_name":"Winding Halls","floor":42,"gold_loss":0,"cards_obtained":["Madness","Madness"]}],"is_beta":false,"boss_relics":[{"not_picked":["blackbeard:SoberMinded","Pandora\u0027s Box"],"picked":"blackbeard:LoadTheGoldenCannons"},{"not_picked":["Snecko Eye","Dota2Spire:RefresherOrb"],"picked":"blackbeard:Karategi"}],"items_purged_floors":[3,3,3,21,21,37,37],"is_endless":false,"potions_floor_spawned":[11,16,18,28,30,39,46],"ascension_level":0}}