{"host":"70zhvo5nwrhp1mbg","time":1611264362,"event":{"mods":["BaseMod","Colored Map","Colored Powertips","Highlight Path","Minty Spire (QoL Compilation)","Rare Cards Sparkle","StSLib"],"gold_per_floor":[119,137,137,151,162,193,193,48,48,78,89,115,129,149,149,251,251,267,267,94,109,109,136,136,166,192,210,410,410,436,449,449,449,449],"floor_reached":33,"language":"ENG","playtime":3983,"items_purged":[],"score":483,"play_id":"b5d41844-4a7a-4c86-b234-1f61d83cc8d8","local_time":"20210121162602","is_ascension_mode":true,"campfire_choices":[{"floor":7,"key":"REST"},{"data":"Barricade","floor":15,"key":"SMITH"},{"data":"Demon Form","floor":24,"key":"SMITH"},{"data":"Cleave","floor":29,"key":"SMITH"},{"data":"Fiend Fire","floor":32,"key":"SMITH"}],"circlet_count":0,"master_deck":["Strike_R","Strike_R","Strike_R","Strike_R","Strike_R","Defend_R","Defend_R+1","Defend_R","Defend_R","Bash","Bludgeon","Iron Wave","Heavy Blade","Headbutt","Shockwave+1","Spot Weakness","Carnage","Headbutt","Feel No Pain","Shrug It Off","Barricade+1","Clothesline","Perfected Strike","Twin Strike","Pommel Strike","Thunderclap","Limit Break+1","Havoc","Cleave+1","Shrug It Off","Demon Form+1","Thunderclap+1","Fire Breathing+1","Fiend Fire+1","Anger+1"],"relics":["Burning Blood","Lantern","StoneCalendar","Orrery","HornCleat","Ancient Tea Set","Bag of Marbles","Snecko Eye","HandDrill","War Paint","Turnip","Juzu Bracelet","Torii"],"acts_visited":["Exordium","TheCity"],"potions_floor_usage":[6,12,16,23,23,25,33],"damage_taken":[{"damage":6,"enemies":"Small Slimes","floor":1,"turns":2},{"damage":1,"enemies":"2 Louse","floor":2,"turns":4},{"damage":0,"enemies":"Cultist","floor":4,"turns":2},{"damage":7,"enemies":"Red Slaver","floor":5,"turns":4},{"damage":36,"enemies":"Lagavulin","floor":6,"turns":6},{"damage":7,"enemies":"Gremlin Nob","floor":10,"turns":4},{"damage":8,"enemies":"Blue Slaver","floor":11,"turns":2},{"damage":0,"enemies":"3 Sentries","floor":12,"turns":6},{"damage":6,"enemies":"Looter","floor":13,"turns":2},{"damage":8,"enemies":"Large Slime","floor":14,"turns":4},{"damage":18,"enemies":"The Guardian","floor":16,"turns":12},{"damage":0,"enemies":"3 Byrds","floor":18,"turns":3},{"damage":0,"enemies":"2 Thieves","floor":21,"turns":4},{"damage":2,"enemies":"Book of Stabbing","floor":23,"turns":3},{"damage":8,"enemies":"Gremlin Leader","floor":25,"turns":5},{"damage":0,"enemies":"Snake Plant","floor":27,"turns":1},{"damage":6,"enemies":"Book of Stabbing","floor":30,"turns":3},{"damage":11,"enemies":"Shelled Parasite and Fungi","floor":31,"turns":3},{"damage":74,"enemies":"Automaton","floor":33,"turns":6}],"seed_played":"-2749671123990823771","potions_obtained":[{"floor":2,"key":"Explosive Potion"},{"floor":4,"key":"AttackPotion"},{"floor":11,"key":"HeartOfIron"},{"floor":14,"key":"SkillPotion"},{"floor":16,"key":"FearPotion"},{"floor":23,"key":"FearPotion"},{"floor":27,"key":"Strength Potion"}],"is_trial":false,"path_per_floor":["M","M","?","M","M","E","R","$","T","E","M","E","M","M","R","B",null,"M","?","$","M","?","E","R","E","T","M","?","R","E","M","R","B"],"character_chosen":"IRONCLAD","items_purchased":["Orrery","Cleave","HandDrill"],"campfire_rested":1,"item_purchase_floors":[8,20,20],"current_hp_per_floor":[72,77,74,80,79,49,73,73,73,72,70,76,76,74,74,62,76,80,65,65,71,71,75,75,73,73,79,79,79,79,74,74,0,0],"gold":449,"neow_bonus":"ONE_RANDOM_RARE_CARD","is_daily":false,"chose_seed":true,"campfire_upgraded":4,"win_rate":0.0,"timestamp":1611264362,"path_taken":["M","M","?","M","M","E","R","$","T","E","M","E","M","M","R","BOSS","M","?","$","M","?","E","R","E","T","M","?","R","E","M","R","BOSS"],"items_purchased_type":["Relic","Card","Relic"],"build_version":"2020-12-22","purchased_purges":0,"victory":false,"max_hp_per_floor":[80,80,80,80,80,80,80,80,80,80,80,80,80,80,80,80,80,80,85,85,85,85,85,85,85,85,85,85,85,85,85,85,85,85],"card_choices":[{"not_picked":["Combust","Body Slam"],"picked":"Iron Wave","floor":1},{"not_picked":["Anger","Body Slam"],"picked":"Heavy Blade","floor":2},{"not_picked":["Hemokinesis","Infernal Blade"],"picked":"Headbutt","floor":4},{"not_picked":["Armaments","Twin Strike"],"picked":"Shockwave","floor":5},{"not_picked":["Sword Boomerang","Rage"],"picked":"Spot Weakness","floor":6},{"not_picked":["Wild Strike","Iron Wave"],"picked":"Carnage","floor":8},{"not_picked":["Body Slam","Reckless Charge"],"picked":"Headbutt","floor":8},{"not_picked":["Pommel Strike","Berserk"],"picked":"Feel No Pain","floor":8},{"not_picked":["Twin Strike","Bloodletting"],"picked":"Shrug It Off","floor":8},{"not_picked":["Warcry","Blood for Blood"],"picked":"Barricade","floor":8},{"not_picked":["Thunderclap","Shockwave"],"picked":"Clothesline","floor":10},{"not_picked":["Battle Trance","Shockwave"],"picked":"Perfected Strike","floor":11},{"not_picked":["Disarm","Fire Breathing"],"picked":"Twin Strike","floor":12},{"not_picked":["Clash","Disarm"],"picked":"Pommel Strike","floor":13},{"not_picked":["Feel No Pain","Anger"],"picked":"Thunderclap","floor":14},{"not_picked":["Offering","Bludgeon"],"picked":"Limit Break","floor":16},{"not_picked":["Rage","Body Slam"],"picked":"Havoc","floor":18},{"not_picked":["Body Slam","Twin Strike"],"picked":"Shrug It Off","floor":21},{"not_picked":["Headbutt+1","Havoc"],"picked":"Demon Form","floor":23},{"not_picked":["Headbutt","Pummel"],"picked":"Thunderclap+1","floor":25},{"not_picked":["Wild Strike","Armaments+1"],"picked":"Fire Breathing+1","floor":27},{"not_picked":["Ghostly Armor","Clothesline+1"],"picked":"Fiend Fire","floor":30},{"not_picked":["Body Slam","Armaments"],"picked":"Anger+1","floor":31}],"player_experience":414501,"relics_obtained":[{"floor":6,"key":"StoneCalendar"},{"floor":9,"key":"HornCleat"},{"floor":10,"key":"Ancient Tea Set"},{"floor":12,"key":"Bag of Marbles"},{"floor":23,"key":"War Paint"},{"floor":25,"key":"Turnip"},{"floor":26,"key":"Juzu Bracelet"},{"floor":30,"key":"Torii"}],"event_choices":[{"damage_healed":0,"gold_gain":0,"player_choice":"Success","damage_taken":3,"relics_obtained":["Lantern"],"max_hp_gain":0,"max_hp_loss":0,"event_name":"Scrap Ooze","floor":3,"gold_loss":0},{"damage_healed":0,"gold_gain":0,"player_choice":"Shed Blood","damage_taken":20,"max_hp_gain":5,"max_hp_loss":0,"event_name":"Forgotten Altar","floor":19,"gold_loss":0},{"damage_healed":0,"gold_gain":0,"player_choice":"Forge","damage_taken":0,"max_hp_gain":0,"max_hp_loss":0,"event_name":"Accursed Blacksmith","floor":22,"gold_loss":0,"cards_upgraded":["Limit Break"]},{"damage_healed":0,"gold_gain":250,"player_choice":"Bet on Owner","damage_taken":0,"max_hp_gain":0,"max_hp_loss":0,"event_name":"The Joust","floor":28,"gold_loss":50}],"is_beta":false,"boss_relics":[{"not_picked":["SlaversCollar","Pandora\u0027s Box"],"picked":"Snecko Eye"}],"items_purged_floors":[],"is_endless":false,"potions_floor_spawned":[2,4,11,14,16,23,27],"killed_by":"Automaton","ascension_level":6}}