{"host":"qwp6882a7gaon7u5","time":1611257439,"event":{"mods":["ATMod(阿瑾Mod)","Act Like it!","BaseMod","BetterRewards","Gensokyo","Minty Spire (QoL Compilation)","Red Circlet Mod","Replay The Spire","RumiaBox-露米娅的神秘盒子","Spicy Shops","StSLib","The Alterego","【功能Mod】混沌之环修复补丁","【遗物卡牌】REMEMod","篝火指南"],"gold_per_floor":[113,12320,12340,12340,12360,12385,12385,12385,12385,11418,11441,10190,10190,10216,9193,9225,8338,8540,8552,8684,8656,8728,8840,8941,9066,8210,8368,8380,8378,7968,7980,7559,7620,7204,7368,7418,7485,7485,7222,7245,7369,7461,7064,7064,7139,6629,6629,6702,6744,6810,6199,6354],"floor_reached":53,"language":"ZHS","playtime":1777,"items_purged":["alterego_mod:Strike","alterego_mod:Defend","Doubt","alterego_mod:Strike","alterego_mod:Strike"],"score":1145,"play_id":"51871dbb-1524-4ce6-896f-9084863fe670","local_time":"20210122033039","is_ascension_mode":true,"campfire_choices":[],"circlet_count":0,"master_deck":["alterego_mod:Strike+1","alterego_mod:Defend+1","alterego_mod:Impale+1","alterego_mod:BigMeatyClaws+1","alterego_mod:BrynhildrsRune","alterego_mod:Bounce+1","alterego_mod:Cooking+1","alterego_mod:Support+1","Replay:Bag of Tricks+1","REME_Flogging+1","REME_MagicPocketWatch+1","Discovery","Master of Strategy+1","alterego_mod:Rip","alterego_mod:Venus+1","alterego_mod:Rake+1","ReplayTheSpireMod:Private Reserves","alterego_mod:DiscoLights","alterego_mod:ClassAdvantage+1","alterego_mod:Birthday","alterego_mod:Birthday","alterego_mod:Nekomimi","alterego_mod:BrynhildrRomantia+1","alterego_mod:Crossover+1","alterego_mod:SuperDuperMasochism+1","Finesse","alterego_mod:DiscoLights+1","AT_CelerityRune+1","alterego_mod:ClassAdvantage+1"],"relics":["alterego_mod:MasochisticConstitution","REME_ComplimentaryCards","AT_ATBox","NeowsBlessing","Boot","CeramicFish","REME_LimitBreaker","PlanX","Eternal Feather","War Paint","ReplayTheSpireMod:ShopPack","MealTicket","FossilizedHelix","AT_RabadonDeathcap","MagicDraw3","Golden Egg","Blue Candle","Replay:Bandana","Medical Kit","Pear","Matryoshka","AT_MibuBalloonWealth","ClockworkSouvenir","MawBank","Empty Cage","AT_RedNoBalance","GodSword4","Pet Ghost","Tiny Chest","Membership Card","Nunchaku","Strange Spoon","Replay:Accelerometer","Bag of Marbles","Replay:WaspNest","Juzu Bracelet","Whetstone","Bottled Tornado","Toolbox","Akabeko","Gensokyo:DirgeOfMelancholy","HandDrill","TungstenRod","Blood Vial","InkBottle","Chemical X","Ancient Tea Set","Replay:Mystery Machine","Question Card","TheAbacus","Tiny House","Orichalcum","Bronze Scales","Sling","Lee\u0027s Waffle","Happy Flower","ReplayTheSpireMod:Lightbulb","Sundial","Frozen Egg 2","REME_CardOfGreed","ReplayTheSpireMod:Shallot","Strawberry","Mercury Hourglass","GodSword1","MagicDraw1","AT_BladeRuinedKing","ReplayFunnel","Guide Book","AT_SunfireAegis","AT_Manta","Replay:Wax Seal","AT_BellowingDragoncrestRing","Durian","MagicDraw2","AT_ImmortalShieldbow"],"acts_visited":["Exordium","Exordium","Gensokyo:Gensokyoer"],"potions_floor_usage":[18,52,52],"damage_taken":[{"damage":0,"enemies":"Jaw Worm","floor":1,"turns":1},{"damage":0,"enemies":"2 Louse","floor":2,"turns":1},{"damage":0,"enemies":"Cultist","floor":3,"turns":1},{"damage":10,"enemies":"3 Louse","floor":5,"turns":5},{"damage":37,"enemies":"Replay:BlueRogue","floor":6,"turns":6},{"damage":0,"enemies":"Exordium Wildlife","floor":14,"turns":2},{"damage":0,"enemies":"Red Slaver","floor":16,"turns":2},{"damage":18,"enemies":"Hexaghost","floor":18,"turns":3},{"damage":0,"enemies":"Gensokyo:3_Dogs","floor":20,"turns":2},{"damage":0,"enemies":"Gensokyo:CosmicMonolith","floor":22,"turns":2},{"damage":17,"enemies":"Gensokyo:Slime_Group","floor":23,"turns":3},{"damage":0,"enemies":"Gensokyo:Mirror_and_Dog","floor":24,"turns":2},{"damage":0,"enemies":"Gensokyo:Koishi","floor":25,"turns":3},{"damage":4,"enemies":"Gensokyo:Reisen","floor":27,"turns":2},{"damage":0,"enemies":"Gensokyo:Swordslinger","floor":33,"turns":1},{"damage":0,"enemies":"Gensokyo:Eiki","floor":35,"turns":2},{"damage":0,"enemies":"Gensokyo:AncientGuardian","floor":37,"turns":1},{"damage":0,"enemies":"Gensokyo:3_Boulders","floor":41,"turns":2},{"damage":0,"enemies":"Gensokyo:Marisa","floor":42,"turns":1},{"damage":0,"enemies":"Gensokyo:Doremy","floor":48,"turns":1},{"damage":0,"enemies":"Gensokyo:SeedOfUnknown","floor":49,"turns":1},{"damage":0,"enemies":"Gensokyo:Rafflesia","floor":50,"turns":2},{"damage":0,"enemies":"Gensokyo:Yuyuko","floor":52,"turns":1}],"seed_played":"1709914733222519197","potions_obtained":[{"floor":5,"key":"Adrenaline Potion"},{"floor":6,"key":"Regen Potion"},{"floor":18,"key":"Dexterity Potion"},{"floor":35,"key":"CultistPotion"},{"floor":49,"key":"Adrenaline Potion"}],"is_trial":false,"path_per_floor":["M","M","M","?","M","E","?","PTL","PTL","R","T","$","?","M","$","M","R","B",null,"M","?","M","M","M","E","R","E","T","?","R","?","$","M","R","B",null,"M","T","$","T","M","E","R","?","T","R","?","E","M","M","R","B",null],"character_chosen":"The_Alterego","items_purchased":["REME_LimitBreaker","PlanX","Eternal Feather","War Paint","ReplayTheSpireMod:ShopPack","FossilizedHelix","AT_RabadonDeathcap","MagicDraw3","Golden Egg","Master of Strategy","Blue Candle","Replay:Bandana","Medical Kit","Pear","alterego_mod:Venus","Matryoshka","AT_MibuBalloonWealth","ClockworkSouvenir","MawBank","GodSword4","Pet Ghost","Tiny Chest","Membership Card","Nunchaku","Strange Spoon","ReplayTheSpireMod:Private Reserves","alterego_mod:DiscoLights","Juzu Bracelet","Whetstone","Bottled Tornado","Toolbox","Akabeko","alterego_mod:Birthday","HandDrill","TungstenRod","Blood Vial","InkBottle","Chemical X","Ancient Tea Set","Replay:Mystery Machine","Question Card","TheAbacus","Bronze Scales","Sling","Lee\u0027s Waffle","Happy Flower","Frozen Egg 2","REME_CardOfGreed","ReplayTheSpireMod:Shallot","Strawberry","Finesse","GodSword1","MagicDraw1","AT_BladeRuinedKing","ReplayFunnel","Guide Book","alterego_mod:DiscoLights+1","AT_CelerityRune+1","AT_Manta","Replay:Wax Seal","AT_BellowingDragoncrestRing","Durian","MagicDraw2","AT_ImmortalShieldbow"],"campfire_rested":0,"item_purchase_floors":[10,10,10,10,10,12,12,12,12,12,15,15,15,15,15,17,17,17,17,26,26,26,26,26,26,26,26,30,30,30,30,30,30,32,32,32,32,34,34,34,34,34,39,39,39,39,43,43,43,43,43,46,46,46,46,46,46,46,51,51,51,51,51,51],"current_hp_per_floor":[70,70,70,56,64,31,19,19,19,19,19,34,34,37,62,62,71,57,83,83,83,83,74,77,80,84,42,42,51,60,60,75,44,56,62,90,90,90,97,97,97,97,104,104,104,104,104,104,104,104,109,109],"gold":6354,"neow_bonus":"THREE_ENEMY_KILL","is_daily":false,"chose_seed":false,"campfire_upgraded":0,"win_rate":0.0,"timestamp":1611257439,"path_taken":["M","M","M","?","M","E","?","PTL","PTL","R","T","$","?","?","$","M","R","BOSS","M","?","M","M","M","E","R","E","T","?","R","?","$","M","R","BOSS","M","?","$","?","M","E","R","?","T","R","?","E","M","M","R","BOSS"],"items_purchased_type":["Relic","Relic","Relic","Relic","Relic","Relic","Relic","Relic","Relic","Card","Relic","Relic","Relic","Relic","Card","Relic","Relic","Relic","Relic","Relic","Relic","Relic","Relic","Relic","Relic","Card","Card","Relic","Relic","Relic","Relic","Relic","Card","Relic","Relic","Relic","Relic","Relic","Relic","Relic","Relic","Relic","Relic","Relic","Relic","Relic","Relic","Relic","Relic","Relic","Card","Relic","Relic","Relic","Relic","Relic","Card","Card","Relic","Relic","Relic","Relic","Relic","Relic"],"build_version":"2020-12-22","purchased_purges":5,"victory":true,"max_hp_per_floor":[70,70,70,70,71,72,72,72,72,72,72,72,72,72,82,82,82,83,83,83,83,83,84,84,84,84,85,85,85,85,85,85,85,85,85,90,90,90,97,97,97,97,104,104,104,104,104,104,104,104,109,109],"card_choices":[{"not_picked":["alterego_mod:DiscoLights","alterego_mod:PerceptionDisorder"],"picked":"alterego_mod:Bounce","floor":1},{"not_picked":["alterego_mod:DestructionOfProperty","alterego_mod:MagicResistance"],"picked":"alterego_mod:Cooking","floor":2},{"not_picked":["alterego_mod:Bounce","alterego_mod:Valentines"],"picked":"alterego_mod:Support","floor":3},{"not_picked":["alterego_mod:DustData","alterego_mod:MagicResistance","alterego_mod:Cycle"],"picked":"SKIP","floor":5},{"not_picked":["alterego_mod:TrashNCrash","alterego_mod:PerceptionDisorder","alterego_mod:Support"],"picked":"SKIP","floor":6},{"not_picked":["Apotheosis","Magnetism"],"picked":"REME_Flogging","floor":10},{"not_picked":["Dark Shackles","Discovery"],"picked":"REME_MagicPocketWatch","floor":10},{"not_picked":["Replay:Parry","REME_BuildACard"],"picked":"Discovery","floor":10},{"not_picked":["alterego_mod:Complex","alterego_mod:MagicResistance"],"picked":"alterego_mod:Rip","floor":14},{"not_picked":["alterego_mod:BiFurious","alterego_mod:Maid","alterego_mod:1TonWallop"],"picked":"SKIP","floor":16},{"not_picked":["alterego_mod:Palingenesis","alterego_mod:VirginLaserPalladion"],"picked":"alterego_mod:Rake","floor":18},{"not_picked":["alterego_mod:PerceptionDisorder","alterego_mod:Bounce","alterego_mod:Mirror"],"picked":"SKIP","floor":20},{"not_picked":["alterego_mod:Clones","alterego_mod:Maid+1","alterego_mod:Cycle+1"],"picked":"SKIP","floor":22},{"not_picked":["alterego_mod:DustData","alterego_mod:Cooking","alterego_mod:Punishment"],"picked":"SKIP","floor":23},{"not_picked":["alterego_mod:Valkyrie","alterego_mod:DestructionOfProperty","alterego_mod:HighServant"],"picked":"SKIP","floor":24},{"not_picked":["alterego_mod:Support","alterego_mod:HighServant","alterego_mod:Bunnysuit"],"picked":"SKIP","floor":25},{"not_picked":["alterego_mod:PresenceConcealment","alterego_mod:MagicResistance"],"picked":"alterego_mod:ClassAdvantage","floor":27},{"not_picked":["alterego_mod:Maid","alterego_mod:Mirror"],"picked":"alterego_mod:Nekomimi","floor":33},{"not_picked":["alterego_mod:IdEs","alterego_mod:ClassAdvantage","alterego_mod:Lift"],"picked":"alterego_mod:BrynhildrRomantia","floor":35},{"not_picked":["alterego_mod:DiscoLights","alterego_mod:Undulate","alterego_mod:Exercise"],"picked":"alterego_mod:Crossover+1","floor":37},{"not_picked":["alterego_mod:MaintainEyeContact","alterego_mod:SakuraLabyrinth+1","alterego_mod:Mirror+1"],"picked":"alterego_mod:SuperDuperMasochism+1","floor":41},{"not_picked":["alterego_mod:Crossover","alterego_mod:DiscoLights","alterego_mod:BoobPocket+1","alterego_mod:Clap"],"picked":"SKIP","floor":42},{"not_picked":["alterego_mod:Support+1","alterego_mod:TrashNCrash+1","alterego_mod:MaintainEyeContact+1","alterego_mod:1TonWallop+1"],"picked":"SKIP","floor":48},{"not_picked":["alterego_mod:Bounce+1","alterego_mod:Jiggle","alterego_mod:DiscoLights+1","alterego_mod:Punishment+1"],"picked":"SKIP","floor":49},{"not_picked":["alterego_mod:Complex+1","alterego_mod:DeftHands","alterego_mod:TrashNCrash+1"],"picked":"alterego_mod:ClassAdvantage+1","floor":50}],"player_experience":176142,"relics_obtained":[{"floor":6,"key":"Boot"},{"floor":11,"key":"MealTicket"},{"floor":25,"key":"AT_SilverBalance"},{"floor":27,"key":"Replay:Accelerometer"},{"floor":28,"key":"Bag of Marbles"},{"floor":28,"key":"Replay:WaspNest"},{"floor":38,"key":"Orichalcum"},{"floor":40,"key":"ReplayTheSpireMod:Lightbulb"},{"floor":42,"key":"Sundial"},{"floor":45,"key":"Mercury Hourglass"},{"floor":48,"key":"AT_SunfireAegis"}],"event_choices":[{"damage_healed":0,"gold_gain":0,"player_choice":"Entered Light","damage_taken":14,"max_hp_gain":0,"max_hp_loss":0,"event_name":"Shining Light","floor":4,"gold_loss":0,"cards_upgraded":["alterego_mod:Strike","alterego_mod:Defend"]},{"damage_healed":0,"gold_gain":0,"player_choice":"Success","damage_taken":12,"relics_obtained":["CeramicFish"],"max_hp_gain":0,"max_hp_loss":0,"event_name":"Scrap Ooze","floor":7,"gold_loss":0},{"damage_healed":0,"gold_gain":0,"player_choice":"Got Potions","damage_taken":0,"max_hp_gain":0,"max_hp_loss":0,"event_name":"Lab","floor":13,"gold_loss":0}],"is_beta":false,"boss_relics":[{"not_picked":["Astrolabe","Painkiller Herb"],"picked":"Empty Cage"},{"not_picked":["ReplayTheSpireMod:DimensionalGlitch","Honey Jar"],"picked":"Tiny House"}],"items_purged_floors":[10,10,12,15,17],"is_endless":false,"potions_floor_spawned":[5,6,16,18,22,23,33,35,48,49,50],"ascension_level":1}}