{"host":"sdl5b0uiznq00owb","time":1611267174,"event":{"mods":["BaseMod","Minty Spire (QoL Compilation)","Permanent Neow","Relic Stats"],"gold_per_floor":[109,129,142,142,154,181,181,210,210,175,192,42,71,84,84,181,181,199,219,219,236,18,50,50,50],"floor_reached":24,"language":"ENG","playtime":1953,"items_purged":["Strike_P"],"score":438,"play_id":"5ac85b2d-d9bf-408e-8b97-1e6d68e20c87","local_time":"20210121161254","is_ascension_mode":true,"campfire_choices":[{"floor":7.0,"key":"REST"},{"data":"WheelKick","floor":15.0,"key":"SMITH"}],"circlet_count":0,"master_deck":["Strike_P","Strike_P","Strike_P","Defend_P","Defend_P+1","Defend_P","Eruption","Vigilance","Meditate+1","FollowUp+1","CrushJoints","FlurryOfBlows","LessonLearned+1","WheelKick+1","DevaForm","ThirdEye","WaveOfTheHand","Crescendo+1"],"relics":["Cursed Key","War Paint","Bag of Preparation","Turnip","VioletLotus","Centennial Puzzle","Boot"],"acts_visited":["Exordium","TheCity"],"potions_floor_usage":[23,23],"damage_taken":[{"damage":0.0,"enemies":"Jaw Worm","floor":1.0,"turns":2.0},{"damage":1.0,"enemies":"2 Louse","floor":2.0,"turns":2.0},{"damage":2.0,"enemies":"Small Slimes","floor":3.0,"turns":2.0},{"damage":11.0,"enemies":"Looter","floor":5.0,"turns":2.0},{"damage":28.0,"enemies":"Gremlin Nob","floor":6.0,"turns":4.0},{"damage":12.0,"enemies":"3 Sentries","floor":8.0,"turns":4.0},{"damage":0.0,"enemies":"Large Slime","floor":11.0,"turns":2.0},{"damage":0.0,"enemies":"Gremlin Nob","floor":13.0,"turns":2.0},{"damage":2.0,"enemies":"2 Fungi Beasts","floor":14.0,"turns":3.0},{"damage":0.0,"enemies":"Slime Boss","floor":16.0,"turns":1.0},{"damage":0.0,"enemies":"Spheric Guardian","floor":18.0,"turns":2.0},{"damage":2.0,"enemies":"2 Thieves","floor":19.0,"turns":2.0},{"damage":0.0,"enemies":"Snecko","floor":21.0,"turns":3.0},{"damage":42,"enemies":"Book of Stabbing","floor":23,"turns":5},{"damage":11,"enemies":"Snake Plant","floor":24,"turns":1}],"seed_played":"-2303527791751973343","potions_obtained":[{"floor":1.0,"key":"Ambrosia"},{"floor":3.0,"key":"Fruit Juice"},{"floor":11.0,"key":"Block Potion"},{"floor":16.0,"key":"LiquidMemories"},{"floor":21,"key":"SpeedPotion"}],"is_trial":false,"path_per_floor":["M","M","M","?","M","E","R","E","T","?","M","$","E","M","R","B",null,"M","M","?","M","$","E","M"],"character_chosen":"WATCHER","items_purchased":["LessonLearned","Centennial Puzzle"],"campfire_rested":1,"item_purchase_floors":[12,22],"current_hp_per_floor":[65,64,62,55,44,16,37,25,25,43,43,43,43,41,41,46,69,69,67,53,53,53,11,0,0],"gold":50,"neow_bonus":"BOSS_RELIC","is_daily":false,"chose_seed":false,"campfire_upgraded":1,"win_rate":0.0,"timestamp":1611267174,"path_taken":["M","M","M","?","M","E","R","E","T","?","M","$","E","M","R","BOSS","M","M","?","M","$","E","M"],"items_purchased_type":["Card","Relic"],"build_version":"2020-12-22","purchased_purges":1,"victory":false,"max_hp_per_floor":[72,72,72,72,72,72,72,72,72,72,72,72,72,72,72,77,77,77,77,82,82,82,82,82,82],"relic_stats":{"Centennial Puzzle":[6],"counters":[15,37],"Turnip":[0],"VioletLotus":[6],"Bag of Preparation":[18],"War Paint":["Defend_P","Meditate"],"Cursed Key":0,"Boot":[0],"obtain_stats":[{"Centennial Puzzle":22,"Turnip":13,"VioletLotus":17,"Bag of Preparation":8,"PureWater":0,"War Paint":6,"Cursed Key":0,"Boot":23},{"Centennial Puzzle":13,"Turnip":8,"VioletLotus":10,"Bag of Preparation":6,"PureWater":0,"War Paint":5,"Cursed Key":0,"Boot":14},{"Centennial Puzzle":31,"Turnip":20,"VioletLotus":24,"Bag of Preparation":16,"PureWater":0,"War Paint":12,"Cursed Key":0,"Boot":36}]},"card_choices":[{"not_picked":["Evaluate","Pray"],"picked":"Meditate","floor":1.0},{"not_picked":["CrushJoints","FlyingSleeves"],"picked":"FollowUp","floor":2.0},{"not_picked":["ThirdEye","DeusExMachina","Swivel"],"picked":"SKIP","floor":3.0},{"not_picked":["Perseverance","Crescendo","Protect"],"picked":"SKIP","floor":5.0},{"not_picked":["FlyingSleeves","ThirdEye"],"picked":"CrushJoints","floor":6.0},{"not_picked":["EmptyBody","SignatureMove"],"picked":"FlurryOfBlows","floor":8.0},{"not_picked":["Evaluate","Worship","Swivel"],"picked":"SKIP","floor":11.0},{"not_picked":["Prostrate","SashWhip","Protect"],"picked":"SKIP","floor":13.0},{"not_picked":["FearNoEvil","ThirdEye"],"picked":"WheelKick","floor":14.0},{"not_picked":["DeusExMachina","Alpha"],"picked":"DevaForm","floor":16.0},{"not_picked":["Meditate","JustLucky"],"picked":"ThirdEye","floor":18.0},{"not_picked":["Pray+1","ClearTheMind+1","FollowUp"],"picked":"SKIP","floor":19.0},{"not_picked":["FearNoEvil+1","Fasting2+1"],"picked":"WaveOfTheHand","floor":21},{"not_picked":["CutThroughFate","SashWhip"],"picked":"Crescendo+1","floor":23}],"player_experience":799114,"relics_obtained":[{"floor":6.0,"key":"War Paint"},{"floor":8.0,"key":"Bag of Preparation"},{"floor":13.0,"key":"Turnip"},{"floor":23,"key":"Boot"}],"event_choices":[{"cards_removed":["Defend_P"],"damage_healed":0.0,"max_hp_gain":0.0,"max_hp_loss":0.0,"gold_gain":0.0,"event_name":"Golden Wing","player_choice":"Card Removal","floor":4.0,"gold_loss":0.0,"damage_taken":7.0},{"damage_healed":18.0,"max_hp_gain":0.0,"max_hp_loss":0.0,"gold_gain":0.0,"event_name":"The Cleric","player_choice":"Healed","floor":10.0,"gold_loss":35.0,"damage_taken":0.0},{"damage_healed":0.0,"max_hp_gain":5.0,"max_hp_loss":0.0,"gold_gain":0.0,"event_name":"Forgotten Altar","player_choice":"Shed Blood","floor":20.0,"gold_loss":0.0,"damage_taken":19.0}],"is_beta":false,"boss_relics":[{"not_picked":["Coffee Dripper","Black Star"],"picked":"VioletLotus"}],"items_purged_floors":[22],"is_endless":false,"potions_floor_spawned":[1,3,11,16,21],"killed_by":"Snake Plant","ascension_level":8}}