{"host":"1wcl05nc8w84pbwq","time":1611225363,"event":{"mods":["AchievementEnabler","BaseMod","Minty Spire (QoL Compilation)","Rare Cards Sparkle","StSLib","Unceasing Turn Reminder","everything is the same but u backflip on backflip"],"gold_per_floor":[110,6,22,33,52,52,52],"floor_reached":6,"language":"ENG","playtime":357,"items_purged":[],"score":65,"play_id":"5f7634f5-aa5d-4227-9cbe-57ad30ba495a","local_time":"20210121043603","is_ascension_mode":true,"campfire_choices":[],"circlet_count":0,"master_deck":["AscendersBane","Strike_G","Strike_G","Strike_G","Strike_G","Strike_G","Defend_G","Defend_G","Defend_G","Defend_G","Defend_G","Survivor","Neutralize","Footwork","Sucker Punch","Prepared","All Out Attack"],"relics":["Ring of the Snake","Eternal Feather"],"acts_visited":["Exordium"],"potions_floor_usage":[5],"damage_taken":[{"damage":0,"enemies":"Small Slimes","floor":1,"turns":4},{"damage":3,"enemies":"Cultist","floor":3,"turns":4},{"damage":2,"enemies":"Jaw Worm","floor":4,"turns":7},{"damage":15,"enemies":"Lots of Slimes","floor":5,"turns":7},{"damage":43,"enemies":"Lagavulin","floor":6,"turns":9}],"seed_played":"-7189760717781941392","potions_obtained":[{"floor":4,"key":"AttackPotion"}],"is_trial":false,"path_per_floor":["M","?","M","M","M","E"],"character_chosen":"THE_SILENT","items_purchased":[],"campfire_rested":0,"item_purchase_floors":[],"current_hp_per_floor":[59,59,56,54,39,0,0],"gold":52,"neow_bonus":"THREE_CARDS","is_daily":false,"chose_seed":false,"campfire_upgraded":0,"win_rate":0.0,"timestamp":1611225363,"path_taken":["M","?","M","M","?","E"],"items_purchased_type":[],"build_version":"2020-12-22","purchased_purges":0,"victory":false,"max_hp_per_floor":[66,66,66,66,66,66,66],"card_choices":[{"not_picked":["Poisoned Stab","Bouncing Flask"],"picked":"Footwork","floor":0},{"not_picked":["Reflex","Underhanded Strike"],"picked":"Sucker Punch","floor":1},{"not_picked":["Deflect","Slice","Distraction"],"picked":"SKIP","floor":3},{"not_picked":["Bane","Quick Slash"],"picked":"Prepared","floor":4},{"not_picked":["Riddle With Holes","Footwork"],"picked":"All Out Attack","floor":5}],"player_experience":394945,"relics_obtained":[],"event_choices":[{"damage_healed":0,"gold_gain":0,"player_choice":"Paid Gold","damage_taken":0,"relics_obtained":["Eternal Feather"],"max_hp_gain":0,"max_hp_loss":0,"event_name":"WeMeetAgain","floor":2,"gold_loss":104}],"is_beta":false,"boss_relics":[],"items_purged_floors":[],"is_endless":false,"potions_floor_spawned":[4],"killed_by":"Lagavulin","ascension_level":14}}