{"host":"ydg0vn0pu4pubmdt","time":1611217666,"event":{"mods":["AchievementEnabler","BaseMod","Colored Map","Gold Saver","Minty Spire (QoL Compilation)","Quick Restart","SuperFastMode"],"gold_per_floor":[215,227,177,102,118,118,143,143,143,43,43,43,76,87,87,185,185,205,221,221,221,233,233,258,258,304,304,179,190,34,52,52,151,151,161,174,21,70,81,81,115,115,115,135,149,160,180,195,195,195,195,195,43,78,78],"floor_reached":56,"language":"KOR","playtime":1114,"items_purged":["Strike_P","Defend_P","Eruption+1","FearNoEvil+1"],"score":1499,"play_id":"4b995c69-c4fb-47e5-93e6-7d40b2ee6ba6","local_time":"20210121172746","is_ascension_mode":false,"campfire_choices":[{"data":"Eruption","floor":6.0,"key":"SMITH"},{"data":"Adaptation","floor":8.0,"key":"SMITH"},{"data":"Vigilance","floor":12.0,"key":"SMITH"},{"data":"Strike_P","floor":15.0,"key":"SMITH"},{"data":"FearNoEvil","floor":23.0,"key":"SMITH"},{"data":"Tantrum","floor":25.0,"key":"SMITH"},{"floor":27.0,"key":"RECALL"},{"floor":32.0,"key":"REST"},{"data":"TalkToTheHand","floor":40.0,"key":"SMITH"},{"floor":42.0,"key":"REST"},{"floor":49,"key":"REST"},{"floor":52,"key":"REST"}],"circlet_count":0,"master_deck":["Vigilance+1","Adaptation+1","Tantrum+1","TalkToTheHand+1"],"relics":["PureWater","Odd Mushroom","Bag of Preparation","Eternal Feather","Empty Cage","Toxic Egg 2","Vajra","SlaversCollar","Membership Card","Turnip","Sundial","Nunchaku","TheAbacus","Pantograph"],"acts_visited":["Exordium","TheCity","TheBeyond","TheEnding"],"potions_floor_usage":[55,55],"damage_taken":[{"damage":15.0,"enemies":"Small Slimes","floor":1.0,"turns":3.0},{"damage":4.0,"enemies":"2 Louse","floor":2.0,"turns":2.0},{"damage":0.0,"enemies":"Jaw Worm","floor":5.0,"turns":5.0},{"damage":25.0,"enemies":"The Mushroom Lair","floor":7.0,"turns":6.0},{"damage":0.0,"enemies":"Lagavulin","floor":13.0,"turns":2.0},{"damage":0.0,"enemies":"Looter","floor":14.0,"turns":3.0},{"damage":20.0,"enemies":"Hexaghost","floor":16.0,"turns":9.0},{"damage":0.0,"enemies":"2 Thieves","floor":18.0,"turns":3.0},{"damage":0.0,"enemies":"Shell Parasite","floor":19.0,"turns":2.0},{"damage":12.0,"enemies":"Snake Plant","floor":22.0,"turns":4.0},{"damage":0.0,"enemies":"Slavers","floor":24.0,"turns":1.0},{"damage":0.0,"enemies":"Snecko","floor":29.0,"turns":3.0},{"damage":0.0,"enemies":"Centurion and Healer","floor":31.0,"turns":1.0},{"damage":0.0,"enemies":"Champ","floor":33.0,"turns":1.0},{"damage":0.0,"enemies":"Orb Walker","floor":35.0,"turns":1.0},{"damage":0.0,"enemies":"3 Darklings","floor":36.0,"turns":2.0},{"damage":0.0,"enemies":"2 Orb Walkers","floor":38.0,"turns":1.0},{"damage":0.0,"enemies":"Writhing Mass","floor":39.0,"turns":2.0},{"damage":0.0,"enemies":"Reptomancer","floor":41.0,"turns":2.0},{"damage":0,"enemies":"Jaw Worm Horde","floor":44,"turns":1},{"damage":0,"enemies":"Spire Growth","floor":45,"turns":1},{"damage":21,"enemies":"Sphere and 2 Shapes","floor":46,"turns":2},{"damage":0,"enemies":"Writhing Mass","floor":47,"turns":2},{"damage":0,"enemies":"Spire Growth","floor":48,"turns":1},{"damage":24,"enemies":"Time Eater","floor":50,"turns":6},{"damage":0,"enemies":"Shield and Spear","floor":54,"turns":3},{"damage":23,"enemies":"The Heart","floor":55,"turns":4}],"seed_played":"-1830431019529839084","potions_obtained":[{"floor":2.0,"key":"Regen Potion"},{"floor":7.0,"key":"DistilledChaos"},{"floor":13.0,"key":"LiquidMemories"},{"floor":16.0,"key":"BottledMiracle"},{"floor":19.0,"key":"EssenceOfSteel"},{"floor":22.0,"key":"DuplicationPotion"}],"is_trial":false,"path_per_floor":["M","M","?","$","M","R","?","R","T","$","?","R","E","M","R","B",null,"M","M","?","?","M","R","E","R","T","R","$","M","$","M","R","B",null,"M","M","$","?","M","R","E","R","T","M","M","M","M","M","R","B",null,"R","$","E","B",null],"character_chosen":"WATCHER","items_purchased":["Vajra","Membership Card","TheAbacus"],"campfire_rested":4,"item_purchase_floors":[30,37,53],"current_hp_per_floor":[57,53,53,53,53,53,43,43,43,43,43,43,43,43,46,26,72,72,72,72,72,60,63,63,66,66,69,69,69,69,69,72,72,72,72,72,72,72,72,72,72,72,72,72,72,51,51,51,72,48,72,72,72,72,49],"gold":78,"neow_bonus":"HUNDRED_GOLD","is_daily":false,"chose_seed":false,"campfire_upgraded":7,"win_rate":0.0,"timestamp":1611217666,"path_taken":["M","M","?","$","M","R","?","R","T","$","?","R","E","M","R","BOSS","M","M","?","?","M","R","E","R","T","R","$","M","$","M","R","BOSS","M","M","$","?","M","R","E","R","T","M","M","M","M","M","R","BOSS","R","$","E","BOSS"],"items_purchased_type":["Relic","Relic","Relic"],"build_version":"2020-12-22","purchased_purges":4,"victory":true,"max_hp_per_floor":[72,72,72,72,72,72,72,72,72,72,72,72,72,72,72,72,72,72,72,72,72,72,72,72,72,72,72,72,72,72,72,72,72,72,72,72,72,72,72,72,72,72,72,72,72,72,72,72,72,72,72,72,72,72,72],"card_choices":[{"not_picked":["EmptyFist","Consecrate","CrushJoints"],"picked":"SKIP","floor":1.0},{"not_picked":["BowlingBash","ClearTheMind","Fasting2"],"picked":"SKIP","floor":2.0},{"not_picked":["ThirdEye","FlyingSleeves","SashWhip"],"picked":"SKIP","floor":5.0},{"not_picked":["Nirvana","FlurryOfBlows"],"picked":"Adaptation","floor":7.0},{"not_picked":["WheelKick","Fasting2","Weave"],"picked":"SKIP","floor":13.0},{"not_picked":["ClearTheMind","Halt","Conclude"],"picked":"SKIP","floor":14.0},{"not_picked":["WaveOfTheHand+1","Evaluate+1","FlurryOfBlows+1"],"picked":"SKIP","floor":18.0},{"not_picked":["Tantrum","CrushJoints","Perseverance+1"],"picked":"SKIP","floor":19.0},{"not_picked":["Collect","Nirvana"],"picked":"FearNoEvil","floor":22.0},{"not_picked":["Swivel+1","FollowUp","Weave+1"],"picked":"SKIP","floor":24.0},{"not_picked":["Protect+1","ClearTheMind+1","JustLucky"],"picked":"SKIP","floor":29.0},{"not_picked":["SashWhip+1","BowlingBash+1","Halt+1"],"picked":"SKIP","floor":31.0},{"not_picked":["LikeWater+1","JustLucky","Protect+1"],"picked":"SKIP","floor":35.0},{"not_picked":["EmptyFist","WreathOfFlame+1"],"picked":"TalkToTheHand","floor":36.0},{"not_picked":["CarveReality+1","CutThroughFate+1","WreathOfFlame+1"],"picked":"SKIP","floor":39.0},{"not_picked":["FlurryOfBlows","Nirvana+1","ThirdEye+1"],"picked":"SKIP","floor":41.0},{"not_picked":["FollowUp+1","Prostrate+1","Evaluate+1"],"picked":"SKIP","floor":44},{"not_picked":["FlyingSleeves+1","Prostrate+1","SignatureMove+1"],"picked":"SKIP","floor":45},{"not_picked":["Ragnarok","Crescendo+1","ThirdEye+1"],"picked":"SKIP","floor":46},{"not_picked":["WheelKick","Weave+1","FlyingSleeves+1"],"picked":"SKIP","floor":47},{"not_picked":["EmptyFist","Vault+1","BowlingBash+1"],"picked":"SKIP","floor":48},{"not_picked":["Meditate+1","EmptyFist","ForeignInfluence+1"],"picked":"SKIP","floor":54}],"player_experience":527679,"relics_obtained":[{"floor":7.0,"key":"Odd Mushroom"},{"floor":9.0,"key":"Bag of Preparation"},{"floor":13.0,"key":"Eternal Feather"},{"floor":24.0,"key":"Toxic Egg 2"},{"floor":38.0,"key":"Turnip"},{"floor":41.0,"key":"Sundial"},{"floor":43.0,"key":"Nunchaku"},{"floor":54,"key":"Pantograph"}],"event_choices":[{"cards_removed":["Strike_P"],"damage_healed":0.0,"max_hp_gain":0.0,"max_hp_loss":0.0,"gold_gain":0.0,"event_name":"The Cleric","player_choice":"Card Removal","floor":3.0,"gold_loss":50.0,"damage_taken":0.0},{"damage_healed":0.0,"max_hp_gain":0.0,"max_hp_loss":0.0,"gold_gain":0.0,"event_name":"Mushrooms","player_choice":"Fought Mushrooms","floor":7.0,"gold_loss":0.0,"damage_taken":0.0},{"cards_removed":["Defend_P"],"damage_healed":0.0,"max_hp_gain":0.0,"max_hp_loss":0.0,"gold_gain":0.0,"event_name":"Living Wall","player_choice":"Forget","floor":11.0,"gold_loss":0.0,"damage_taken":0.0},{"damage_healed":0.0,"max_hp_gain":0.0,"max_hp_loss":0.0,"gold_gain":0.0,"cards_transformed":["Strike_P","Defend_P"],"event_name":"Drug Dealer","player_choice":"Became Test Subject","floor":20.0,"gold_loss":0.0,"damage_taken":0.0,"cards_obtained":["Tantrum","MasterReality"]},{"cards_removed":["MasterReality"],"damage_healed":0.0,"max_hp_gain":0.0,"max_hp_loss":0.0,"gold_gain":0.0,"event_name":"Back to Basics","player_choice":"Elegance","floor":21.0,"gold_loss":0.0,"damage_taken":0.0},{"damage_healed":0.0,"max_hp_gain":0.0,"max_hp_loss":0.0,"gold_gain":0.0,"event_name":"Mysterious Sphere","player_choice":"Fight","floor":38.0,"gold_loss":0.0,"damage_taken":0.0}],"is_beta":false,"boss_relics":[{"not_picked":["Velvet Choker","Black Star"],"picked":"Empty Cage"},{"not_picked":["Astrolabe","HolyWater"],"picked":"SlaversCollar"}],"items_purged_floors":[4,10,28,53],"is_endless":false,"potions_floor_spawned":[2,7,13,16,19,22,38,39,41,47,48,54],"ascension_level":0}}